4016 6190
539 235 642 290 159

1544 225 1885 282 HINCMARI
1912 223 2312 282 RHEMENSIS
2368 221 2918 281 ARCHIEPISCOPI.

3723 231 3810 283 160

539 358 684 415 istud
715 357 969 414 timemus
1000 355 1126 428 pati,
1144 353 1247 428 ipsi
1278 370 1494 428 quoque
1523 353 1632 410 tale
1664 352 1941 426 quidpiam
1969 368 2138 409 cave-
2157 353 2212 415 Α
2242 351 2332 406 tali
2363 351 2500 406 sicut
2521 349 2714 405 isteest
2735 349 3002 406 sacerdoti
3035 367 3050 404 :
3087 325 3286 418 Quare,
3311 347 3507 420 inquit,
3533 354 3592 404 tu
3607 366 3805 410 enarra:

537 463 724 504 remus
760 447 1061 512 admittere,
1119 453 1177 500 ut
1231 453 1285 500 et
1338 444 1430 516 qui
1483 443 1600 514 ipso
1657 442 1948 498 voluntatis
1996 442 2142 498 bono

538 536 744 592 nollent
787 552 819 590 a
865 534 1182 591 crudelitate
1227 533 1500 601 desinere,
1544 531 1738 588 saltem
1785 539 1931 588 metu
1977 547 2144 604 coge-

539 633 728 680 rentur
779 623 953 680 oculis
997 639 1222 696 parcere
1279 622 1710 694 proximorum:
1743 620 1790 675 si
1833 635 1962 674 vero
2011 619 2143 676 illud

541 713 764 770 crudele
794 713 1009 783 dicitur,
1052 720 1104 768 et
1133 710 1457 767 homicidam
1488 717 1542 766 et
1569 709 1869 764 adulterum
1899 709 2142 764 coerceri

539 802 760 860 crudele
789 801 1020 858 dicatur.
1053 799 1164 856 Sed
1199 799 1568 871 insipientium
1589 796 1814 854 omnino
1843 795 1948 852 ista
1979 797 2142 852 verba

537 900 679 956 sunt,
701 899 755 948 et
783 898 1024 946 extremo
1052 887 1232 945 furore
1275 887 1629 944 dementium.
1655 887 1774 958 Ego
1831 885 1977 941 enim
2005 886 2142 942 adeo

538 988 722 1036 metuo
771 981 956 1036 dicere
999 980 1116 1036 hac
1166 993 1292 1035 esse
1332 976 1610 1044 crudelia,
1643 984 1702 1030 ut
1731 974 1818 1030 his
1867 976 2142 1033 contraria

538 1070 701 1126 etiam
732 1069 918 1142 iniqua
958 1069 1307 1139 perdoceam,
1341 1066 1485 1138 quod
1515 1073 1662 1122 certe
1691 1065 1996 1120 communis
2015 1083 2145 1138 quo-

539 1175 644 1232 que
691 1159 827 1214 ratio
867 1156 1242 1230 deprehendit.
1277 1156 1359 1212 Tu
1390 1154 1534 1210 enim
1582 1154 1721 1209 dicis
1767 1153 1895 1225 quia
1925 1155 2144 1210 oculum

537 1263 638 1319 pro
668 1247 826 1303 oculo
842 1247 1002 1316 jussit
1031 1244 1248 1313 auferri,
1273 1244 1481 1301 idcirco
1520 1243 1792 1313 crudelis;
1826 1257 1932 1315 ego
1961 1249 2144 1300 autem

535 1335 734 1404 refero,
769 1335 897 1408 quia
940 1334 1046 1390 nisi
1093 1332 1447 1406 pmcepisset
1477 1333 1642 1402 istud,
1677 1342 1804 1391 tunc
1834 1349 1965 1390 vere
1997 1332 2144 1403 apud

538 1424 805 1496 plurimos
851 1421 974 1478 talis
1020 1421 1250 1493 fuisset,
1292 1421 1510 1494 qualem
1548 1430 1606 1478 tu
1662 1438 1788 1479 eum
1833 1421 1969 1478 falso
2020 1436 2143 1478 esse

540 1511 915 1584 conquereris.
979 1511 1228 1582 Denique
1281 1525 1538 1566 sermone
1600 1509 1870 1584 fingamus
1926 1525 2145 1567 omnem

537 1599 722 1673 legem
753 1615 874 1656 esse
903 1599 1240 1666 dissolutam,
1271 1614 1374 1654 nec
1405 1615 1734 1672 quemquam
1761 1615 1865 1673 pro
1893 1599 2144 1670 hujusce-

2235 441 2498 513 justittas
2510 456 2684 508 meas,
2700 443 2756 495 et
2775 441 3017 495 assumis
3039 442 3452 494 testamentum
3469 454 3647 493 meum
3662 456 3806 513 peros

2248 533 2441 584 tuum?
2467 531 2543 584 Tu
2554 543 2680 584 vero
2693 529 2861 583 odisti
2873 528 3533 600 disciplinam,currebas
3545 545 3666 583 cum
3678 531 3802 599 fure,

2245 621 2442 674 etcum
2454 617 2730 673 adulteris
2739 619 3052 690 portionem
3071 621 3230 672 tuam
3249 616 3802 689 ponebas(Psal.xux,

2248 707 2461 776 16-18).
2495 705 2618 760 Non
2645 705 2790 760 enim
2811 704 3016 760 foveret
3043 705 3216 758 melos
3245 705 3293 759 si
3313 704 3521 760 bonum
3549 703 3771 778 diligeret
3795 723 3807 759 :

2247 795 2344 849 sed
2377 794 2612 866 diligens
2642 794 2952 859 Dominum,
2987 801 3037 848 et
3067 793 3260 848 odiens
3275 792 3491 862 vitium,
3517 793 3653 864 quod
3675 809 3807 848 suum

2245 890 2454 954 ageret,
2490 890 2542 937 et
2591 883 2734 954 quod
2789 898 2822 937 a
2861 883 2977 938 Deo
3007 898 3108 953 per
3155 881 3470 938 conditores
3499 881 3676 954 legum
3693 881 3811 952 justa

2246 981 2607 1037 decernentes
2637 980 2912 1036 decretum
2944 989 3024 1034 est
3051 995 3160 1036 non
3182 979 3624 1050 Oppugnaret.Et
3645 979 3812 1051 iniquae

2244 1070 2500 1125 mulieres
2531 1084 2594 1124 ac
2626 1069 2872 1140 perversi
2927 1068 3176 1124 homines
3231 1068 3524 1141 inquient:
3567 1067 3815 1124 Faciamus

2245 1159 2392 1231 quod
2424 1159 2693 1224 volumus,
2727 1166 2779 1213 et
2808 1156 3062 1212 adeamus
3092 1155 3385 1212 ecclesiam
3415 1157 3504 1212 vel
3532 1155 3816 1227 episcopum

2246 1255 2298 1302 et
2335 1248 2540 1302 erimus
2610 1245 2877 1317 impuniti.
2929 1245 3065 1302 Hinc
3140 1262 3380 1318 namque
3459 1244 3814 1315 vituperabitur

2245 1335 2609 1390 ministerium
2665 1343 2908 1390 nostrum
2937 1377 2950 1400 ,
2994 1343 3046 1389 et
3103 1335 3304 1389 erimus
3387 1333 3813 1404 contemptibiles,

2243 1431 2300 1478 ut
2358 1423 2608 1479 videlicet
2662 1423 2896 1496 legalem
2933 1423 3198 1492 justitiam
3254 1422 3474 1492 injustis
3531 1437 3563 1476 a
3618 1420 3816 1476 Domino

2243 1512 2474 1585 positam
2515 1520 2962 1577 contemnentes,
3015 1511 3142 1583 quia
3171 1527 3520 1582 unaquaeque
3575 1509 3658 1565 lex
3699 1510 3818 1578 justa

2245 1601 2448 1657 crimen
2493 1615 2604 1656 non
2649 1600 2828 1665 habet,
2863 1617 2930 1654 ne
2961 1599 3029 1653 sit
3069 1599 3300 1670 injusta,
3333 1607 3389 1654 et
3434 1607 3615 1653 tamen
3664 1596 3818 1652 crimi-

539 1688 688 1744 modi
707 1687 866 1745 factis
887 1687 1176 1744 formidare
1198 1686 1542 1759 supplicium,
1569 1689 1667 1744 sed
1685 1688 1894 1744 cunctis
1909 1703 2138 1759 prorsus
2167 1713 2220 1772 Β
2247 1705 2439 1745 nosum
2471 1689 2642 1760 punit,
2676 1696 2734 1742 ut
2761 1704 2890 1744 vere
2921 1689 2987 1742 sit
3002 1688 3161 1756 justa.
3190 1690 3257 1744 Et
3288 1704 3319 1743 e
3350 1687 3584 1761 regione
3628 1685 3820 1756 quidam

537 1777 792 1850 malignis
851 1776 1017 1834 licere
1065 1776 1142 1832 uti
1193 1775 1438 1832 moribus
1475 1777 1618 1836 suis.
1671 1784 1726 1833 et
1766 1776 2052 1846 adulteris,
2087 1783 2142 1831 et

539 1865 842 1934 homicidis,
895 1873 948 1921 et
1017 1863 1263 1932 furibus,
1293 1872 1346 1920 et
1403 1864 1658 1936 perjuris,
1705 1872 1759 1922 et
1815 1863 2137 1936 parricidis,

540 1969 722 2012 nonne
749 1953 850 2009 sub
880 1954 982 2010 bac
1024 1952 1241 2010 licentia
1272 1953 1455 2009 omnia
1485 1953 1694 2024 pariter
1739 1968 1850 2009 una
1893 1952 2140 2009 confusio

539 2042 836 2116 iniquitatis
897 2042 1249 2099 involverat?
1294 2041 1491 2098 Nonne
1549 2041 1698 2097 mille
1751 2041 2052 2098 sceleribus
2089 2049 2142 2097 et

539 2131 780 2188 caedibus
863 2131 1061 2199 urbes,
1121 2131 1277 2201 fora,
1327 2132 1542 2196 domus,
1604 2130 1774 2185 maria
1814 2173 1829 2201 ,
1888 2137 2143 2204 totusque

539 2221 761 2276 omnino
799 2220 1036 2276 mundus
1073 2219 1263 2276 fuisset
1308 2220 1612 2291 impletus?
1643 2218 1783 2274 Nam
1829 2219 1874 2273 si
1929 2219 2144 2291 legibus

537 2317 689 2365 certe
717 2309 1150 2374 dominantibus,
1183 2315 1237 2364 et
1269 2307 1489 2380 vigente
1533 2307 1950 2362 comminatione
1980 2315 2144 2378 atque

537 2405 767 2462 terrore,
813 2397 902 2452 vix
958 2404 1143 2450 tamen
1179 2395 1485 2451 voluntates
1518 2394 1842 2450 cohibentur
1869 2393 2143 2466 malignas,

529 2486 586 2549 si
616 2486 780 2540 etiam
821 2485 924 2540 hoc
958 2483 1278 2556 praesidium
1329 2482 1617 2548 defuisset,
1675 2498 1912 2554 quanam
1959 2499 2147 2555 posset

539 2569 744 2625 malitia
785 2569 996 2626 ratione
1047 2568 1263 2624 frenari
1287 2569 1316 2623 ?
1343 2576 1434 2624 aut
1479 2583 1600 2640 quae
1629 2583 1737 2623 non
1765 2567 1819 2622 in
1853 2567 2016 2624 vitam
2041 2567 2147 2624 ho-

525 2658 744 2713 minum
769 2658 940 2730 pestis
971 2658 1248 2712 irrueret?
1277 2656 1392 2712 Nec
1435 2664 1618 2712 tamen
1647 2656 1822 2712 solum
1853 2655 2000 2712 istud
2030 2673 2151 2711 cru-

541 2747 662 2803 dele
692 2755 796 2817 est,
828 2747 1146 2819 permittere
1179 2746 1389 2802 scilicet
1417 2746 1574 2800 malis
1605 2760 1769 2817 agere
1800 2761 1923 2816 quae
1939 2743 2146 2800 velint:

545 2836 643 2892 sed
671 2835 818 2890 aliud
847 2850 1072 2908 quoque
1101 2835 1204 2889 isto
1225 2842 1370 2890 certe
1390 2833 1523 2889 nihil
1538 2833 1738 2898 minus,
1772 2832 1827 2888 id
1855 2841 1937 2888 est
1959 2831 2148 2888 laesum

545 2932 598 2979 et
639 2923 913 2978 immerito
971 2922 1222 2978 aﬂlictum
1261 2923 1546 2994 negligere
1613 2929 1773 2992 atque
1817 2921 2152 2992 despicere?

541 3011 644 3068 Dic
683 3011 830 3068 enim
875 3011 1045 3077 mihi,
1080 3011 1126 3064 si
1179 3010 1300 3082 quis
1330 3009 1476 3066 feros
1524 3009 1773 3064 homines
1817 3025 1880 3065 ac
1923 3025 2144 3080 semper

541 3101 816 3173 malignos
861 3100 916 3155 in
961 3115 1126 3154 unum
1171 3097 1452 3172 colligens,
1504 3097 1702 3171 gladiis
1739 3105 2012 3166 armaret,
2046 3107 2134 3153 to-

541 3197 759 3262 tamque
807 3187 1095 3246 circumire
1139 3186 1411 3242 civitatem
1461 3187 1699 3256 juberet,
1744 3194 1903 3259 atque
1945 3185 2136 3242 obvios

543 3278 649 3333 sibi
693 3293 941 3350 quosque
999 3274 1325 3344 confodere,
1377 3275 1508 3348 quid
1548 3273 1770 3330 tandem
1835 3275 1938 3330 hoc
1991 3284 2139 3330 esset

545 3365 883 3423 immanius?
912 3366 980 3422 At
1008 3365 1051 3419 si
1071 3365 1210 3421 alius
1245 3379 1340 3421 eos
1379 3363 1616 3438 quidem,
1638 3363 1729 3437 qui
1745 3364 1815 3419 ab
1835 3363 1930 3418 illo
1947 3365 2138 3419 armati

542 3464 745 3522 essent,
778 3455 990 3530 ligaret,
1023 3453 1397 3526 violenterque
1427 3453 1847 3526 constringeret,
1884 3467 1978 3508 eos
2008 3469 2140 3508 vero

544 3545 635 3618 qui
677 3543 1024 3600 interimendi
1065 3550 1220 3599 erant
1247 3541 1318 3598 ab
1353 3542 1553 3616 iniquis
1584 3541 1692 3596 illis
1717 3541 1969 3598 manibus
1997 3541 2140 3597 libe-

541 3641 686 3690 raret
709 3677 723 3702 ,
757 3634 886 3707 quid
927 3650 956 3688 e
995 3633 1222 3706 regione
1263 3632 1367 3686 isto
1410 3631 1750 3686 inveniretur
1787 3630 2082 3686 humanius
2113 3632 2142 3686 ?

541 3723 671 3778 Haec
698 3722 866 3794 igitur
911 3721 1074 3776 etiam
1100 3722 1169 3775 ad
1210 3720 1394 3792 legum
1437 3717 1678 3774 transfer
1705 3719 1974 3790 exempla.
2008 3717 2144 3788 Quae

543 3811 689 3866 enim
717 3810 934 3865 oculum
976 3825 1079 3881 pro
1115 3807 1274 3864 oculo
1305 3805 1546 3862 effodere
1575 3807 1858 3878 praecepit,
1893 3807 2144 3862 timorem

548 3897 705 3968 quasi
775 3893 1088 3952 carniﬁcum
1165 3893 1549 3967 peccatoribus
1611 3893 1886 3950 immitens
1920 3935 1934 3964 ,
2000 3894 2146 3949 illius

547 3983 740 4040 similis
767 3983 1072 4051 invenitur,
1105 3982 1195 4054 qui
1223 3981 1346 4037 illos
1377 3996 1516 4054 quos
1545 3980 1657 4037 dixi
1687 3981 1929 4038 cohibuit
1959 3998 2144 4038 arma-

547 4080 656 4129 tos.
707 4072 812 4142 Qui
849 4087 981 4126 vero
1007 4071 1212 4126 nullam
1254 4071 1476 4126 omnino
1513 4086 1730 4142 poenam
1761 4069 2007 4127 decrevit
2036 4087 2142 4127 no-

547 4161 712 4228 centi,
744 4159 842 4216 sed
869 4173 1114 4215 armasse
1153 4159 1249 4214 tibi
1277 4157 1619 4232 iniquitatem
1648 4159 1880 4226 videtur,
1915 4175 2146 4232 eumque

547 4250 814 4306 imitatum
841 4247 1008 4305 fuisse
1038 4249 1130 4322 qui
1150 4248 1446 4305 sceleratos
1477 4247 1600 4304 illos
1629 4247 1841 4322 gladios
1871 4247 2144 4316 instruxit,

549 4340 784 4412 hincque
833 4338 996 4394 totius
1056 4337 1288 4394 civitatis
1337 4336 1562 4392 immisit
1620 4336 1840 4392 exitium
1867 4379 1880 4403 ,
1922 4337 2148 4394 videsne

2236 1778 2539 1848 jactabunt,
2566 1777 2841 1848 Scriptura
2887 1777 3062 1832 dicit:
3095 1779 3171 1833 Ne
3219 1777 3298 1832 sis
3339 1778 3596 1833 multum
3633 1777 3818 1846 justus.

2243 1868 2406 1923 Beati
2445 1883 2652 1940 quoque
2682 1866 3070 1922 misericordes
3109 1866 3310 1936 (Eccli.
3369 1881 3488 1932 vn;
3531 1865 3718 1920 Matth.
3753 1861 3818 1932 γ).

2242 1957 2338 2011 Et:
2355 1956 2638 2012 Iudicium
2659 1955 2752 2010 illi
2767 1957 2889 2010 sine
2914 1955 3318 2019 misericordia,
3336 1956 3439 2027 qui
3453 1970 3569 2010 non
3590 1952 3822 2023 facitmi-

2243 2044 2610 2100 sericordiam
2628 2043 2768 2114 (Jac.
2795 2059 2852 2108 ιι,
2879 2043 2964 2113 13)
2987 2063 3004 2110 ;
3036 2050 3088 2098 et
3116 2060 3128 2096 :
3152 2043 3559 2114 Superexaltet
3568 2041 3822 2112 judicium

2244 2132 2637 2189 misericordia
2685 2131 2869 2202 (ibid)
2901 2151 2919 2198 ;
2951 2139 3004 2185 et
3051 2130 3314 2186 Dominus
3361 2130 3627 2185 adultera
3665 2146 3677 2182 :
3729 2129 3818 2184 Nec

2247 2239 2343 2294 ego
2377 2225 2430 2276 te
2459 2220 2876 2276 condemnabo:
2901 2220 3052 2284 vade,
3078 2224 3137 2275 et
3168 2220 3421 2292 amplius
3464 2219 3585 2275 noli
3616 2231 3821 2290 peccare

2251 2310 2429 2380 (Joan.
2486 2324 2604 2375 vm,
2641 2310 2748 2379 11).
2780 2309 2847 2363 Et
2899 2316 2956 2361 tu
2987 2308 3264 2373 sacerdos,
3298 2308 3388 2362 cui
3420 2303 3822 2362 misericordiam

2246 2397 2352 2452 nisi
2381 2397 2584 2452 misero
2614 2396 2781 2450 debes
2813 2395 3143 2466 impendere,
3194 2403 3245 2450 et
3275 2395 3352 2450 illi
3383 2395 3596 2452 claudis
3625 2409 3724 2448 non
3749 2390 3826 2444 mi-

2250 2485 2486 2540 serendo
2512 2484 2902 2540 misericordia:
2947 2485 3177 2553 viscera,
3212 2484 3383 2556 quiin
3413 2500 3540 2539 eum
3566 2483 3699 2536 liber
3726 2496 3777 2534 es
3799 2493 3827 2532 a

2249 2574 2527 2646 punitione
2545 2575 2571 2628 ἱ)
2601 2572 2772 2642 Quam
2794 2574 3072 2645 utriusque
3087 2573 3254 2644 partis
3275 2573 3692 2644 derogationem
3709 2581 3823 2640 erga

2251 2661 2423 2718 sacris
2478 2662 2748 2732 mysteriis
2805 2662 3104 2716 servientes
3131 2661 3357 2733 provide
3417 2669 3578 2732 atque
3616 2658 3824 2712 discrete

2251 2767 2452 2808 cavens
2482 2749 2674 2805 beatus
2718 2749 3017 2820 Gregorius
3045 2751 3116 2804 ad
3174 2749 3462 2805 Leontium
3510 2744 3826 2804 exconsulem

2251 2839 2440 2894 scribit
2473 2856 2486 2892 :
2525 2860 2546 2888 ι
2579 2838 2770 2904 Debet,
2803 2837 3074 2909 inquiens,
3109 2837 3284 2910 gloria
3306 2846 3492 2894 vestra
3520 2833 3829 2891 meminisset

2251 2927 2374 3000 quia
2431 2942 2710 2998 nunquam
2767 2942 2916 2981 meas
2960 2926 3216 2997 epistolas
3246 2941 3344 2996 pro
3374 2921 3825 2982 commendatione

2203 3067 2220 3088 I
2253 3014 2482 3084 alicujus
2524 3015 2770 3086 accepit,
2799 3015 2902 3068 nisi
2937 3022 2993 3069 ut
3027 3015 3422 3085 protectionem
3471 3021 3700 3088 vestram
3761 3007 3826 3062 fa-

2245 3104 2421 3160 ciente
2445 3085 2673 3172 justitiai
2705 3103 3058 3175 prmstaretis,
3091 3104 3219 3174 quia
3247 3112 3404 3176 turpe
3439 3111 3523 3158 est
3553 3085 3825 3157 defendere

2239 3191 2383 3264 quod
2414 3192 2562 3262 prius
2592 3207 2702 3246 non
2731 3191 3031 3248 constiterit
3053 3193 3258 3261 justum
3297 3208 3443 3248 esse.
3476 3193 3598 3263 Ego
3625 3185 3822 3260 quidem

2237 3280 2486 3336 homines
2533 3288 2758 3352 pr0pter
2797 3279 3060 3348 justitiam
3089 3279 3260 3352 diligo
3285 3325 3297 3345 ,
3330 3297 3443 3335 non
3477 3287 3654 3335 autem
3678 3271 3822 3345 justi-

2240 3369 2366 3424 tiam
2405 3377 2631 3440 propter
2659 3368 2908 3423 homines
2938 3377 3226 3440 postpono.
3275 3390 3296 3418 »
3321 3369 3390 3422 Et
3427 3370 3498 3424 ad
3545 3369 3824 3422 Romanum

2241 3456 2586 3513 defensorem
2642 3457 2761 3528 (lib.
2805 3473 2903 3526 vn,
2934 3457 3092 3530 epist.
3142 3459 3232 3523 24,
3255 3458 3458 3512 indict.
3485 3457 3622 3526 2)::
3656 3453 3826 3507 Patro-

2243 3545 2382 3602 cinia
2437 3545 2828 3614 ecclesiastica,
2860 3545 2974 3599 sive
3032 3562 3152 3600 mea
3219 3545 3534 3616 suscipiatis
3595 3540 3822 3610 scripta.

2243 3635 2357 3690 sive
2386 3635 2550 3689 etiam
2581 3634 2802 3689 minime
2848 3633 3047 3688 fuerint
3085 3634 3314 3700 directa,
3349 3635 3448 3688 sub
3481 3641 3633 3689 tanto
3659 3626 3826 3684 mode-

2244 3723 2451 3778 ramine
2497 3721 2739 3777 debeatis
2803 3721 3147 3792 impendere,
3207 3729 3477 3794 quatenus
3542 3721 3596 3776 hi
3638 3715 3724 3789 qui
3778 3712 3822 3766 in

2245 3809 2404 3865 furtis
2446 3809 2680 3880 publicis
2726 3810 2986 3881 implicati
3016 3818 3160 3876 sunt,
3194 3826 3228 3865 a
3279 3810 3438 3864 nobis
3470 3827 3583 3866 non
3611 3805 3818 3863 videan-

2245 3906 2333 3953 tur
2360 3898 2554 3968 injuste
2583 3897 2822 3965 defendi,
2855 3914 2924 3954 ne
2954 3899 3274 3969 opinionem
3303 3899 3446 3954 male
3467 3896 3740 3971 agentium
3767 3905 3824 3944 ex

2247 3986 2558 4042 indiscreta:
2587 3986 2922 4042 defensionis
2953 4003 3090 4042 ausu
3115 3988 3172 4041 in
3200 4005 3302 4042 nos
3331 3989 3441 4043 ullo
3462 3987 3627 4044 modo
3655 3991 3814 4038 trans-

2247 4074 2486 4132 feramus
2522 4094 2534 4130 :
2569 4077 2663 4131 sed
2698 4084 2960 4146 quantum
2981 4077 3136 4132 decet
3155 4077 3480 4145 Ecclesium,
3507 4066 3829 4132 admonendo

2249 4172 2302 4220 et
2333 4165 2560 4220 verbum
2589 4163 2994 4221 intercessionis
3035 4165 3365 4230 adhibendo,
3425 4165 3625 4236 quibus
3651 4154 3827 4215 valetis

2250 4254 2569 4321 succurrite,
2626 4262 2683 4308 ut
2724 4261 2775 4308 et
2819 4253 2925 4308 illis
2979 4269 3142 4324 Opem
3189 4253 3394 4320 feratis,
3446 4261 3499 4309 et
3537 4249 3827 4324 opinionem

2250 4350 2451 4399 sanctae
2479 4342 2747 4398 Ecclesiae
2775 4358 2883 4397 non
2912 4342 3230 4414 inquinetis.
3267 4363 3289 4392 ι
3321 4343 3428 4398 Sed
3455 4352 3506 4398 et
3535 4342 3601 4397 de
3631 4337 3710 4394 his
3729 4329 3812 4406 qui

549 4427 1004 4503 quemadmodum
1043 4441 1154 4483 non
1195 4425 1367 4482 solum
1398 4424 1600 4480 nullius
1638 4425 1973 4482 crudelitatis
1993 4469 2012 4494 ,
2043 4442 2142 4482 ve-
2172 4421 2224 4482 D
2247 4433 2316 4487 ad
2367 4439 2519 4502 septa
2561 4429 2826 4498 ecclesiae,
2861 4437 2911 4485 et
2942 4431 3110 4486 etiam
3139 4431 3207 4486 ad
3235 4431 3355 4502 ipsa
3383 4430 3625 4487 sacraria
3653 4419 3830 4481 confu-

551 4534 675 4575 rum
722 4517 884 4574 etiam
928 4514 1177 4572 maxima:
1223 4513 1437 4586 pietatis
1479 4520 1606 4569 sunt
1646 4513 1740 4568 illa
1783 4514 2140 4586 praecepta?»

551 4609 618 4662 Et
646 4607 702 4661 in
738 4604 982 4679 epistolis
1022 4602 1165 4659 beati
1207 4601 1460 4676 Gregorii
1502 4601 1648 4657 idern
1691 4603 2019 4674 competenti
2056 4603 2145 4658 ul-

551 4695 698 4751 tione
737 4693 1038 4768 plectendis
1098 4689 1360 4748 maleficis
1404 4699 1457 4746 et
1518 4689 1722 4762 iniquis
1765 4707 2146 4762 saepenumero

551 4782 645 4854 qui
672 4783 860 4855 legere
887 4782 1138 4852 voluerit,
1170 4780 1414 4838 invenire
1465 4777 1684 4834 valebit.

625 4871 800 4934 Unde,
834 4870 1002 4926 frater
1029 4871 1364 4941 charissime,
1397 4868 1618 4942 collige,
1647 4867 1776 4940 quia
1804 4875 1995 4924 contra
2027 4869 2146 4925 haec

552 4974 721 5032 agere
749 4965 840 5014 aut
879 4960 1120 5030 exigere,
1153 4977 1263 5017 non
1289 4960 1477 5016 nolum
1507 4965 1590 5014 est
1616 4957 1833 5029 pietatis
1852 4959 1980 5028 jura
2011 4973 2147 5013 con-

551 5048 800 5116 fundere,
832 5063 1022 5102 verum
1053 5056 1108 5102 et
1137 5049 1462 5106 sacerdotali
1480 5045 1802 5102 innocentia:
1831 5062 1895 5102 ac
1925 5045 2148 5118 puritati

554 5134 905 5194 detractionis
965 5135 1243 5190 molestias
1298 5137 1590 5208 importare
1620 5177 1634 5202 ,
1669 5143 1720 5190 et
1777 5134 2148 5208 derogationis

552 5224 921 5296 blasphemias
949 5222 1220 5296 irrogare.
1253 5225 1447 5281 Dicent
1475 5225 1618 5280 enim
1649 5222 1926 5296 maliloqui
1957 5241 1971 5278 :
2005 5225 2148 5278 Pau-

555 5314 642 5370 lus
666 5313 824 5370 dicit:
839 5317 958 5371 Non
985 5314 1170 5370 solum
1181 5312 1275 5386 qui
1283 5315 1529 5383 faciunt,
1543 5329 1646 5372 seu
1665 5315 1765 5388 qui
1782 5314 2154 5371 consentiunt

559 5403 912 5473 fatientibus,
934 5403 1090 5475 digni
1105 5405 1241 5458 sunt
1253 5403 1430 5458 morte
1441 5401 1620 5472 (Rom.
1637 5418 1677 5469 ι,
1691 5403 1804 5476 32),
1820 5403 1922 5458 iste
1933 5401 2150 5476 iniquos

556 5491 801 5549 coerceri
827 5508 941 5548 non
969 5491 1114 5548 sinit.
1143 5490 1298 5548 Unde
1319 5496 1372 5544 et
1400 5488 1661 5545 Dominus
1689 5507 1792 5563 per
1811 5491 2153 5550 Psalmistam

2245 4520 2424 4591 gerint
2481 4519 2789 4587 sanctuarii,
2825 4519 2893 4574 ad
2929 4520 3194 4574 Joannem
3255 4519 3575 4590 episcopum
3631 4507 3823 4570 Carali-

2245 4616 2386 4664 tame
2415 4608 2647 4664 civitatis
2675 4607 2864 4664 scribit
2897 4624 2909 4662 :
2949 4629 2970 4658 α
3007 4607 3084 4672 Si,
3117 4607 3390 4680 inquiens,
3425 4609 3494 4662 de
3525 4606 3726 4680 quibus
3757 4602 3828 4651 est

2246 4697 2493 4770 quaestio,
2526 4696 2597 4752 ad
2626 4695 2917 4752 ecclesiam
2964 4694 3197 4751 fortasse
3228 4695 3547 4767 refugerint,
3582 4696 3654 4748 ita
3683 4686 3830 4744 debet

2245 4801 2413 4841 causa
2440 4784 2675 4856 disponi,
2710 4792 2768 4839 ut
2795 4800 2898 4841 nec
2927 4785 3031 4856 ipsi
3084 4783 3394 4840 violentiam
3421 4783 3709 4856 patiantur,
3740 4785 3830 4830 nec

2244 4874 2301 4930 bi
2356 4873 2449 4945 qui
2503 4873 2759 4929 dicuntur
2814 4873 3066 4944 oppressi
3093 4872 3293 4928 damna
3323 4873 3643 4928 sustineant.
3687 4866 3828 4921 Cum

2247 4977 2383 5035 ergo
2411 4970 2605 5018 vestras
2649 4962 2735 5027 sit,
2769 4970 2826 5016 ut
2847 4962 2926 5016 eis
2959 4969 3306 5018 sacramento
3363 4962 3434 5016 ab
3488 4962 3574 5016 his
3613 4963 3825 5032 quorum

2244 5051 2491 5117 interest,
2523 5049 2592 5106 de
2621 5051 2892 5106 servanda
2939 5049 3064 5123 lege
3103 5058 3156 5106 et
3182 5051 3388 5118 justitia
3417 5050 3748 5122 promittant,
3779 5043 3825 5091 el

2246 5157 2347 5211 per
2373 5139 2555 5196 omnia
2610 5147 3060 5196 commoueantur
3107 5139 3276 5205 exire,
3310 5147 3471 5210 atque
3503 5147 3720 5194 suorum
3746 5141 3827 5183 ac-

2248 5237 2399 5284 tuum
2427 5229 2660 5284 reddere
2690 5230 2979 5284 rationem.
3003 5249 3026 5278 ι

2321 5318 2467 5382 Haec,
2502 5317 2709 5374 domini
2759 5327 2810 5373 et
2851 5317 3066 5383 fratres,
3128 5324 3374 5390 rogatus,
3407 5315 3564 5372 vobis
3619 5307 3828 5369 audienc

2249 5405 2412 5474 tibus,
2443 5423 2475 5461 a
2505 5405 2879 5479 suprascripto
2898 5405 3195 5462 venerabili
3216 5405 3605 5461 consacerdote
3633 5403 3825 5456 nostro,

2252 5495 2536 5566 sapientiae
2564 5482 2768 5552 vestra).
2787 5494 3016 5566 deposui
3051 5511 3064 5549 :
3109 5511 3231 5567 quae
3263 5493 3310 5550 si
3335 5493 3412 5549 illi
3445 5493 3514 5549 ad
3534 5492 3824 5556 interroga-
