4016 6190
211 239 300 290 161

1693 230 2065 289 EPISTOLE.
2161 261 2172 271 ο

2690 149 2716 168 ρ

3405 233 3506 289 162

195 358 397 414 tionem
428 373 585 412 suam
613 372 724 412 non
751 344 1005 412 videntur
1047 355 1317 426 suﬁicere,
1349 355 1505 428 plura
1533 355 1661 412 hinc
1688 371 1794 428 po—
1823 357 1878 418 A
1898 372 2126 428 qua:un
2172 364 2352 411 utrum
2397 354 2721 428 probabilia,
2768 363 2858 410 aut
2904 371 3004 426 per
3045 355 3421 411 auctoritatem
3451 363 3504 410 et

192 447 312 502 terit
339 445 396 500 in
427 455 740 502 sanctorum
776 445 990 518 paginis
1035 444 1258 517 legere,
1294 452 1344 500 et
1375 461 1408 500 a
1437 452 1624 500 nostra
1669 461 1790 500 me-

194 535 472 591 diocritate
501 535 555 588 in
587 534 946 590 solutionibus
964 534 1344 606 quaestionum,
1382 534 1450 588 de
1481 534 1677 606 quibus
1723 533 1791 588 ab

194 623 306 679 aliis
333 623 708 695 interrogatus
735 639 874 690 sum,
909 622 1183 679 vicesimae
1212 622 1486 689 secundae,
1520 630 1572 678 et
1603 621 1790 678 vicesi-

192 727 288 768 mae
317 719 528 768 octavae
555 710 717 778 latius
746 711 1012 768 invenire.

258 797 529 868 Quoniam
559 800 780 872 quidem
800 816 967 872 supra
987 799 1340 873 chirographi
1363 815 1552 874 regum
1582 807 1795 858 nostro-

193 905 300 944 rum
343 889 674 944 memoriam
723 887 844 955 feci,
879 906 1001 961 quae
1031 889 1099 944 de
1129 889 1215 943 his
1245 888 1446 944 ibidem
1497 888 1793 945 constituta

192 985 308 1032 sunt
326 977 416 1032 hic
447 977 772 1033 subnectere
799 978 1083 1048 procuravi
1105 978 1373 1050 (Capitul.
1401 977 1586 1034 Caroli
1611 978 1786 1043 Calvi,

192 1066 264 1120 tit.
296 1069 347 1131 8,
381 1080 431 1121 c.
467 1066 523 1136 4)
555 1083 570 1120 :
607 1087 630 1116 ι
665 1065 735 1120 Et
761 1065 888 1138 quia
916 1083 1018 1138 per
1045 1082 1218 1140 vagos
1249 1074 1301 1122 et
1329 1067 1612 1138 tyrannica
1653 1081 1790 1122 con-

191 1153 468 1209 suetudine
511 1153 880 1210 irreverentes
926 1155 1178 1211 homines
1217 1171 1324 1225 pax
1353 1163 1406 1210 et
1431 1155 1588 1226 quies
1636 1153 1792 1226 regni

190 1241 495 1314 perturbari
543 1243 700 1308 solet,
741 1242 990 1299 volumus
1037 1251 1094 1298 ut
1140 1243 1210 1299 ad
1261 1259 1640 1315 quemcunque
1687 1259 1791 1299 no-

190 1338 354 1387 strum
381 1330 508 1386 talis
537 1331 768 1398 venerit,
801 1339 860 1386 ut
888 1333 956 1387 de
987 1331 1072 1388 his
1122 1349 1242 1404 quae
1287 1331 1400 1406 egit
1445 1332 1709 1388 rationem
1739 1339 1792 1387 et

184 1419 440 1489 justitiam
490 1419 875 1491 subterfugere
921 1436 1030 1476 non
1075 1420 1270 1492 possit,
1317 1437 1479 1477 nemo
1519 1437 1586 1476 ex
1634 1421 1793 1476 nobis

189 1509 330 1564 illum
357 1509 430 1564 ad
459 1508 610 1563 aliud
636 1508 860 1580 recipiat
886 1509 975 1564 vel
1003 1509 1254 1580 retineat,
1277 1509 1382 1565 nisi
1403 1517 1460 1564 ut
1489 1511 1556 1565 ad
1587 1518 1792 1566 rectam

187 1597 440 1652 rationem
472 1605 528 1652 et
556 1597 800 1652 debitam
843 1598 1281 1655 emendationem
1323 1599 1656 1670 perducatur
1673 1616 1702 1668 ,ε
1738 1607 1792 1654 et

191 1686 232 1740 si
259 1685 526 1742 rationem
575 1693 784 1742 rectam
830 1686 1237 1760 subterfugerit,
1291 1702 1482 1742 omnes
1529 1688 1584 1742 in
1635 1703 1791 1743 com-

190 1789 365 1840 mune,
397 1773 455 1828 in
485 1775 643 1844 cujus
674 1791 905 1848 regnum
935 1775 1165 1841 venerit,
1199 1775 1351 1830 illum
1377 1791 1788 1848 persequamur,

192 1862 357 1918 donec
386 1869 484 1917 aut
516 1863 586 1918 ad
617 1862 881 1919 rationem
901 1864 1254 1936 perducatur,
1279 1873 1369 1920 aut
1395 1865 1464 1920 de
1496 1880 1669 1936 regno
1699 1865 1794 1920 de-

190 1951 370 2007 leatur.
419 1950 682 2008 Similiter
710 1960 764 2006 et
793 1953 862 2007 de
891 1967 956 2007 eo
985 1952 1258 2026 agendum
1291 1959 1392 2018 est,
1427 1953 1520 2025 qui
1547 1969 1647 2025 pro
1693 1953 1795 2008 ali-

193 2055 290 2112 quo
334 2039 562 2111 capitali
591 2047 644 2095 et
671 2040 892 2112 publico
935 2041 1162 2098 crimine
1189 2057 1220 2098 a
1251 2041 1492 2114 quolibet
1537 2041 1796 2114 episcopo

192 2127 501 2199 corripitur,
534 2127 624 2184 vel
653 2129 1171 2198 excommunicatur,
1206 2138 1297 2186 aut
1325 2137 1448 2186 ante
1477 2145 1796 2187 excommu-

193 2217 520 2273 nicationem
570 2217 779 2273 crimen
825 2217 1051 2284 faciens,
1084 2235 1315 2290 regnum
1358 2227 1412 2274 et
1455 2219 1604 2292 regis
1650 2219 1797 2292 regi-

189 2322 303 2362 men
331 2313 537 2374 mutat,
570 2322 639 2362 ne
669 2306 906 2361 debitam
953 2307 1326 2378 paenitentiam
1372 2308 1652 2380 suscipiat,
1704 2317 1798 2364 aut

193 2401 504 2467 susceptam
557 2395 806 2466 legitime
844 2404 1072 2469 peragat
1119 2413 1134 2450 :
1183 2396 1453 2452 interdum
1499 2397 1662 2452 etiam
1712 2397 1798 2452 in-

187 2489 387 2539 cestam
431 2483 803 2556 prOpinquam
849 2500 1025 2552 suam,
1061 2492 1150 2539 aut
1170 2485 1660 2552 sanctimonialem,
1709 2486 1796 2542 vel

191 2579 412 2644 raptam,
445 2572 564 2627 sive
603 2571 930 2640 adulteram,
981 2589 1144 2645 quam
1189 2573 1300 2629 illic
1345 2573 1394 2629 ei
1441 2589 1548 2630 non
1597 2573 1798 2631 licebat

187 2659 410 2726 habere,
457 2659 678 2733 fugiens
723 2676 908 2718 secum
951 2661 1114 2717 ducit.
1166 2661 1266 2717 Hic
1313 2661 1454 2728 talis,
1505 2679 1629 2718 cum
1677 2662 1797 2734 epi-

188 2763 402 2820 scopus,
464 2748 537 2803 ad
597 2749 751 2817 cujus
795 2765 983 2804 curam
1029 2750 1336 2822 pertinebit,
1397 2750 1554 2806 nobis
1609 2758 1797 2806 notum

185 2834 390 2902 fecerit,
425 2836 726 2909 diligenter
775 2837 1139 2909 perquiratur,
1190 2854 1260 2894 ne
1307 2838 1554 2894 morandi
1583 2839 1670 2894 vel
1708 2839 1798 2894 la-

187 2926 326 2981 tendi
377 2925 562 2980 locum
609 2925 665 2979 in
717 2941 890 2996 regno
936 2926 1165 2996 alicujus
1223 2935 1468 2982 nostrum
1517 2927 1795 2998 inveniat,

189 3021 235 3068 et
262 3013 362 3069 Dei
401 3027 467 3068 ac
496 3021 718 3068 nostros
767 3013 956 3070 fideles
1004 3031 1102 3070 suo
1148 3016 1343 3070 morbo
1388 3015 1606 3085 inliciat,
1641 3015 1738 3071 sed
1766 3032 1798 3071 a

187 3101 359 3168 nobis,
395 3100 488 3156 vel
513 3117 616 3173 per
660 3100 943 3158 ministros
1000 3103 1316 3174 reipublicae
1369 3103 1794 3177 constringatur,

189 3197 238 3244 et
277 3198 334 3244 ut
389 3188 555 3244 simul
610 3205 737 3245 cum
794 3189 1066 3247 diabolica
1119 3192 1327 3262 praeda,
1389 3208 1553 3265 quam
1611 3209 1797 3248 secum

189 3278 350 3346 duxit,
383 3279 460 3333 ad
488 3277 807 3350 episcopum
851 3296 1006 3334 suum
1051 3280 1259 3345 redeat,
1291 3289 1346 3336 et
1375 3281 1443 3336 de
1472 3296 1798 3354 quocunque

191 3366 418 3422 crimine
445 3367 666 3438 publico
695 3367 932 3422 debitam
970 3369 1342 3439 paenitentiam
1391 3369 1674 3442 suscipiat,
1707 3377 1799 3424 aut

189 3463 499 3528 susceptam
527 3454 773 3528 legitime
801 3471 1072 3530 peragere
1103 3457 1479 3530 compellatur.
1518 3479 1540 3508 ι

714 3605 1056 3662 EPISTOLA
1086 3607 1264 3662 XXV.

367 3738 449 3779 AD
486 3737 872 3778 HILDEGARIUM
907 3739 1214 3780 EPISCOPUM
1251 3739 1608 3781 IELDENSEM.

603 3840 681 3895 De
701 3839 924 3912 judicio
955 3856 1112 3912 aqua
1138 3840 1380 3912 frigidae.

246 3983 252 3987 -
291 3953 460 4011 (Apud
481 3952 734 4008 eumdem,
754 3963 816 4000 ex
835 3954 1010 4001 codice
1035 3956 1083 4002 S.
1109 3953 1320 4010 Remigii
1355 3953 1686 4009 Rha-mensis.)

256 4073 593 4127 Hmcmnus
638 4071 971 4127 Rhemorum
1019 4070 1328 4142 episcopus,
1359 4088 1424 4127 ac
1470 4071 1645 4143 plebis
1693 4070 1794 4128 Dei

187 4157 442 4225 famulus,
494 4160 696 4215 dilecto
747 4158 898 4215 fratri
928 4175 993 4216 ac
1009 4161 1308 4217 venerabili
1356 4161 1615 4233 episcopo
1663 4161 1793 4216 HIL-

193 4263 438 4304 ιιεσΑιιιο
468 4248 725 4303 salutem.

256 4339 402 4392 Dum
450 4335 943 4407 confabularemur,
977 4345 1028 4392 et
1056 4337 1196 4393 inter
1223 4352 1326 4394 nos
1351 4337 1420 4393 de
1467 4337 1793 4410 quibusdam

1893 445 2161 500 rationem
2192 445 2560 516 improbanda
2591 445 2718 511 sint,
2751 443 3002 500 catholici
3028 444 3250 500 lectoris
3292 443 3501 514 judicio

1893 534 2234 606 derelinquo.
2287 535 2542 605 Loquens
2591 533 2855 588 Dominus
2902 533 2970 588 de
3006 533 3212 603 judicio
3257 533 3404 604 quod
3446 533 3502 586 in

1895 623 2136 678 secundo
2167 622 2402 678 adventu
2431 637 2530 678 suo
2559 631 2641 677 est
2686 622 2930 678 futurum
2965 639 3065 693 per
3106 622 3312 694 ignem,
3345 636 3501 677 com-

1893 711 2215 767 memoravit
2265 711 2397 765 illud
2445 711 2593 782 quod
2639 710 2872 784 primum
2915 727 3015 782 per
3059 727 3256 782 aquam
3307 709 3504 766 factum

1894 809 1977 856 est
2008 817 2020 855 :
2053 801 2230 866 Sicut,
2261 799 2531 870 inquiens,
2563 802 2784 871 factum
2813 803 2898 855 est
2927 801 2990 854 in
3021 800 3211 856 diebus
3241 799 3369 866 Noe,
3418 799 3500 855 ila

1894 891 2006 945 erit
2036 893 2092 944 et
2121 891 2186 945 in
2213 888 2303 944 die
2332 889 2470 956 ﬁliis
2496 889 2739 944 hominis
2762 888 2984 958 (Matth.
3008 903 3170 957 xxiv,
3196 887 3308 958 37).
3331 888 3401 942 Et
3422 903 3502 942 re-

1894 975 2075 1032 ferens
2107 976 2254 1048 quod
2283 992 2382 1048 per
2409 975 2596 1049 ignem
2625 977 2917 1032 Sodomam
2957 976 3307 1046 judicaverit,
3342 974 3501 1030 simi-

1893 1065 2038 1133 liter,
2088 1065 2280 1138 inquit,
2313 1067 2465 1121 sicut
2493 1068 2717 1136 factum
2747 1070 2830 1121 est
2862 1067 2924 1121 in
2962 1065 3152 1121 diebus
3198 1067 3298 1121 Lot
3341 1065 3500 1133 (Luc.

1893 1171 2042 1221 xvu,
2092 1157 2203 1224 28).
2259 1153 2494 1210 Solertia
2541 1153 2994 1220 Christianitatis,
3060 1154 3201 1209 inter
3266 1160 3387 1208 acta
3451 1159 3506 1208 et

1894 1243 2106 1316 agenda
2148 1242 2358 1314 judicia
2405 1242 2784 1312 consistentis,
2835 1259 2900 1297 ex
2947 1241 3170 1314 antiquo
3218 1241 3396 1296 sanxit
3452 1249 3507 1296 et

1894 1331 2263 1404 frequentavit
2302 1331 2566 1402 judicium
2611 1332 2756 1404 quod
2786 1330 2844 1386 fit
2871 1347 2972 1402 per
3003 1347 3218 1403 aquam,
3252 1331 3508 1404 quodque

1896 1419 1996 1473 sub
2041 1419 2160 1473 Noe
2203 1417 2404 1473 factum
2435 1415 2612 1473 fuerat
2640 1417 2697 1471 in
2727 1432 2854 1472 arca
2893 1415 3040 1481 fidei,
3074 1416 3318 1471 liberans
3346 1418 3508 1471 inno-

1893 1513 2082 1562 centes
2111 1515 2165 1562 et
2195 1506 2570 1562 condemnans
2599 1505 2810 1561 noxios.
2845 1507 2907 1560 In
2938 1505 3113 1578 ignita
3142 1512 3323 1560 autem
3343 1520 3504 1576 aqua,

1895 1595 2033 1651 sicut
2065 1595 2265 1651 factum
2310 1604 2392 1651 est
2439 1595 2540 1650 sub
2570 1595 2667 1650 Lot
2695 1595 2751 1650 in
2780 1595 2929 1668 igne,
2965 1602 3018 1649 et
3048 1592 3290 1649 ﬂendum
3319 1594 3374 1648 in
3404 1593 3506 1648 ad-

1822 1692 2061 1775 Bventu
2109 1683 2229 1739 Filii
2277 1683 2533 1749 hominis,
2590 1685 2751 1739 Petro
2797 1691 3106 1749 attestante,
3157 1683 3269 1755 qui,
3321 1681 3450 1738 dicit
3493 1698 3505 1737 :

1899 1773 2050 1842 Quod
2067 1774 2194 1828 caeli
2212 1777 2382 1829 erant
2390 1774 2554 1846 prius
2571 1776 2626 1828 et
2645 1777 2818 1840 terra,
2841 1772 2907 1828 de
2924 1789 3089 1845 aqua,
3115 1775 3170 1828 et
3186 1789 3290 1845 per
3303 1788 3511 1845 aquam

1895 1864 2213 1920 consistens
2261 1864 2364 1918 Dei
2415 1863 2594 1928 verbo,
2640 1879 2745 1935 per
2792 1879 2914 1934 quae
2945 1863 3046 1918 ille
3077 1865 3215 1917 tunc
3261 1861 3512 1916 mundus

1897 1969 2042 2025 aqua
2072 1951 2392 2007 inundatus
2440 1953 2636 2024 periit.
2673 1951 2806 2006 Caeli
2834 1954 3028 2007 autem
3060 1952 3158 2024 qui
3185 1966 3343 2006 nunc
3369 1953 3508 2005 sunt

1901 2044 1959 2096 et
1991 2044 2166 2107 terra,
2197 2041 2387 2096 eodem
2419 2039 2598 2106 verba,
2631 2040 2862 2112 repositi
2893 2043 3052 2108 sunt,
3083 2040 3205 2110 igni
3233 2039 3510 2094 reservati

1899 2130 1964 2184 in
1995 2130 2146 2185 diem
2168 2129 2378 2202 judicii
2409 2132 2464 2184 et
2492 2127 2827 2201 perditionis
2865 2129 3172 2201 impiorum
3215 2127 3512 2184 hominum

1899 2218 1976 2288 (II
2001 2220 2154 2274 Petr.
2189 2233 2271 2285 ιιι,
2305 2219 2390 2289 5);
2435 2225 2620 2288 aperte
2668 2217 2872 2273 docens
2917 2216 3046 2288 quia
3091 2231 3201 2271 non
3245 2215 3334 2270 alii
3385 2213 3510 2270 caeli

1898 2313 2022 2362 sunt
2069 2306 2198 2380 igne
2243 2305 2491 2378 perituri,
2543 2321 2704 2378 quam
2737 2306 2829 2378 qui
2859 2321 3004 2378 aqua
3038 2304 3258 2376 perditi,
3291 2305 3396 2360 hoc
3423 2311 3507 2358 est

1897 2395 2084 2450 inania
2109 2395 2228 2450 hazc
2257 2403 2310 2449 et
2336 2395 2590 2450 nubilosa
2637 2393 2850 2449 ventosi
2896 2393 3043 2448 aeris
3092 2392 3285 2464 spatia.
3317 2393 3510 2464 Neque

1899 2483 2046 2539 enim
2096 2499 2236 2556 aqua
2282 2483 2487 2550 diluvii,
2536 2499 2656 2554 quae
2701 2482 3010 2554 quindecim
3061 2489 3270 2537 tantum
3315 2480 3512 2536 cubitis

1897 2572 2166 2628 montium
2196 2572 2484 2628 cacumina
2523 2571 2752 2640 transiit,
2804 2571 2947 2626 ultra
2993 2569 3138 2626 aeris
3183 2569 3512 2640 aetherisque

1900 2659 2140 2718 conﬁnia
2166 2660 2483 2732 pervenisse
2512 2659 2790 2717 credenda
2820 2667 2921 2714 est.
2958 2658 3297 2730 Quocunque
3327 2666 3509 2713 autem

1899 2749 2184 2821 pervenire
2242 2749 2446 2819 potuit,
2509 2763 2574 2802 eo
2627 2747 2917 2814 nimirum,
2981 2747 3135 2816 juxta
3226 2745 3506 2816 prmfatam

1900 2837 2045 2894 beati
2079 2837 2220 2893 Petri
2251 2837 2576 2892 sententiam
2605 2844 2658 2892 et
2677 2835 2822 2910 ignis
2845 2835 3034 2904 judicii
3061 2834 3363 2906 perveniet.
3398 2834 3510 2890 Sed

1900 2926 2023 2998 quia
2040 2927 2300 2996 scriptum
2311 2934 2393 2982 est
2415 2943 2429 2980 :
2455 2927 2664 2982 Catum
2681 2929 2736 2980 et
2756 2929 2913 2980 terra
2931 2924 3261 2980 transibunt
3281 2924 3502 2995 (Matth.

1898 3030 2062 3082 xxxv,
2096 3015 2223 3087 35);
2259 3023 2311 3070 et
2339 3015 2536 3070 iterum
2567 3030 2578 3070 :
2620 3015 2787 3070 Terra
2817 3030 2944 3070 vero
2975 3015 3042 3069 in
3068 3017 3350 3069 (sternam
3391 3015 3510 3068 stat

1903 3103 2110 3175 (Eccle.
2144 3120 2182 3170 ι,
2218 3105 2290 3176 4),
2327 3104 2612 3160 sciendum
2644 3111 2728 3159 est
2766 3101 2893 3174 quia
2933 3101 3134 3158 coelum
3162 3110 3215 3157 et
3243 3110 3382 3158 terra
3409 3117 3510 3172 per

1902 3208 2026 3248 eam
2051 3209 2213 3264 quam
2261 3209 2407 3248 nunc
2455 3193 2659 3248 habent
2701 3191 2997 3265 imaginem
3028 3199 3335 3258 transeunt,
3365 3198 3510 3246 atta-

1899 3298 2026 3336 men
2043 3298 2141 3353 per
2155 3281 2449 3336 essentiam
2471 3281 2589 3336 sine
2608 3279 2714 3335 fine
2737 3281 3056 3335 subsistunt.
3075 3281 3343 3336 Praeterit
3353 3281 3510 3335 enim

1897 3371 2082 3442 ﬁgura
2112 3371 2281 3442 hujus
2317 3371 2522 3425 mundi
2543 3370 2594 3440 (Ι
2614 3372 2735 3427 Cor.
2760 3384 2857 3438 vn,
2883 3369 2994 3440 3i),
3019 3373 3075 3424 et
3097 3372 3286 3436 erunt,
3312 3367 3506 3438 inquit,

1899 3459 2103 3514 calum
2130 3475 2337 3513 novum
2369 3461 2426 3513 et
2457 3462 2612 3513 terra
2657 3473 2832 3524 nova;
2863 3472 2986 3528 quae
3017 3455 3238 3528 quidem
3267 3471 3376 3511 non
3405 3455 3508 3510 alia

1897 3547 2183 3602 condenda
2203 3553 2346 3615 sunt,
2371 3545 2468 3601 sed
2489 3547 2605 3600 haec
2627 3545 2748 3616 ipsa
2773 3545 3198 3600 renovabuntur.
3223 3544 3509 3600 Transient

1899 3643 1953 3690 et
1981 3635 2394 3707 permanebunt,
2447 3634 2705 3706 quoniam
2735 3634 2804 3690 ab
2837 3649 2903 3689 ea
2933 3632 3116 3704 specie
3159 3649 3322 3704 quam
3362 3648 3509 3690 nunc

1899 3723 2099 3779 habent
2139 3730 2440 3796 tergentur,
2473 3723 2613 3779 etin
2661 3739 2762 3778 sua
2810 3739 3028 3794 semper
3073 3729 3270 3778 natura
3315 3738 3507 3778 serva-

1897 3813 2116 3868 buntur.
2166 3813 2320 3868 Unde
2369 3812 2632 3883 scriptum
2675 3820 2759 3868 est
2789 3829 2803 3866 :
2839 3811 3075 3868 Mutabis
3105 3828 3190 3884 ea,
3225 3815 3282 3868 et
3309 3815 3505 3868 muta-

1898 3901 2112 3957 buntur
2141 3901 2320 3971 (Psal.
2356 3916 2426 3968 cr,
2458 3901 2573 3973 27).

1970 3989 2315 4060 QuaprOpter
2345 3987 2460 4044 fieri
2505 4006 2700 4062 aquam
2746 3989 2993 4063 ignitum,
3023 3990 3093 4045 ad
3123 3989 3240 4046 haec
3269 3990 3379 4046 duo
3409 4005 3507 4048 co-

1895 4078 2083 4150 pulata
2131 4077 2188 4132 in
2234 4095 2404 4133 unum
2450 4079 2762 4152 indaganda
2805 4079 3026 4148 judicia,
3074 4079 3211 4134 illud
3258 4079 3510 4136 videlicet

1897 4167 2046 4238 quod
2067 4167 2183 4236 jam
2213 4183 2312 4238 per
2341 4183 2540 4239 aquam
2590 4167 2787 4224 factum
2838 4177 2941 4235 est,
2972 4175 3023 4223 et
3053 4168 3188 4224 illud
3217 4169 3363 4240 quod
3410 4186 3510 4242 per

1897 4257 2082 4327 ignem
2125 4254 2366 4312 fiendum
2397 4265 2498 4322 est,
2534 4256 2660 4312 licet
2691 4256 2798 4311 sint
2835 4273 2936 4327 pro
2979 4265 3284 4328 temporum
3325 4258 3506 4314 varie-

1896 4352 2008 4400 tate
2055 4344 2316 4416 disparia,
2353 4345 2450 4400 sed
2478 4361 2646 4410 unum
2675 4353 2800 4399 sunt
2841 4345 3178 4416 operationis
3221 4347 3503 4418 mysterio,

195 4441 581 4497 quaeremus,
632 4441 817 4481 sermo
865 4425 1080 4482 habitus
1125 4433 1210 4480 est
1263 4426 1333 4481 de
1380 4426 1587 4494 judicio
1643 4443 1796 4499 aquae
1825 4429 1956 4492 Din
1985 4433 2182 4505 quibus
2213 4433 2385 4488 sancti
2415 4433 2716 4489 liberantur
2735 4433 2911 4500 illaesi,
2944 4442 2996 4488 et
3025 4433 3242 4504 reprobi
3270 4435 3506 4504 puniun-

199 4511 430 4585 frigidaz,
464 4515 534 4569 de
567 4530 686 4586 quo
707 4515 990 4570 Rabanum
1031 4514 1402 4572 venerabilem
1443 4515 1813 4586 archiepisco-

193 4617 317 4674 pum
346 4602 686 4675 Moguntinze
725 4602 956 4659 civitatis
1000 4603 1246 4676 quazdam
1291 4603 1578 4674 scripsisse
1607 4604 1808 4668 dixisti,

195 4705 257 4744 ex
282 4692 440 4760 cujus
479 4691 699 4762 scriptis
746 4691 874 4764 quid
923 4692 1056 4746 mihi
1085 4692 1359 4749 videretur
1399 4691 1662 4748 sciscitari
1711 4710 1810 4749 cu-

193 4783 342 4835 rasti.
395 4781 556 4836 Unde
602 4780 745 4834 inter
786 4780 892 4835 alia
920 4788 972 4836 et
1004 4796 1090 4836 me
1134 4781 1423 4852 scripsisse
1470 4783 1538 4836 ad
1578 4782 1812 4838 interro-

193 4869 476 4938 gationem
519 4867 751 4924 fratrum
797 4884 860 4924 ac
907 4870 1355 4941 coepiscoporum
1403 4878 1712 4926 nostrorum
1740 4872 1810 4928 de

193 4971 369 5030 regno
424 4957 704 5029 quondam
757 4957 992 5026 junioris
1057 4959 1298 5014 Lotharii
1362 4959 1458 5014 tibi
1513 4960 1771 5032 respondi
1793 5001 1808 5026 ,

192 5061 310 5116 qua:
338 5061 410 5101 ex
441 5045 663 5117 scriptis
693 5047 896 5102 nostris
937 5045 1113 5118 excipi
1143 5055 1195 5102 et
1225 5047 1322 5102 tibi
1364 5048 1654 5103 transmitti
1691 5065 1810 5104 ma-

192 5148 444 5205 gnOpere
471 5134 778 5206 postulasti.
809 5136 879 5190 Et
907 5135 1028 5207 quia
1059 5135 1319 5207 scriptum
1351 5145 1432 5192 est
1467 5155 1480 5192 :
1518 5138 1684 5194 Omni
1713 5154 1810 5211 pe-

199 5225 345 5278 tenti
388 5228 442 5279 te
480 5223 574 5294 da,
615 5228 674 5280 et
707 5224 922 5280 volenti
962 5226 1222 5282 mutuari
1251 5243 1287 5281 a
1316 5229 1370 5282 te
1407 5242 1480 5282 ne
1527 5227 1806 5284 avertaris

195 5311 422 5377 (Matth.
456 5328 514 5379 v,
551 5313 661 5385 42),
695 5329 815 5384 quae
845 5312 1026 5384 petisti
1074 5313 1143 5369 de
1192 5315 1642 5386 responsionibus
1685 5315 1806 5372 exi-

194 5400 424 5471 guitatis
452 5409 655 5458 nostra:
683 5401 752 5456 ad
782 5402 1235 5474 interrogationes
1280 5404 1664 5475 praedictorum
1692 5404 1805 5462 fra-

195 5503 339 5554 trum
387 5505 698 5558 nostrorum
741 5507 992 5572 excerpta
1021 5508 1128 5558 tuae
1155 5500 1431 5560 dilectioni
1479 5503 1800 5576 transmitto,

1911 4530 2001 4577 tur
2029 4522 2252 4588 addicti,
2281 4522 2564 4588 Ecclesiae,
2599 4538 2763 4595 quam
2792 4521 3096 4595 designavit
3125 4537 3256 4578 arca
3299 4523 3506 4590 diluvii,

1911 4610 2146 4666 creditur
2212 4610 2501 4666 tradidisse
2565 4611 2896 4680 auctoritas,
2964 4628 3086 4684 quae
3152 4610 3315 4666 etiam
3380 4610 3509 4668 inde

1912 4699 2087 4754 sanxit
2115 4707 2173 4754 ut
2201 4716 2359 4772 aqua:
2405 4700 2746 4772 baptismatis
2791 4700 2960 4755 halitu
3005 4699 3330 4754 sacerdotali
3373 4715 3506 4755 san-

1913 4796 2032 4845 ctus
2051 4787 2351 4844 insuﬁletur
2372 4789 2627 4861 Spiritus,
2652 4789 2744 4860 qui
2762 4789 2905 4844 inter
2923 4788 3044 4860 ipsa
3063 4787 3253 4842 mundi
3273 4788 3510 4859 primor-

1911 4877 2004 4932 dia
2048 4876 2324 4934 ferebatur
2369 4895 2532 4950 super
2576 4893 2766 4950 aquas.
2818 4878 2885 4932 Ut
2923 4877 3040 4946 jam
3083 4883 3212 4933 tunc
3257 4877 3508 4934 virtutem

1912 4965 2356 5023 sanctificationis
2385 4982 2651 5039 aquarum
2681 4972 2874 5020 natura
2919 4965 3251 5036 conciperet,
3302 4975 3356 5023 et
3403 4984 3510 5040 quo

1911 5055 2108 5129 rubigo
2139 5055 2380 5118 omnium
2410 5054 2726 5126 excoquitur
2743 5062 3113 5124 peccatorum,
3137 5055 3282 5112 cerei
3303 5056 3510 5111 lumine

1912 5143 2246 5201 sanctificato
2275 5144 2490 5200 accensi
2519 5159 2553 5199 a
2579 5143 2701 5199 loco
2733 5150 3029 5218 teneantur.
3050 5144 3300 5211 immissi,
3331 5145 3511 5202 donec

1911 5232 2154 5301 ejusdem
2187 5233 2348 5288 fontis
2378 5235 2714 5288 consecratio
2743 5233 3103 5306 compleatur,
3136 5250 3234 5305 per
3261 5249 3386 5288 eum
3414 5233 3510 5304 qui

1909 5322 2156 5378 nocentis
2183 5321 2370 5376 mundi
2399 5321 2627 5377 crimina
2656 5338 2757 5394 per
2783 5339 2951 5395 aquas
2994 5323 3237 5388 abluens,
3268 5337 3508 5394 regene-

1909 5409 2136 5466 rationis
2184 5409 2425 5482 speciem
2453 5409 2512 5464 in
2539 5411 2659 5483 ipsa
2704 5411 2890 5468 diluvii
2936 5410 3199 5467 effusione
3249 5410 3507 5483 signavit,

1907 5514 1968 5563 ut
2018 5505 2179 5562 unius
2234 5505 2591 5579 ejusdemque
2647 5506 2902 5566 elementi
2955 5505 3244 5578 mysterio,
3282 5515 3337 5564 et
3386 5505 3511 5565 ﬁnis
