4036 6178
448 259 548 313 163

1475 253 1818 316 HINCMARI
1856 253 2256 314 RHEMENSIS
2293 257 2840 319 ARCHIEPISCOPI.

3653 259 3757 314 164

447 387 595 437 esset
645 379 817 447 vitiis,
861 388 914 436 et
951 381 1112 454 origo
1158 381 1484 449 virtutibus,
1533 382 1734 454 quique
1785 390 2048 438 venturus
2075 379 2415 442 AHebraeos
2442 400 2541 454 per
2568 399 2722 440 mare
2751 383 3018 449 Rubrum,
3069 381 3394 454 respiciente
3434 381 3666 438 Domino
3696 383 3757 438 in

447 477 529 525 est
552 468 800 538 judicare
820 469 976 526 vivos
1007 479 1058 526 et
1087 479 1348 538 mortuos,
1374 478 1426 526 et
1447 470 1703 526 saeculum
1723 486 1826 542 per
1843 470 2050 544 ignem.

447 556 584 626 Quia
613 557 669 612 in
697 559 891 614 eodem
921 559 1270 630 baptismate,
1302 558 1358 614 in
1386 575 1494 631 quo
1523 559 1810 632 signanter
1836 561 2054 632 Moyses

441 647 707 718 propheta
736 647 945 718 lignum
977 647 1128 704 velut
1154 648 1211 703 in
1242 649 1522 719 myrrhato
1551 647 1700 704 fonte
1727 647 1976 715 miserat,
2001 655 2053 703 et

441 734 758 792 dulcoratus
787 743 872 791 est
897 735 1097 807 (Exod.
1130 751 1228 802 xv,
1254 737 1368 807 25,)
1388 736 1680 808 praedicata
1707 753 1808 808 per
1837 736 2053 793 Domini

445 825 786 880 sacerdotem
843 824 1128 898 sanguinis
1186 824 1388 880 Christi
1445 841 1640 892 cruce,
1706 833 1820 880 tres
1882 841 2052 880 unum

446 915 590 976 sunt,
623 923 732 964 non
762 916 984 978 natura,
1019 909 1116 964 sed
1153 909 1485 980 operationis
1524 909 1787 981 mysterio
1807 953 1820 975 ,
1853 908 1909 964 id
1939 917 2048 975 est,

445 996 669 1070 sanguis
712 997 1142 1068 redemptionis,
1195 996 1422 1068 spiritus
1473 997 1950 1066 sanctiﬁcationis,
1999 1004 2053 1053 et

444 1101 586 1158 aqua
616 1085 820 1142 lavacri
856 1104 870 1140 :
903 1085 996 1140 ubi
1027 1084 1335 1142 exsuﬁlatus
1367 1093 1419 1142 et
1451 1086 1788 1142 exorcizatus
1818 1085 2052 1141 immun—

443 1173 544 1229 dus
575 1173 795 1245 spiritus
823 1174 931 1230 exit
960 1175 1031 1229 ab
1063 1174 1304 1241 homine,
1338 1173 1505 1246 ﬁtque
1550 1175 1740 1230 mundi
1764 1174 2048 1245 judicium,

443 1270 497 1318 et
537 1262 798 1336 princeps
844 1263 1032 1318 mundi
1076 1262 1222 1320 foras
1271 1263 1503 1334 ejicitur,
1533 1271 1588 1320 et
1613 1263 1705 1337 qui
1745 1264 1800 1320 in
1828 1263 2052 1320 veritate

445 1366 555 1408 non
593 1352 757 1417 stetit,
786 1352 1021 1407 mendax
1051 1359 1105 1406 et
1133 1360 1291 1423 pater
1328 1352 1602 1408 mendacii
1632 1368 1665 1408 a
1691 1352 1917 1409 veritate
1946 1367 2050 1406 na-

444 1448 578 1496 turae
609 1440 932 1508 secernitur,
958 1457 1081 1512 qua)
1109 1442 1177 1496 ad
1208 1442 1502 1514 imaginem
1525 1441 1626 1498 Dei
1647 1441 1888 1510 condita,
1912 1448 1964 1496 et
1985 1458 2052 1496 ex

444 1544 589 1601 aqua
615 1537 668 1585 et
699 1529 901 1600 Spiritu
945 1537 1136 1586 sancto
1183 1538 1386 1598 renata,
1419 1530 1486 1584 ad
1521 1547 1681 1586 suum
1725 1529 2053 1586 reformatur

441 1617 800 1689 principium,
841 1634 906 1674 ac
951 1617 1059 1674 ﬁde
1103 1619 1328 1675 interius
1375 1619 1722 1691 exteriusque
1765 1627 2048 1692 purgatur,

440 1714 494 1761 et
531 1706 600 1762 ab
647 1707 795 1762 omni
851 1706 1114 1778 ﬁgmento
1167 1708 1439 1765 mendacii
1503 1709 1779 1780 totiusque
1834 1707 2052 1763 malitiae

439 1795 705 1852 innocens
753 1797 1156 1868 comprobatur.
1199 1797 1308 1852 Sed
1346 1803 1401 1852 et
1439 1797 1484 1851 si
1523 1797 1644 1868 quis
1681 1795 1883 1869 frigida
1921 1803 2044 1851 tan-

440 1891 554 1940 tum
591 1901 748 1957 aqua,
791 1884 878 1941 vel
914 1885 1072 1958 igniti
1121 1886 1492 1957 cujuscunque
1530 1885 1785 1942 elementi
1815 1885 2043 1956 judicio,

442 1972 499 2028 in
516 1981 797 2030 auctorem
835 1982 888 2030 et
926 1975 1348 2048 gubernatorem
1401 1975 1828 2046 elementorum,
1883 1991 2047 2046 quem

444 2061 626 2118 omnia
663 2061 897 2120 ﬁdeliter
933 2063 1242 2120 invocatum
1291 2064 1528 2121 sentiunt
1567 2064 1866 2130 elementa,
1909 2063 2048 2119 sicut

439 2151 498 2206 in
525 2151 702 2224 Moysi
731 2151 889 2224 virga
918 2159 971 2208 et
1004 2167 1160 2226 aquae
1188 2152 1245 2208 in
1277 2153 1599 2226 sanguinem
1631 2169 1826 2223 versae,
1859 2160 1913 2207 et
1942 2151 2046 2207 ite-

442 2257 565 2295 rum
605 2241 832 2313 sanguis
870 2241 924 2296 in
964 2257 1172 2314 aquas,
1215 2250 1268 2297 et
1304 2250 1455 2313 petra
1492 2258 1614 2314 qua:
1651 2241 1800 2296 dedit
1848 2255 2048 2312 aquam
2099 2250 2107 2262 ‘

443 2329 642 2399 (Exod.
676 2345 774 2395 vn,
807 2333 907 2396 20;
941 2346 1074 2396 xvu,
1102 2333 1178 2402 6),
1204 2338 1258 2386 et
1281 2330 1381 2385 sub
1401 2329 1586 2385 Eliseo
1616 2330 1698 2385 sal
1726 2328 1814 2385 vel
1839 2329 2048 2402 lignum

448 2432 606 2489 aquae
654 2417 956 2474 immissum
1002 2420 1097 2489 (IV
1136 2421 1260 2491 Reg.
1297 2434 1334 2486 ι,
1380 2418 1493 2488 2t),
1543 2417 1871 2473 indubitanti
1916 2415 2042 2485 ﬁde,

445 2521 568 2579 qua!
624 2513 706 2562 est
763 2513 1146 2578 argumentum
1200 2522 1310 2562 non
1360 2507 1732 2578 apparentium
1753 2549 1767 2573 ,
1816 2505 2049 2563 credens

442 2592 560 2650 ﬁeri
590 2594 723 2650 satis
754 2595 858 2650 sibi
901 2595 1227 2661 decreverit,
1277 2594 1410 2650 nihil
1459 2593 1658 2650 diﬂ’ert.
1691 2597 1738 2650 A
1770 2611 1875 2667 qua
1905 2593 2051 2650 enim

442 2681 664 2757 frigida,
717 2684 859 2741 sicut
901 2691 956 2740 et
991 2684 1048 2739 in
1087 2684 1412 2756 baptismate
1462 2691 1731 2747 sacratur,
1762 2683 1820 2738 in
1847 2683 2052 2740 diluvio

444 2771 650 2828 innoxii
701 2788 828 2830 cum
875 2788 1004 2830 arca
1049 2772 1174 2828 sunt
1219 2773 1290 2828 ad
1341 2773 1540 2830 coelum
1584 2772 1762 2840 levati,
1808 2779 1862 2828 et
1905 2771 2053 2828 noxii

445 2861 666 2932 perditi,
713 2861 954 2934 igneque
1002 2869 1127 2918 sunt
1172 2861 1464 2918 Sodomita
1507 2861 1698 2932 puniti.
1730 2862 1798 2916 Et
1824 2860 1878 2916 in
1909 2861 2051 2917 libro

447 2949 678 3005 Numeri
708 2965 846 3022 aqua
874 2949 1096 3023 frigida,
1130 2950 1187 3005 in
1216 2967 1374 3023 quam
1404 2951 1670 3006 Dominus
1701 2949 2051 3022 imprecatio-

447 3054 549 3093 nes
589 3037 751 3107 jussit
795 3037 923 3104 elui,
969 3039 1164 3094 hausta
1191 3055 1224 3094 a
1251 3039 1481 3094 muliere
1527 3039 1775 3095 adultera
1819 3055 2051 3110 compu-

452 3127 800 3183 trescendum
845 3126 1022 3182 femur
1067 3127 1239 3199 ipsius
1280 3127 1483 3200 legitur
1529 3127 1720 3199 (Num.
1753 3145 1807 3195 v,
1840 3127 1952 3199 2'7).
1984 3128 2053 3183 Et

446 3215 687 3272 Joannes
717 3216 1012 3288 Apostolus
1041 3217 1111 3272 de
1131 3216 1239 3273 olei
1257 3215 1519 3273 ferventis
1549 3217 1697 3272 dolio
1727 3217 1899 3272 evasit
1919 3216 2051 3274 illa:-

449 3321 562 3360 sus.
595 3307 664 3360 Et
696 3305 790 3377 qui
820 3321 1016 3378 aquam
1044 3305 1273 3379 ignitam
1311 3305 1599 3378 delegerit,
1630 3305 1894 3378 intelligat
1924 3321 2050 3377 quo-

447 3393 595 3448 niam
625 3393 932 3450 venientem
962 3395 1030 3449 ad
1060 3393 1300 3450 futurum
1323 3395 1588 3464 judicium
1626 3393 1923 3450 terribilem
1949 3394 2051 3449 Ju-

444 3482 621 3539 dicem
651 3491 948 3554 tempestas
985 3482 1238 3555 ignisque
1287 3483 1706 3550 comitabuntur,
1740 3482 1878 3539 sicut
1907 3481 2050 3538 scri-

445 3579 598 3643 ptum
642 3580 725 3627 est
759 3589 773 3626 :
806 3573 958 3644 Ignis
989 3574 1051 3628 in
1090 3577 1394 3647 conspectu
1439 3572 1841 3646 ejus‘ardebit,
1883 3576 1939 3627 et
1985 3573 2050 3627 in

445 3661 698 3718 circuitu
740 3663 862 3726 eius
907 3666 1211 3735 tempestas
1255 3663 1443 3719 valida
1486 3661 1662 3733 (Psal.
1693 3675 1851 3726 χιιι,
1883 3662 1960 3730 3),
1993 3667 2052 3714 ut

443 3757 741 3822 tempestas
771 3749 1045 3806 examinet
1083 3767 1220 3822 quos
1265 3750 1411 3823 ignis
1453 3757 1658 3805 exuret.
1690 3751 1758 3804 Et
1786 3748 1929 3820 ignis
1957 3747 2050 3803 ille

443 3837 659 3896 futurus
710 3839 914 3894 sanctis
947 3838 1046 3893 erit
1081 3838 1316 3908 pervius,
1351 3837 1444 3909 qui
1488 3838 1770 3910 rapientur
1815 3836 2050 3891 nubibus

444 3927 665 3984 obviam
695 3926 750 3981 in
781 3942 906 3982 aera
956 3925 1210 3995 Domino,
1242 3934 1296 3982 et
1321 3925 1676 3983 inﬂammabit
1724 3926 1780 3981 in
1827 3924 2050 3983 circuitu

443 4015 692 4072 inimicos
724 4015 861 4084 ejus.

517 4103 790 4173 Quoniam
811 4103 1033 4176 quidem
1052 4104 1124 4159 de
1144 4104 1488 4177 purgationis
1509 4103 1717 4175 judicio
1733 4120 1835 4176 per
1853 4118 2048 4176 aquam

445 4192 750 4250 ferventem
797 4192 884 4249 vel
929 4192 1183 4265 frigidam
1232 4209 1292 4249 se
1344 4193 1483 4249 ratio
1538 4193 1746 4262 intulit,
1805 4192 2048 4248 dicamus

448 4281 595 4354 quod
645 4281 866 4354 quidam
915 4282 1132 4356 sagacis
1177 4281 1386 4356 ingenii
1431 4281 1722 4356 vigilanter
1765 4281 2042 4351 adjiciunt.

449 4370 668 4427 Constat
713 4370 992 4438 nimirum,
1039 4378 1096 4426 ut
1140 4369 1411 4442 inquiunt,
1454 4371 1579 4443 quia
1604 4370 1662 4426 in
1693 4385 1834 4442 aqua
1879 4370 2046 4442 ignita

2153 470 2340 543 vigilia
2359 472 2623 527 matutina
2662 489 2764 544 per
2799 471 3108 528 columnam
3147 471 3290 544 ignis
3321 478 3375 526 et
3401 471 3581 542 nubis,
3617 471 3756 526 sub-

2152 560 2316 615 mersi
2343 560 2449 615 sint
2474 560 2631 633 quasi
2662 560 2944 631 plumbum
2973 560 3030 615 in
3060 561 3218 632 aquis
3239 559 3674 627 vehementibus,
3698 568 3758 615 et

2151 664 2222 703 ne
2250 666 2389 704 unus
2419 649 2636 722 quidem
2667 649 2937 720 superfuit
2965 665 3030 704 ex
3062 649 3141 703 eis
3171 648 3373 718 (Exod.
3404 648 3646 718 x1v,2i).
3679 649 3756 703 Et

2152 735 2248 791 ﬁlii
2296 737 2462 794 Israel
2508 754 2669 810 super
2715 737 2865 792 littus
2918 745 3123 792 stantes
3168 737 3422 792 viderunt
3467 735 3755 810 Egyptios

2150 833 2415 882 mortuos.
2445 827 2513 882 Et
2543 823 2792 881 inﬁdeles
2821 841 2885 882 ac
2925 832 3242 896 peccatores
3290 832 3438 880 terra
3485 824 3758 881 sustinere

2151 929 2260 969 non
2298 914 2489 984 potuit,
2531 914 2747 987 quando
2786 921 2971 984 aperta
3003 921 3086 968 est
3113 921 3167 968 et
3192 911 3476 984 deglutivit
3513 914 3754 981 Dathan,

2151 1010 2204 1057 et
2233 1002 2443 1073 Operuit
2475 1019 2641 1073 super
2669 1001 3154 1076 congregationem
3182 999 3391 1056 Abiron
3417 1001 3605 1071 (Num.
3631 1017 3756 1066 xvr,

2152 1092 2261 1158 32).
2309 1091 2378 1144 Et
2421 1091 2642 1146 Petrum
2686 1089 2794 1148 ﬁde
2841 1089 3096 1146 ﬁdentem
3140 1105 3294 1161 aqua:
3341 1089 3663 1144 instabilitas
3693 1105 3758 1146 se

2151 1179 2448 1236 calcantem
2497 1178 2772 1244 sustinuit,
2823 1178 2879 1234 in
2928 1177 3034 1234 ﬁde
3082 1193 3212 1234 vero
3259 1177 3594 1234 dubitantem
3638 1179 3759 1247 jam

2149 1283 2290 1338 pene
2348 1268 2646 1323 dimersum
2701 1267 3014 1336 obsorbuit,
3075 1267 3294 1339 quando
3365 1283 3492 1322 eum
3556 1266 3761 1322 Christi

2151 1356 2376 1411 dextera
2407 1355 2661 1412 allevavit
2682 1356 2902 1428 (Matth.
2934 1371 3058 1421 xw,
3087 1355 3210 1429 29);
3233 1354 3476 1426 etipsius
3495 1354 3760 1426 Epistolas

2151 1441 2473 1499 'sententiam
2505 1445 2556 1516 (I
2582 1447 2734 1500 Petr.
2768 1459 2849 1510 III,
2880 1443 2974 1514 20)
3002 1444 3072 1499 de
3103 1441 3274 1518 ﬁgura
3315 1443 3653 1516 baptismatis
3697 1443 3758 1498 in

2151 1548 2280 1588 arca
2307 1533 2495 1588 diluvii
2525 1541 2860 1604 exponentes
2889 1533 3076 1588 Patres
3107 1531 3383 1600 catholici,
3412 1532 3596 1588 dicunt
3625 1531 3759 1604 quia

2151 1638 2262 1676 non
2289 1621 2431 1692 aliis,
2464 1621 2560 1676 sed
2591 1621 2724 1692 ipsis
2753 1621 2909 1694 aquis
2952 1621 3192 1677 haeretici
3221 1629 3273 1676 et
3299 1621 3425 1676 mali
3461 1619 3760 1676 Christiani

2153 1709 2222 1765 ad
2253 1709 2464 1765 inferna
2491 1717 2832 1782 merguntur,
2864 1711 3060 1781 quibus
3089 1709 3374 1765 orthodoxi
3401 1717 3455 1765 et
3479 1708 3612 1779 justi
3639 1709 3768 1782 qui-

2151 1814 2256 1872 que
2294 1799 2364 1854 ad
2407 1798 2648 1854 cmlestia
2691 1814 2865 1872 regna
2911 1799 3282 1854 sublevantur.
3323 1798 3430 1854 Sed
3474 1797 3758 1855 sciendum

2146 1887 2304 1943 nobis
2335 1894 2436 1954 est,
2481 1895 2538 1942 ut
2585 1887 2779 1943 beatus
2822 1887 2953 1943 dicit
3001 1887 3306 1959 Gregorius
3349 1887 3521 1956 (hom.
3575 1889 3645 1945 26
3691 1889 3759 1943 in

2146 1975 2403 2048 Evang.),
2439 1999 2460 2024 ιι
2499 1976 2647 2048 quod
2693 1975 2874 2032 divina
2913 1976 3157 2047 operatio
3187 1976 3233 2030 si
3262 1974 3472 2032 ratione
3501 1990 3759 2046 compre-

2147 2065 2422 2135 henditur,
2455 2080 2566 2121 non
2596 2073 2678 2120 est
2708 2064 3044 2120 admirabilis
3069 2083 3082 2120 :
3115 2081 3216 2120 nec
3242 2063 3381 2120 ﬁdes
3410 2065 3571 2121 habet
3599 2064 3760 2120 meri.

2147 2161 2280 2221 tum,
2331 2153 2418 2210 cui
2466 2155 2701 2209 humana
2748 2153 2888 2209 ratio
2934 2153 3144 2224 praebet
3189 2153 3639 2224 experimentum.
3688 2154 3763 2208 Et

2147 2259 2274 2300 cum
2303 2243 2502 2298 Paulus
2529 2242 2809 2314 apostolus
2839 2241 2984 2298 dicat
3010 2260 3023 2296 :
3047 2244 3146 2298 Est
3176 2247 3330 2298 enim
3358 2242 3495 2312 ﬁdes
3523 2258 3757 2315 speran-

2149 2332 2355 2388 darum
2387 2332 2710 2388 substantia
2740 2348 2954 2398 rerum,
2997 2335 3399 2403 argumentum
3429 2347 3544 2387 non
3576 2348 3763 2404 appa-

2149 2422 2404 2477 rentium
2446 2419 2631 2490 (Hebr.
2681 2435 2763 2485 x1,
2816 2419 2891 2490 1),
2941 2419 3185 2491 profecto
3230 2419 3400 2492 liquet
3445 2419 3574 2491 quia
3619 2419 3758 2474 ﬁdes

2149 2508 2362 2565 illarum
2409 2524 2594 2564 rerum
2643 2516 3027 2581 argumentum
3055 2516 3288 2580 estquae
3332 2523 3598 2580 apparere
3644 2523 3762 2564 non

2149 2604 2394 2670 possunt.
2448 2596 2584 2665 Quae
2632 2597 2780 2662 enim
2823 2603 3104 2668 apparent,
3149 2597 3266 2666 jam
3309 2595 3474 2652 ﬁdem
3515 2612 3623 2652 non
3652 2596 3761 2651 ha-

2150 2687 2299 2755 bent,
2341 2687 2440 2742 sed
2483 2685 2834 2757 agnitionem.
2874 2709 2896 2734 n
2933 2685 3042 2742 Sed
3089 2685 3206 2740 haec
3255 2685 3375 2757 ipsa
3419 2685 3760 2756 Redempto-

2150 2775 2229 2830 ris
2265 2775 2452 2831 nostri
2483 2790 2675 2846 opera,
2725 2791 2846 2846 quae
2894 2791 2958 2829 ex
3011 2773 3320 2845 semetipsis
3365 2773 3759 2846 comprehendi

2150 2880 2492 2936 nequaquam
2539 2871 2786 2934 possunt,
2840 2880 2907 2919 ex
2951 2862 3056 2918 alia
3103 2863 3220 2932 ejus
3268 2862 3584 2934 operatione
3613 2877 3758 2933 pen-

2153 2953 2326 3008 sanda
2367 2959 2510 3018 sunt,
2562 2959 2619 3006 ut
2665 2951 2828 3006 rebus
2877 2950 3223 3006 mirabilibus
3268 2950 3433 3007 ﬁdem
3477 2949 3760 3022 prebeant

2153 3041 2297 3098 facta
2355 3040 2706 3096 mirabiliora.
2774 3041 2844 3096 Et
2906 3039 3112 3110 idcirco
3176 3040 3442 3095 Dominus
3509 3040 3760 3112 quaedam

2154 3131 2222 3186 de
2270 3129 2568 3200 Scripturis
2608 3146 2709 3201 per
2750 3128 3105 3200 semetipsum
3152 3128 3404 3199 dignatus
3452 3135 3534 3184 est
3581 3143 3760 3198 expo-

2150 3235 2302 3285 nere,
2335 3227 2394 3273 ut
2423 3218 2662 3274 sciamus
2709 3233 2896 3272 rerum
2944 3214 3368 3290 signiﬁcationes
3413 3232 3658 3289 quaerere
3699 3215 3760 3270 in

2151 3308 2235 3363 his
2283 3307 2449 3364 etiam
2496 3323 2616 3379 quae
2663 3322 2764 3377 per
2813 3306 3162 3376 semetipsum
3207 3305 3378 3361 noluit
3439 3304 3754 3376 explanare.

2151 3396 2304 3452 Unde
2334 3397 2391 3451 in
2420 3411 2745 3466 responsum
2791 3393 3076 3464 accipiant,
3109 3393 3203 3465 qui
3232 3393 3287 3448 in
3318 3393 3514 3450 divinis
3537 3392 3761 3463 judiciis

2152 3493 2313 3557 atque
2356 3483 2746 3540 miraculorum
2796 3483 2969 3556 signis
3016 3482 3448 3554 experimentum
3497 3483 3756 3538 humanm

2151 3573 2424 3645 postulant
2454 3573 2702 3642 rationis,
2735 3572 2994 3644 quoniam
3014 3581 3068 3627 et
3087 3573 3258 3642 iustos
3278 3571 3563 3628 continens
3593 3587 3747 3641 arca,

2153 3678 2262 3734 qua
2305 3661 2545 3717 ﬁdelium
2589 3669 2672 3718 est
2719 3661 3003 3732 designata
3051 3660 3320 3727 Ecclesia,
3367 3659 3502 3715 ﬁdes
3549 3668 3758 3716 sanctae

2152 3750 2446 3816 Trinitatis,
2479 3767 2602 3822 quae
2629 3766 2728 3821 per
2755 3749 3187 3805 incarnationem
3215 3751 3345 3804 Jesu
3387 3747 3586 3803 Christi
3615 3747 3757 3804 mdi-

2154 3839 2330 3908 ﬁcata,
2363 3846 2417 3894 et
2445 3855 2640 3894 omnes
2671 3838 2738 3894 de
2769 3838 2968 3910 quibus
2988 3839 3121 3894 dixit
3151 3837 3414 3893 Dominus
3439 3855 3452 3892 :
3478 3838 3636 3894 Finis
3664 3853 3759 3894 ue-

2152 3930 2247 3985 nit
2263 3929 2542 3984 universa:
2562 3929 2756 3984 carnis
2777 3943 2968 3984 coram
2986 3943 3098 3994 me,
3123 3929 3343 4000 repleta
3362 3929 3450 3982 est
3470 3930 3623 3982 terra
3642 3926 3759 3981 ini-

2155 4017 2370 4090 quitate
2401 4032 2436 4072 a
2464 4016 2613 4086 facie
2660 4031 2874 4084 eorum,
2908 4019 2966 4070 et
2994 4031 3091 4087 ego
3133 4013 3456 4087 disperdam
3485 4029 3575 4069 eos
3623 4029 3757 4069 cum

2157 4109 2311 4161 terra
2341 4105 2502 4176 (Gen.
2537 4119 2614 4170 vr,
2639 4104 2748 4176 13),
2785 4103 3153 4175 superfluente
3174 4118 3317 4175 aqua
3336 4101 3531 4173 operti,
3565 4108 3620 4157 et
3645 4116 3757 4158 non

2155 4209 2346 4250 omnes
2376 4192 2647 4248 submersi
2675 4200 2818 4260 sunt,
2862 4192 2962 4248 sed
2997 4190 3200 4247 innoxii
3239 4191 3470 4257 liberati,
3501 4198 3554 4246 et
3581 4189 3758 4262 puniti

2157 4290 2282 4338 sunt
2307 4281 2471 4347 noxii,
2506 4281 2645 4338 sicut
2674 4281 2937 4353 scriptum
2967 4288 3087 4336 est:
3113 4282 3401 4352 Ingressus
3432 4283 3520 4336 est
3545 4279 3674 4345 Noe,
3700 4283 3758 4335 et

2154 4373 2265 4443 ﬁlii
2295 4373 2437 4444 ejus,
2471 4387 2629 4427 uxor
2653 4373 2792 4442 ejus,
2826 4386 3035 4426 uxores
3065 4369 3318 4439 ﬁliorum
3347 4371 3468 4440 eius
3513 4384 3644 4423 cum
3694 4383 3756 4423 eo

451 4466 760 4532 coquuntur
802 4459 1121 4532 culpabiles,
1154 4467 1208 4515 et
1241 4458 1446 4516 innoxii
1491 4460 1792 4516 liberantur
1835 4459 2050 4516 incocti.
2080 4455 2136 4518 D
2157 4462 2220 4516 in
2236 4476 2449 4526 arcam,
2467 4463 2702 4532 propter
2716 4475 2920 4531 aquam
2933 4457 3311 4528 diluvii(Gen.
3329 4457 3554 4526 vn,l7);
3570 4462 3760 4527 etpost

390 4535 400 4546 ’
452 4547 591 4617 Quia
618 4549 687 4604 de
715 4547 843 4621 igne
875 4549 1209 4606 Sodomitico
1252 4550 1348 4605 Lot
1385 4550 1562 4620 justus
1605 4549 1775 4606 evasit
1819 4549 2048 4604 inustus.

447 4637 516 4692 Et
564 4635 779 4694 futurus
824 4637 1000 4710 ignis,
1053 4637 1146 4710 qui
1187 4638 1400 4710 praeibit
1446 4639 1738 4695 terribilem
1781 4637 2048 4704 Iudicem,

449 4727 650 4782 sanctis
681 4727 780 4782 erit
825 4727 1109 4797 innocuus,
1158 4735 1212 4784 et
1259 4727 1523 4784 scelestos
1554 4728 1761 4783 'aduret
1791 4744 1804 4780 :
1837 4734 1894 4781 ut
1922 4725 2052 4782 olim

445 4814 780 4886 Babylonica
804 4815 1018 4884 fornax,
1069 4833 1190 4888 quae
1208 4833 1410 4889 pueros
1431 4815 1652 4872 omnino
1671 4831 1779 4871 non
1801 4815 2050 4889 contigit,

445 4919 624 4976 neque
668 4904 1025 4972 contristavit,
1059 4905 1146 4961 vel
1194 4905 1493 4978 quidquam
1539 4903 1806 4960 molestia:
1852 4903 2048 4970 intulit,
2082 4951 2093 4957 ,

451 4991 800 5064 sedvincula
829 5009 1020 5050 eorum
1051 4995 1397 5059 comburens,
1420 4993 1659 5050 incendit
1687 5007 1826 5064 quos
1853 4991 2054 5063 reperit

450 5081 519 5137 de
551 5061 822 5139 Chaldaeis
868 5083 1150 5138 ministros
1192 5081 1341 5154 regis
1371 5080 1462 5154 qui
1489 5098 1608 5137 eam
1653 5061 2054 5137 succende—bant

450 5171 619 5243 (Dan.
652 5186 734 5241 tu,
769 5172 855 5240 48,
889 5172 1000 5242 50).
1035 5171 1143 5226 Sed
1173 5170 1227 5225 in
1257 5185 1416 5243 aqute
1461 5170 1673 5244 frigidae
1695 5169 1896 5241 judicio
1925 5169 2053 5241 qui-

449 5259 680 5316 busdam
710 5276 821 5316 non
849 5265 1103 5317 constare
1133 5257 1348 5316 videtur
1375 5260 1522 5331 quod
1550 5259 1754 5316 innoxii
1797 5259 2052 5314 submer-

449 5357 670 5420 guntur,
703 5357 757 5405 et
787 5364 982 5421 aquam
1011 5347 1312 5419 culpabiles
1341 5356 1712 5420 supernatant,
1737 5364 1860 5406 cum
1878 5347 1934 5404 in
1954 5362 2054 5404 ca-

450 5436 700 5508 taclysmi
737 5437 946 5507 judicio
993 5437 1310 5494 innocentes
1354 5453 1477 5494 cum
1524 5455 1654 5495 arca
1695 5439 1959 5508 levantur,
2003 5443 2056 5491 et

446 5531 595 5590 noxii
622 5533 1006 5592 submersione
1033 5533 1318 5607 perierint.
1342 5534 1414 5592 Et
1433 5534 1672 5609 Egyptii
1700 5535 2054 5608 insequentes

2151 4549 2427 4620 paululum
2451 4567 2464 4603 :
2485 4548 2657 4621 Βαρεὶ
2672 4551 2806 4602 sunt
2823 4563 3016 4603 omnes
3037 4549 3224 4618 fontes
3241 4546 3424 4618 abyssi
3438 4561 3679 4617 magnae,
3700 4547 3758 4600 et

2152 4641 2457 4694 cataracta:
2477 4638 2603 4693 caeli
2621 4639 2831 4708 apertae
2846 4639 3000 4701 sunt,
3022 4639 3078 4691 et
3097 4637 3257 4706 facta
3273 4638 3359 4690 est
3372 4635 3566 4707 pluvia
3581 4648 3758 4705 super

2155 4730 2368 4782 terram
2388 4723 2767 4798 quadraginta
2801 4724 2991 4780 diebus
3013 4728 3071 4780 et
3091 4723 3470 4796 quadraginta
3497 4721 3758 4779 noctibus

2153 4815 2332 4882 (ibid.,
2368 4816 2478 4883 tt);
2511 4820 2562 4868 et
2590 4812 2717 4868 item
2748 4829 2762 4866 :
2798 4815 2868 4868 Et
2893 4813 3299 4886 multiplicatae
3325 4814 3460 4868 sunt
3490 4825 3666 4883 aqua,
3701 4814 3760 4866 et

2155 4903 2480 4960 levaverunt
2505 4919 2702 4958 arcam
2733 4901 2795 4956 in
2824 4901 3060 4957 sublime
3081 4919 3117 4958 a
3139 4906 3294 4958 terra
3329 4901 3506 4972 (ibid.,
3544 4899 3669 4970 17);
3703 4905 3763 4954 et

2151 5000 2273 5064 post
2302 5006 2512 5063 pauca:
2549 4991 2996 5062 Consumptaque
3017 4993 3103 5046 est
3130 4991 3314 5046 omnis
3345 5005 3475 5046 caro
3497 5003 3618 5060 qua:
3637 5003 3759 5043 mo-

2151 5080 2384 5138 vebatur
2403 5095 2571 5152 super
2602 5083 2832 5135 terram.
2868 5081 3162 5135 Remansit
3177 5082 3372 5134 autem
3390 5078 3543 5134 solus
3566 5077 3674 5134 Noe
3698 5079 3758 5130 et

2151 5171 2246 5243 qui
2293 5185 2424 5225 cum
2469 5185 2530 5225 eo
2576 5171 2744 5224 erant
2789 5168 2851 5223 in
2895 5167 3224 5239 arca(ibid.,
3256 5171 3346 5233 2t,
3379 5165 3512 5238 23);
3543 5170 3596 5220 et
3625 5163 3761 5219 item

2152 5266 2275 5330 post
2289 5272 2460 5329 pauca
2475 5273 2488 5312 :
2506 5259 2575 5313 Et
2591 5258 2778 5314 clausi
2791 5260 2932 5312 sunt
2945 5258 3137 5328 fontes
3154 5255 3358 5328 abyssi,
3380 5259 3438 5311 et
3450 5255 3761 5310 cataractae

2153 5347 2283 5404 cceli
2325 5347 2488 5416 (Gen.
2535 5360 2658 5412 vm,
2690 5346 2765 5416 2).
2801 5345 2867 5400 Et
2895 5345 3072 5400 nubes
3103 5359 3228 5410 una,
3261 5343 3558 5399 tenebrosa
3605 5339 3756 5397 facta

2154 5443 2237 5492 est
2272 5435 2558 5506 Egyptiis,
2593 5442 2646 5490 et
2672 5433 2938 5490 luminosa
2984 5431 3250 5502 Hebraeis,
3283 5439 3341 5486 ut
3371 5430 3561 5487 iterum
3612 5429 3758 5484 scri-

2153 5539 2307 5604 ptum
2327 5539 2444 5588 est:
2469 5531 2793 5603 Tollemque
2813 5543 2872 5587 se
2893 5529 3128 5601 angelus
3149 5528 3271 5592 Dei,
3294 5525 3389 5599 qui
3407 5523 3762 5598 praecedebat
