4036 6178
228 208 332 264 163

1734 193 2109 252 EPISTOLE.

252 333 449 387 castra
481 329 678 398 Israel,
711 328 851 384 abiit
875 331 1003 400 post
1031 341 1142 391 eos,
1175 329 1232 382 ct
1260 341 1390 381 cum
1417 339 1478 379 eo
1504 322 1724 394 pariter
1763 336 1859 377 co-
1880 319 1934 380 A
1961 320 2221 391 ptismum
2245 321 2446 377 Christi
2462 321 2729 394 sanguiue
2752 321 3102 388 rubricatum,
3123 333 3177 378 et
3203 323 3320 395 ipse
3341 323 3570 394 iMoyses

256 420 488 474 lumnat
505 419 672 474 nubis
687 419 880 490 priora
902 416 1348 487 dimittens,post
1365 417 1586 485 tergum
1605 411 1768 466 stetit
1785 411 1874 464 in-

255 511 344 564 ter
356 525 454 563 cas
466 511 559 562 tra
574 507 970 578 zEgyptiorum
984 507 1243 560 etcastra
1259 503 1452 559 Israel.
1473 503 1543 557 Et
1561 503 1684 556 erat
1699 499 1872 554 nubes

254 597 554 652 tenebrosa
571 599 629 651 et
642 595 989 650 illuminans
1006 597 1249 661 noctem,
1274 593 1359 646 ita
1381 595 1446 647 ut
1457 590 1530 646 ad
1557 605 1616 645 se
1627 589 1873 644 invicem

254 688 370 741 toto
391 685 576 741 noctis
595 688 844 756 tempore
859 682 1121 739 accedere
1138 698 1254 737 non
1271 677 1730 750 valerent(Exod.
1749 691 1868 767 xu"

253 775 364 846 19).
397 775 466 830 Et
522 789 631 829 una
669 773 972 842 eademque
1000 770 1160 844 virga
1202 776 1423 826 extenta
1456 783 1620 839 super
1676 781 1870 842 aquas,

253 879 379 935 quae
417 871 576 917 erant
624 861 781 934 quasi
827 875 928 931 pro
957 875 1117 915 muro
1147 875 1181 914 a
1209 857 1416 915 dextris
1450 864 1502 912 et
1545 873 1577 911 a
1609 854 1868 922 sinistris,

253 951 407 1021 ﬁlios
421 951 599 1007 Israel
619 950 975 1015 transduxit,
996 948 1135 1005 sicut
1146 947 1412 1020 scriptum
1429 954 1530 1016 est,
1547 961 1650 1018 per
1665 960 1872 1017 aquam

257 1042 508 1096 nimiam
535 1041 695 1112 (Sap.
727 1053 788 1107 χ,
823 1037 936 1110 18),
967 1045 1021 1094 et
1049 1036 1275 1094 involvit
1289 1035 1570 1109 Egyptios
1599 1033 1654 1089 in
1674 1032 1870 1090 mediis

252 1127 531 1198 ﬂuctibus,
565 1135 720 1184 utne
760 1143 896 1183 unus
954 1125 1173 1199 quidem
1231 1123 1562 1198 superfuerit
1621 1139 1687 1178 ex
1764 1121 1866 1187 eis,

252 1233 398 1289 quos
434 1216 695 1272 viderunt
726 1215 979 1273 Israelita
999 1222 1266 1281 ~mortuos
1309 1229 1474 1284 super
1512 1211 1661 1267 littus
1704 1209 1870 1265 maris

251 1305 460 1377 (Exod.
493 1319 616 1372 xw,
650 1304 762 1376 28),
796 1320 935 1376 quos
963 1310 1276 1376 respexerat
1306 1301 1570 1358 Dominus
1597 1301 1654 1354 in
1683 1299 1869 1370 vigilia

250 1393 543 1456 matutina,
576 1401 633 1447 ut
664 1393 920 1460 diximus,
970 1393 1028 1448 in
1057 1391 1308 1449 columna
1337 1390 1482 1464 ignis
1510 1397 1563 1446 et
1591 1387 1772 1454 nubis,
1812 1392 1868 1443 et

255 1482 542 1553 expandit
553 1482 758 1538 nubem
768 1485 832 1538 in
843 1483 1249 1553 protectionem
1260 1497 1492 1537 suorum
1501 1522 1513 1545 ,
1529 1483 1584 1535 et
1600 1478 1788 1550 ignem
1801 1481 1868 1532 ut

257 1573 482 1627 luceret
497 1573 579 1628 eis
596 1587 698 1643 per
717 1575 946 1628 noctem
963 1571 1136 1641 (Psal.
1162 1585 1273 1640 etv,
1292 1570 1404 1641 39),
1436 1567 1688 1624 videlicet
1719 1565 1870 1622 Chri.

251 1668 422 1729 stum,
481 1660 574 1732 qui
604 1668 688 1716 est
734 1659 987 1717 columna
1026 1658 1183 1726 lucis,
1229 1658 1482 1714 tenebras
1529 1654 1938 1742 inﬁdelitatisB

249 1749 558 1820 depellens,
591 1757 646 1803 et
668 1749 847 1805 lucem
875 1748 1122 1806 veritatis
1151 1763 1218 1805 ac
1246 1746 1438 1820 gratiae
1467 1744 1725 1817 spiritalis
1779 1743 1864 1799 af-

251 1837 487 1894 fectibus
518 1837 774 1893 humanis
803 1837 1116 1906 infundens,
1153 1845 1206 1892 et
1233 1853 1330 1908 per
1352 1835 1662 1892 columnam
1682 1832 1862 1900 nubis,

249 1927 344 1999 qui
373 1933 458 1983 est
487 1927 722 1998 Spiritus
752 1936 993 1984 sanctus.
1037 1927 1100 1982 In
1155 1941 1262 1998 quo
1319 1924 1646 1997 baptismate
1707 1930 1866 1995 typus

250 2015 598 2087 baptismatis
639 2017 754 2086 jam
810 2015 949 2072 sicut
1005 2023 1057 2070 et
1087 2014 1144 2070 in
1173 2013 1378 2070 diluvio
1433 2011 1862 2069 monstrabatur.

249 2105 448 2160 Adhuc
477 2103 744 2160 addamus
772 2105 900 2176 quia
930 2100 1201 2160 invocavit
1229 2103 1382 2158 Elias
1407 2117 1608 2159 nomen
1648 2098 1865 2156 Domini

244 2193 350 2249 Dei
377 2192 485 2260 sui,
517 2201 574 2248 et
599 2192 886 2249 descendit
913 2191 980 2247 ds
1011 2192 1152 2248 caelo
1183 2191 1328 2264 ignis
1357 2192 1456 2264 (IV
1496 2194 1624 2263 Reg.
1656 2207 1696 2258 ι,
1732 2189 1824 2258 10)
1849 2207 1862 2254 ;

247 2280 528 2337 invocavit
560 2289 614 2336 et
641 2281 856 2337 Eliseus
881 2296 1083 2336 nomen
1115 2279 1353 2347 Domini,
1388 2287 1440 2335 et
1469 2279 1538 2335 de
1568 2294 1708 2350 aqua
1759 2276 1866 2334 fer-

249 2386 372 2425 rum
400 2369 612 2426 securis
636 2369 877 2425 levatum
905 2376 988 2426 est
1014 2369 1084 2424 ad
1141 2367 1486 2424 manubrium
1541 2367 1783 2440 ligneum
1812 2373 1868 2422 et

251 2458 633 2530 super-natavit
660 2459 816 2531 aquis
845 2459 944 2528 (IV
965 2461 1097 2530 Reg.
1127 2473 1205 2523 γι,
1239 2456 1315 2529 '7).
1347 2455 1580 2512 Gravior
1611 2455 1756 2512 enim
1784 2462 1868 2512 est

259 2545 398 2603 ferri
445 2547 662 2618 species
719 2563 884 2620 quam
941 2562 1208 2620 aquarum
1263 2545 1460 2618 liquor.
1518 2545 1866 2600 Advertimus

249 2635 425 2707 igitur
455 2636 677 2706 majoris
707 2652 831 2691 esse
863 2635 1099 2708 gratiam
1136 2650 1302 2707 quam
1346 2642 1614 2690 naturam.
1671 2634 1752 2690 De
1781 2633 1866 2688 his

255 2725 515 2780 omnibus
545 2724 691 2780 beati
719 2723 996 2780 Ambrosii
1025 2722 1255 2780 sufﬁciat
1294 2723 1616 2796 explanatio,
1667 2730 1725 2778 ut
1754 2723 1866 2780 col-

248 2813 353 2887 ligi
383 2813 560 2884 possit
589 2813 905 2870 assimilatio
951 2829 1052 2870 cur
1094 2813 1148 2868 in
1195 2813 1412 2886 frigidae
1457 2829 1614 2885 aqua
1661 2811 1864 2881 judicio

253 2903 425 2958 unius
457 2901 552 2960 ﬁat
582 2902 810 2973 mersio,
861 2901 1084 2958 alterius
1131 2901 1456 2966 sublevatio,
1505 2901 1593 2955 Ait
1637 2900 1781 2956 enim
1811 2900 1866 2954 in

244 2989 392 3047 libro
423 2991 494 3046 de
517 2991 887 3048 Sacramentis
917 2991 1033 3046 sive
1061 2989 1472 3062 mysteriis(lib.
1507 3005 1566 3055 ιι,
1600 3005 1722 3059 cap.
1757 2988 1812 3061 6)
1847 3006 1860 3043 :

251 3101 277 3131 ι
341 3081 754 3148 Verumtamen,
804 3096 873 3136 ne
919 3079 976 3135 in
1009 3080 1116 3136 hoc
1145 3079 1345 3136 sazculo
1375 3077 1576 3134 diaboli
1599 3077 1748 3134 fraus
1779 3077 1866 3134 vel

245 3169 468 3224 insidiae
520 3169 904 3240 pravalerent,
954 3168 1237 3224 inventum
1286 3175 1370 3223 est
1435 3166 1726 3238 baptisma.
1785 3167 1867 3222 De

250 3273 362 3329 quo
393 3257 721 3329 baptismate
743 3257 871 3312 audi
901 3257 1034 3328 quid
1083 3257 1228 3313 dicat
1275 3255 1575 3328 Scriptura,
1635 3255 1744 3311 imo
1774 3255 1867 3310 Fi-

243 3346 351 3400 lius
380 3346 506 3412 Dei,
565 3345 694 3417 quia
755 3345 1054 3412 Pharisaei,
1117 3345 1208 3416 qui
1267 3343 1558 3400 noluerunt
1605 3342 1868 3414 baptizari

245 3433 526 3506 baptismo
553 3434 804 3501 Joannis,
841 3434 1159 3490 consilium
1187 3435 1286 3489 Dei
1315 3437 1650 3506 spreverunt
1703 3433 1860 3503 (Luc.

245 3524 435 3594 vn,3).
471 3523 622 3596 Ergo
651 3523 984 3594 baptismum
1013 3521 1301 3578 consilium
1329 3521 1432 3578 Dei
1459 3528 1560 3576 est.
1599 3541 1621 3572 »
1659 3523 1727 3576 Et
1741 3531 1865 3592 post

243 3611 533 3684 paululum
568 3629 582 3665 :
622 3631 644 3662 ι
679 3609 840 3680 Quod
867 3609 1096 3684 mergis,
1142 3609 1369 3666 solvitur
1411 3609 1680 3666 sententia
1723 3609 1815 3664 illa
1845 3627 1859 3663 :

249 3702 422 3757 Terra
440 3717 520 3766 es,
540 3704 598 3756 et
613 3701 677 3755 in
701 3704 917 3756 terram
937 3701 1044 3755 ibis
1065 3699 1224 3772 (Gen.
1251 3715 1330 3765 ιιι,
1359 3700 1467 3770 19).
1493 3699 1721 3769 Impleta
1737 3713 1863 3754 sen-

242 3789 441 3853 tensia,
482 3788 639 3844 locus
669 3797 751 3843 est
779 3787 1046 3844 beneﬁcio
1077 3787 1428 3860 remedioque
1458 3786 1686 3844 caelesti.
1710 3787 1862 3860 Ergo

237 3894 384 3949 aqua
412 3877 486 3932 de
518 3886 682 3946 terra,
715 3877 1050 3948 possibilitas
1079 3885 1262 3932 autem
1317 3875 1440 3932 vitae
1497 3883 1696 3934 nostrae
1750 3892 1862 3932 non

234 3965 564 4021 admittebat
594 3974 652 4020 ut
681 3973 828 4020 terra
857 3965 1212 4036 operiremur,
1249 3974 1299 4020 et
1329 3965 1398 4020 de
1419 3973 1561 4020 terra
1600 3979 1860 4036 resurge-

235 4071 451 4110 remus.
485 4054 697 4110 Deinde
725 4071 838 4110 non
865 4062 1012 4110 terra
1041 4055 1201 4120 lavat,
1237 4055 1333 4109 sed
1361 4070 1504 4126 aqua
1531 4054 1696 4110 lavat.
1729 4053 1858 4110 Ideo

237 4142 368 4198 fons
397 4143 560 4214 quasi
590 4144 872 4214 sepultura
902 4151 1003 4199 est.
1037 4163 1059 4193 ι
1095 4143 1386 4209 Caeterum,
1419 4150 1476 4196 ut
1520 4142 1650 4197 dicit
1705 4143 1858 4214 Apo-

243 4232 446 4298 stolus,
478 4233 663 4287 omnis
677 4233 973 4304 Scriptura
992 4232 1268 4288 divinitus
1288 4233 1575 4303 inspirata
1587 4231 1748 4286 utilis
1772 4233 1858 4286 est

239 4321 314 4375 ad.
335 4320 672 4385 docendum,
704 4320 777 4375 ad
807 4320 1182 4392 arguentium,
1215 4321 1290 4374 ad
1318 4318 1756 4390 corripiendum.
1785 4319 1858 4375 ad

1895 3043 1944 3108 C

1972 409 2170 466 ducem
2201 410 2498 477 Christum,
2533 411 2625 483 qui
2653 427 2756 466 nos
2799 427 2898 484 per
2925 400 3248 482 baptismum
3291 411 3473 467 eduxit
3503 412 3572 467 de

1971 504 2225 576 zEgyptia
2252 506 2511 561 servitute
2541 507 2610 562 ad
2667 515 2870 563 terram
2928 505 3388 578 repromissionis,
3421 505 3572 566 vide-

1970 590 2096 648 licet
2125 594 2195 648 de
2223 595 2434 666 peccati
2462 596 2718 652 servitute
2749 604 2801 652 et
2856 595 3048 652 mortis
3093 595 3487 667 dominatione,
3519 595 3576 650 in

1970 679 2269 738 libertatem
2299 683 2486 755 gloria:
2518 683 2755 741 ﬁliorum
2783 685 2904 755 Dei,
2937 693 2990 740 et
3017 685 3073 740 in
3099 701 3332 759 regnum
3353 693 3575 740 mternae

1970 770 2115 839 vitae,
2147 770 2537 845 praeﬁguravit,
2570 774 2708 830 sicut
2738 781 2792 829 et
2820 782 2976 844 petra
3002 791 3106 846 per
3135 774 3414 830 desertum
3443 788 3575 830 con-

1971 875 2208 931 sequens
2236 861 2513 932 populum,
2561 862 2652 934 qui
2681 877 2781 918 nos
2829 861 2884 916 in
2943 879 3127 918 eremo
3175 862 3332 918 istius
3390 861 3576 918 saeculi

1969 949 2244 1020 mysteriis
2276 949 2390 1004 suis
2437 951 2807 1022 consequitur.
2859 952 3014 1007 Unde
3063 951 3191 1007 item
3222 951 3354 1007 dicit
3380 951 3448 1006 de
3477 950 3574 1006 ba-

1969 1037 2221 1109 ptismate
2251 1038 2397 1094 idem
2425 1040 2718 1110 Apostolus
2751 1057 2763 1096 :
2805 1041 3130 1114 Quicunque
3169 1041 3447 1114 baptizati
3475 1055 3573 1096 su-

1968 1144 2096 1184 mus
2112 1129 2177 1183 in
2192 1129 2412 1185 Christo
2425 1131 2576 1196 Iesu,
2595 1131 2656 1184 in
2672 1133 2854 1186 morte
2871 1130 3050 1202 ipsius
3065 1131 3166 1202 bap
3175 1131 3340 1186 tizati
3351 1145 3570 1185 sumus.

1976 1218 2304 1290 Consepulti
2326 1219 2480 1274 enim
2500 1235 2698 1275 sumus
2727 1235 2858 1274 cum
2887 1219 2987 1275 illo
3013 1235 3117 1291 per
3138 1219 3481 1292 baptismum
3509 1217 3575 1272 in

1967 1309 2148 1362 morte
2187 1306 2364 1376 (Rom.
2401 1323 2480 1374 γι,
2530 1309 2606 1376 3).
2671 1328 2694 1358 ι
2757 1305 2901 1376 Quid
2957 1315 3059 1373 est,
3116 1306 3288 1378 inquit
3338 1309 3574 1362 Joannes

1967 1394 2390 1466 Chrysostomus
2429 1397 2649 1467 (ho-mil.
2698 1399 2764 1450 10
2795 1397 2858 1452 in
2905 1397 3084 1469 Epist.
3137 1397 3209 1452 ad
3267 1393 3468 1467 Rom.),
3509 1397 3574 1450 in

1965 1487 2145 1539 morte
2176 1485 2358 1557 ipsius
2389 1485 2662 1558 baptizati
2690 1502 2888 1541 sumus
2915 1489 2938 1540 ?
2968 1491 3026 1539 ut
3046 1492 3098 1540 et
3129 1483 3233 1556 ipsi
3279 1483 3577 1538 moriamur

1966 1571 2104 1628 sicut
2133 1581 2188 1628 et
2217 1573 2328 1628 ille.
2363 1573 2508 1628 Crux
2537 1573 2684 1630 enim
2741 1582 2826 1629 est
2872 1573 3164 1644 baptisma.
3223 1571 3385 1642 Quod
3440 1586 3576 1644 ergo

1967 1676 2101 1716 crux
2158 1661 2358 1720 Christi
2413 1671 2466 1718 et
2523 1663 2852 1735 sepulcrum,
2914 1663 3021 1720 hoc
3077 1661 3236 1718 nobis
3307 1659 3578 1732 baptisma

1966 1748 2166 1806 factum
2223 1759 2325 1818 est,
2388 1751 2601 1807 tametsi
2675 1768 2785 1808 non
2843 1751 3050 1807 eisdem
3106 1750 3260 1822 ipsis.
3322 1749 3578 1821 Quapro-

1965 1847 2088 1910 pter
2117 1855 2226 1894 non
2259 1839 2391 1894 dixit
2425 1857 2438 1894 :
2464 1841 2850 1912 Complantati
2867 1842 3060 1907 morti,
3087 1839 3186 1894 sed
3205 1838 3579 1895 similitudini

1965 1930 2168 1986 mortis
2196 1929 2376 1999 (Rom.
2410 1943 2489 1996 vi,
2523 1928 2598 2000 5).
2636 1929 2758 1999 Ipse
2789 1945 3022 2000 namque
3057 1943 3219 1985 carne
3247 1935 3301 1984 et
3329 1935 3578 1982 mortuus

1967 2024 2019 2072 et
2047 2017 2316 2088 sepultus,
2351 2033 2452 2076 nos
2483 2025 2661 2072 autem
2683 2026 2908 2089 peccato
2937 2017 2993 2072 in
3022 2025 3276 2089 utroque.
3313 2037 3338 2068 ι
3367 2015 3576 2085 Quibus

1966 2105 2127 2161 dictis
2157 2105 2344 2177 colligi
2373 2121 2538 2178 posse
2569 2106 2798 2170 videtur.
2829 2114 2889 2162 ut
2947 2105 3301 2177 consepultus
3358 2103 3575 2161 Christo

1968 2209 2070 2265 per
2097 2193 2426 2266 baptismum
2457 2195 2513 2250 in
2550 2203 2745 2265 morte,
2779 2202 2833 2250 et
2859 2195 3120 2251 liberatus
3148 2211 3250 2264 per
3294 2193 3442 2250 idem
3477 2193 3573 2248 ba-

1966 2282 2227 2354 ptismum
2253 2299 2286 2339 a
2313 2292 2510 2351 morte,
2545 2292 2598 2340 et
2617 2301 2719 2356 per
2744 2292 3030 2356 peccatum
3057 2283 3128 2340 ad
3155 2283 3403 2340 eamdem
3449 2298 3572 2338 ser-

1968 2371 2197 2427 vitutem
2244 2381 2299 2428 et
2344 2381 2576 2429 mortem
2625 2389 2903 2430 reversus.
2949 2374 3175 2438 Anima,
3223 2371 3414 2444 inquit,
3450 2387 3572 2444 qua:

1969 2465 2307 2532 peccaverit,
2331 2463 2458 2534 ipsa
2469 2463 2748 2519 morietur
2764 2461 2987 2535 (Ezech.
3005 2477 3170 2529 xvm,
3193 2460 3270 2532 4),
3290 2458 3572 2532 complan-

1968 2557 2110 2606 tetur
2170 2550 2510 2606 similitudini
2563 2550 2757 2606 mortis
2801 2550 2859 2604 in
2913 2567 3071 2622 aqua,
3123 2557 3182 2604 ut
3235 2556 3327 2604 aut
3378 2548 3572 2604 noxius
3666 2558 3672 2563 ’

1964 2639 2370 2710 comprobatus,
2413 2638 2543 2695 velit
2597 2639 2749 2704 nolit,
2811 2639 2936 2710 quia
2991 2654 3136 2708 smpe
3193 2637 3336 2692 bona
3383 2636 3564 2693 invitis

1961 2735 2305 2800 praestantur,
2339 2727 2683 2796 conﬁteatur,
2717 2734 2772 2782 et
2797 2742 2898 2798 per
2925 2725 3322 2782 emendationis
3341 2740 3410 2782 ac
3439 2741 3568 2782 cor-

1963 2815 2224 2874 rectionis
2283 2815 2684 2873 confessionem
2739 2815 3002 2871 liberetur
3054 2815 3254 2872 iterum
3315 2831 3349 2870 a
3391 2822 3568 2870 morte

1963 2901 2242 2962 commissi
2271 2905 2484 2976 peccati
2517 2921 2531 2961 :
2565 2913 2654 2960 aut
2683 2903 2936 2960 innoxius
2964 2903 3067 2960 Dei
3089 2903 3296 2973 judicio
3344 2903 3570 2960 demon-

1965 3003 2187 3062 stratus,
2220 2995 2362 3050 inter
2417 2993 2628 3066 peccati
2692 3009 2820 3049 reos
2877 3009 2987 3050 non
3042 3001 3258 3049 tenetur
3311 3010 3342 3047 a
3386 2991 3566 3062 nobis,

1971 3084 2367 3154 complantatus
2423 3082 2763 3139 similitudini
2837 3081 3028 3138 mortis
3109 3083 3167 3137 in
3213 3097 3371 3153 aqua.
3420 3082 3568 3136 Mare

1969 3172 2190 3244 quippe,
2223 3172 2362 3228 sicut
2391 3189 2558 3244 supra
2615 3179 2892 3228 ostensum
2937 3179 3038 3239 est,
3099 3171 3368 3242 baptisma
3425 3169 3569 3226 desi-

1966 3277 2161 3334 gnans,
2194 3261 2328 3316 nihil
2356 3261 2410 3316 in
2433 3277 2492 3316 se
2529 3269 2801 3316 mortuum
2850 3261 3078 3328 retinet;
3122 3260 3289 3332 quod,
3340 3266 3399 3314 ut
3426 3259 3565 3315 scri-

1964 3356 2116 3420 ptum
2133 3356 2235 3415 est,
2255 3354 2506 3406 mortuos
2517 3351 2802 3421 Egyptios
2815 3351 2980 3420 ejecit
2995 3365 3168 3422 super
3180 3349 3344 3404 littus
3358 3347 3560 3418 (Exod.

1965 3451 2084 3504 xxv,
2113 3438 2223 3504 31).
2257 3438 2410 3508 Ergo
2453 3437 2736 3510 Egyptius
2780 3445 3048 3503 mortuus,
3097 3436 3154 3491 id
3202 3443 3284 3492 est
3339 3442 3563 3508 peccato

1965 3525 2254 3592 obnoxius,
2287 3525 2527 3596 quandiu
2579 3525 2834 3596 negando
2887 3524 2944 3578 in
2990 3525 3201 3596 peccati
3245 3524 3330 3579 sui
3386 3531 3564 3580 morte

1962 3622 2160 3680 manet,
2195 3615 2265 3669 ab
2293 3629 2436 3686 aqua
2463 3613 2805 3670 invocatione
2833 3613 3094 3681 veritatis,
3137 3629 3260 3686 quae
3317 3613 3563 3668 Christus

1963 3710 2064 3770 est,
2098 3701 2427 3759 sanctiﬁcata
2455 3718 2565 3758 non
2595 3701 2866 3774 recipitur,
2916 3717 3027 3758 non
3074 3709 3306 3758 tenetur.
3367 3701 3564 3758 Veniat

1962 3799 2140 3847 autem
2170 3791 2370 3866 ligatus
2427 3791 2624 3847 institis
2651 3791 2996 3864 iuiquitatum
3034 3807 3258 3847 suarum
3311 3789 3461 3847 foras
3491 3791 3562 3847 de

1960 3879 2182 3936 latebris
2210 3881 2366 3936 mala:
2395 3880 2740 3937 conscientia
2767 3878 3098 3947 conﬁtendo,
3133 3887 3186 3936 et
3208 3895 3310 3952 per
3347 3878 3564 3936 confes-

1961 3969 2173 4025 sionem
2201 3970 2445 4026 veritatis
2473 3969 2876 4040 consepelietur
2903 3968 2960 4023 in
3018 3985 3176 4042 aqua,
3229 3969 3385 4042 quasi
3429 3983 3566 4043 quo-

1959 4058 2253 4114 dammodo
2281 4059 2674 4130 complantatus
2690 4058 3024 4114 similitudini
3045 4057 3235 4114 mortis
3264 4058 3565 4116 verissimae

1959 4147 2218 4215 veritatis,
2251 4147 2511 4202 liberatus
2539 4148 2608 4202 ab
2639 4147 2831 4202 eadem
2859 4147 3108 4203 veritate.

2021 4235 2322 4307 Colligatur
2349 4243 2530 4291 autem
2558 4236 2686 4291 fune
2727 4235 2822 4306 qui
2851 4235 3246 4291 examinandus
3275 4235 3332 4290 in
3359 4251 3560 4309 aquam

1957 4323 2259 4392 dimittitur,
2283 4324 2429 4396 quia,
2452 4332 2508 4378 ut
2529 4324 2792 4394 scriptum
2814 4332 2916 4390 est,
2939 4325 3174 4395 funibus
3197 4328 3559 4393 peccatorum

242 4409 630 4464 erudiendum
651 4411 714 4464 in
726 4409 986 4480 justitia,
1004 4413 1070 4464 ut
1088 4411 1372 4480 perfectus
1391 4409 1467 4462 sit
1489 4407 1648 4463 homo
1664 4408 1768 4464 Dei
1781 4407 1854 4464 ad
1880 4399 1939 4462 D
1959 4429 2192 4469 suorum
2248 4415 2631 4486 unusquisque
2686 4415 3106 4484 constringitur
3133 4412 3318 4483 (Prov.
3352 4428 3408 4480 v,
3440 4413 3554 4482 22).

243 4513 417 4554 omne
446 4513 586 4568 opus
619 4497 823 4553 bonum
862 4498 1181 4553 instructus
1235 4497 1310 4568 (II
1341 4497 1476 4552 Tim.
1510 4511 1592 4563 ιιι,
1651 4497 1760 4567 16).
1793 4497 1861 4550 Et

242 4585 388 4642 sicut
417 4585 480 4640 in
509 4586 728 4640 Patrum
750 4584 1143 4641 catholicorum
1177 4583 1336 4640 dictis
1361 4583 1616 4657 legimus,
1642 4599 1859 4657 marga-

241 4675 410 4729 ritum
441 4681 528 4729 est
561 4691 743 4730 sermo
777 4673 996 4730 divinus
1024 4673 1171 4746 quod
1213 4689 1279 4728 ex
1323 4673 1470 4729 omni
1515 4680 1668 4744 parte
1695 4673 1858 4730 forari

237 4771 477 4834 potest;
553 4771 609 4818 et
666 4762 760 4834 qui
815 4763 885 4817 ad
939 4761 1350 4819 instructionem
1408 4760 1648 4817 ﬁdelium
1709 4761 1856 4818 Scri-

239 4859 533 4922 pturarum
565 4851 870 4908 testimonia
896 4851 1120 4922 profert,
1171 4850 1384 4908 etiamsi
1433 4851 1590 4906 aliter
1643 4850 1732 4906 illa
1762 4867 1856 4907 ex-

237 4940 488 5011 posuerit
515 4955 678 5012 quam
707 4957 774 4996 ea
802 4939 1162 4996 intellexerint
1206 4956 1306 5012 per
1352 4956 1488 5012 quos
1531 4939 1682 4996 fuere
1720 4955 1852 5012 pro-

238 5029 370 5095 lata,
403 5045 514 5084 non
556 5037 640 5084 est
686 5027 978 5109 fabricator
1033 5028 1326 5097 mendacii,
1383 5029 1531 5085 salvo
1585 5029 1851 5098 majorum

239 5117 538 5185 intellectu,
570 5118 698 5174 hinc
755 5117 937 5174 dicam
977 5117 1124 5190 quod
1173 5135 1239 5174 ex
1283 5133 1476 5174 eorum
1521 5118 1703 5174 verbis
1747 5135 1849 5190 pro

240 5206 534 5280 exiguitate
551 5206 814 5280 ingenioli
830 5206 940 5264 mei
957 5207 1278 5280 exsculpere
1305 5206 1646 5277 conjiciendo
1662 5214 1850 5280 posset

241 5295 511 5368 suspicor.

306 5384 541 5442 Sanctus
560 5383 871 5456 Apostolus
901 5383 1063 5442 docet
1091 5385 1144 5455 (Ι
1171 5385 1362 5458 Cor.x)
1403 5383 1646 5442 Rubrum
1675 5400 1844 5453 mare,

243 5473 386 5547 quod
413 5473 517 5532 sub
545 5473 696 5532 duce
725 5475 918 5546 Moyse
944 5481 1130 5548 patres
1155 5473 1330 5533 nostri
1367 5472 1720 5544 transierunt,
1750 5473 1847 5530 ba-

947 5689 996 5740 ὀ

1957 4499 2063 4569 Qui
2091 4503 2162 4556 ab
2217 4501 2353 4556 duas
2409 4517 2606 4557 causas
2661 4501 2912 4574 colligari
2957 4500 3170 4558 videtur
3201 4515 3214 4554 :
3249 4499 3458 4556 scilicet
3484 4515 3556 4554 ne

1955 4597 2048 4645 aut
2076 4590 2312 4662 aliquam
2340 4589 2512 4661 possit
2537 4589 2781 4646 fraudem
2808 4590 2864 4645 in
2878 4589 3084 4660 judicio
3129 4588 3334 4654 facere,
3385 4595 3479 4644 aut
3507 4587 3556 4643 si

1953 4693 2094 4750 aqua
2123 4678 2275 4732 illum
2319 4677 2470 4734 velut
2522 4678 2802 4734 innoxium
2853 4677 3138 4750 receperit,
3186 4693 3256 4732 ne
3297 4675 3354 4731 in
3409 4692 3556 4750 aqua

1952 4767 2288 4840 periclitetur
2316 4767 2384 4822 ad
2403 4775 2618 4839 tempus
2634 4767 2812 4824 valeat
2829 4766 3051 4822 retrahi.
3068 4753 3225 4821 Nam'
3241 4773 3294 4821 et
3322 4767 3554 4822 Lazarus

1953 4855 2338 4928 quatriduanus
2366 4865 2631 4926 mortuus,
2663 4873 2764 4927 per
2793 4872 2955 4928 quem
2975 4854 3296 4928 designatur
3323 4855 3554 4930 quisque

1951 4944 2239 5001 criminum
2296 4945 2438 5002 mole
2477 4944 2740 5017 sepultus,
2787 4943 2985 5017 ligatus
3039 4942 3238 4998 institis
3287 4944 3552 5016 sepultus,

1951 5041 2004 5089 et
2059 5033 2269 5090 eisdem
2319 5034 2606 5108 colligatus
2666 5031 2862 5089 institis
2919 5047 2954 5086 a
3009 5033 3264 5105 sepulcro
3317 5033 3552 5089 Domino

1949 5131 2176 5178 vocante
2205 5122 2406 5196 legitur
2434 5137 2710 5198 egressus,
2745 5128 2798 5177 et
2825 5120 2998 5193 ipsius
3029 5122 3189 5192 jussu
3218 5137 3252 5177 a
3269 5121 3553 5193 discipulis

1947 5211 2235 5285 disligatus
2266 5213 2447 5282 (Joan.
2481 5226 2558 5279 v1,
2592 5211 2705 5282 39).
2737 5212 2807 5266 Et
2836 5211 2942 5268 hoc
2973 5210 3366 5268 examinandus
3405 5209 3552 5281 judi-

1947 5299 2032 5356 cio
2087 5300 2377 5373 colligatus
2434 5299 2490 5354 in
2535 5315 2734 5372 aquam
2793 5299 3096 5368 dimittitur,
3157 5307 3210 5356 et
3261 5298 3549 5373 colligatus

1945 5388 2249 5454 retrahitur,
2282 5395 2336 5445 et
2382 5396 2471 5444 aut
2511 5396 2776 5462 purgatus
2833 5389 3016 5446 statim
3055 5387 3260 5458 judicio
3307 5388 3550 5445 arbitro-

1944 5493 2067 5534 rum
2095 5475 2412 5548 absolvitur,
2444 5485 2537 5536 aut
2564 5494 2738 5552 usque
2765 5478 2835 5536 ad
2889 5476 3264 5553 purgationem
3321 5477 3552 5552 colliga-

3474 199 3576 254 166
3677 179 3680 182 ’
