4036 6178
446 217 550 272 167

1473 215 1816 272 HINCMARI
1854 210 2260 273 RHEMENSIS
2297 214 2850 272 ARCHIEPISCOPI.

3649 223 3760 274 168

443 348 530 396 tus
570 339 776 411 judicio
820 339 1176 396 examinatur.
1234 340 1303 396 Et
1346 340 1475 396 item
1505 338 1560 394 in
1609 353 1768 397 sacra
1819 333 2046 394 historia
2072 339 2338 405 ACredis
2385 346 2439 395 et
2491 339 2547 394 in
2607 339 2868 411 Spiritum
2928 340 3226 395 sanctum?
3285 339 3525 396 Dixisti:
3559 341 3760 410 Credo,

446 429 684 502 legimus
715 429 840 502 quia
869 429 1016 486 venit
1040 429 1190 485 Elias
1218 429 1287 484 ad
1318 427 1602 500 jordanem
1622 443 1746 483 cum
1784 427 2053 500 discipulo

443 517 651 585 Eliseo,
685 526 740 575 et
765 516 1008 574 involuto
1039 517 1202 590 pallio
1243 533 1366 574 suo~
1387 503 1658 590 percussit
1703 531 1896 588 aquas,
1929 532 2052 590 quae

446 605 639 662 divisa
684 614 828 673 sunt,
875 613 931 662 et
982 606 1312 663 transierunt
1363 605 1548 662 ambo.
1611 606 1806 661 Postea
1851 604 2053 661 levavit

447 693 665 752 Eliseus
694 693 914 768 pallium
943 695 1081 752 Eliae
1109 693 1255 768 quod
1300 693 1570 752 ceciderat
1615 693 1686 761 ei,
1743 701 1796 748 et
1823 693 2053 750 veniens

443 785 508 839 ad
533 785 820 854 jordanem
849 783 1121 855 percussit
1165 799 1356 856 aquas,
1405 792 1588 855 atque,
1651 783 1904 839 invocato
1935 784 2054 838 Deo

447 871 603 939 Elia),
636 871 818 930 divisit
849 889 913 929 ac
942 872 1158 928 transiit
1185 873 1285 944 (IV
1309 874 1436 945 Reg.
1460 871 1543 944 ιι).
1568 870 1736 927 Recte
1770 871 1929 926 venim
1952 887 2055 943 per

446 961 740 1016 Iordanem
793 960 970 1016 ﬂuxus
1015 968 1217 1017 nostrae
1274 959 1614 1016 mortalitatis
1689 959 2014 1032 exprimitur
2038 1000 2053 1027 ,

443 1049 568 1123 quia
595 1059 650 1106 et
684 1049 937 1106 Iordanis
997 1049 1186 1106 Latine
1241 1048 1442 1106 dicitur
1493 1051 1794 1106 descensus
1837 1065 2050 1115 eorum,

449 1137 658 1196 scilicet
687 1138 1138 1194 Christianorum.
1171 1136 1333 1206 Quia,
1367 1137 1540 1210 inquit
1570 1137 1878 1210 Gregorius
1897 1139 2049 1208 (Mor.

441 1225 537 1283 lib.
557 1241 826 1298 xxxm,c.
846 1227 924 1300 6),
945 1226 1000 1282 in
1011 1226 1247 1284 Iordane
1259 1224 1481 1282 ﬂumine
1499 1225 1618 1298 ipse
1633 1233 1824 1282 auctor
1837 1225 2058 1282 redem-

443 1315 650 1390 ptionis
676 1324 880 1372 nostra:
908 1313 1173 1386 baptizari
1195 1315 1448 1388 dignatus
1476 1323 1578 1381 est,
1611 1321 1761 1371 recte
1802 1315 2056 1370 Iordanis

443 1405 670 1462 nomine
696 1419 886 1460 eorum
933 1401 1221 1459 multitudo
1268 1402 1608 1474 exprimitur,
1661 1403 1753 1476 qui
1798 1403 1938 1458 inter
1967 1419 2058 1458 sa-

445 1500 782 1550 cramentum
811 1489 1147 1564 baptismatis
1178 1499 1445 1548 tenentur.
1480 1491 1636 1549 Unde
1668 1491 1935 1563 scriptum
1975 1499 2058 1546 est

437 1581 493 1638 in
521 1580 626 1638 Job
653 1580 724 1637 de
753 1580 977 1653 antiquo
1016 1580 1174 1637 hoste
1223 1580 1448 1636 humani
1491 1578 1714 1654 generis
1745 1596 1760 1634 :
1794 1582 1866 1637 Et
1895 1579 2058 1636 habet

440 1669 711 1739 ﬁduciam
729 1669 871 1743 quod
881 1670 1096 1738 inﬂuat
1112 1669 1378 1727 Iordanis
1397 1671 1461 1726 in
1472 1685 1532 1726 os
1543 1670 1665 1742 ejus
1681 1667 1799 1735 (Iob
1827 1668 2018 1738 xL,18)
2037 1686 2052 1734 ;

442 1757 568 1831 quia
613 1765 902 1832 postquam
948 1756 1202 1815 inﬁdeles
1247 1772 1493 1830 quosque
1523 1773 1558 1813 a
1594 1755 1784 1812 mundi
1835 1755 2053 1829 origine

440 1855 638 1928 rapuit,
669 1855 847 1912 adhuc
867 1870 928 1912 se
955 1870 1120 1927 posse
1151 1855 1430 1926 suscipere
1475 1854 1640 1910 etiam
1686 1853 1879 1910 ﬁdeles
1911 1870 2046 1925 prae-

445 1944 630 2000 sumit.
662 1944 807 2000 Nam
833 1960 930 2001 ore
958 1943 1231 2017 pestifera:
1257 1943 1626 2017 persuationis
1654 1959 1750 2000 eos
1809 1943 2052 2016 quotidie

444 2033 668 2090 devorat
703 2031 762 2089 in
799 2033 998 2106 quibus
1035 2051 1066 2089 a
1113 2032 1467 2090 confessione
1513 2032 1640 2089 fidei
1676 2032 1914 2104 reproba
1943 2032 2053 2088 vita

442 2121 734 2179 discordat.
779 2122 937 2180 Unde
978 2138 1044 2180 ac
1091 2123 1140 2178 si
1195 2122 1363 2195 pallio
1415 2121 1554 2178 Elia;
1608 2121 1851 2179 involuto
1907 2135 2050 2193 aqua

437 2211 742 2283 percutitur
766 2218 819 2268 et
847 2211 1070 2282 divitur,
1104 2219 1160 2268 et
1202 2227 1305 2284 per
1359 2226 1484 2268 eam
1531 2210 1790 2266 transitus
1841 2224 2054 2282 praepa-

440 2307 607 2368 ratur,
639 2299 858 2373 quando
887 2299 1044 2370 tales,
1075 2307 1135 2356 ut
1162 2299 1558 2372 prmmissimus
1586 2315 1654 2356 ex
1675 2297 1856 2355 verbis
1878 2303 2051 2357 sancti

443 2387 716 2462 Gregorii,
765 2387 1095 2460 colligantur
1139 2396 1194 2444 et
1234 2387 1292 2443 in
1333 2404 1536 2461 aquam
1580 2387 1918 2444 dimittuntur
1950 2402 1964 2442 :
1998 2393 2052 2442 et

445 2477 600 2551 quasi
627 2491 773 2550 aqua
800 2475 1080 2548 dividitur,
1110 2491 1236 2533 cum
1263 2484 1354 2532 aut
1411 2476 1678 2550 quosdam
1733 2491 1878 2549 aqua
1905 2475 2050 2532 reci-

441 2567 538 2637 pit,
584 2575 637 2622 et
684 2564 938 2622 innoxios
984 2565 1240 2632 ostendit,
1301 2572 1396 2621 aut
1450 2565 1719 2638 quosdam
1767 2563 1966 2634 rejicit,
1996 2573 2052 2619 et

445 2653 639 2710 noxios
687 2669 811 2710 esse
863 2653 1239 2721 demonstrat;
1289 2661 1345 2710 et
1387 2653 1646 2709 transitus
1693 2659 2046 2725 praeparatur,

445 2759 572 2800 cum
599 2750 690 2799 aut
711 2741 932 2816 quidam
961 2758 996 2798 a
1035 2743 1296 2815 reputatis
1337 2741 1656 2799 criminibus
1703 2742 1774 2797 ad
1799 2739 2052 2797 innoxios

441 2831 800 2888 transferendi
823 2831 1134 2901 judicantur
1183 2838 1274 2887 aut
1303 2846 1338 2887 a
1365 2831 1654 2903 negatione
1683 2847 1782 2886 sua
1800 2829 1883 2906 rei
1909 2829 2052 2884 inter

439 2919 732 2976 criminum
760 2920 953 2976 noxios
974 2919 1248 2976 declarato
1269 2919 1474 2990 judicio
1504 2919 1859 2992 deputantur.
1889 2918 2052 2976 Nam-

2152 428 2312 483 tertio
2359 428 2614 494 mersisti,
2673 437 2732 484 ut
2783 429 3137 500 multiplicem
3195 429 3404 500 lapsum
3464 430 3762 500 superioris

2151 516 2322 572 atatis
2349 517 2656 574 absolveret
2685 517 2827 573 trina
2855 517 3150 573 confessio.
3184 517 3452 590 Denique,
3511 527 3568 573 ut
3598 519 3762 574 vobis

2152 603 2444 660 aﬂ'eramus
2505 606 2838 678 exemplum,
2903 615 3125 662 sanctus
3195 607 3476 677 apostolus
3529 607 3756 673 Petrus,

2150 701 2506 766 posteaquam
2535 695 2590 749 in
2622 695 2874 766 passione
2903 695 3121 750 Domini
3152 696 3341 766 lapsus
3371 695 3587 750 videtur
3615 695 3763 750 inﬁr-

2151 783 2338 838 mitate
2377 783 2704 839 conditionis
2745 784 3012 850 humanae,
3074 784 3167 855 qui
3221 792 3382 838 antea
3439 793 3758 857 negaverat,

2152 879 2364 942 postea,
2394 880 2451 926 ut
2481 872 2629 928 illum
2663 873 2875 944 lapsum
2905 873 3153 928 aboleret
3182 881 3236 927 et
3277 873 3534 939 solveret,
3599 874 3765 928 tertio

2154 959 2526 1033 interrogatus
2555 977 2589 1016 a
2613 961 2829 1016 Christo
2859 962 2907 1016 si
2936 961 3210 1016 Christum
3242 969 3471 1027 amaret,
3508 970 3621 1016 tum
3667 962 3764 1017 ille

2154 1048 2300 1114 dicit,
2340 1051 2416 1104 Tu
2446 1051 2616 1120 nosti,
2642 1051 2895 1115 Domine,
2913 1052 3044 1122 quia
3064 1067 3191 1106 amo
3213 1055 3268 1106 te
3285 1050 3468 1121 (Ioan.
3501 1066 3622 1116 χχι,
3647 1053 3757 1122 15).

2155 1137 2340 1192 Tertio
2371 1137 2523 1205 dixit,
2556 1146 2613 1192 ut
2641 1139 2800 1193 tertio
2816 1138 3214 1194 absolveretur.
3255 1159 3276 1188 υ
3313 1138 3402 1194 Sic
3435 1145 3487 1193 et
3506 1138 3764 1194 inventus

2155 1225 2212 1278 in
2236 1225 2444 1294 judicio
2473 1226 2686 1295 noxius,
2722 1226 2769 1280 si
2798 1225 2959 1281 fuerit
2989 1225 3126 1282 forte
3155 1243 3319 1297 super
3346 1226 3498 1296 plura
3559 1241 3762 1296 suspe-

2155 1321 2294 1383 ctus,
2359 1314 2552 1370 iterato
2609 1323 2691 1370 est
2741 1315 2947 1384 judicio
3009 1315 3424 1383 examinandus,
3473 1329 3764 1387 quousque

2155 1403 2462 1458 inveniatur
2489 1403 2885 1459 emendationis
2907 1404 3252 1460 confessione
3280 1405 3566 1476 probatus.
3592 1404 3661 1458 Et
3687 1402 3762 1457 ad

2155 1492 2261 1548 hoc
2307 1507 2651 1547 assumamus
2707 1492 2876 1548 sancti
2924 1493 3197 1548 Ambrosii
3251 1493 3415 1548 verba
3462 1491 3694 1549 dicentis
3745 1508 3760 1545 :

2162 1602 2184 1630 α
2223 1580 2471 1652 Denique
2501 1589 2559 1635 ut
2604 1581 2760 1636 vobis
2818 1579 3114 1636 afferamus
3160 1581 3487 1652 exemplum,
3539 1588 3760 1636 sanctus

2157 1669 2437 1740 apostolus
2476 1669 2668 1724 Petrus
2714 1677 3071 1742 posteaquam
3123 1670 3180 1724 in
3227 1671 3484 1742 passione
3541 1669 3763 1726 Domini

2155 1758 2343 1829 lapsus
2383 1757 2601 1814 videtur
2642 1758 2952 1814 inﬁrmitate
2997 1759 3321 1816 conditionis
3362 1761 3632 1826 humanae,
3667 1758 3766 1830 qui

2155 1856 2280 1902 ante
2307 1855 2625 1920 negaverat,
2657 1855 2850 1919 postea
2881 1856 2939 1902 ut
2967 1848 3119 1903 illum
3157 1848 3368 1918 lapsum
3427 1847 3672 1903 aboleret
3702 1854 3768 1902 et

2157 1935 2410 2006 solveret,
2463 1935 2618 1991 tertio
2673 1935 3035 2010 interrogatur
3064 1953 3097 1992 a
3153 1937 3367 1993 Christo
3398 1936 3443 1992 si
3483 1936 3761 1992 Christum

2155 2032 2383 2094 amaret,
2419 2032 2531 2078 tum
2560 2025 2651 2080 ille
2679 2024 2810 2080 dicit
2842 2043 2855 2079 :
2896 2027 2973 2082 Tu
2993 2027 3163 2091 nosti,
3188 2027 3440 2092 Domine,
3466 2026 3599 2098 quia
3629 2041 3762 2080 amo

2156 2117 2229 2168 te.
2255 2113 2438 2168 Tertio
2457 2113 2609 2180 dixit,
2641 2121 2699 2168 ut
2727 2113 2886 2168 tertio
2902 2114 3295 2171 absolveretur.
3334 2135 3357 2164 »
3383 2115 3452 2168 Et
3474 2113 3752 2185 quoniam,

2153 2201 2293 2257 sicut
2323 2218 2491 2272 supra
2520 2203 2860 2258 ostendimus
2883 2203 3065 2258 divina
3081 2203 3399 2259 auctoritate
3429 2198 3764 2274 baptismum

2153 2306 2276 2346 esse
2300 2291 2585 2360 judicium,
2620 2292 2765 2347 unde
2796 2299 2848 2347 et
2875 2292 3133 2348 Iordanis
3160 2292 3431 2363 baptisma
3457 2291 3763 2364 designans

2151 2387 2532 2460 interpretatur
2569 2389 2726 2445 rivus
2774 2389 3002 2460 judicii,
3065 2404 3171 2460 quo
3219 2389 3478 2460 princeps
3540 2388 3755 2456 mundi,

2151 2477 2403 2540 mendax.
2437 2485 2489 2532 et
2517 2485 2675 2548 pater
2717 2478 2836 2548 ejus
2882 2477 3030 2532 foras
3085 2477 3316 2546 ejicitur,
3349 2485 3404 2533 et
3425 2477 3758 2549 baptismum

2152 2565 2439 2621 consilium
2476 2566 2578 2621 Dei
2607 2574 2711 2633 est,
2759 2567 3051 2637 consilium
3108 2566 3276 2622 divini
3299 2566 3403 2620 viri
3461 2567 3529 2621 ad
3565 2565 3762 2640 ignota

2150 2653 2530 2727 investiganda
2560 2655 2883 2711 invenerunt
2922 2654 3187 2724 judicium
3215 2671 3372 2726 aqua:
3418 2654 3654 2726 frigidae.
3691 2657 3756 2710 In

2151 2759 2259 2814 quo
2287 2759 2443 2814 aquai
2468 2741 2682 2814 frigidae
2704 2743 2929 2813 judicio,
2962 2744 3032 2800 ad
3059 2743 3457 2800 invocationem
3487 2744 3754 2813 veritatis,

2150 2849 2273 2903 quas
2303 2833 2450 2886 Deus
2491 2840 2594 2902 est,
2628 2832 2718 2904 qui
2773 2833 3058 2888 veritatem
3115 2849 3212 2888 suo
3264 2832 3552 2889 mendacio
3608 2833 3762 2903 cupit

2149 2921 2432 2991 obtegere,
2465 2919 2522 2974 in
2553 2920 2728 2992 aquis,
2766 2937 2932 2991 super
2963 2937 3110 2992 quas
3144 2936 3248 2976 vox
3274 2920 3491 2976 Domini
3504 2921 3758 2990 majesta-

440 3017 493 3065 et
513 3009 729 3082 quando
753 3008 847 3081 qui
866 3015 1087 3080 putatur
1131 3016 1184 3064 et
1228 3007 1320 3082 qui
1370 3016 1454 3064 est
1509 3009 1724 3077 noxius,
1764 3007 1822 3064 in
1850 3022 2048 3080 aquam
2077 3070 2118 3082 Α
2150 3007 2488 3076 tisintonuit,
2520 3025 2632 3065 non
2646 3015 2827 3079 potest
2854 3009 3051 3080 mergi,
3076 3009 3204 3081 quia
3223 3025 3362 3080 pura
3391 3018 3582 3065 natura
3601 3025 3764 3081 aqua}

441 3070 838 3155 examinandas
867 3070 1185 3165 dimittitur,
1216 3070 1264 3152 θ’
1284 3070 1722 3164 (ἰὶιιιίιιθιιιὶιῃιενι,⁷
1743 3070 2041 3154 secundum
2071 3070 2120 3134 ί)
2141 3104 2396 3152 naturam
2423 3070 2734 3166 humanam,
2767 3115 2866 3168 per
2893 3070 3460 3169 aquambaptismatis
3488 3099 3556 3152 ab
3601 3070 3756 3154 omni

437 3185 727 3257 quemdam
754 3186 980 3242 modum
1026 3184 1220 3243 forma
1267 3185 1624 3258 baptismatis.
1658 3185 1924 3241 Dominus
1949 3183 2041 3239 in-

437 3281 681 3344 vocatur,
713 3282 984 3348 quatenus
1020 3274 1225 3332 veritas
1267 3274 1414 3331 unde
1469 3273 1762 3346 requiritur
1813 3272 2042 3329 demon-

438 3371 656 3431 stretur,
734 3370 788 3420 et
835 3363 1096 3420 tenebras
1133 3363 1456 3436 ignorantiae
1493 3369 1694 3420 nostrae
1734 3360 2041 3416 illuminare

439 3451 712 3526 dignetur,
743 3467 814 3510 ne
850 3460 942 3509 aut
969 3452 1235 3509 innocens
1255 3451 1456 3522 injuste
1482 3467 1514 3507 a
1543 3450 1702 3508 nobis
1731 3449 2038 3517 damnetur,

439 3549 532 3596 aut
558 3557 768 3598 nocens
785 3557 884 3597 sua
905 3541 1220 3616 negatione,
1263 3549 1356 3598 aut
1401 3539 1676 3597 diabolica
1721 3537 1916 3596 fraude
1944 3537 2042 3594 ali-

440 3644 549 3704 quo
575 3629 742 3688 modo
769 3629 1068 3702 impunitus
1095 3628 1310 3686 evadat.
1343 3628 1452 3686 Sed
1472 3637 1526 3685 et
1545 3628 1664 3700 ipse
1694 3627 1788 3701 qui
1833 3625 2042 3683 exami-

439 3717 656 3775 nandus
676 3718 733 3775 in
759 3733 958 3791 aquam
995 3717 1298 3785 dimittitur,
1344 3717 1742 3774 invocationem
1784 3715 2043 3772 invocan-

438 3807 577 3864 tium
605 3822 708 3864 sua
734 3806 1096 3880 responsione
1122 3815 1178 3864 et
1192 3805 1538 3862 denotatione
1566 3803 1871 3874 conﬁrmat,
1892 3805 2044 3874 juxta

437 3895 666 3952 formam
695 3894 1102 3968 quodammodo
1129 3901 1257 3952 ante
1286 3893 1802 3967 baptisma,quando
1831 3902 1926 3949 aut
1946 3907 2043 3950 ore

435 3983 672 4056 patroni,
705 3984 799 4058 qui
813 3983 1016 4054 alieno,
1047 3983 1104 4040 id
1123 3990 1208 4040 est
1235 3981 1488 4057 originali
1515 3989 1745 4056 peccato
1771 3982 2038 4056 perditus,

437 4071 619 4129 aliena
647 4070 757 4129 ﬁde
786 4071 1021 4128 salvatur
1053 4089 1068 4128 :
1101 4079 1195 4128 aut
1233 4071 1449 4129 adultus
1495 4079 1718 4144 peccata
1765 4070 1881 4128 sive
1911 4087 2043 4129 con-

436 4168 628 4230 tracta,
661 4160 778 4218 sive
807 4159 1048 4216 admissa
1067 4158 1370 4227 conﬁtetur,
1393 4159 1784 4218 abrenuntians
1803 4159 2040 4232 diabolo,

438 4257 493 4306 et
519 4249 774 4306 omnibus
802 4249 1062 4321 operibus
1089 4264 1156 4307 ac
1182 4248 1401 4322 pompis
1431 4249 1569 4319 ejus,
1599 4257 1655 4306 et
1688 4249 1758 4306 ad
1807 4249 2043 4306 interro-

436 4338 715 4412 gationem
737 4337 1058 4409 sacerdotis,
1090 4346 1150 4394 ut
1176 4337 1233 4393 in
1263 4354 1374 4410 quo
1395 4338 1506 4408 jam
1535 4353 1645 4395 non
1673 4345 1756 4395 est
1801 4337 2042 4393 immun-

2139 3186 2412 3242 mendacii
2441 3186 2702 3258 figmento
2730 3195 3036 3259 purgatam,
3081 3187 3275 3242 iterum
3331 3187 3620 3242 mendacio
3651 3187 3749 3242 in-

2140 3273 2340 3330 fectam
2387 3291 2498 3330 non
2543 3275 2860 3346 recognocit
2907 3291 3120 3346 puram,
3171 3283 3222 3330 et
3270 3275 3396 3330 ideo
3461 3291 3584 3331 eam
3629 3292 3746 3332 non

2139 3363 2353 3433 recipit,
2385 3363 2484 3418 sed
2513 3363 2681 3431 rejicit
2718 3371 2775 3418 ut
2818 3363 3070 3418 alienam.
3122 3364 3189 3419 Et
3232 3372 3291 3418 ut
3337 3364 3391 3418 in
3423 3359 3750 3434 baptismate

2138 3451 2207 3506 ab
2262 3452 2481 3506 homine
2537 3451 2758 3522 spiritus
2839 3451 3174 3520 immundus,
3235 3453 3290 3506 id
3346 3461 3429 3507 est
3476 3453 3741 3524 princeps

2141 3539 2301 3608 hujus
2331 3539 2516 3594 mundi
2545 3539 2776 3608 ejicitur,
2809 3540 2882 3594 ita
2911 3548 2965 3595 et
2993 3540 3086 3611 qui
3123 3556 3157 3594 a
3195 3539 3436 3607 diabolo,
3485 3541 3736 3612 principe

2141 3628 2393 3684 videlicet
2444 3629 2633 3683 mundi
2686 3629 2863 3698 hujus,
2920 3645 3024 3700 per
3085 3637 3370 3700 peccatum
3444 3646 3753 3701 reoccupa-

2140 3733 2263 3796 tus,
2325 3726 2462 3782 sicut
2519 3725 2780 3798 scriptum
2835 3734 2919 3780 est
2971 3727 3188 3796 (Matth.
3250 3742 3370 3793 xn,
3431 3728 3560 3798 45),
3615 3727 3746 3799 quia

2139 3829 2262 3870 cum
2321 3815 2512 3870 exierit
2559 3815 2628 3870 ab
2689 3814 2908 3870 homine
2964 3815 3255 3871 revertitur
3301 3815 3370 3870 ad
3419 3831 3542 3871 eum
3569 3831 3600 3870 a
3631 3815 3738 3872 bo-

2138 3903 2224 3958 nis
2272 3904 2527 3974 operibus
2598 3912 2900 3970 vacantem,
2968 3904 3079 3960 imo
3135 3920 3386 3970 vacuum,
3438 3920 3564 3961 cum
3619 3905 3744 3960 aliis

2141 4000 2352 4063 septem
2383 3992 2664 4064 spiritibus
2711 3993 3062 4065 nequioribus
3108 4009 3167 4048 se
3222 3994 3292 4048 ab
3339 4009 3478 4066 aqua
3524 3993 3751 4050 invoca-

2141 4081 2287 4136 tione
2315 4081 2483 4136 divini
2521 4081 2756 4137 nominis
2794 4089 3006 4137 sacrata
3053 4081 3313 4151 rejicitur.
3364 4081 3538 4151 Quem
3569 4082 3749 4137 homi-

2141 4186 2267 4226 nem
2297 4185 2406 4226 non
2435 4171 2752 4236 naturalem,
2787 4170 2922 4226 sicut
2952 4187 3018 4225 ex
3065 4185 3204 4242 aqua
3251 4179 3304 4226 et
3351 4169 3554 4242 Spiritu
3580 4185 3746 4226 rena-

2143 4266 2232 4313 tus
2261 4266 2363 4326 est,
2396 4267 2710 4332 purgatum,
2743 4275 2852 4316 non
2883 4259 3066 4316 carnis
3096 4258 3434 4330 depositione
3465 4259 3740 4327 sordium,

2142 4348 2241 4403 sed
2260 4347 2686 4420 interrogatione
2715 4356 2765 4403 et
2795 4347 3141 4404 confessione
3197 4347 3546 4405 conscientiae
3585 4349 3746 4406 bonas

437 4426 572 4482 ditia
599 4427 718 4498 ejus
745 4443 848 4500 per
875 4426 1223 4500 negationem
1250 4426 1593 4495 abscondita,
1638 4426 1737 4483 sed
1781 4441 1884 4498 per
1911 4441 2040 4482 con-
2069 4432 2199 4494 Din
2230 4437 2423 4507 Deum,
2464 4453 2653 4493 verum
2683 4437 2862 4508 potius
2892 4437 3054 4492 talem
3104 4436 3173 4493 de
3230 4453 3336 4509 quo
3391 4436 3448 4490 in
3502 4437 3746 4494 Levitico

439 4515 740 4572 fessionem
769 4515 1063 4588 publicata,
1097 4515 1254 4572 illum
1283 4515 1512 4588 recipiat
1537 4521 1723 4589 atqua,
1772 4522 1827 4571 et
1860 4530 2052 4572 conse—

435 4604 672 4676 peliatur
701 4603 938 4676 Christo,
970 4611 1026 4662 et
1054 4604 1444 4678 demergantur
1470 4613 1695 4677 peccata
1715 4604 1852 4674 ejus,
1891 4604 2048 4674 juxta

436 4692 771 4766 Scripturam
800 4692 858 4768 in
885 4691 1214 4766 profundum
1239 4693 1430 4765 maris,
1462 4693 1532 4750 ad
1558 4693 1735 4749 instar
1761 4692 2046 4765 Egyptios

433 4781 497 4838 in
521 4798 672 4838 mare
701 4781 964 4850 Rubrum,
988 4782 1058 4840 de
1075 4781 1204 4841 ﬁdei
1224 4799 1340 4841 suas
1359 4781 1704 4840 confessione
1725 4780 2040 4852 respondet,

437 4871 578 4928 sicut
606 4877 826 4928 sanctus
853 4871 1175 4929 Ambrosius
1205 4871 1262 4928 in
1289 4872 1430 4928 libro
1450 4871 1518 4926 de
1538 4869 1898 4926 sacramentis
1914 4868 2046 4925 dicit

437 4959 558 5032 (lib.
590 4975 650 5027 ιι,
684 4975 735 5016 c.
757 4961 814 5034 '7)
847 4977 863 5017 :
899 4980 922 5014 ι
967 4961 1342 5034 Interrogatus
1375 4975 1437 5016 es
1467 4976 1481 5014 :
1525 4959 1717 5015 Credis
1763 4957 1818 5013 in
1868 4959 2044 5014 Deum

437 5048 654 5104 Patrem
674 5049 1103 5121 omnipotentem
1122 5050 1152 5106 τ
1181 5047 1378 5104 Dixisti
1407 5065 1422 5103 :
1456 5047 1655 5115 Credo,
1688 5055 1742 5103 et
1783 5045 2038 5116 mersisti,

435 5137 543 5195 hoc
597 5145 682 5195 est
725 5139 1081 5210 consepultus
1136 5153 1219 5194 es.
1269 5137 1474 5193 Iterum
1531 5135 1895 5210 interrogatus
1931 5150 2038 5192 es:

439 5225 635 5283 Credis
661 5225 719 5283 in
743 5225 1040 5283 Dominum
1079 5232 1331 5281 nostrum
1369 5225 1556 5281 Iesum
1603 5223 1879 5281 Christum
1906 5231 1959 5279 et
1985 5222 2042 5279 in

439 5329 659 5372 crucem
706 5315 865 5386 ejus?
893 5313 1133 5371 Dixisti:
1168 5314 1365 5384 Credo,
1416 5322 1471 5370 et
1515 5313 1771 5370 mersisti.
1813 5312 1942 5370 Ideo
1989 5320 2042 5369 et

437 5413 651 5470 Christo
671 5429 733 5470 es
760 5411 1132 5484 consepultus.
1166 5410 1272 5480 Qui
1302 5410 1450 5468 enim
1501 5411 1717 5468 Christo
1775 5425 2040 5483 consepe-

433 5507 585 5582 litur,
617 5523 742 5567 cum
770 5509 986 5566 Christo
1012 5508 1266 5582 resurgit.
1297 5507 1482 5564 Tertio
1521 5506 1887 5580 interrogatus
1928 5521 1990 5563 es
2021 5521 2036 5560 :

2149 4525 2410 4598 scriptum
2427 4533 2510 4582 est
2539 4525 2700 4582 sentit
2731 4543 2744 4580 :
2781 4527 2994 4594 Omnis,
3019 4526 3208 4598 inquit,
3233 4527 3412 4592 homo,
3447 4526 3542 4599 qui
3562 4541 3752 4582 acces-

2147 4624 2293 4679 serit
2323 4623 2391 4679 dc
2417 4623 2595 4696 stirpe
2626 4626 2812 4678 vestra
2833 4623 2980 4678 adea
3003 4639 3126 4695 qum
3147 4625 3478 4678 consecrata
3505 4624 3666 4688 sunt,
3693 4625 3752 4676 et

2146 4727 2268 4784 qua:
2279 4712 2605 4768 obtulerunt
2618 4711 2726 4780 ﬁlii
2739 4712 2914 4766 Israel
2926 4712 3179 4778 Domino,
3201 4712 3264 4766 in
3283 4727 3386 4784 quo
3409 4713 3752 4766 estimmun-

2147 4799 2308 4866 ditia,
2339 4801 2544 4873 peribit
2573 4816 2762 4856 coram
2792 4800 3027 4855 Domino
3076 4799 3274 4871 (Levii.
3331 4812 3476 4864 xxn,
3511 4800 3588 4870 3).
3621 4797 3750 4854 Non

2144 4887 2322 4944 dicit:
2357 4889 2415 4942 ln
2446 4903 2554 4960 quo
2603 4885 2701 4941 fuit
2745 4886 3102 4942 immunditia.
3155 4888 3501 4943 Immunditia
3545 4887 3750 4958 quippe

2144 4977 2260 5046 ejus
2289 4976 2342 5030 in
2375 4976 2495 5046 ipso
2525 4983 2626 5042 est,
2660 4975 2754 5046 qui
2789 4976 3076 5032 mendacio
3119 4977 3361 5050 contegit
3418 4976 3703 5032 veritatem
3730 4993 3744 5042 ;

2143 5073 2197 5121 et
2226 5064 2429 5120 idcirco
2458 5065 2528 5119 de
2557 5064 2724 5136 stirpe
2755 5065 3084 5120 sacerdotali
3119 5083 3133 5120 :
3177 5065 3290 5131 Vos,
3322 5064 3515 5136 inquit,
3563 5081 3747 5137 genus

2142 5156 2407 5219 electum,
2438 5153 2625 5225 regale
2655 5154 3035 5211 sacerdotium
3064 5154 3117 5227 (I
3161 5157 3315 5210 Petr.
3349 5169 3408 5224 ιι,
3443 5154 3540 5225 9);
3587 5161 3640 5209 et
3689 5153 3748 5210 in

2141 5241 2472 5314 Apocalypsi
2506 5260 2519 5296 :
2553 5243 2757 5299 Fecisti
2785 5260 2887 5301 nos
2917 5260 3157 5315 regnum
3186 5243 3293 5300 Deo
3323 5247 3384 5298 et
3427 5243 3749 5300 sacerdotes

2141 5332 2330 5404 (Apoc.
2366 5348 2418 5397 v,
2453 5332 2563 5403 l0),
2596 5331 2664 5386 ad
2695 5347 2761 5387 ea
2793 5349 2915 5404 quae
2961 5339 3284 5388 consecrata
3333 5339 3458 5386 sunt
3508 5330 3746 5387 Domino

2140 5419 2430 5487 accedens,
2473 5420 2713 5493 quandiu
2741 5421 3078 5476 immunditia
3108 5421 3224 5490 ejus
3252 5421 3307 5474 in
3338 5420 3458 5490 ipso
3497 5426 3600 5486 est,
3633 5434 3748 5476 non

2139 5508 2341 5583 poterit
2367 5509 2526 5583 aquis
2552 5509 2896 5568 invocatione
2933 5509 3035 5567 Dei
3063 5509 3358 5567 sanctitatis
3377 5506 3647 5581 immergi,
3687 5516 3750 5566 ut
