4016 6190
218 316 301 368 169
1685 311 1787 367 ΕΡ]

1889 310 2060 368 OLtE.

3382 321 3484 374 170

214 436 445 493 innoxius
457 443 664 507 pereat,
690 436 786 492 sed
798 436 1113 508 pereundus
1132 434 1544 491 monstrabitur.
1570 438 1793 509 Expur—
1819 439 1877 499 Α
1895 436 2024 508 igne
2054 443 2396 508 consumpta.
2444 436 2555 493 Sed
2583 444 2636 493 et
2673 436 2951 496 Gedeonis
3001 437 3327 497 sacriﬁcium
3363 456 3487 497 cum

144 525 154 531 ’
212 530 341 599 gate,
384 525 556 597 inquit
585 526 900 597 Apostolus,
952 529 1109 581 vetus
1139 528 1508 597 fermentum,
1553 528 1619 580 ut
1666 526 1793 581 sitis

211 631 334 672 nova
363 617 706 687 consparsio,
729 616 880 671 sicut
892 616 1028 670 estis
1044 616 1235 685 azy-mi
1255 616 1306 685 (Ι
1325 615 1444 670 Cor.
1470 630 1526 680 v,
1550 614 1625 685 7).
1648 616 1727 669 Ac
1749 613 1796 668 si

215 710 451 775 patenter
478 704 656 759 dicat:
680 705 1000 774 Reputatum
1017 704 1085 757 de
1115 702 1358 768 crimine,
1392 710 1554 775 atque
1584 718 1795 775 negan-

216 802 326 857 tem,
360 808 522 863 quem
568 791 778 848 idoneis
825 792 1055 847 testibus
1091 791 1381 860 judiciario
1421 791 1612 846 ordine
1644 806 1796 847 com-

215 881 429 952 probare
448 881 708 952 nequitis,
732 889 823 935 aut
851 889 1212 946 sacramento,
1238 887 1329 935 aut
1348 880 1445 935 Dei
1468 879 1674 949 judicio
1694 895 1793 934 ex-

211 978 444 1040 purgate,
468 986 539 1025 ne
558 969 614 1023 in
637 969 818 1025 medio
831 970 996 1025 vestri
1016 985 1245 1024 manens
1266 969 1567 1038 anathema,
1583 968 1795 1024 dicatur

213 1058 349 1113 vobis
384 1074 398 1113 :
431 1059 749 1115 Anathema
770 1061 833 1114 in
863 1059 1047 1115 medio
1078 1060 1184 1125 tut,
1216 1058 1413 1124 Israel,
1440 1074 1554 1113 non
1581 1059 1793 1130 poteris

211 1151 345 1203 stare
395 1164 586 1202 coram
628 1148 882 1204 inimicis
918 1150 1032 1204 tuis
1072 1148 1255 1216 (Josue
1287 1162 1386 1212 vtt,
1427 1147 1534 1217 l3).
1567 1147 1637 1201 Et
1664 1145 1794 1201 item

212 1235 322 1290 dicit
360 1235 658 1306 Apostolus
692 1254 704 1290 :
740 1237 922 1292 Nolite
963 1236 1383 1293 communicare
1414 1236 1666 1308 operibus
1698 1237 1792 1291 in-

210 1325 507 1393 fructuosis
536 1326 899 1381 tenebrarum
919 1325 1142 1398 (Ephes.
1168 1340 1224 1390 v,
1265 1326 1373 1396 11).
1401 1324 1555 1380 Unde
1599 1326 1792 1395 Augu-

210 1411 364 1467 stinus
382 1412 473 1483 (de
489 1413 667 1469 verbis
678 1415 906 1471 Domini
921 1430 1089 1469 δεῖ-γη.
1118 1415 1227 1483 18);
1257 1434 1278 1463 α
1295 1413 1476 1469 Nolite
1492 1412 1793 1468 communi—

210 1516 335 1571 care,
373 1502 480 1558 hoc
511 1510 613 1567 est,
646 1502 814 1558 nolite
844 1503 1174 1558 consentire.
1213 1503 1280 1556 Et
1309 1502 1432 1573 quia
1457 1518 1648 1573 parum
1678 1508 1793 1556 erat

209 1605 301 1645 non
328 1592 640 1646 consentire
674 1591 721 1646 si
751 1600 1075 1662 sequeretur
1103 1590 1443 1664 negligentia
1468 1590 1788 1662 disciplima,

211 1680 394 1751 magis,
426 1679 624 1751 inquit,
657 1684 713 1735 et
742 1681 1087 1752 redarguitc.
1134 1680 1357 1735 Duobus
1394 1679 1571 1734 modis
1601 1694 1711 1734 non
1739 1686 1792 1733 te

1900 523 2186 594 superfuso
2210 525 2358 593 jure,
2388 526 2544 595 cujus
2587 527 2914 583 abundantia
2944 528 3083 584 solet
3110 528 3254 602 ignis
3285 530 3488 586 exstin-

1896 614 2012 685 gui,
2036 629 2134 684 per
2145 615 2455 686 angelicum
2471 615 2853 684 ministerium,
2869 617 2997 689 igne
3026 619 3189 674 etiam
3215 618 3488 675 lambente

1895 709 2107 773 petram
2153 712 2535 774 consumptum
2574 712 2657 760 est
2701 707 2853 775 (Jud.
2888 722 2962 773 vt,
2999 706 3128 779 ‘19);
3160 715 3213 763 et
3239 707 3295 763 in
3325 707 3486 763 unius

1898 791 2249 863 ejusdemque
2298 793 2550 849 elementi
2590 796 2850 865 mysterio
2896 804 2948 850 et
2975 793 3100 850 ﬁnis
3129 804 3210 852 est
3240 796 3404 865 vitiis,
3437 804 3490 853 et

1896 880 2055 951 origo
2109 880 2418 949 virtutibus,
2463 891 2721 952 operante
2770 884 2969 954 Spiritu
3022 891 3228 951 sancto,
3266 885 3323 939 in
3352 901 3490 958 aqua

1898 968 2043 1024 sacri
2071 969 2427 1040 baptismatis.
2469 972 2597 1027 Haec
2642 971 2876 1043 diligens
2909 972 3083 1029 lector
3111 974 3279 1044 legat,
3304 981 3487 1029 etnon

1895 1058 2180 1113 mirabitur
2204 1058 2261 1113 in
2284 1059 2489 1129 judicio
2510 1076 2664 1131 aqua:
2692 1059 2905 1132 frigidae
2924 1061 3242 1117 innocentes
3262 1063 3331 1117 ab
3348 1078 3489 1135 aqua

1894 1147 2085 1218 recipi,
2121 1155 2381 1203 nocentes
2411 1156 2591 1204 autem
2619 1164 2729 1204 non
2757 1150 2972 1221 recipi:
3004 1151 3141 1207 sicut
3170 1160 3222 1206 et
3242 1152 3299 1206 in
3340 1166 3486 1224 aqua

1896 1236 2070 1292 calida
2120 1244 2427 1308 coquuntur
2468 1237 2636 1305 noxii,
2686 1237 2892 1294 innoxii
2961 1255 3091 1295 vero
3138 1248 3486 1296 reservantur

1893 1324 2108 1381 incocti.
2143 1324 2280 1395 Quia
2308 1334 2361 1381 et
2403 1327 2670 1393 Christus,
2717 1326 2957 1383 caelestis
2984 1327 3256 1383 medicina
3291 1328 3485 1399 Patris,

1893 1429 2058 1470 verus
2105 1414 2355 1470 humanae
2409 1415 2656 1471 medicus
2698 1415 2906 1484 salutis,
2965 1416 3249 1472 invocatus
3298 1431 3332 1472 a
3372 1417 3487 1473 suis

1892 1500 2164 1568 ﬁdelibus,
2198 1510 2256 1557 ut
2285 1511 2339 1558 et
2366 1502 2593 1560 medicis
2615 1505 2799 1559 carnis
2826 1505 2947 1576 ipso
2974 1504 3274 1577 inspirante
3290 1505 3485 1573 solent,
3580 1550 3590 1563 .

1892 1592 2169 1646 contraria
2215 1592 2523 1662 contrariis,
2570 1592 2749 1648 calida
2784 1592 3015 1664 frigidis,
3059 1593 3260 1665 frigida
3294 1593 3485 1650 calidis

1892 1687 2062 1735 curat.
2095 1679 2166 1735 Et
2194 1680 2249 1736 in
2296 1681 2468 1737 veteri
2514 1681 2783 1747 Ecclesia,
2836 1698 2957 1754 quae
2985 1689 3212 1740 vocatur
3240 1682 3489 1740 usitatius

206 1768 423 1824 maculat
453 1770 653 1836 malus,
682 1768 728 1825 si
757 1785 868 1825 non
895 1768 1225 1836 consentias,
1258 1777 1313 1825 et
1340 1769 1386 1823 si
1414 1768 1735 1841 redarguas.
1756 1791 1777 1816 η
1814 1798 1867 1857 Β
1896 1767 2209 1842 Synagoga,
2253 1770 2323 1825 de
2370 1769 2529 1824 unius
2559 1770 2913 1842 ejusdemque
2941 1770 3223 1827 seditionis
3252 1772 3493 1828 homini—

209 1858 357 1928 Igitur
376 1858 696 1930 arguendns
726 1864 810 1914 est
836 1867 1109 1929 peccator,
1135 1865 1188 1913 et
1219 1858 1265 1913 si
1296 1857 1581 1930 negaverit
1609 1863 1662 1913 et
1690 1873 1784 1912 or-

204 1945 311 2001 dine
350 1946 653 2015 judiciario
681 1947 1028 2017 comprobari
1075 1963 1187 2001 non
1232 1946 1449 2018 poterit,
1504 1945 1787 2003 examine-

204 2042 292 2102 tur,
309 2043 367 2090 ut
393 2036 660 2106 probatus
691 2034 1013 2091 manifestus
1046 2035 1157 2102 ﬁat,
1185 2043 1237 2091 et
1268 2035 1589 2106 reprobatus
1615 2034 1788 2091 latere

204 2138 293 2178 non
310 2124 511 2195 possit.
543 2125 933 2195 Deprehensus
970 2132 1150 2180 autem
1181 2123 1499 2181 conﬁteatur
1526 2132 1580 2179 et
1606 2123 1787 2195 poeni-

203 2219 312 2278 teat,
341 2221 399 2268 et
424 2229 538 2269 non
564 2214 837 2269 tenebitur
864 2212 992 2269 fune
1022 2221 1374 2285 peccatorum
1404 2229 1645 2282 suorum,
1680 2227 1788 2283 quo

201 2309 270 2355 est
296 2302 560 2374 illigatus,
594 2309 651 2356 ut
681 2317 793 2357 non
836 2310 1114 2376 mergatur
1151 2310 1205 2357 et
1245 2302 1456 2357 lavetur
1483 2317 1621 2373 aqua
1651 2300 1794 2356 salu-

200 2390 284 2445 tari
319 2391 552 2463 perfusa
599 2391 875 2463 lacrymis,
916 2400 970 2447 et
1012 2392 1348 2463 dimergatur
1373 2399 1431 2446 ut
1449 2390 1705 2462 Egyptii,
1738 2397 1791 2446 et

202 2479 280 2550 qui
313 2481 563 2552 corrupti
601 2488 760 2536 erant
802 2478 1011 2536 carnali
1053 2480 1399 2550 corruptione
1445 2493 1632 2535 coram
1679 2479 1789 2535 Do-

201 2567 349 2637 mino,
387 2568 532 2625 sicut
559 2569 843 2641 plumbum
873 2568 930 2624 in
960 2569 1115 2640 aquis
1157 2568 1586 2636 vehementibus,
1611 2574 1665 2624 et
1694 2584 1788 2624 se-

200 2658 429 2714 cundum
454 2659 787 2729 prOphetam
818 2676 832 2713 :
874 2659 1261 2731 Projiciantur
1306 2658 1639 2728 iniquitates
1665 2658 1788 2729 ejus

197 2746 254 2801 in
268 2748 624 2819 profundum
648 2749 827 2803 mari:
858 2747 1040 2819 (Mich.
1065 2761 1163 2813 vn,
1200 2746 1308 2817 19),
1342 2745 1470 2818 quia
1490 2752 1647 2801 antea
1665 2761 1789 2801 cum

198 2836 479 2894 mendacio
532 2852 632 2893 suo
674 2819 853 2909 mergi
917 2843 975 2890 ut
1035 2834 1349 2891 ablueretur
1402 2850 1512 2890 non
1555 2841 1785 2905 poterat,

197 2923 357 2982 donec
388 2924 742 2982 confessione
764 2941 795 2979 a
825 2941 884 2980 se
911 2924 1047 2979 illud
1094 2924 1150 2978 in
1190 2922 1519 2995 profundum
1546 2923 1787 2994 projice-

197 3020 288 3079 ret,
333 3022 391 3070 et
436 3014 657 3069 ablutus
702 3021 1023 3086 emergeret,
1076 3011 1167 3084 qui
1214 3020 1341 3068 ante
1386 3010 1788 3067 confessionem

197 3100 321 3157 sicut
341 3102 557 3159 ferrum
572 3101 743 3158 Elisei
768 3101 1120 3173 premebatur
1150 3115 1292 3171 aqua
1320 3100 1418 3170 (IV
1439 3103 1565 3172 Reg.
1597 3115 1676 3167 γι,
1708 3101 1784 3169 '7),

1896 1856 2020 1927 bus,
2054 1857 2319 1929 quosdam
2339 1865 2483 1914 terra
2504 1858 2795 1929 absorptos
2806 1859 3036 1931 operuit,
3061 1859 3328 1931 quosdam
3356 1876 3488 1918 vero

1890 1962 2057 2017 super
2098 1954 2330 2002 terram
2390 1947 2529 2003 edax
2612 1947 2830 2003 ﬂamma
2886 1949 3221 2021 consumpsit
3295 1950 3485 2021 (Num.

1888 2048 2009 2100 xvr,
2057 2038 2126 2090 30
2162 2042 2216 2091 et
2261 2037 2372 2106 35).
2423 2036 2675 2108 Dumque
2733 2052 2862 2093 caro
2913 2037 3136 2093 innoxia
3184 2036 3483 2094 Salvatoris

1888 2123 2042 2196 aquis
2107 2123 2438 2196 frigentibus
2523 2124 2806 2198 tinguitur,
2885 2125 3139 2197 opposita
3206 2126 3485 2198 quondam

1888 2211 2065 2268 noxiis
2092 2213 2370 2291 romphtea
2415 2212 2579 2286 ignea
2615 2213 2859 2284 paradisi
2892 2213 3262 2287 restinguitur.
3294 2214 3404 2271 Sed
3432 2222 3487 2273 et

1888 2300 2245 2373 dispositione
2300 2301 2473 2373 ipsius
2519 2302 2916 2360 elementorum
2973 2302 3273 2360 conditoris
3322 2311 3486 2377 atque
3552 2360 3553 2363 η

1888 2391 2135 2458 rectoris,
2177 2407 2289 2447 uno
2317 2391 2621 2465 eodemque
2654 2392 2768 2449 sole
2813 2391 2983 2449 lutum
3027 2391 3325 2463 stringitur,
3360 2408 3488 2451 cera

1887 2478 2140 2552 liquatur.
2187 2481 2315 2537 Haec
2361 2480 2509 2538 dicta
2554 2480 2679 2551 sint,
2728 2481 2855 2554 quia
2881 2482 3208 2538 elementum
3237 2481 3488 2541 instabile

1889 2567 1944 2623 in
1962 2570 2281 2640 mergendo,
2314 2585 2416 2641 pro
2444 2568 2552 2626 ﬁde
2580 2570 2938 2639 credentium,
2964 2570 3234 2643 quosdam
3268 2572 3480 2644 recipit,

1890 2658 2155 2729 quosdam
2184 2665 2361 2713 autem
2380 2673 2491 2714 non
2509 2657 2702 2730 recipit
2736 2675 2750 2713 :
2782 2659 2880 2715 sed
2900 2666 2954 2715 et
2980 2658 3198 2716 fervore
3227 2658 3482 2717 elementi

1890 2745 2135 2815 ejusdem
2183 2745 2404 2819 quidam
2458 2754 2784 2820 coquuntur,
2844 2754 2898 2803 et
2966 2746 3190 2819 quidam
3241 2747 3482 2806 evadunt

1889 2833 2106 2899 incocti.

1958 2923 2076 2980 Nec
2106 2924 2543 2994 praetereundum
2572 2923 2701 2998 quia
2732 2923 2966 2999 legimus
2999 2924 3056 2981 in
3101 2925 3353 3000 capitulis
3379 2924 3484 2985 Λιι-

1889 3020 2174 3085 gustorum
2197 3013 2398 3085 (addit.
2432 3029 2508 3082 tv,
2531 3030 2651 3086 cap.
2677 3013 2769 3086 80)
2797 3012 2966 3071 fuisse
2995 3014 3220 3072 vetitum
3265 3014 3482 3090 frigidae

1889 3115 2047 3173 aquae
2081 3101 2348 3170 judicium
2379 3119 2394 3157 :
2426 3103 2527 3159 sed
2572 3117 2683 3158 non
2712 3102 2769 3156 in
2796 3100 2905 3157 illis
2935 3103 3308 3174 synodalibus,
3355 3118 3479 3177 qum

196 3193 492 3264 usquedum
537 3192 610 3248 ad
642 3152 1042 3247 confessionem
1086 3188 1256 3245 divini
1294 3188 1529 3245 nominis
1571 3188 1639 3243 ad
1676 3188 1787 3261 lig-
1817 3152 1867 3215 δ’
1889 3152 1960 3246 de
1972 3189 2137 3246 certis
2177 3190 2491 3262 accepimus
2536 3189 2780 3263 synodis.
2823 3152 3003 3260 Quod,
3037 3198 3097 3247 ut
3142 3152 3484 3265 quidamjind

197 3296 314 3335 num
343 3282 512 3337 rediit
544 3298 557 3334 :
585 3280 663 3336 ita
690 3278 1040 3335 nihilominus
1067 3294 1280 3350 negans
1308 3277 1517 3349 peccati
1543 3278 1789 3349 pondere

196 3368 456 3440 premitur
493 3369 657 3425 anxia
686 3369 1037 3435 conscientia,
1069 3383 1243 3440 usque
1274 3367 1405 3422 dum
1432 3366 1789 3438 pronuntians

195 3455 526 3530 impietatem
541 3457 753 3530 peccati
769 3458 851 3513 sui
878 3457 1131 3523 Domino,
1169 3456 1224 3511 in
1255 3456 1408 3525 cujus
1427 3455 1577 3526 ligno
1606 3453 1788 3511 crucis

197 3547 431 3603 omnium
460 3548 765 3615 hominum,
816 3555 874 3601 ut
902 3546 1033 3603 dicit
1073 3544 1417 3612 Ambrosius,
1465 3544 1679 3600 levatur
1706 3543 1788 3598 in-

195 3632 443 3692 ﬁrmitas.
488 3636 561 3691 Et
609 3637 715 3692 hoc
757 3643 840 3691 est
886 3634 1171 3702 diluvium,
1225 3633 1373 3706 quod
1416 3640 1468 3688 et
1495 3632 1784 3703 baptisma,

196 3740 291 3794 quo
314 3733 551 3797 peccata
575 3725 759 3780 omnia
779 3724 1077 3791 diluuntur,
1109 3721 1224 3778 sola
1246 3721 1378 3792 justi
1398 3736 1555 3777 mens
1580 3729 1633 3775 et
1661 3736 1788 3793 gra-

190 3808 259 3865 tia
296 3811 681 3881 resuscitatur,
737 3811 947 3883 pridem
1004 3810 1204 3883 quippe
1253 3809 1452 3865 mortui
1499 3809 1787 3880 negatione

191 3902 412 3968 peccati.
462 3901 636 3973 Legat
698 3901 926 3957 devotus
984 3899 1181 3955 librum
1239 3897 1596 3969 Dialogorum
1645 3896 1789 3953 beati

192 3984 451 4062 Gregorii
488 3991 608 4060 (lib.
638 4005 701 4057 ιι,
738 4006 862 4062 cap.
899 3991 988 4058 23,
1021 3990 1112 4056 24,
1147 3990 1200 4053 3,
1233 3992 1322 4054 28,
1346 3988 1399 4053 7,
1431 3986 1507 4058 6),
1549 3992 1603 4041 et
1630 3985 1787 4043 inve-

191 4073 292 4132 niet
343 4077 803 4135 sanctimoniales
831 4093 941 4132 non
975 4083 1267 4143 correctas,
1303 4083 1358 4132 et
1400 4090 1499 4145 pro
1536 4074 1788 4131 incorre-

189 4164 360 4224 ctione
380 4184 483 4224 sua
523 4184 559 4223 a
587 4175 778 4225 sancto
808 4165 1101 4223 Benedicto
1128 4163 1648 4230 excommunicatas,
1667 4171 1791 4234 post

189 4263 421 4313 mortem
450 4265 701 4329 tempore
750 4254 1148 4313 communionis
1188 4255 1257 4309 de
1290 4251 1558 4324 sepulcris
1588 4252 1656 4307 ab
1683 4252 1790 4308 Ec-

190 4343 369 4411 clesia,
402 4342 531 4416 quia
558 4358 672 4399 non
691 4339 1183 4408 communicabant,
1209 4337 1408 4404 exisse,
1440 4344 1564 4408 post
1590 4350 1787 4392 recon-

187 4432 515 4490 ciliationem
565 4437 770 4497 autem,
803 4445 863 4484 se
891 4429 947 4483 in
976 4428 1089 4483 suis
1136 4426 1404 4499 sepulcris
1433 4424 1785 4491 continuisse,

1890 3277 2037 3334 sulse
2092 3278 2298 3349 dicunt,
2357 3286 2651 3352 propterea
2702 3278 2880 3335 fuerat
2927 3278 3171 3348 vetitum,
3223 3280 3480 3353 quoniam

1888 3366 2047 3438 quasi
2092 3367 2475 3438 rebaptizatur,
2516 3368 2608 3440 qui
2661 3366 2718 3421 in
2771 3366 2992 3422 nomine
3043 3367 3263 3424 Domini
3322 3367 3478 3442 aquis

1886 3453 2249 3527 immergitur.
2280 3455 2391 3510 Sed
2431 3456 2536 3512 hoc
2581 3454 2787 3510 ibidem
2826 3454 3091 3527 scriptum
3134 3471 3481 3529 nequaquam

1887 3542 2209 3613 reperimus.
2245 3543 2363 3599 Nec
2405 3558 2506 3599 nos
2550 3542 2712 3598 etiam
2767 3543 3089 3616 ignoramus
3125 3544 3248 3617 quia
3286 3544 3480 3602 beatus

1886 3631 2205 3688 Ambrosius
2233 3631 2390 3703 plura
2426 3631 2555 3688 dicit
2602 3631 2952 3704 baptismate,
2984 3632 3041 3688 id
3072 3642 3156 3689 est
3190 3633 3348 3705 plura
3374 3634 3479 3690 ba-

1884 3719 2156 3793 ptismatis
2184 3721 2405 3790 adnotat
2433 3720 2727 3792 praeconia.
2757 3720 2829 3777 Et
2870 3720 3016 3778 sacri
3041 3736 3280 3778 canones
3313 3722 3479 3780 reba-

1886 3808 2206 3881 ptizationes
2224 3808 2477 3864 omnibus
2487 3816 2546 3864 ut
2564 3808 2801 3866 vitandae
2820 3817 2945 3865 sunt
2963 3810 3251 3881 prohibent
3277 3827 3292 3866 :
3320 3824 3482 3868 nemo

1885 3906 2067 3954 tamen
2095 3905 2177 3953 est
2204 3913 2346 3969 pene
2392 3897 2655 3965 fidelium,
2689 3897 2783 3971 qui
2830 3914 2890 3954 se
2935 3899 3053 3955 sine
3098 3898 3273 3957 crucis
3301 3899 3482 3974 signo,

1886 3986 1974 4043 vel
2003 3987 2346 4043 invocatione
2374 3986 2544 4043 divini
2571 3986 2808 4044 nominis
2837 3986 2994 4060 aquis
3024 3988 3189 4044 etiam
3203 3988 3274 4045 ad
3300 3987 3484 4047 lavan-

1887 4076 2017 4131 dum
2045 4075 2317 4143 immittat,
2361 4076 2588 4145 jubente
2617 4075 2880 4148 Apostolo
2916 4094 2930 4131 :
2968 4076 3175 4135 Omnia
3201 4076 3481 4151 agendum

1886 4166 1951 4221 in
1980 4165 2211 4222 nomine
2240 4166 2468 4222 Domini
2492 4165 2545 4237 (I
2565 4164 2686 4223 Cor.
2709 4177 2771 4234 ιι,
2793 4166 2918 4236 31);
2944 4172 3128 4222 etnon
3163 4182 3224 4223 se
3252 4164 3347 4223 illo
3381 4166 3481 4223 ba-

1885 4252 2069 4325 ptizati
2105 4260 2256 4325 putat
2275 4253 2604 4325 baptismate
2639 4268 2748 4326 quo
2793 4261 3011 4309 renatus
3046 4261 3128 4309 est
3158 4269 3225 4310 ex
3256 4269 3397 4328 aqua
3427 4261 3483 4311 et

1889 4341 2098 4413 spiritu.
2132 4342 2325 4397 Sermo
2354 4342 2519 4409 enim,
2554 4348 2609 4397 et
2639 4356 2776 4412 opus
2803 4341 2922 4411 Dei,
2955 4349 3259 4413 cunctaque
3289 4357 3478 4399 sacra-

1887 4438 2069 4487 menta
2095 4429 2299 4497 divina,
2320 4445 2524 4486 manna
2551 4437 2695 4497 sunt,
2726 4429 2873 4502 quod
2902 4429 3039 4486 sicut
3068 4428 3329 4500 scriptum
3358 4436 3479 4486 est:

188 4530 236 4576 et
258 4522 417 4594 pueri
443 4520 703 4578 monachi
730 4534 928 4590 corpus
949 4533 983 4573 a
1011 4526 1150 4573 terra
1177 4516 1353 4572 teneri
1382 4531 1490 4570 non
1518 4513 1781 4587 potuisse,
1810 4512 1863 4572 D
1885 4518 2087 4575 Habuit
2104 4519 2776 4585 omncdelectamentum,
2801 4521 2857 4576 et
2876 4518 3059 4575 omnis
3074 4518 3287 4590 saporis
3315 4516 3478 4574 suavi

186 4610 303 4681 quia
333 4609 620 4667 Benedicti
642 4608 876 4682 gratiam
913 4622 1023 4661 non
1050 4605 1304 4671 habebat,
1338 4611 1391 4661 et
1421 4618 1518 4660 vas
1549 4603 1784 4659 vitreum

186 4700 339 4772 signo
370 4700 555 4757 crucis
592 4714 695 4770 per
740 4695 1091 4752 Benedictum
1136 4694 1283 4751 edito
1340 4692 1685 4764 disruptum:
1731 4699 1785 4748 et

182 4788 378 4845 iterum
411 4805 512 4845 vas
542 4788 776 4844 vitreum
803 4785 859 4840 in
888 4785 1082 4855 ingens
1113 4781 1492 4855 praecipitium,
1526 4796 1782 4835 saxorum

182 4877 420 4932 molibus
449 4892 762 4948 aspersum,
798 4874 914 4943 ejus
937 4874 1185 4942 jussione
1212 4879 1437 4943 propter
1465 4869 1782 4925 inobedien-

178 4966 302 5021 tiam
333 4968 667 5039 projectum,
709 4972 872 5035 atque
916 4962 1187 5018 incolume
1230 4967 1586 5026 reservatum,
1628 4965 1682 5014 et
1708 4957 1779 5013 di-

179 5054 452 5126 scipulum
493 5056 614 5124 ejus
656 5054 903 5108 Maurum
944 5067 1109 5123 super
1154 5049 1331 5106 undas
1381 5048 1489 5105 laci
1530 5047 1782 5103 deambu-

175 5139 316 5202 lasse
348 5163 363 5199 :
401 5145 609 5200 ferrum
634 5151 818 5198 autem
855 5141 924 5197 de
952 5140 1220 5213 profundo
1248 5139 1375 5205 laci,
1408 5138 1576 5194 Elisei
1604 5152 1779 5204 more,

176 5248 271 5302 per
298 5234 489 5306 ipsum
508 5234 566 5288 in
594 5230 942 5288 manubrium
972 5237 1283 5286 revocatum
1310 5214 1497 5282 fuisse.
1530 5227 1598 5282 Et
1625 5225 1782 5283 sicuti

175 5324 448 5394 scriptum
493 5321 696 5377 divinis
723 5319 943 5392 paginis
981 5318 1283 5375 continetur
1322 5317 1397 5387 (II
1422 5317 1557 5372 Mac.
1592 5331 1630 5381 ι,
1664 5317 1777 5385 20),

178 5424 335 5467 sacer
364 5411 515 5482 ignis
536 5411 864 5475 absconsus,
888 5415 1008 5478 post
1024 5407 1194 5462 multa
1213 5421 1484 5461 annorum
1510 5403 1782 5461 curricula

170 5496 225 5553 in
270 5515 528 5556 crassam
571 5514 773 5570 aquam
819 5513 1015 5553 versus
1055 5496 1342 5566 reperitur,
1402 5491 1594 5548 eadem
1635 5507 1780 5564 aqua

176 5600 341 5659 super
372 5587 623 5643 oblatum
661 5584 989 5642 sacriﬁcium
1029 5599 1187 5641 versa
1217 5581 1401 5640 divina
1428 5580 1670 5654 potentia
1698 5587 1782 5637 est

470 5713 708 5771 Parnon.
752 5709 996 5770 CXXVI.

1884 4611 2061 4663 tatem
2081 4608 2237 4679 (Sap.
2260 4620 2381 4674 xvr,
2403 4606 2483 4678 2,)
2504 4606 2758 4680 quodque
2785 4606 2922 4663 sicut
2941 4621 3042 4678 pro
3058 4604 3331 4661 desiderio
3349 4620 3476 4661 sus-

1882 4695 2196 4768 cipientium
2235 4696 2513 4768 quondam
2542 4694 2740 4753 factum
2770 4703 2853 4751 est
2881 4693 2939 4749 in
2975 4708 3228 4765 saporem
3256 4701 3476 4767 gustan‘

1883 4784 2035 4851 tium,
2085 4784 2161 4839 ita
2197 4790 2251 4842 et
2294 4786 2412 4842 hazc
2447 4800 2550 4858 pro
2608 4783 2896 4841 devotione
2943 4782 3284 4838 credentium
3339 4782 3476 4839 ﬁunt

1883 4887 2052 4931 causa
2077 4873 2469 4931 ostensionum.
2505 4872 2663 4928 Velut
2694 4870 2996 4927 incarnatio
3026 4871 3244 4926 Domini
3274 4871 3332 4927 in
3368 4870 3474 4930 rui-

1880 4977 2010 5018 nam
2039 4970 2090 5019 et
2109 4962 2567 5019 resurrectionem
2612 4959 2909 5015 multorum
2942 4965 3043 5025 est,
3068 4967 3123 5015 et
3158 4975 3292 5016 crux
3335 4961 3472 5032 ejus,

1880 5047 2231 5119 pereuntibus
2283 5047 2501 5121 quidem
2531 5043 2752 5100 stultitia
2796 5050 2898 5113 est,
2943 5042 3294 5101 credentibus
3341 5060 3473 5103 vero

1880 5136 1938 5192 in
1981 5137 2211 5193 salutem
2241 5136 2408 5193 virtus
2448 5134 2546 5190 Dei
2575 5142 2677 5204 est,
2709 5141 2761 5190 et
2805 5133 3121 5205 praedicatio
3151 5134 3320 5205 ipsius
3350 5132 3473 5190 aliis

1883 5232 1965 5281 est
1992 5226 2128 5281 odor
2151 5225 2341 5280 mortis
2368 5224 2425 5278 in
2450 5230 2704 5290 mortem,
2734 5221 2853 5277 aliis
2883 5223 3023 5279 odor
3050 5223 3174 5280 vitae
3199 5221 3254 5276 in
3284 5221 3468 5291 vitam;

1882 5322 1935 5369 et
1962 5314 2296 5384 baptismatis
2323 5319 2743 5381 sacramentum,
2765 5312 2913 5385 quod
2933 5311 3116 5368 verbis
3135 5308 3472 5366 solemnibus

1881 5411 2249 5469 consecratur,
2291 5408 2348 5456 ut
2379 5401 2631 5458 catholici
2666 5401 2916 5458 doctores
2944 5399 3199 5471 produnt,
3245 5397 3475 5456 infidelis

1880 5492 1985 5547 bus
2022 5499 2104 5546 est
2150 5489 2467 5561 ludiﬁcatio,
2519 5489 2773 5546 ﬁdelibus
2818 5497 2999 5546 autem
3044 5487 3368 5559 redemptio.
3418 5487 3477 5545 Si

1881 5588 2059 5638 autem
2080 5587 2234 5638 extra
2271 5578 2489 5638 Domini
2519 5579 2913 5637 institutionem
2941 5585 2995 5634 et
3023 5575 3378 5649 apostolicam
3413 5575 3474 5632 ﬁt

3086 5703 3119 5755 6
