4004 6176
528 250 623 305 171

526 370 894 439 traditionem,
958 371 1237 428 lavacrum
1302 380 1385 428 est
1438 370 1802 443 corporalium
1861 371 2126 439 sordium,
2161 372 2217 433 A

523 475 633 517 non
662 459 871 516 ablutio
919 469 1288 532 peccatorum.
1324 460 1503 516 Veluti
1533 468 1587 516 et
1629 468 1852 516 sanctus
1880 460 2140 532 Augusti-

416 597 421 601 .
524 565 627 604 nus
658 548 727 603 de
758 547 1170 605 consecratione
1213 548 1460 619 corporis
1507 555 1561 603 et
1600 548 1886 619 sanguinis
1915 548 2137 605 Domini

529 635 707 692 nostri
752 635 884 692 Jesu
919 636 1121 691 Christi
1170 636 1226 691 in
1274 636 1413 691 libro
1442 643 1652 691 contra
1700 636 1959 691 Faustum
2007 637 2139 692 dicit

532 725 655 797 (lib.
676 739 778 789 xx,
812 741 934 798 cap.
958 724 1046 792 13)
1080 742 1093 780 :
1132 746 1155 776 ι
1191 724 1356 781 Panis
1388 732 1441 780 et
1469 724 1609 780 calix
1637 740 1745 780 non
1776 724 2013 797 qualibet
2042 725 2140 780 sed

526 821 679 871 certa
727 812 1141 870 consecratione
1191 812 1385 868 mistus
1434 811 1492 867 ﬁt
1534 812 1712 879 nobis,
1744 828 1855 868 non
1881 814 2134 868 nascitur-

523 901 760 959 Proinde
789 901 933 974 quod
961 917 1071 958 non
1098 901 1170 958 ita
1200 899 1279 969 fit,
1312 901 1563 973 quamvis
1600 901 1669 956 sit
1704 901 1864 972 panis
1893 910 1947 957 et
1975 901 2134 964 calix,

519 990 839 1046 alimentum
874 998 958 1045 est
997 988 1351 1057 refectionis,-
1393 1005 1504 1045 non
1561 998 1970 1045 sacramentum
2009 989 2138 1045 reli-

520 1078 719 1150 gionis.
750 1098 772 1128 ι
2042 1085 2054 1091 ’

582 1167 652 1222 Et
680 1167 800 1238 ipsa
829 1175 1174 1223 sacramenta
1223 1165 1416 1221 altaris
1448 1166 1645 1223 devote
1675 1166 1747 1222 ad
1777 1182 1839 1223 se
1866 1166 2136 1223 acceden-

524 1254 666 1311 tibus
693 1255 824 1322 vita,
856 1255 1127 1312 indevotis
1163 1255 1445 1324 judicium,
1496 1255 1639 1311 sicut
1684 1263 1737 1311 et
1788 1254 1945 1327 panis
1973 1256 2137 1312 vitam

523 1343 747 1399 fortium
777 1344 1020 1409 roborat,
1069 1342 1424 1415 parvulorum
1462 1352 1637 1410 necat,
1672 1353 1725 1398 et
1763 1344 1905 1399 lenis
1945 1344 2138 1399 sibilus

520 1447 692 1505 equos
750 1432 982 1505 mitigat,
1035 1431 1242 1487 catulos
1294 1431 1539 1504 instigat,
1573 1440 1626 1487 et
1679 1431 1763 1487 sol
1796 1433 1890 1505 qui
1948 1448 2136 1489 ceram

518 1519 707 1591 liquat,
755 1519 927 1575 lutum
975 1519 1212 1593 stringit,
1276 1520 1426 1575 sanis
1483 1519 1657 1577 oculis
1705 1519 1890 1575 lumen
1925 1528 2029 1583 est.
2083 1529 2138 1577 et

516 1608 869 1680 lippientibus
927 1608 1204 1675 tenebrae;
1273 1616 1439 1680 utque
1501 1624 1773 1665 venenum
1833 1624 1984 1665 mors
2051 1617 2135 1664 est

1469 246 1810 304 HINCMARI
1868 245 2268 304 RHEMENSIS
2306 246 2860 306 ARCHIEPISCOPI.

3736 252 3836 307 1⁸72

2734 373 3073 430 EPISTOLA
3125 375 3324 430 XXVI.

2345 503 2417 543 AD
2457 504 2855 544 ιιιιυευοωυκ
2896 504 3210 545 ΕΡΙΕΟΟΡΠΠ
3244 504 3733 545 ευεεειοκεχεεη.

2238 620 2433 687 Illum,
2458 622 2797 691 inﬁrmitate
2826 622 3140 689 detentum,
3155 624 3341 750 ἔπεια
3368 623 3709 696 petitionem
3738 623 3835 679 lit-

2314 696 2568 749 terarum
2580 694 2950 750 confessionis
2961 696 3013 750 ei
3016 711 3101 750 us.
3117 712 3151 745 α
3185 698 3405 750 sentem
3416 694 3835 750 reconciliando

2314 696 2568 819 tirayuytn
2580 694 2950 764 confessionis
2961 696 3013 763 ei
3016 711 3101 759 us,
3117 694 3405 750 absentem
3416 694 3835 751 reconciliando

2309 781 2343 818 a
2378 780 2437 820 so
2465 780 2516 821 vi
2548 805 2561 819 .

2238 879 2421 950 (Apud
2452 878 2726 947 eumdem,
2771 895 2837 934 ex
2867 879 3056 936 codice
3088 880 3144 936 S.
3187 880 3420 952 Remigii
3464 880 3837 952 Rhemensis.)

2309 1013 2659 1079 Hmcmnus,
2699 1013 2938 1080 nomine,
2971 1028 3080 1069 non
3110 1013 3325 1084 merito,
3364 1014 3699 1070 Rhemorum
3731 1014 3840 1086 epi-

2239 1117 2459 1173 scopus,
2508 1118 2572 1158 ac
2613 1101 2790 1173 plebis
2830 1102 2931 1158 Dei
2972 1101 3222 1168 famulus,
3272 1102 3595 1159 charissima
3645 1102 3764 1158 filio
3792 1112 3841 1159 et

2238 1189 2539 1246 venerabili
2569 1188 2717 1244 fratri
2760 1198 2950 1246 nostro
2982 1191 3345 1246 Hrnnsaomo
3384 1191 3584 1247 mentis
3615 1199 3672 1247 et
3710 1206 3837 1249 cor-

2236 1279 2385 1351 poris
2415 1279 2641 1333 salutem
2672 1278 2835 1334 tribui
2864 1294 2898 1335 a
2928 1281 3040 1335 Deo
3072 1279 3331 1350 deposco.

2309 1366 2540 1436 Quando
2569 1366 2872 1423 confratres
2900 1376 2952 1423 et
3004 1368 3318 1439 coepiscOpi
3362 1367 3560 1436 nostri,
3595 1369 3759 1424 Hodo
3791 1378 3839 1425 et

2235 1456 2567 1522 Rainelmus,
2588 1456 2950 1512 Willcbertus
2965 1473 3199 1528 quoque,
3225 1465 3278 1513 et
3292 1458 3657 1524 Adalbernus,
3674 1466 3839 1530 atque

2236 1544 2524 1611 Geroldus,
2572 1552 2623 1598 et
2684 1544 2898 1600 noviter
2953 1545 3228 1600 ordinatus
3295 1545 3681 1613 lladelbertus,
3728 1563 3841 1601 me-

2236 1649 2359 1689 cum
2409 1632 2601 1688 Rhemi
2642 1632 2876 1703 fuerunt,
2909 1634 3127 1688 humilis
3156 1650 3222 1690 ac
3242 1634 3472 1690 sincerae
3500 1635 3706 1690 mentis
3736 1643 3840 1691 tua:

517 1696 832 1795 homil‘iget
859 1697 984 1795 Viuﬂ
1015 1697 1278 1795 δέῬθηίίν
1311 1696 1391 1752 δίο
1418 1705 1472 1795 θξ
1501 1696 2128 1795 ίδίυίξ-Ῑυξίίθξυωβτωξ·
2156 1726 2210 1786 Β
2232 1720 2632 1777 confessionem
2661 1696 3049 1795 relegi,'etpro
3071 1729 3158 1777 tua
3181 1723 3377 1779 animae
3408 1732 3460 1778 et
3480 1724 3735 1795 corporis
3756 1740 3841 1778 sa-

519 1793 601 1840 ter
631 1792 684 1841 et
714 1785 813 1840 rite
860 1785 1207 1842 credentibus
1257 1786 1500 1841 ostensio
1530 1786 1794 1853 veritatis,
1830 1785 2125 1841 haesitanti-

521 1874 623 1929 bus
666 1881 847 1929 autem
886 1881 939 1929 et
968 1873 1149 1929 dubiis
1187 1890 1345 1931 error
1389 1874 1674 1931 involvens
1704 1890 1828 1930 esse
1858 1874 2129 1947 dignosci-

516 1970 622 2018 tur.
675 1961 947 2031 Quoniam
990 1962 1128 2019 sicut
1179 1962 1376 2018 Paulus
1433 1962 1564 2019 dicit
1596 1980 1610 2018 :
1641 1965 1740 2020 Est
1796 1963 1950 2019 enim
1990 1964 2128 2033 ﬁdes

512 2051 929 2123 sperandarum
960 2051 1281 2108 substantia
1312 2067 1525 2117 rerum,
1574 2055 1982 2124 argumentum
2011 2069 2127 2108 non

505 2141 909 2213 apparentium
937 2140 1119 2211 (Hebr.
1148 2155 1229 2207 xi,
1269 2140 1343 2211 l),
1378 2139 1819 2213 profectoliquet
1851 2141 2001 2212 quia,
2019 2157 2124 2196 ex-

510 2235 747 2298 ponente
770 2228 932 2284 beato
965 2228 1236 2301 Gregorio
1271 2230 1441 2299 (hom.
1476 2232 1590 2298 26),
1624 2226 1763 2283 fides
1796 2228 2013 2284 illarum
2035 2245 2127 2284 re-

511 2332 633 2371 rum
675 2324 1070 2389 argumentum
1116 2325 1199 2371 εει
1253 2333 1375 2387 qua:
1427 2332 1698 2387 apparere
1745 2332 1854 2372 BOD
1910 2325 2139 2387 possunt

512 2402 647 2472 Qua:
681 2404 883 2459 etenim
929 2411 1214 2475 apparent,
1254 2405 1365 2474 jam
1414 2403 1579 2460 fidem
1630 2421 1742 2460 non
1773 2404 1998 2471 habent,
2032 2405 2129 2460 sed

522 2491 876 2564 agnitionem.
912 2492 1001 2547 Sic
1028 2494 1083 2546 in
1109 2492 1216 2548 hoc
1246 2492 1430 2549 divino
1452 2493 1660 2561 judicio
1695 2493 1801 2561 his,
1830 2492 1899 2549 de
1929 2493 2126 2565 quibus

505 2588 664 2636 antea
726 2580 1131 2647 dubitabamus,
1200 2580 1386 2636 divina
1433 2582 1745 2637 ostensione
1790 2582 2119 2647 monstratis,

529 2685 649 2740 quae
669 2669 1049 2740 corporalibus
1073 2670 1244 2726 oculis
1267 2670 1450 2725 videre
1469 2686 1579 2725 non
1606 2686 1917 2741 possumus,
1950 2670 2124 2726 oculis

520 2754 647 2813 fidei
662 2758 1099 2829 contemplantes
1128 2756 1504 2815 credulitatem
1518 2759 1934 2815 accommodare
1950 2758 2123 2815 debe-

514 2862 657 2900 mus.
692 2845 841 2901 Sicut
866 2847 1103 2901 Thomas
1143 2854 1297 2902 antea
1346 2847 1616 2912 dubitans,
1671 2847 1800 2902 dum
1831 2847 2124 2902 Dominum

515 2933 774 3004 palpavit,
817 2933 963 2987 aliud
1018 2933 1170 3000 vidit,
1224 2942 1276 2989 et
1320 2934 1467 2989 aliud
1519 2935 1796 2990 credidit:
1830 2952 1863 2990 a
1909 2935 2124 2991 mortali

2224 1811 2335 1866 lute
2374 1826 2471 1881 per
2500 1825 2718 1865 omnem
2752 1818 2993 1865 nostram
3024 1810 3342 1882 parochiam
3382 1811 3601 1868 Domini
3628 1812 3842 1869 miseri-

2226 1898 2467 1955 cordiam
2498 1898 2779 1969 implorari
2809 1900 3058 1970 paposci.
3082 1901 3148 1954 Et
3170 1899 3427 1972 quoniam
3448 1899 3677 1956 fratrem
3709 1918 3841 1957 nos-

2225 1995 2367 2042 trum
2400 1986 2681 2043 llodonem
2703 1987 2771 2041 ad
2792 1996 2843 2042 te
2870 1986 3070 2042 iturum
3092 2004 3479 2060 cognoveram,
3512 2005 3620 2044 non
3652 1992 3842 2061 putavi

2225 2091 2451 2131 necesse
2486 2074 2603 2131 fore
2651 2084 2707 2130 ut
2757 2076 2853 2130 tibi
2884 2075 3089 2131 litteras
3117 2078 3406 2145 mitterem,
3461 2077 3586 2149 quia
3627 2078 3749 2150 ipse
3793 2086 3845 2133 et

2226 2164 2579 2219 unanimitate
2614 2171 2814 2228 nostra,
2849 2172 2900 2220 et
2931 2164 3229 2221 ministerio
3261 2166 3580 2237 episcopali,
3613 2182 3680 2222 ea
3712 2184 3841 2239 qua:

2226 2252 2439 2324 agenda
2488 2259 2613 2307 sunt
2661 2268 2792 2325 erga
2822 2251 3094 2307 inﬁrmum
3130 2252 3352 2309 fratrem
3408 2271 3510 2325 per
3561 2270 3621 2310 se
3665 2271 3843 2327 agere

2225 2349 2458 2412 poterat.
2483 2340 2590 2395 Sed
2622 2340 2881 2412 quoniam
2909 2342 3294 2413 presbyterum
3322 2351 3474 2398 tuum
3496 2344 3565 2398 ad
3597 2359 3688 2399 me
3716 2345 3837 2399 mit-

2227 2436 2345 2483 tens
2374 2428 2627 2484 eumdem
2656 2429 2991 2484 breviculum
3038 2429 3401 2486 confessionis
3449 2440 3556 2487 tuae
3597 2432 3735 2487 mihi
3759 2449 3845 2489 re.

2223 2516 2439 2586 misisti,
2473 2525 2664 2588 petens
2700 2525 2757 2571 ut
2787 2518 3151 2573 absolutorias
3179 2518 3387 2574 litteras
3428 2520 3525 2575 tibi
3554 2521 3843 2576 transmit-

2224 2614 2531 2677 tam,quam
2550 2605 2898 2661 devotionem
2918 2615 3063 2660 tuam
3096 2615 3380 2678 gratanter
3416 2609 3670 2680 suscepi:
3716 2611 3841 2666 scio

2225 2694 2370 2748 enim
2392 2694 2520 2766 quia
2540 2710 2648 2749 non
2679 2693 2734 2748 in
2773 2711 2862 2749 me
2901 2694 3046 2750 bona
3093 2697 3294 2751 merita
3343 2713 3464 2768 quae
3503 2698 3650 2752 nulla
3684 2708 3838 2766 sunt,

2226 2782 2321 2837 sed
2361 2782 2616 2837 virtutem
2687 2782 2969 2838 ministerii
3032 2783 3304 2841 immerito
3367 2785 3500 2840 mihi
3550 2786 3842 2843 commissi

2224 2869 2481 2925 attendis.
2523 2871 2589 2924 Et
2618 2870 2741 2926 ideo
2772 2887 2871 2942 per
2895 2872 3067 2929 verba
3095 2873 3269 2928 sancti
3299 2873 3496 2930 Leonis
3526 2876 3843 2935 exsecutio-

2224 2973 2351 3013 nem
2382 2959 2670 3014 ministerii
2712 2959 3047 3032 indignitatis
3078 2977 3235 3028 meae,
3272 2971 3325 3016 et
3364 2960 3526 3018 fidem
3558 2970 3728 3030 tuam,
3761 2965 3841 3021 ad

521 3021 1252 3140 99EPPBE9mme'PiVinims
1277 3022 1450 3140 rideri
1481 3023 1803 3140 “onﬁomit'
1835 3023 2184 3140 Eominemc
2224 3045 2538 3117 pontiﬁcem
2585 3021 2944 3103 confessionis
3015 3058 3220 3105 nostrae
3265 3051 3449 3107 Jesum
3494 3052 3670 3108 mitto.
3741 3054 3839 3110 Ait

521 3116 680 3140 inv-Iun
706 3126 779 3140 "at
801 3117 835 3140 ιο
893 3118 941 3140 ηθ
1015 3125 1136 3140 num
1172 3126 1269 3140 ΛΛιη
1299 3118 1537 3140 Λαίδι-κῆρι
1625 3127 1771 3140 ιηηηο
1791 3129 1802 3140 ι
1890 3114 2111 3140 ηιμ-ἑκ..-
2289 3134 2298 3140 .
2397 3135 2407 3140 -
2433 3135 2445 3140 -
2823 3137 2844 3140 -
3064 3138 3072 3140 .
3174 3139 3181 3140 ,
3331 3139 3334 3140 ,
3529 3139 3535 3140 ,

511 3107 680 3181 igitur
706 3108 859 3175 vidit,
891 3118 944 3165 et
964 3110 1139 3165 Deum
1170 3109 1561 3177 confessusest,
1585 3111 1803 3167 dicens:
1837 3113 2111 3168 Dominus

511 3213 692 3264 meus,
716 3202 770 3253 et
800 3200 946 3254 Deus
974 3214 1132 3255 meus
1153 3198 1337 3266 (Joan.
1380 3213 1483 3265 xx,
1524 3201 1637 3269 28).
1687 3199 1929 3255 Videndo
1976 3216 2113 3273 ergo

513 3285 756 3342 credidit.
794 3302 955 3358 quem
985 3286 1381 3343 considerando
1408 3304 1598 3343 verum
1636 3287 1935 3355 hominem,
1969 3289 2117 3346 hunc

508 3373 686 3430 Deum
715 3391 876 3447 quem
905 3375 1094 3431 videre
1137 3392 1246 3431 non
1276 3382 1487 3446 poterat
1535 3376 1874 3433 exclamavit.
1942 3378 2019 3432 Ita
2065 3384 2122 3432 et

507 3462 787 3519 veritatem
816 3464 897 3520 rei
945 3464 1013 3519 de
1046 3479 1153 3536 qua
1200 3464 1531 3532 dubitamus,
1569 3467 1695 3538 quia
1740 3465 2119 3537 corporalibus

507 3551 679 3609 oculis
720 3553 908 3609 videre
952 3554 1335 3625 nequibamus,
1386 3553 1584 3610 divina:
1635 3554 1937 3611 ostensioni
1986 3570 2116 3611 cre-

507 3640 721 3707 dentes,
744 3641 1048 3711 veritatem,
1071 3658 1190 3714 quae
1208 3643 1353 3698 Deus
1376 3650 1478 3708 est,
1506 3643 1864 3699 exclamando
1886 3642 2116 3698 laudare

508 3728 794 3794 debemus,
821 3746 944 3786 cum
962 3730 1176 3801 impleri
1207 3731 1503 3786 viderimus
1541 3732 1686 3802 quod
1715 3731 1850 3786 dicit
1877 3734 2111 3802 Aposto-

512 3816 599 3873 lus
625 3835 640 3872 :
672 3817 853 3874 Nolite
873 3818 1134 3889 judicm'e
1184 3822 1319 3873 ante
1364 3822 1607 3889 tempus,
1640 3818 1996 3891 quoad-usque
2026 3835 2115 3875 ve-

512 3906 642 3959 niat
669 3905 961 3972 Dominus,
985 3905 1082 3976 qui
1110 3909 1166 3959 et
1198 3905 1554 3960 illuminabit
1582 3905 1912 3961 abscondita
1960 3910 2116 3962 tene-

519 3990 771 4056 brarum,
808 3996 863 4047 et
890 3993 1285 4063 mani/estabit
1328 3994 1567 4050 consilia
1606 3994 1861 4050 cordium
1910 3995 1963 4061 (Ι
1990 3997 2112 4052 Cor.

518 4093 598 4144 tv,
635 4078 710 4148 5).
728 4078 883 4133 Venit
901 4078 1122 4150 quidem
1142 4096 1285 4136 nunc
1296 4079 1563 4136 Dominus
1578 4081 1649 4136 ad
1670 4080 2118 4137 illuminationem

524 4172 839 4221 nostrarum
883 4167 1251 4234 tenebrarum,
1299 4176 1357 4224 ut
1399 4183 1796 4241 cognoscamus
1835 4170 2118 4226 veritatem

523 4268 619 4326 per
646 4253 1130 4311 manifestationem
1185 4256 1358 4327 ipsius
1381 4257 1590 4327 judicii,
1621 4257 1714 4330 qui
1745 4266 2003 4314 venturus
2033 4266 2117 4314 est

512 4342 580 4397 ad
635 4341 1029 4399 manifestanda
1072 4344 1299 4401 consilia
1328 4345 1659 4403 cordium'in
1690 4344 1868 4402 futuro
1886 4347 2111 4416 judicio.

514 4432 643 4489 Haec
673 4439 856 4488 autem
887 4432 1137 4500 dicimus,
1171 4448 1281 4489 non
1310 4450 1416 4506 quo
1446 4450 1777 4508 quamquam
1806 4435 2113 4507 reprehen-
2143 4430 2194 4490 D

512 4520 727 4589 damus,
760 4520 886 4594 quia
916 4537 1017 4576 nec
1046 4521 1119 4576 ibi
1169 4521 1427 4593 scriptum
1472 4531 1555 4579 est
1590 4539 1686 4579 cur
1723 4524 1827 4580 hoc
1850 4524 2114 4593 judicium

514 4624 628 4665 non
659 4609 856 4665 debeat
884 4608 1025 4679 fieri,
1060 4609 1157 4665 sed
1187 4611 1558 4666 tantummodo
1606 4612 1807 4668 dictum
1837 4628 1905 4668 ne
1936 4610 2111 4679 ﬁeret,

518 4704 609 4751 aut
637 4705 844 4765 nostra,
880 4697 1036 4770 quasi
1066 4697 1363 4769 sapientius
1391 4698 1619 4769 prolata,
1655 4716 1813 4771 quam
1844 4699 1933 4755 alii
1954 4700 2114 4756 inve-

521 4783 642 4839 nire
690 4801 756 4839 ex
803 4794 1113 4844 sanctorum
1157 4785 1497 4843 documentis
1539 4786 1944 4857 prazvaluerint,
2000 4788 2116 4844 sive

517 4871 866 4940 pravaleant,
890 4874 1187 4932 defendere
1229 4883 1524 4948 stagamus.
1559 4875 1941 4947 Unusquisque
1969 4877 2115 4932 enim

516 4955 572 5010 in
603 4973 702 5012 suo
753 4975 918 5015 sensu
958 4963 1216 5020 abundat.
1266 4964 1498 5020 Tantum
1546 4962 1770 5035 quilibet
1808 4964 1911 5020 hoc
1958 4971 2116 5022 caute

518 5044 820 5118 provideat,
852 5055 909 5102 ut
946 5064 979 5102 a
1024 5050 1129 5107 lide
1159 5052 1419 5109 catholica
1468 5060 1521 5109 et
1569 5051 1850 5108 traditione
1897 5060 2114 5125 aposto-

520 5134 640 5192 lica:
671 5133 819 5189 sedis
848 5150 956 5189 non
986 5136 1279 5210 discrepet.
1314 5141 1425 5198 Sed
1467 5157 1589 5215 quae
1646 5140 1908 5197 sentimus
1945 5141 2118 5197 humi-

515 5222 640 5279 liter
667 5222 1029 5294 proferentes,
1055 5227 1225 5294 parati
1249 5243 1455 5299 sumus,
1480 5230 1527 5285 si
1554 5229 1674 5301 quis
1703 5228 2113 5286 convenientius

516 5305 675 5361 nobis
702 5306 1023 5371 ostenderit,
1070 5307 1188 5363 sine
1235 5313 1579 5369 contentione
1637 5327 1772 5371 sano
1815 5306 2114 5370 intellectui

519 5393 735 5463 cedere,
769 5403 822 5451 et
865 5393 1225 5457 libentissime
1270 5412 1380 5457 non
1425 5403 1590 5460 modo
1619 5402 1950 5475 consentire,
1983 5401 2113 5476 quin

517 5489 683 5550 etiam
711 5491 946 5553 discere.

2215 3134 2359 3189 enim
2393 3135 2539 3190 idem
2571 3144 2792 3191 sanctus
2823 3137 2950 3206 Leo,
2985 3138 3109 3209 quia
3138 3139 3296 3194 aliter
3324 3139 3381 3193 in
3409 3139 3661 3196 Ecclesia
3705 3142 3833 3209 Dei,

2216 3238 2339 3294 quae
2395 3239 2597 3294 corpus
2645 3223 2847 3279 Christi
2890 3234 2992 3294 est,
3034 3241 3136 3282 nec
3183 3234 3298 3282 rata
3328 3237 3455 3282 sunt
3483 3229 3829 3299 sacerdotia,

2214 3327 2317 3367 nec
2348 3327 2476 3368 vera
2506 3310 2794 3379 sacriﬁcia,
2819 3312 2924 3368 nisi
2951 3313 3005 3368 in
3024 3322 3227 3371 nostra:
3246 3316 3583 3387 proprietate
3606 3326 3825 3375 naturae

2215 3416 2377 3455 verus
2425 3416 2534 3455 non
2578 3400 2823 3456 Pontifex
2875 3403 3215 3472 reconciliet,
3267 3421 3432 3460 verus
3482 3406 3829 3463 immaculati

2213 3488 2356 3560 Agni
2378 3490 2599 3560 sanguis
2621 3490 2896 3545 emundet.
2922 3490 3029 3560 Qui
3051 3491 3176 3547 licet
3204 3493 3272 3547 sit
3300 3493 3356 3547 in
3376 3493 3555 3548 Patris
3587 3495 3825 3551 dextera

2214 3576 2557 3643 constitutus,
2590 3576 2645 3631 in
2677 3577 2867 3633 eadem
2895 3587 3078 3634 tamen
3106 3595 3272 3636 carne
3304 3596 3467 3653 quam
3491 3582 3727 3653 sumpsit
3757 3599 3829 3639 ex

2215 3665 2437 3736 Virgine
2467 3673 2872 3722 sacramentum
2913 3668 3306 3740 prepitiationis
3354 3671 3695 3743 exsequitur,
3731 3672 3826 3726 di-

2216 3761 2372 3809 cente
2401 3754 2664 3824 Apostolo
2688 3772 2701 3808 :
2725 3755 2980 3811 Christus
3006 3759 3186 3825 Iesus,
3213 3759 3311 3831 qui
3330 3762 3592 3815 mortuus
3612 3764 3701 3815 est
3718 3777 3830 3832 pro

2215 3842 2393 3904 nobis,
2442 3844 2554 3898 imo
2584 3845 2681 3915 qui
2719 3848 2775 3898 et
2822 3845 3160 3910 resurrexit,
3207 3849 3305 3918 qui
3355 3852 3444 3902 est
3489 3850 3553 3903 in
3583 3849 3833 3904 dextera

2216 3930 2334 3994 Dei,
2368 3932 2467 4002 qui
2488 3932 2662 3986 etiam
2682 3933 3017 4005 interpellat
3039 3950 3141 4006 pro
3158 3935 3315 3990 nobis
3336 3937 3514 4007 (Rom.
3549 3950 3670 4002 vm,
3708 3937 3829 4007 3L);

2216 4017 2370 4086 cujus
2418 4018 2811 4075 misericordia:
2858 4036 2962 4076 nec
3011 4021 3233 4076 modum
3264 4039 3557 4094 possumus
3588 4040 3833 4095 ponere,

2215 4121 2318 4161 nec
2334 4114 2584 4178 tempora
2605 4106 2858 4175 diffinire,
2882 4109 3025 4180 apud
3047 4126 3211 4182 quem
3222 4111 3401 4166 nullas
3432 4113 3630 4184 patitur
3647 4114 3831 4169 venia:

2213 4209 2397 4249 moras
2426 4210 2557 4250 vera
2587 4194 2879 4263 confessio,
2919 4198 3135 4254 dicente
3184 4200 3284 4255 Dei
3331 4200 3531 4271 Spiritu
3553 4217 3651 4273 per
3703 4216 3829 4273 pro-

2214 4283 2434 4353 phetam
2469 4299 2483 4337 :
2516 4284 2651 4339 Cum
2672 4300 2971 4340 conversus
3001 4286 3338 4360 ingemueris
3367 4288 3550 4344 salvus
3580 4289 3694 4344 eris
3720 4309 3737 4355 ;
3769 4298 3831 4345 et

2216 4370 2347 4426 alibi
2378 4388 2392 4424 :
2426 4371 2526 4427 Dic
2553 4371 2866 4443 iniquitates
2912 4381 3034 4429 tuas
3063 4375 3236 4446 prior,
3283 4385 3341 4431 ut
3379 4375 3737 4447 justificeris;
3771 4386 3830 4434 et

2216 4458 2346 4514 item
2379 4476 2392 4515 :
2429 4461 2569 4528 Quia
2597 4460 2747 4533 apud
2775 4463 3078 4518 Dominum
3107 4465 3499 4521 misericordia
3513 4469 3570 4522 et
3597 4467 3830 4538 copiosa

2213 4548 2363 4620 apud
2390 4564 2521 4604 eum
2545 4548 2854 4622 redemptio
2885 4551 3060 4623 (Psal.
3084 4567 3281 4619 cxxrx,
3307 4554 3383 4626 '7);
3416 4562 3469 4610 et
3497 4561 3722 4610 sanctus
3743 4554 3831 4611 di-

2216 4636 2289 4691 cit
2318 4636 2638 4695 Ambrosius
2671 4655 2685 4691 :
2716 4638 2912 4694 Beatus
2942 4638 3034 4712 qui
3065 4640 3152 4696 vel
3180 4641 3283 4696 sub
3313 4642 3421 4698 ictu
3453 4643 3642 4698 mortis
3659 4659 3825 4699 aver-

2214 4724 2276 4779 tit
2302 4741 2332 4778 a
2362 4724 2534 4780 vitiis.
2575 4727 2734 4782 Beati
2776 4727 2921 4783 enim
2969 4745 3209 4801 quorum
3242 4735 3393 4787 tecta
3420 4735 3560 4787 sunt
3582 4737 3827 4805 peccata

2215 4813 2389 4881 (Psal.
2423 4828 2588 4878 xxxx,
2615 4815 2691 4885 1),
2724 4815 2850 4887 quia
2894 4817 3159 4887 scriptum
3188 4826 3272 4874 est
3305 4836 3318 4872 :
3352 4821 3556 4876 Desine
3587 4838 3623 4877 α
3666 4810 3825 4877 malo

2213 4904 2271 4956 et
2299 4904 2392 4971 fac
2412 4902 2634 4968 bonum,
2660 4906 2716 4957 et
2730 4904 2990 4961 inhabita
3016 4908 3081 4961 in
3114 4909 3389 4963 secutum
3410 4910 3610 4965 saeculi
3637 4909 3826 4979 (Psal.

2213 5003 2417 5059 xxxvr,
2449 4990 2562 5061 27).
2599 4989 2921 5065 Quicunque
2950 5008 3086 5067 ergo
3129 4994 3352 5050 desierit
3401 5012 3431 5051 a
3472 4996 3739 5067 peccatis,
3764 5005 3824 5054 et

2213 5076 2373 5133 fuerit
2402 5077 2470 5132 ad
2491 5078 2719 5136 meliora
2747 5096 3069 5149 conversus,
3103 5083 3327 5140 habebit
3356 5085 3706 5156 superiorum
3738 5086 3826 5141 in-

2213 5165 2551 5240 dulgentiam
2624 5178 2992 5239 peccatorum,
3054 5189 3180 5245 qua)
3243 5172 3404 5230 fuerit
3479 5173 3568 5231 vel
3630 5174 3822 5247 potni-

2212 5255 2363 5336 tendi
2391 5254 2674 5313 confessus
2711 5256 2928 5329 affectu,
2974 5258 3062 5316 vel
3120 5261 3431 5334 corrigendi
3468 5278 3700 5320 aversus
3736 5263 3823 5320 in-

2213 5341 2397 5396 gemo.

2283 5413 2629 5489 Quapropter
2698 5416 2839 5474 sicut
2890 5418 3173 5492 principali
3246 5422 3518 5480 sententia
3572 5431 3812 5492 constat,

2214 5503 2339 5579 quia
2365 5504 2421 5562 in
2448 5504 2633 5563 multis
2659 5504 2987 5565 offendimus
3030 5523 3246 5580 omnes,
3295 5512 3441 5569 unde
3494 5511 3820 5586 ingemisci-
