4036 6178
227 330 320 385 173

1676 323 2051 381 EPISTOLE.

3411 337 3510 393 1⁸η

228 468 389 519 mus;
420 451 497 508 ita
539 448 830 523 principali
866 449 1137 506 sententia
1178 448 1550 516 consolamur,
1599 450 1725 521 quia
1769 448 1815 504 si
1834 488 1847 511 Α

1952 462 2160 517 ivinum
2204 479 2301 535 per
2343 464 2563 520 beatum
2598 465 2863 521 Joannem
2900 465 3190 523 consilium
3241 484 3253 523 :
3303 471 3508 529 Memor

225 539 578 597 conﬁteamur
613 546 842 611 peccata
895 547 1105 607 nostra,
1165 537 1343 594 ﬁdelis
1389 545 1474 592 est
1523 545 1576 593 et
1612 538 1811 607 justus,

228 628 350 701 quin
376 630 539 685 Jesus
582 628 849 694 Christus,
881 626 1133 683 conditor
1150 634 1204 682 et
1233 622 1548 697 redemptor
1591 640 1659 682 ac
1704 626 1817 680 sal-

228 724 380 773 vator
425 724 633 786 noster,
695 732 860 788 quem
909 716 1172 771 habemus
1241 716 1567 772 advocatum
1612 715 1817 784 justum

230 806 367 876 apud
399 806 633 870 Patrem,
667 812 722 860 et
750 812 834 861 est
864 802 1175 875 propitiatio
1204 819 1305 875 pro
1333 803 1575 874 peccatis
1592 802 1816 869 nostris,

230 902 280 948 et
304 892 614 964 interpellat
642 908 745 964 pro
774 892 954 957 nobis,
984 890 1221 948 ﬁdeliter
1248 892 1631 948 confitentibus
1662 889 1822 946 nobis

230 982 441 1036 dimittit
467 981 625 1036 nobis
671 988 894 1053 peccata
937 988 1147 1047 nostra,
1192 988 1243 1036 et
1286 979 1545 1035 emundat
1600 994 1702 1035 nos
1753 979 1822 1034 ab

229 1070 369 1125 omni
396 1069 695 1142 iniquitate.
748 1068 960 1137 Quibus
1007 1068 1230 1123 animati
1277 1068 1475 1123 divinis
1518 1067 1820 1137 sententiis,

231 1158 394 1214 frater
423 1166 480 1213 et
507 1158 875 1214 consacerdos
920 1164 1109 1212 noster
1156 1156 1500 1221 Hildebolde,
1545 1154 1825 1212 conﬁtenti

232 1246 324 1301 tibi
352 1254 580 1317 peccata
609 1254 716 1312 tua,
749 1260 851 1316 per
877 1244 1302 1301 ecclesiasticam
1345 1243 1660 1316 apostolicae
1722 1258 1824 1299 au-

230 1334 490 1390 ctoritatis
530 1341 871 1406 potestatem,
922 1350 1083 1405 quam
1131 1333 1392 1389 Dominus
1433 1340 1622 1389 noster
1666 1332 1826 1387 Jesus

233 1423 478 1478 Christus
507 1422 729 1478 tradidit
757 1422 1041 1493 discipulis
1070 1429 1121 1478 et
1149 1420 1413 1493 apostolis
1445 1420 1580 1487 suis,
1601 1420 1823 1476 dicens:

236 1513 391 1584 Acci;
404 1514 482 1567 ite
491 1512 772 1583 Spiritum
783 1515 1048 1566 sanctum
1063 1530 1081 1566 :
1096 1526 1333 1582 quorum
1350 1510 1686 1566 remiseritis
1699 1524 1833 1581 pec-

235 1604 363 1656 cata
393 1602 774 1656 remittuntur
801 1600 882 1655 eis
911 1600 1213 1671 (Joanqxx,
1236 1603 1325 1665 22,
1349 1600 1469 1665 23);
1494 1606 1549 1653 et
1576 1614 1679 1669 per
1708 1612 1831 1653 eos-

234 1689 358 1743 dem
387 1687 666 1759 apostolos
695 1704 826 1743 suos
854 1688 1097 1759 ipsorum
1145 1686 1578 1753 successoribus,
1603 1701 1832 1758 quorum

1918 551 2195 607 estounde
2216 553 2577 619 cecideris,et
2614 570 2713 625 age
2748 556 3166 627 penitentiam,
3219 560 3276 612 et
3316 559 3507 630 prima

1919 655 2085 710 opera
2114 642 2207 711 fac
2239 641 2423 713 (Apoc.
2456 657 2515 707 ιι,
2549 642 2625 713 5).
2659 642 2767 697 Sed
2798 643 3079 699 sciendum
3109 653 3190 700 est
3220 645 3343 718 quia
3385 653 3511 704 tunc

1921 726 2062 782 bona
2091 742 2260 799 opera
2283 742 2385 783 nos
2414 743 2447 783 a
2478 730 2651 801 culpis
2680 731 2945 787 mundant
2985 739 3038 787 et
3083 732 3334 805 liberant,
3385 749 3511 792 cum

1920 822 2238 887 perpetrata
2265 817 2408 873 mala
2433 816 2746 891 plangimus
2775 826 2827 874 et
2847 820 3184 877 abdicamus.
3226 822 3369 878 Nam
3418 823 3513 896 qui

1924 920 2144 975 semper
2170 920 2403 977 peccare
2434 906 2561 973 vult,
2594 915 2647 963 et
2701 907 2856 979 quasi
2885 924 3105 981 semper
3142 909 3286 966 bona
3320 926 3510 985 agere,

1926 992 2066 1048 scire
2095 993 2259 1048 debet
2288 993 2414 1065 quia
2442 994 2723 1050 commista
2751 996 2937 1067 pravis
2957 996 3165 1052 actibus
3188 1012 3351 1069 opera
3372 998 3515 1055 bona

1926 1080 2164 1136 animam
2195 1097 2304 1138 non
2333 1082 2624 1148 redimunt,
2656 1099 2819 1155 quam
2865 1100 2898 1139 a
2942 1085 3086 1141 vitiis
3134 1102 3244 1142 non
3289 1102 3516 1158 compe-

1927 1177 2101 1225 scunt.
2141 1170 2261 1237 Cor,
2293 1170 2485 1241 inquit,
2518 1173 2834 1228 contritum
2863 1177 2917 1227 et
2957 1174 3325 1231 humiliatum
3368 1177 3517 1233 Deus

1926 1275 2042 1313 non
2063 1259 2301 1332 despicit
2330 1260 2501 1329 (Psal.
2534 1274 2587 1328 L,
2641 1260 2749 1328 19).
2801 1257 3059 1332 Quisquis
3106 1261 3247 1316 enim
3292 1270 3522 1334 peccata

1927 1346 2156 1419 plangit,
2207 1363 2307 1401 nec
2354 1355 2536 1403 tamen
2583 1347 2806 1413 deserit,
2859 1362 2952 1403 cor
2997 1347 3216 1419 quidem
3279 1350 3523 1418 conterit,

1930 1435 2028 1490 sed
2057 1434 2341 1491 humiliare
2370 1435 2665 1491 contemnit
2698 1453 2711 1490 :
2746 1435 2991 1508 quisquis
3018 1452 3152 1493 vero
3181 1446 3407 1508 peccata
3427 1454 3529 1495 sua

1926 1524 2040 1592 jam
2071 1523 2294 1591 deserit,
2326 1539 2429 1579 nec
2457 1531 2638 1580 tamen
2668 1524 2899 1597 plangit,
2924 1525 3039 1594 jam
3076 1525 3296 1597 quidem
3343 1525 3527 1581 humi-

1933 1611 2046 1678 liat,
2081 1612 2179 1667 sed
2209 1619 2493 1669 conterere
2540 1629 2633 1667 cor
2679 1620 2917 1669 recusat.
2968 1612 3290 1682 Quotidiana
3351 1622 3534 1670 autem

1934 1698 2185 1773 leviaque
2212 1709 2456 1772 peccata,
2511 1702 2811 1757 secundum
2856 1701 3044 1758 Jacobi
3093 1701 3337 1773 Apostoli
3386 1704 3531 1776 (cap.

235 1778 383 1833 vices
414 1777 540 1834 licet
566 1776 777 1849 indigni
804 1784 1068 1843 tenemus,
1132 1776 1233 1831 etsi
1262 1790 1372 1831 non
1401 1775 1617 1845 merito,
1652 1783 1832 1831 tamen

1952 1804 1995 1855 γ,
2026 1792 2115 1860 16)
2150 1790 2565 1855 hortamentum,
2599 1789 2916 1845 alterutrum
2944 1790 3313 1862 coaequalibus
3358 1775 3535 1863 quoti-

238 1865 455 1920 nomine
484 1873 645 1937 atque
668 1864 829 1920 cilicii
869 1864 1231 1935 susceptione,
1292 1864 1543 1919 eamdem
1590 1871 1833 1934 potesta-

236 1962 346 2010 tem
373 1953 617 2019 donavit,
651 1960 706 2010 et
733 1952 789 2008 in
818 1968 878 2008 se
906 1952 1153 2009 credenti
1180 1951 1415 2007 ﬁdeliter
1454 1951 1587 2007 dixit
1641 1970 1653 2005 :
1707 1953 1839 2008 Fiat

238 2045 338 2099 tibi
357 2042 674 2099 secundum
692 2042 862 2111 [idem
886 2046 1044 2097 tuam
1074 2042 1293 2111 (Matth.
1318 2055 1439 2107 vm,
1473 2044 1538 2095 i3
1564 2058 1579 2107 ;
1610 2055 1683 2109 Ix,
1716 2041 1837 2111 22),

239 2132 417 2203 gratia
447 2138 502 2186 et
531 2130 924 2201 omnipotentia
953 2144 1075 2195 sua,
1118 2128 1315 2184 virtute
1363 2128 1536 2185 sancti
1584 2127 1835 2199 Spiritus,

238 2220 331 2291 qui
361 2226 446 2276 est
473 2219 727 2275 remissio
755 2218 998 2275 omnium
1045 2224 1414 2289 peccatorum,
1463 2217 1699 2271 dimittat
1738 2216 1835 2271 tibi

239 2309 425 2364 omnia
451 2316 681 2379 peccata
709 2316 819 2375 tua,
852 2307 1048 2362 liberet
1078 2315 1130 2361 te
1161 2306 1231 2361 ab
1260 2305 1409 2361 omni
1425 2305 1591 2373 malo,
1615 2320 1841 2361 conser-

242 2406 327 2453 vet
357 2398 413 2452 in
442 2397 591 2452 omni
620 2398 787 2462 bono,
821 2404 873 2451 et
901 2396 1160 2468 perducat
1190 2403 1243 2451 te
1269 2394 1341 2449 ad
1369 2394 1536 2451 vitam
1556 2401 1837 2461 aeternam,

241 2495 293 2541 et
322 2486 397 2540 ad
425 2494 742 2542 sanctorum
772 2485 1120 2541 sacerdotum
1152 2484 1504 2549 consortium,
1539 2486 1731 2539 Amen.

306 2574 379 2630 Et
408 2575 553 2646 quia,
589 2574 905 2630 dulcissime
942 2572 1131 2640 frater,
1189 2572 1281 2628 tali
1327 2570 1654 2640 inﬁrmitate,
1706 2570 1844 2627 sicut

243 2665 361 2735 ipse
389 2663 555 2729 nosti,
587 2664 838 2718 detentus
869 2677 1099 2733 corpore
1127 2661 1199 2717 ad
1228 2669 1279 2716 te
1320 2660 1395 2715 ire
1444 2677 1553 2717 non
1598 2675 1841 2732 possum,

242 2753 434 2824 spiritu
463 2760 517 2807 et
546 2752 836 2808 devotione
865 2752 934 2806 ad
965 2760 1017 2807 te
1046 2751 1209 2816 vado,
1250 2759 1304 2805 et
1331 2750 1475 2821 quod
1497 2750 1615 2820 ipse
1656 2763 1848 2819 corpo-

236 2841 428 2897 raliter
455 2856 595 2914 erga
624 2849 676 2896 te
707 2856 959 2911 gererem
988 2840 1181 2910 spiritu
1221 2854 1348 2912 ago,
1385 2846 1437 2894 et
1453 2854 1554 2910 per
1568 2837 1850 2894 commini-

242 2938 387 2986 stros
415 2945 480 2986 ac
511 2929 992 3000 compresbyteros
1024 2934 1240 2983 nostros
1270 2928 1325 2982 in
1355 2935 1408 2983 te
1437 2927 1528 3000 agi
1541 2924 1846 2997 c0rporali-

241 3028 324 3076 ter
352 3034 526 3091 posco
586 3036 600 3072 :
643 3017 863 3072 mittens
907 3033 1070 3072 manu
1117 3032 1258 3082 mea,
1309 3023 1531 3073 secutus
1575 3016 1843 3085 majorum

240 3109 517 3179 exempla,
550 3106 607 3162 in
637 3122 800 3161 manu
828 3106 983 3161 istius
1027 3106 1332 3177 presbyteri
1378 3105 1560 3160 oleum
1606 3103 1848 3159 sanctiﬁ—

241 3206 448 3263 catum,
481 3204 542 3251 ut
570 3197 734 3251 etiam
764 3195 1030 3266 obsequio
1059 3210 1184 3250 meo
1214 3209 1310 3265 per
1339 3194 1456 3262 ejus
1495 3192 1845 3259 mentionem,

240 3286 481 3357 Spiritus
511 3285 685 3340 sancti
730 3283 924 3354 gratia,
995 3283 1086 3354 qui
1154 3290 1237 3337 est
1302 3281 1556 3337 remissio
1611 3281 1852 3337 omnium

240 3381 624 3445 peccatorum,
656 3370 1055 3444 indulgentiam
1101 3370 1378 3442 percipias
1424 3369 1668 3426 omnium
1708 3368 1851 3425 deli-

242 3471 482 3527 ctorum,
517 3468 573 3516 et
602 3461 945 3517 consortium
966 3467 1280 3514 sanctorum
1296 3458 1700 3529 episcoporum.
1746 3457 1853 3513 Ve-

240 3550 320 3605 lut
348 3567 421 3606 ex
452 3548 731 3620 superﬂuo
763 3549 1019 3619 denique,
1054 3548 1313 3619 quoniam
1342 3548 1463 3603 haec
1482 3554 1535 3601 te
1552 3545 1853 3618 egissenon

239 3638 457 3703 dubito,
522 3638 720 3693 bonam
777 3637 1124 3693 devotionem
1180 3643 1331 3691 tuam
1389 3648 1729 3703 commoneo,
1797 3640 1856 3688 ut

238 3735 450 3799 praeter
474 3726 639 3781 istam
667 3725 989 3798 generalem
1034 3723 1454 3791 confessionem,
1506 3739 1737 3795 quasque
1785 3722 1855 3777 ab

240 3817 470 3872 ineunte
502 3822 682 3879 aetate,
713 3830 888 3886 usque
918 3814 987 3869 ad
1015 3814 1160 3869 hanc
1185 3813 1244 3866 in
1274 3828 1382 3884 qua
1410 3826 1555 3868 nunc
1582 3812 1761 3883 degis,
1804 3817 1857 3866 te

240 3903 599 3961 commisisse
632 3903 945 3975 cognoscis,
978 3900 1292 3972 specialiter
1320 3916 1383 3957 ac
1414 3899 1726 3973 singillatim
1742 3900 1859 3955 Deo

238 4002 299 4049 et
327 3991 610 4050 sacerdoti
632 4001 817 4064 satage
848 3989 1132 4057 conﬁteri;
1163 3998 1216 4045 et
1262 3990 1392 4043 dum
1439 3988 1860 4059 unumquodque

245 4083 469 4139 erroris
498 4080 576 4136 tui
605 4080 1072 4151 inquinamentum
1122 4077 1439 4151 singillatim
1488 4075 1762 4133 conﬁteris
1810 4085 1862 4131 et

244 4171 449 4239 deﬂes,
480 4167 644 4225 simul
673 4176 727 4223 te
753 4168 823 4223 de
850 4167 1102 4223 omnibus
1123 4175 1365 4223 actorum
1385 4165 1648 4236 lacrymis
1706 4179 1862 4218 mun-

244 4260 371 4316 des.
405 4258 571 4314 Unde
599 4256 798 4313 dicitur
825 4272 923 4328 per
952 4256 1278 4327 PrOphetam
1311 4273 1324 4309 :
1360 4256 1669 4311 Divisiones
1694 4269 1866 4325 aqua-

248 4365 388 4403 rum
409 4346 659 4402 deduxit
688 4346 874 4403 oculos
896 4360 1054 4401 meus
1088 4345 1266 4415 (Psat.
1291 4359 1499 4410 cxvm,
1539 4343 1684 4413 136).
1724 4341 1868 4397 Divi-

1940 1877 2030 1933 die
2054 1877 2363 1934 conﬁtenda
2395 1886 2541 1933 sunt.
2574 1877 2707 1947 Quae
2736 1878 3045 1950 quotidiana
3065 1894 3255 1935 eorum
3294 1880 3539 1936 oratione

1939 1983 2060 2021 cum
2093 1965 2417 2038 quotidianis
2471 1967 2578 2038 piis
2625 1966 2836 2023 actibus
2884 1967 3161 2023 credenda
3207 1976 3333 2024 sunt
3374 1984 3538 2023 mun-

1939 2054 2079 2121 dari,
2115 2054 2161 2109 si
2209 2070 2333 2111 cum
2381 2054 2715 2125 benignitate
2757 2055 2957 2111 mentis
2986 2055 3042 2110 in
3072 2055 3320 2112 oratione
3342 2055 3534 2113 Domi-

1941 2142 2064 2199 nica
2093 2142 2358 2199 veraciter
2385 2142 2583 2198 dicitur
2614 2160 2630 2197 :
2662 2144 2899 2199 Dimitte
2930 2144 3086 2200 nobis
3102 2144 3286 2200 debita
3315 2148 3532 2213 nostra,

1942 2233 2093 2289 sicut
2122 2236 2177 2287 et
2215 2248 2317 2289 nos
2365 2231 2708 2289 dimittimus
2729 2232 3066 2290 debitoribus
3127 2234 3337 2289 nostris
3376 2232 3531 2304 (Luc.

1943 2335 2024 2387 χι,
2081 2321 2157 2390 4).

2015 2408 2203 2463 Frater
2251 2407 2592 2474 charissime,
2643 2408 2713 2464 de
2778 2408 3092 2480 quotidiana
3158 2409 3542 2467 communione

1945 2496 2192 2568 corporis
2222 2504 2275 2552 et
2323 2497 2605 2568 sanguinis
2652 2496 2869 2552 Domini
2916 2497 3091 2553 nostri
3148 2499 3280 2554 Jesu
3343 2497 3544 2555 Christi

1945 2584 2057 2640 noli
2086 2592 2138 2639 te
2167 2600 2420 2640 securare
2465 2592 2523 2639 ut
2578 2584 2821 2657 quotidie
2868 2592 2921 2640 te
2970 2585 3059 2640 illa
3104 2600 3213 2641 non
3261 2586 3474 2642 munias
3526 2603 3540 2642 :

1947 2680 2217 2746 quatenus
2263 2688 2360 2744 per
2404 2672 2543 2729 hanc
2594 2674 3031 2729 communionem
3080 2682 3548 2731 sacramentorum

1948 2762 2064 2831 ejus
2091 2777 2258 2815 unum
2286 2759 2518 2817 effectus
2547 2777 2669 2816 cum
2699 2777 2785 2832 eo,
2818 2761 2874 2817 in
2905 2778 3012 2834 quo
3057 2763 3312 2835 princeps
3356 2763 3546 2820 mundi

1946 2850 2175 2905 veniens
2200 2848 2334 2904 nihil
2383 2865 2541 2904 suum
2593 2849 2818 2916 invenit,
2869 2858 2922 2905 et
2971 2848 3148 2906 ﬁdelis
3195 2852 3251 2907 in
3297 2852 3548 2909 omnibus

1948 2938 2131 2993 verbis
2180 2937 2310 3004 suis,
2355 2946 2409 2993 et
2456 2945 2676 2994 sanctus
2723 2938 2779 2993 in
2828 2939 3082 2995 omnibus
3123 2940 3382 3012 operibus
3432 2941 3546 2998 suis

1949 3027 2082 3083 dixit
2110 3044 2125 3083 :
2163 3027 2267 3096 Qui
2286 3026 2599 3082 manducat
2614 3043 2846 3084 carnem
2869 3044 3055 3084 meam
3077 3033 3132 3083 et
3154 3029 3291 3085 bibit
3316 3031 3550 3102 sangui-

1951 3133 2083 3173 nem
2113 3132 2323 3181 meum,
2354 3117 2419 3171 in
2440 3131 2528 3171 me
2550 3119 2749 3172 manet
2767 3120 2823 3172 et
2841 3132 2936 3188 ego
2958 3117 3022 3172 in
3043 3133 3102 3173 eo
3126 3118 3309 3187 (Joan.
3334 3133 3412 3185 vt,
3433 3119 3548 3190 57),

1952 3206 2021 3259 ab
2052 3205 2200 3260 omni
2231 3205 2389 3260 hoste
2416 3204 2675 3271 munitus,
2738 3220 2961 3261 securus
3017 3205 3086 3260 ad
3143 3206 3440 3262 conditoris
3498 3215 3553 3263 et

1951 3293 2313 3365 redemptoris
2342 3309 2406 3349 ac
2438 3292 2724 3349 salvatoris
2751 3293 2827 3348 tui
2848 3294 3193 3365 praesentiam
3235 3294 3440 3352 venias.

2434 3404 2777 3463 EPISTOLA
2844 3406 3072 3463 XXVII.

2436 3524 2510 3564 AD
2538 3522 2833 3565 ADBIANUM
2859 3524 3064 3565 ΡΑΡΛΠ.

1955 3624 2268 3698 Respondet
2305 3624 2377 3679 ad
2408 3639 2530 3698 qua:
2561 3625 2828 3698 pontifex
2848 3623 2914 3679 de
2937 3640 3106 3697 regno
3137 3625 3393 3698 Lotharii
3413 3632 3471 3685 et
3488 3627 3555 3685 de

2203 3696 2497 3751 Hincmari
2516 3697 2737 3767 nepotis
2777 3711 2951 3752 causa
2978 3696 3302 3753 mandarat.

2152 3801 2335 3873 (Apud
2364 3801 2637 3868 eumdem,
2671 3816 2739 3856 ex
2768 3800 3004 3858 editione
3052 3802 3394 3877 Parisiensi.)

2030 3900 2264 3958 Domino
2334 3901 2674 3957 sanctissimo
2720 3909 2773 3958 et
2836 3903 3275 3960 reverentissimo
3341 3906 3561 3963 Patrum

1960 3990 2105 4045 Patri
2132 3993 2413 4061 ADRIANO,
2444 3990 2713 4062 primariae
2761 3990 2910 4047 sedis
2956 3993 3268 4064 apostolica
3330 3992 3559 4051 univer-

1963 4078 2093 4135 salis
2120 4077 2384 4135 Ecclesias
2411 4094 2590 4150 papae,
2622 4081 2971 4147 anciunus,
3022 4082 3263 4151 nomine,
3297 4099 3408 4139 non
3451 4099 3559 4140 me-

1962 4166 2083 4235 rito,
2116 4168 2450 4222 Rhemorum
2479 4168 2791 4239 episcOpus,
2822 4184 2889 4224 ac
2914 4169 3092 4239 plebis
3137 4170 3241 4226 Dei
3300 4171 3559 4228 famulus.

2036 4254 2388 4311 Excellentiae
2414 4263 2612 4312 vestrae
2643 4256 2936 4311 auctoritas
2965 4273 3144 4329 nuper
3179 4274 3278 4314 xxv
3326 4260 3559 4318 Kalend.

1965 4343 2314 4411 Novembris,
2346 4343 2535 4399 indict.
2570 4359 2646 4414 tv,
2676 4344 2807 4399 mihi
2835 4361 2937 4415 per
2963 4344 3179 4417 legatos
3208 4363 3337 4402 suos
3375 4349 3562 4404 multis

248 4452 377 4492 sam
406 4434 616 4507 quippe
663 4450 730 4490 ex
777 4433 949 4490 oculis
998 4448 1199 4505 aquam
1248 4432 1587 4497 deducimus,
1649 4428 1866 4502 quando
1967 4440 2019 4488 et
2046 4432 2264 4504 magnis
2292 4431 2749 4504 increpationibus
2779 4433 3062 4503 repletam,
3115 4435 3252 4491 sicut
3297 4435 3402 4491 sibi
3446 4436 3565 4507 pla-

246 4524 503 4597 peccatis
553 4522 785 4595 singulis
832 4522 1150 4592 dispertitas
1218 4519 1488 4592 lacrymas
1553 4518 1860 4576 conﬁtendo
1881 4513 1934 4574 D
1964 4518 2092 4589 cuit,
2125 4520 2271 4575 misit
2320 4520 2624 4591 epistolam.
2677 4521 2758 4576 De
2802 4521 3021 4594 quibus,
3067 4530 3123 4577 ut
3169 4522 3273 4578 viri
3321 4522 3559 4596 ﬂagellis

249 4612 609 4668 exhibemus.
641 4610 774 4679 Quae
801 4609 1118 4681 singillatim
1148 4609 1217 4664 de
1273 4608 1505 4681 singulis
1559 4606 1730 4664 semel
1776 4621 1864 4662 sa—

250 4700 481 4758 cerdoti
506 4698 706 4755 sufﬁcit
733 4698 1008 4755 confessio
1038 4697 1203 4763 facta,
1237 4697 1283 4753 si
1311 4705 1434 4768 post
1460 4698 1600 4753 hanc
1645 4694 1866 4752 confes-

251 4785 501 4849 sionem,
531 4791 588 4840 et
614 4798 714 4855 per
732 4783 1074 4840 sacerdotale
1096 4782 1383 4839 consilium
1405 4781 1864 4848 emendationem,

252 4890 375 4930 non
401 4872 611 4929 fuerint
639 4873 833 4928 iterata
860 4879 1105 4944 peccata.
1139 4870 1391 4941 Quotidie
1419 4879 1601 4926 tamen
1632 4870 1701 4926 de
1750 4868 1867 4925 sin-

253 4962 413 5036 gulis
440 4960 765 5035 singillatim
794 4977 919 5017 cum
946 4960 1153 5032 gemitu
1200 4958 1288 5015 vel
1333 4958 1586 5031 lacrymis
1635 4959 1692 5013 in
1738 4972 1868 5013 ora-

256 5051 419 5107 tione
445 5051 569 5107 Deo
615 5058 702 5106 est
747 5049 995 5107 facienda
1042 5047 1337 5117 confessio,
1380 5056 1440 5103 ut
1484 5047 1561 5104 ita
1604 5045 1870 5104 conﬁtens

256 5139 510 5196 Domino
539 5155 665 5196 cum
695 5138 984 5195 Psalmista
1013 5137 1197 5195 dicere
1228 5136 1403 5209 possit
1427 5154 1441 5191 :
1465 5137 1721 5209 Amplius
1745 5136 1872 5191 lava

258 5244 362 5284 me
388 5230 457 5284 ab
479 5230 787 5299 iniquitate
801 5244 949 5294 mea,
975 5231 1032 5282 et
1061 5244 1097 5282 a
1112 5229 1344 5299 peccato
1367 5241 1489 5281 meo
1506 5224 1722 5281 munda
1759 5238 1868 5280 me.

261 5317 555 5385 Quoniam
576 5316 946 5388 iniquitatem
966 5331 1152 5371 meam
1172 5330 1267 5387 ego
1287 5330 1571 5385 cognosco,
1602 5317 1660 5369 et
1680 5327 1877 5385 pecca-

264 5410 399 5461 tum
436 5422 630 5461 meum
650 5408 852 5461 contra
871 5421 961 5460 me
983 5407 1067 5460 est
1086 5420 1308 5476 semper
1327 5404 1502 5474 (Psat.
1527 5417 1577 5469 L,
1610 5403 1688 5467 3).
1713 5400 1768 5456 Si
1788 5416 1878 5457 auo

262 5501 387 5549 tem
415 5493 678 5566 quiddam
708 5493 1025 5563 subreptum
1044 5491 1209 5551 fuerit
1227 5491 1297 5547 de
1318 5491 1402 5546 his
1422 5506 1543 5562 quae
1563 5506 1661 5561 per
1679 5489 1877 5563 dignos

260 5590 615 5664 paenitentia
642 5589 855 5647 fructus
883 5588 1061 5646 deleta
1089 5596 1232 5658 sunt,
1265 5585 1658 5646 recurrendum
1686 5592 1771 5643 est
1808 5586 1879 5643 ad

1963 4608 2159 4675 eruditi
2187 4608 2369 4664 verbis
2397 4615 2537 4677 utar,
2574 4617 2837 4682 quantum
2885 4610 2956 4666 ad
2998 4611 3295 4665 humanum
3344 4619 3561 4682 spectat

1959 4697 2223 4768 judicium
2256 4714 2269 4752 :
2304 4698 2423 4754 Non
2460 4701 2686 4768 viroqui
2705 4699 2911 4755 similis
2953 4700 3066 4754 mei
3086 4703 3171 4755 est
3198 4700 3558 4772 respondebo,

1966 4802 2070 4842 nec
2101 4786 2197 4858 qui
2229 4802 2452 4842 mecum
2472 4789 2533 4843 in
2546 4787 2764 4859 judicio
2790 4788 2969 4860 possit
2981 4788 3173 4843 audiri
3188 4806 3208 4843 :
3228 4804 3334 4844 nec
3356 4792 3443 4845 est
3460 4792 3559 4863 qui

1966 4878 2271 4945 utrumque
2284 4876 2471 4931 valeat
2490 4891 2744 4947 arguere,
2771 4879 2827 4930 et
2841 4890 3048 4947 ponere
3059 4892 3296 4932 manum
3312 4893 3479 4933 suam
3493 4878 3559 4934 in

1967 4962 2227 5018 ambobus
2281 4963 2397 5035 (Job
2428 4978 2509 5028 ιχ,
2537 4966 2625 5027 31,
2668 4964 2797 5032 32);
2846 4970 2899 5017 et
2957 4980 2970 5016 :
3021 4964 3079 5019 Si
3122 4966 3340 5022 locutus
3373 4968 3558 5038 fuero,

1968 5068 2084 5108 non
2104 5052 2348 5125 quiescet
2365 5052 2520 5108 dolor
2553 5066 2742 5118 meus;
2760 5055 2816 5106 et
2826 5051 2877 5106 si
2890 5055 3136 5120 tacuero,
3157 5070 3271 5111 non
3289 5055 3508 5111 recedet
3528 5072 3566 5110 a

1968 5156 2058 5195 me
2090 5142 2337 5209 (Jobxvr,
2369 5141 2445 5209 ’7).
2477 5141 2772 5211 Propterea
2800 5155 2909 5196 non
2938 5156 3005 5197 ex
3032 5157 3191 5215 raquo
3248 5142 3319 5198 ad
3358 5141 3560 5209 omnia,

1972 5228 2068 5284 sed
2098 5229 2168 5284 ad
2198 5227 2443 5300 quaedam
2471 5228 2540 5282 de
2564 5228 2649 5282 bis
2697 5245 2820 5301 quas
2867 5230 3183 5301 scripsistis,
3234 5230 3303 5286 de
3371 5230 3568 5301 quibus

1972 5325 2157 5374 tacere
2187 5332 2297 5372 non
2325 5316 2522 5383 audeo,
2553 5316 2708 5373 brevi
2738 5325 2791 5373 et
2817 5318 3009 5374 humili
3039 5333 3292 5375 sermone
3320 5318 3453 5375 mihi
3486 5326 3573 5377 est

1975 5405 2437 5477 respondendum.
2462 5403 2599 5473 Quia
2628 5405 2923 5478 scripsistis
2943 5422 3032 5465 me
3053 5405 3328 5463 reminisci
3348 5406 3574 5480 debere,

1977 5496 2024 5551 si
2051 5510 2286 5565 unquam
2316 5493 2559 5565 epistolis
2599 5509 2708 5550 non
2759 5496 3085 5567 rescriptum
3133 5496 3219 5566 sit,
3273 5503 3327 5553 et
3373 5512 3577 5556 conve-

1977 5583 2253 5641 nientibus
2281 5582 2561 5655 responsis
2590 5584 2659 5640 de
2687 5583 2923 5656 negotiis
2951 5584 3021 5641 de
3051 5584 3248 5657 quibus
3316 5586 3581 5661 agebatur
