4004 6176
579 202 685 278 17s

1577 197 1918 254 HINCMARI
1955 193 2356 253 RHEMENSIS
2393 195 2948 254 ARCHIEPISCOPI.
3729 211 3808 262 176

578 325 890 396 apostolicae
917 324 1033 382 sedi
1061 323 1372 390 remissum,
1408 323 1544 378 sicut
1571 339 1657 378 me
1685 339 1783 394 pro
1815 329 1997 378 vestro
2045 337 2180 378 con-
2207 321 2264 380 A
2285 321 2370 374 vel
2397 337 2505 375 non
2537 323 2841 378 resistendo
2891 323 3245 390 consenserit,
3305 341 3414 381 non
3452 327 3558 395 jam
3617 333 3808 398 pastoris

577 423 780 486 temptu
811 413 1007 470 fecisse
1053 413 1268 483 penitus
1309 419 1538 478 constat,
1590 411 1806 482 quando
1852 427 2025 481 nuper
2071 425 2170 480 per

575 503 724 559 viros
755 503 953 558 missos
983 501 1040 556 in
1072 501 1367 556 Galliarum
1397 508 1580 570 partes
1614 499 1868 569 epistolas
1899 507 2007 554 tam
2038 499 2169 552 mihi

578 607 744 663 quam
773 591 892 646 aliis
909 590 1240 656 destinastis,
1272 597 1322 643 et
1349 587 1552 642 nullum
1583 587 1708 642 inde
1739 603 2060 658 responsum
2078 603 2168 641 re-

575 681 814 753 cepistis.
841 678 1124 734 Humiliter
1147 692 1404 749 suggero,
1439 677 1562 746 quia
1609 691 1886 746 nunquam
1907 691 2004 745 per
2033 691 2168 730 con-

571 777 836 840 temptum
851 783 884 824 a
905 767 1049 822 sedis
1066 765 1377 836 apostolicae
1389 763 1839 835 praeceptionibus
1861 763 2091 826 deviavi,
2118 770 2170 818 et

567 859 623 913 in
655 865 832 914 vestra
862 854 1088 926 epistola
1111 869 1209 924 per
1237 861 1693 909 commemoratos
1717 852 1913 908 missos
1935 859 2166 916 vestros,

571 946 794 1000 Paulum
845 943 1049 998 scilicet
1099 951 1150 996 et
1181 942 1420 996 Leonem
1469 940 1814 996 venerabiles
1857 940 2166 1010 episcopos,

566 1031 844 1103 pusillitati
875 1047 1012 1086 mea:
1041 1031 1250 1085 directa
1279 1029 1572 1100 scripsistis
1595 1029 1724 1100 quid
1755 1028 1880 1082 inde
1919 1043 2164 1099 agerem,

569 1121 666 1176 sed
695 1136 804 1176 non
832 1118 1128 1190 scripsistis
1158 1127 1216 1172 ut
1245 1117 1370 1172 inde
1419 1117 1574 1172 vobis
1623 1117 2001 1172 rescriberem.
2055 1116 2167 1170 Ve-

565 1217 870 1265 rumtamen
929 1207 1139 1262 eisdem
1187 1205 1369 1260 missis
1417 1205 1614 1260 vestris
1660 1205 1844 1260 verbis
1889 1203 2166 1274 respondi,

561 1313 663 1369 pro
693 1298 902 1352 viribus
931 1295 1338 1363 mejussionem
1359 1303 1598 1348 vestram
1625 1301 2027 1348 exsecuturum.
2063 1291 2167 1364 Egi

561 1395 740 1440 autem
791 1383 986 1438 exinde
1046 1389 1304 1454 quantum
1359 1381 1524 1446 valui,
1567 1389 1617 1435 et
1705 1389 1964 1452 quantum
2035 1379 2168 1434 mihi

564 1474 838 1547 agendum
867 1487 989 1527 esse
1018 1469 1401 1558 viderepotui,
1437 1477 1488 1523 et
1518 1469 1662 1540 quod
1713 1485 1799 1524 me
1845 1485 2012 1540 agere
2057 1484 2168 1524 non

563 1579 727 1634 posse
759 1561 887 1626 vidi,
921 1561 990 1614 ad
1019 1559 1303 1631 potestatis
1333 1567 1527 1614 vestra:
1555 1558 1926 1613 auctoritatem
1957 1565 2166 1612 tracta-

2273 409 2370 464 sed
2400 411 2724 465 mercenarii
2769 413 2986 466 nomine
3037 429 3096 467 se
3145 415 3356 468 noverit
3403 417 3722 484 censendum,
3767 428 3806 474 et

2271 498 2398 568 quia
2439 499 2550 567 jam
2599 515 2706 554 non
2755 501 3040 570 pertinebit
3087 503 3156 556 ad
3193 519 3314 556 eum
3363 502 3428 557 de
3475 503 3666 572 ovibus,
3721 522 3808 562 non

2269 581 2556 652 pertinebit
2605 593 3006 656 consequenter
3069 586 3136 640 de
3185 586 3546 657 pastoralibus
3611 589 3809 660 dignita-

2271 671 2435 724 tibus.
2489 669 2623 739 Quae
2670 681 2848 727 autem
2897 673 2952 726 in
3022 675 3262 744 epistolis
3319 675 3388 728 ad
3460 675 3718 746 episcopos
3771 689 3811 733 et

2269 775 2566 828 regnorum
2613 760 2878 830 primores
2933 763 3092 834 regni
3149 764 3422 833 quondam
3487 764 3699 819 Lotharii
3749 766 3812 820 di-

2271 848 2431 902 rectis
2477 849 2874 916 contineantur,
2925 851 3123 906 melius
3181 851 3284 921 ipsi
3365 849 3532 916 scitis,
3595 853 3676 923 qui
3735 871 3808 908 eas

2269 935 2497 1006 legistis.
2529 937 2724 992 Audivi
2770 939 2934 994 etiam
2969 941 3116 1011 quod
3161 941 3368 994 similes
3413 941 3659 1010 epistolze,
3703 943 3811 997 sicut

2270 1025 2468 1080 domno
2517 1035 2706 1082 nostro
2749 1027 2966 1094 Carolo,
3019 1036 3072 1082 et
3111 1029 3384 1098 episcopis
3425 1045 3486 1084 ac
3531 1030 3810 1099 primoribus

2270 1115 2421 1186 regni
2451 1115 2620 1184 ipsius
2648 1115 2868 1172 directae
2898 1125 3040 1184 sunt,
3076 1117 3276 1172 domno
3307 1117 3642 1172 nihilominus
3668 1119 3814 1173 Ludo-

2269 1202 2388 1258 vico
2418 1203 2534 1275 regi
2565 1203 2826 1274 glorioso,
2881 1214 2934 1260 et
2981 1205 3253 1276 episcopis
3293 1221 3357 1260 ac
3401 1206 3554 1276 regni
3595 1207 3696 1274 ejus
3728 1207 3814 1276 pri-

2267 1291 2509 1346 moribus
2543 1293 2724 1348 missae
2771 1301 2914 1358 sunt,
2963 1295 3109 1365 quod
3153 1309 3250 1350 vos
3301 1294 3396 1366 qui
3441 1295 3510 1349 de
3538 1309 3692 1368 regno
3729 1296 3818 1364 ejus

2268 1379 2398 1433 estis
2423 1381 2620 1435 certius
2650 1381 2820 1436 scitis.
2861 1382 2988 1436 Mihi
3027 1399 3244 1454 quoque
3289 1384 3488 1454 exiguo
3535 1383 3814 1438 Rhemorum

2267 1468 2524 1540 episcopo
2567 1471 2883 1526 auctoritate
2913 1485 3010 1526 sua
3051 1473 3283 1526 domnus
3309 1471 3632 1543 apostolicus
3649 1472 3817 1543 specia-

2267 1555 2388 1612 liter
2418 1559 2838 1626 commendavit,
2883 1569 2940 1614 ut
2985 1560 3103 1616 vice
3151 1576 3250 1615 sua
3293 1569 3406 1614 tam
3455 1577 3624 1634 reges,
3675 1561 3816 1632 quand

562 1653 709 1708 tione
738 1665 861 1706 mea
889 1647 1093 1704 referre
1125 1647 1331 1712 curavi,
1360 1647 1496 1702 sicut
1526 1655 1578 1701 et
1625 1647 1778 1701 vobis
1819 1646 2166 1702 innotescen—
2193 1678 2245 1738 Β
2271 1653 2499 1701 caeteros
2533 1647 2632 1702 Dei
2679 1663 2744 1702 ac
2789 1649 2976 1702 mundi
3021 1649 3298 1704 ministros
3319 1649 3670 1717 admonendo,
3718 1665 3814 1704 sua-

567 1743 696 1796 dum
729 1741 878 1808 cujus
911 1738 990 1792 rei
1021 1737 1220 1792 exitum
1249 1743 1300 1791 et
1331 1733 1556 1790 effectus
1585 1735 1962 1790 certitudinem
2010 1734 2162 1802 scivi,

570 1829 784 1902 quando
815 1826 1062 1898 praefatas
1089 1825 1478 1894 increpatorias
1507 1824 1712 1878 litteras
1747 1823 1876 1878 mihi
1921 1823 2161 1888 misistis,

565 1919 824 1991 parabam
854 1915 1076 1983 scilicet,
1128 1913 1400 1984 quomodo
1449 1913 1568 1983 ipsa
1613 1913 1719 1978 die,
1771 1912 1990 1984 quando
2053 1911 2166 1982 epi-

567 2007 732 2063 stolas
763 2013 960 2060 vestra:
989 2002 1318 2058 auctoritatis
1347 2001 1479 2056 mihi
1509 2001 1702 2056 Paulus
1731 2009 1784 2055 et
1843 2001 1952 2056 Leo
1994 2017 2164 2056 vene—

566 2095 770 2152 rabiles
800 2091 1043 2165 episcOpi
1073 2091 1341 2146 dederunt
1385 2089 1504 2162 regi
1552 2097 1604 2144 et
1649 2089 1940 2160 episcOpis,
1991 2097 2044 2144 et
2074 2105 2164 2145 re-

565 2199 802 2258 gnorum
829 2180 1178 2253 primoribus,
1211 2179 1302 2252 qui
1333 2187 1440 2233 tam
1480 2179 1548 2232 de
1598 2195 1770 2250 regno
1813 2177 1958 2250 quod
2008 2186 2166 2232 antea

564 2275 797 2330 domnus
827 2270 1048 2326 Carolus
1077 2268 1279 2332 habuit,
1313 2283 1474 2338 quam
1505 2275 1556 2321 et
1584 2267 1651 2320 de
1681 2283 1852 2338 regno
1875 2266 2020 2337 quod
2035 2267 2165 2321 olim

565 2379 664 2417 rex
695 2358 979 2415 Lotharius
1011 2357 1195 2410 habuit
1223 2354 1528 2422 adfuerunt,
1561 2354 1752 2426 relegi,
1785 2361 1838 2410 et
1865 2354 1944 2409 eis
1980 2363 2038 2410 ut
2093 2355 2166 2410 ita

569 2455 848 2505 servarent
877 2445 1194 2501 denuntiare
1213 2443 1416 2498 curavi.

641 2537 736 2593 His
780 2543 960 2591 autem
1011 2533 1230 2605 quidem
1279 2531 1551 2602 episcopis
1601 2531 1756 2602 regni
1804 2529 1948 2602 quod
2004 2539 2164 2587 antea

567 2627 800 2684 domnus
850 2623 1072 2680 Carolus
1119 2619 1654 2684 habuit,detulerunt
1716 2618 2018 2690 epistolam,
2093 2619 2163 2675 ad

565 2735 660 2776 eos
693 2714 1022 2790 generaliter
1051 2711 1310 2766 directam
1341 2709 1631 2764 transmisi.
1679 2709 1913 2780 Indeque
1942 2707 2162 2780 episco-

563 2807 648 2880 pis
679 2815 790 2862 tam
811 2821 876 2860 ex
907 2816 1078 2874 regno
1109 2815 1207 2856 suo
1237 2799 1511 2870 quondam
1537 2797 1796 2864 Lotharii,
1833 2797 1923 2868 qui
1969 2797 2022 2851 in
2070 2799 2165 2852 At-

563 2895 758 2951 tiniaco
781 2893 936 2962 jussu
965 2889 1135 2960 ipsius
1163 2887 1348 2942 domui
1379 2885 1552 2941 Caroli
1573 2885 1721 2956 regis
1763 2893 2156 2952 convenerunt,

567 2981 812 3040 eamdem
864 2976 1145 3048 epistolam
1187 2973 1386 3046 relegi,
1430 2981 1480 3028 et
1527 2973 1750 3044 praefato
1797 2973 1997 3028 domno
2043 2973 2160 3045 regi

563 3070 777 3136 Carolo,
811 3067 908 3122 sed
937 3074 990 3121 et
1037 3063 1307 3135 episcopis
1353 3062 1508 3132 regni
1555 3061 1743 3132 ipsius,
1791 3071 1843 3116 et
1892 3059 2162 3132 episcopis

559 3157 719 3232 regni
751 3156 954 3212 dudum
983 3151 1240 3216 Lotharii,
1276 3158 1330 3206 et
1376 3149 1644 3221 episcopis
1695 3149 1849 3222 regni
1879 3149 2156 3219 Ludovici,

553 3248 652 3304 sed
681 3255 732 3302 et
764 3245 868 3316 ipsi
897 3241 1169 3298 Ludovico
1197 3238 1317 3312 regi
1348 3239 1656 3294 Germania:
1685 3239 1825 3293 hanc
1847 3237 2160 3294 schedulam

555 3353 676 3409 qua:
703 3331 1069 3404 subsequitur,
1094 3337 1216 3400 post
1227 3329 1532 3396 juramenta
1561 3327 1702 3382 inter
1733 3343 1894 3398 reges
1924 3325 2042 3380 sine
2071 3343 2158 3382 me

551 3425 708 3490 facta,
742 3422 888 3478 dedi.
947 3421 1007 3475 In
1039 3434 1142 3491 qua
1173 3417 1250 3473 sic
1305 3415 1632 3472 auctoritatis
1689 3423 1880 3471 vestra:
1943 3430 2156 3486 praece-

542 3513 786 3587 ptionem
817 3510 1004 3576 indixi,
1038 3517 1096 3563 ut
1125 3506 1380 3578 periculis
1399 3505 1805 3560 imminentibus
1825 3519 2156 3560 commemo-

545 3603 694 3668 ratis,
729 3599 1003 3674 quomodo
1037 3597 1115 3652 eis
1145 3596 1388 3661 obviare,
1423 3605 1474 3650 et
1501 3595 1595 3650 illa
1625 3593 1808 3650 omnia
1839 3593 2054 3664 penitus
2102 3601 2156 3648 et

542 3690 762 3747 insimul
794 3703 1144 3746 commovere
1175 3701 1282 3740 non
1313 3693 1574 3754 poteram,
1613 3683 1876 3738 relatione
1925 3682 1994 3736 ad
2051 3698 2154 3735 au-

545 3780 844 3836 ctoritatem
875 3783 1130 3840 vestram,
1165 3782 1217 3828 et
1247 3773 1294 3827 si
1323 3789 1430 3826 nou
1459 3771 1854 3834 resistentibus,
1889 3769 1974 3824 vel
2021 3763 2155 3823 mihi

543 3867 903 3923 consulerem.
941 3863 1062 3933 Ipsa
1120 3868 1302 3915 autem
1342 3859 1619 3925 schedula,
1686 3867 1736 3912 et
1789 3857 2030 3928 regibus,
2099 3864 2153 3912 et

545 3953 838 4025 episcopis,
890 3967 953 4007 ac
1003 3965 1292 4021 regnorum
1335 3947 1664 4019 primoribus
1705 3963 1736 4001 a
1783 3963 1869 4002 me
1927 3946 2151 4002 recitata

542 4049 594 4097 et
621 4041 769 4106 data,
793 4041 866 4094 ita
897 4055 955 4092 se
983 4039 1149 4092 habet
1184 4055 1196 4091 :
1236 4058 1258 4088 at
1308 4037 1553 4091 Domnus
1585 4035 1917 4106 apostolicus
1958 4035 2150 4089 Adria-

544 4147 667 4196 nus,
702 4129 842 4184 sicut
871 4125 1052 4181 multis
1081 4133 1160 4180 est
1191 4125 1488 4197 cognitum,
1531 4133 1582 4180 et
1609 4123 1804 4179 litteris
1835 4124 1966 4191 suis,
2011 4141 2145 4195 quas

541 4234 656 4291 prae
686 4217 937 4272 manibus
965 4197 1159 4280 habeo,
1193 4213 1468 4286 exiguitati
1501 4230 1636 4269 meae
1666 4213 1918 4286 dignatus
1947 4221 2030 4268 est
2073 4213 2148 4267 in-

540 4308 750 4372 timare,
801 4303 1024 4378 regibus
1054 4311 1105 4358 et
1128 4303 1452 4374 praesulibus
1500 4319 1562 4357 ac
1609 4319 1906 4374 regnorum
1934 4301 2143 4374 primo-

2269 1735 2468 1801 dendo,
2499 1751 2562 1791 ac
2591 1735 2932 1806 prohibendo
2963 1753 2994 1792 a
3024 1737 3336 1808 cupiditatis
3351 1737 3436 1794 vel
3459 1738 3682 1793 avaritia).
3699 1738 3814 1802 vitio,

2268 1831 2320 1876 et
2351 1831 2406 1876 ut
2437 1823 2612 1878 aliena
2641 1840 2750 1879 non
2781 1825 3098 1896 suscipiant,
3131 1834 3294 1897 atque
3327 1843 3560 1899 regnum
3589 1826 3814 1897 quondam

2267 1911 2504 1966 Lotharii
2535 1921 2586 1967 et
2617 1913 2864 1968 homines
2891 1913 2944 1967 in
3005 1931 3072 1968 eo
3121 1915 3390 1986 degentes
3435 1931 3542 1970 non
3589 1915 3814 1978 invadant,

2267 2001 2626 2071 comprimant
2655 2011 2708 2056 et
2737 2011 3104 2073 compescant.
3139 2003 3246 2058 Sed
3277 2011 3330 2058 et
3357 2021 3458 2074 per
3493 2005 3680 2058 multos
3717 2011 3760 2058 et
3793 2019 3818 2058 a

2266 2088 2451 2142 multis
2496 2089 2679 2158 audio,
2723 2089 3058 2162 divulgatum
3107 2091 3246 2146 inter
3289 2092 3563 2164 principes
3623 2099 3816 2158 nostros,

2267 2177 2516 2232 dominos
2547 2178 2755 2234 scilicet
2785 2195 2849 2234 ac
2881 2195 3040 2251 reges
3087 2179 3378 2250 gloriosos,
3427 2181 3620 2236 mutuis
3659 2195 3816 2235 sacra-

2265 2266 2461 2320 mentis
2491 2265 2782 2332 tirmatum,
2815 2276 2871 2322 ut
2899 2269 3038 2324 inter
3076 2285 3172 2324 eos
3217 2269 3310 2341 qui
3358 2287 3420 2326 se
3465 2270 3643 2326 dicunt
3681 2269 3818 2340 ipsius

2265 2355 2420 2427 regni
2453 2355 2694 2410 haeredes
2725 2371 2847 2412 esse
2877 2373 3030 2428 aequa
3059 2357 3256 2413 divisio
3283 2358 3457 2428 ipsius
3505 2359 3652 2430 regni
3691 2357 3769 2411 ﬁat
3805 2375 3816 2411 :

2265 2460 2384 2516 quae
2413 2442 2638 2500 firmitas
2671 2445 2716 2498 si
2745 2443 2882 2500 facta
2911 2461 3020 2500 non
3047 2445 3257 2516 fuisset,
3291 2456 3350 2501 ut
3379 2447 3531 2502 multi
3573 2447 3816 2510 affirmant,

2259 2532 2373 2600 jam
2406 2533 2600 2589 seditio
2629 2533 2769 2588 inter
2799 2535 3030 2604 populos
3059 2534 3168 2588 illis
3199 2536 3481 2604 subjectos
3513 2543 3682 2591 exorta
3707 2533 3818 2589 fuis-

2265 2628 2366 2676 set.
2399 2622 2466 2676 Et
2495 2622 2540 2676 si
2569 2621 2686 2692 ipsa
2717 2619 2944 2678 ﬁrmitas
2991 2632 3242 2680 exsecuta
3285 2639 3396 2680 non
3443 2623 3618 2690 fuerit,
3665 2621 3822 2695 prelis

2264 2717 2316 2764 et
2347 2709 2662 2778 seditiones,
2697 2711 2833 2767 sicut
2856 2712 2968 2781 jam
3014 2711 3212 2768 fuerint
3263 2721 3385 2784 post
3431 2714 3630 2770 obitum
3667 2710 3821 2767 domui

2261 2797 2519 2854 Ludovici
2587 2799 2951 2870 imperatoris,
3027 2801 3170 2857 inter
3245 2817 3340 2858 eos
3411 2809 3712 2874 exsurgant,
3779 2807 3820 2854 et

2259 2887 2492 2941 maxima
2520 2895 2736 2960 strages
2765 2889 2953 2960 populi
2995 2905 3058 2945 ac
3103 2891 3338 2961 perditio
3377 2892 3678 2946 animarum
3720 2887 3822 2944 inde

2261 2975 2562 3046 proveniet,
2597 2977 2741 3048 quod
2762 2985 2949 3048 postea
2978 2979 3255 3034 emendari
3302 2995 3408 3035 non
3456 2979 3663 3051 poterit.
3701 2977 3822 3046 Qua-

2264 3073 2480 3135 propter
2506 3065 2648 3120 inter
2679 3075 2822 3120 tanta
2853 3074 2904 3122 et
2935 3067 3064 3122 talia
3107 3068 3365 3138 pericula,
3415 3069 3623 3125 scilicet
3665 3064 3821 3122 domui

2262 3152 2544 3222 apostolici
2573 3163 2905 3225 praeceptum
2936 3155 3238 3228 negligere,
3274 3165 3324 3212 et
3344 3167 3562 3228 pactum
3583 3158 3826 3226 juramen-

2261 3241 2331 3294 tis
2357 3241 2413 3295 in
2443 3241 2661 3297 nomine
2691 3243 2907 3298 Domini
2936 3251 2989 3298 et
3019 3253 3330 3300 sanctorum
3359 3247 3481 3315 ejus
3509 3247 3644 3302 inter
3687 3258 3822 3314 reges

2260 3337 2478 3386 nostros
2524 3329 2796 3386 firmatum
2841 3332 3250 3390 dissolvendum
3286 3334 3556 3406 judicare,
3601 3342 3650 3389 et
3697 3331 3822 3388 sedi-

2259 3417 2434 3474 tiones
2461 3419 2787 3491 populorum
2815 3436 2879 3476 ac
2914 3421 3102 3492 praelia
3129 3422 3551 3494 parvipendere,
3583 3431 3634 3479 et
3657 3429 3710 3477 ut
3745 3435 3824 3476 ec—

2259 3505 2551 3562 clesiarum
2581 3517 2823 3564 rectores
2853 3526 2915 3564 ac
2939 3509 3040 3565 viri
3071 3511 3302 3578 nobiles,
3335 3512 3402 3566 de
3451 3511 3635 3567 multis
3677 3507 3822 3581 parti-

2257 3594 2358 3650 bus
2389 3611 2422 3650 a
2465 3597 2694 3669 paganis
2735 3597 2984 3669 impetiti,
3035 3607 3088 3654 et
3136 3599 3252 3655 sine
3297 3616 3428 3673 rege
3479 3617 3544 3657 ac
3587 3597 3822 3672 principe,

2257 3685 2362 3738 nisi
2392 3701 2552 3754 quem
2583 3685 2686 3756 ipsi
2715 3695 2837 3756 post
2867 3693 3098 3742 mortem
3127 3689 3366 3744 Lotharii
3381 3705 3486 3760 pro
3509 3705 3604 3746 sua
3626 3688 3826 3761 quisque

2256 3773 2631 3828 convenientia
2683 3775 2966 3846 elegerint,
3025 3777 3165 3832 sicut
3219 3777 3478 3846 fatentur,
3539 3778 3822 3841 existentes,

2253 3877 2363 3916 non
2395 3860 2628 3918 debeant
2657 3863 2743 3920 vel
2773 3863 2908 3920 sicut
2936 3865 3140 3920 habent
3169 3867 3557 3924 necessitatem
3599 3882 3702 3922 non
3743 3866 3826 3918 ha-

2251 3949 2415 4005 beant
2469 3950 2768 4008 libertatem
2824 3962 3098 4009 rectorem
3146 3954 3371 4027 eligere,
3449 3957 3542 4028 qui
3616 3961 3830 4010 sanctam

2251 4038 2575 4106 Ecclesiam,
2634 4049 2687 4097 et
2741 4057 2835 4097 eos
2892 4051 3054 4114 atque
3110 4043 3568 4100 Christianitatem
3621 4043 3674 4098 in
3749 4041 3827 4096 illo

2249 4143 2422 4198 regno
2451 4128 2836 4184 consistentem
2867 4129 3123 4186 defendat
3153 4139 3206 4186 et
3233 4133 3524 4204 gubernet,
3555 4133 3730 4188 dicere
3743 4146 3829 4184 an-

2249 4215 2403 4272 xians
2435 4217 2553 4272 sine
2607 4218 2852 4290 generali
2879 4220 3230 4276 unanimitate
3279 4221 3663 4293 episcoporum
3689 4217 3828 4290 regni

2250 4305 2432 4360 domni
2461 4305 2660 4374 Caroli,
2695 4307 2891 4380 quibus
2921 4309 3154 4364 domnus
3203 4310 3534 4381 apostolicus
3572 4311 3640 4366 de
3685 4322 3825 4365 causa

539 4397 693 4453 ribus
724 4395 778 4450 in
807 4395 891 4450 his
922 4392 1220 4450 Galliarum
1250 4391 1482 4462 partium
1511 4391 1846 4464 regionibus,
1895 4399 1948 4446 et
1992 4391 2134 4446 inter
2153 4387 2211 4450 D
2240 4395 2400 4468 regni
2427 4395 2682 4462 Lotharii,
2717 4412 2865 4451 suam
2895 4397 3042 4451 misit
3071 4397 3374 4469 epistolam,
3409 4413 3574 4471 quam
3595 4397 3826 4464 eis,sicut

541 4495 742 4544 Cretera
799 4481 1117 4540 auctoritate
1174 4479 1460 4536 ministerii
1507 4481 1590 4535 sui
1619 4480 1908 4547 mandavit,
1941 4487 1996 4536 ut
2051 4495 2140 4535 re-

539 4589 708 4646 gnum
739 4572 1015 4645 quondam
1045 4585 1111 4626 ac
1141 4569 1290 4642 regis
1313 4565 1567 4634 Lotharii,
1589 4569 1732 4641 quod
1753 4569 1954 4625 domno
1975 4568 2141 4640 impe-

540 4663 709 4718 ratori
765 4661 1037 4718 Ludovico
1097 4653 1362 4730 spirituali
1419 4655 1530 4710 tilio
1596 4657 1712 4726 ejus
1795 4657 2140 4713 hereditario

534 4751 659 4819 jure
679 4750 920 4818 debetur,
953 4757 1008 4805 et
1037 4748 1180 4820 quod
1231 4747 1298 4800 ad
1348 4761 1472 4800 eum
1517 4753 1642 4816 post
1687 4753 1916 4800 mortem
1969 4745 2140 4816 ipsius

538 4837 775 4892 Lotharii
804 4839 994 4906 rediet,
1030 4838 1115 4893 vel
1144 4836 1392 4892 homines
1435 4835 1490 4888 in
1538 4849 1604 4888 eo
1651 4833 1934 4904 degentes,
1977 4821 2138 4888 inor-

541 4924 727 4980 talium
755 4925 1193 4992 nullusinvadat,
1227 4925 1406 4980 nullus
1449 4929 1808 4986 commoveat,
1855 4921 2034 4976 nullus
2072 4921 2140 4978 ad

542 5029 604 5069 se
633 5019 861 5068 conetur
889 5012 1180 5069 inﬂectere.
1232 5013 1390 5083 Quod
1437 5013 1483 5067 si
1545 5011 1666 5083 quis
1725 5010 2136 5081 praesumpseri,

541 5117 652 5158 non
681 5099 860 5156 solum
906 5115 1006 5170 per
1049 5117 1160 5157 suae
1200 5103 1531 5158 auctoritatis
1577 5099 1940 5155 ministerium
1985 5098 2139 5153 infir-

539 5189 794 5256 mabitur,
827 5203 1014 5244 verum
1045 5188 1204 5242 etiam
1235 5189 1424 5246 vinclis
1455 5187 1813 5246 anathematis
1847 5187 2138 5260 obligatus,

537 5279 758 5334 nomine
789 5275 1210 5334 Christianitatis
1239 5279 1496 5348 privatus,
1531 5296 1652 5335 cum
1670 5276 1888 5333 diabolo
1907 5276 2140 5349 ξοηιηίηο

539 5365 840 5434 locabitur;
887 5373 940 5422 et
1018 5363 1064 5419 si
1121 5363 1242 5436 quis
1297 5373 1543 5422 nostrum
1598 5367 1666 5423 de
1711 5367 1981 5440 episcopis
2031 5373 2142 5420 tam

539 5451 764 5511 nefaria
809 5453 1125 5512 temeritatis
1186 5458 1460 5510 auctorem
1506 5455 1594 5512 vel
1651 5456 1880 5514 tacendo
1945 5454 2144 5528 fugerit

2237 4483 2370 4538 mihi
2399 4491 2482 4539 est
2511 4493 2844 4556 praeceptum
2876 4527 2890 4553 ,
2922 4486 3115 4550 direxi,
3165 4487 3234 4543 de
3282 4488 3368 4542 his
3417 4505 3538 4560 quae
3579 4483 3820 4559 prtemisi,

2241 4581 2498 4644 quantum
2531 4590 2596 4629 ex
2625 4589 2712 4630 me
2741 4581 2844 4640 est,
2878 4574 3010 4629 nulli
3037 4573 3338 4630 definitioni
3369 4577 3548 4632 audeo
3605 4589 3824 4632 consen—

2239 4661 2358 4730 tire,
2393 4669 2670 4718 reservato
2701 4679 2798 4733 per
2826 4663 3004 4718 omnia
3023 4663 3312 4737 privilegio
3329 4665 3614 4721 sententiae
3659 4659 3828 4719 domui

2239 4765 2412 4821 papae,
2447 4751 2602 4818 cujus
2631 4751 2942 4819 auctoritas,
2974 4751 3020 4806 si
3049 4751 3254 4823 aliquid
3282 4753 3352 4808 de
3381 4753 3516 4808 actis
3561 4751 3827 4823 corrigen-

2239 4837 2369 4891 dum
2397 4837 2572 4904 fuerit,
2619 4838 2990 4896 admonitione
3037 4851 3261 4912 paterna
3308 4841 3568 4914 corriget,
3621 4850 3674 4898 et
3719 4853 3826 4911 quae

2240 4925 2558 4981 stabilienda
2589 4935 2711 4981 sunt
2739 4930 2934 4998 poterit
2955 4930 3236 4987 roborare.
3289 4953 3310 4980 υ

2309 5015 2390 5069 De
2421 5014 2524 5070 hoc
2553 5031 2685 5071 vero
2714 5017 2860 5088 quod
2885 5019 3016 5072 mihi
3037 5019 3332 5090 scripsistis
3349 5021 3630 5077 dicentes:
3659 5043 3680 5071 ι
3705 5017 3830 5087 Quis

2239 5102 2432 5158 melius
2463 5111 2514 5159 te
2543 5104 2710 5173 novit,
2743 5107 2888 5178 quod
2917 5107 3010 5161 filii
3039 5109 3314 5179 quondam
3361 5110 3618 5166 Ludovici
3663 5109 3828 5178 impe—

2241 5191 2456 5262 ratoris,
2486 5192 2542 5248 in
2569 5209 2734 5248 unum
2762 5195 3167 5264 convenientes,
3201 5213 3434 5270 regnum
3461 5198 3600 5254 inter
3645 5214 3704 5253 se
3747 5194 3827 5252 di-

2239 5279 2502 5346 viserunt,
2529 5283 2760 5355 jureque
2783 5283 3017 5352 jurando
3047 5285 3148 5340 sibi
3178 5285 3412 5342 invicem
3453 5287 3826 5358 promiserunt,

2241 5375 2298 5422 ut
2327 5369 2506 5426 nullus
2536 5387 2724 5428 eorum
2768 5389 2997 5444 regnum
3045 5373 3267 5430 alterius
3313 5375 3494 5456 fratris
3539 5377 3638 5432 sibi
3679 5389 3828 5432 usur-

2239 5466 2412 5530 paret,
2445 5467 2538 5516 aut
2569 5460 2786 5517 omnino
2815 5461 3157 5534 pervaderet,
3189 5471 3244 5520 et
3273 5471 3402 5523 tunc
3448 5465 3670 5523 Carolus
3719 5477 3828 5530 rex,
