4004 6176
165 296 281 389 17⁸1

1527 331 1902 390 EPISTOLE.

3335 334 3440 396 1⁷78

157 454 452 527 juramentis
492 455 838 526 contemptis,
882 453 1016 511 illud
1046 470 1274 529 regnum
1314 456 1460 528 quod
1490 455 1744 512 Lothario
1769 457 1824 518 A
1845 457 2145 514 secundum
2184 458 2431 515 ordinem
2472 460 2757 528 Ecclesia,
2791 460 2906 519 sive
2935 459 3078 519 ultro
3105 448 3439 529 confessum,

164 546 475 616 imperatore
503 543 762 599 defuncto
791 544 1013 599 domino
1045 543 1396 599 serenissima
1426 544 1742 615 imperatori

165 634 261 689 ﬁlio
289 634 403 702 ejus
432 633 666 688 debetur
683 632 902 699 invasit,
929 640 980 688 et
996 631 1159 688 ﬁdem
1175 633 1417 688 debitam
1436 633 1696 689 violavit?
1717 655 1738 684 ι

167 721 488 778 Reverentia
544 729 745 776 vestra
787 720 967 776 debita
1023 720 1319 776 humilitate
1377 722 1741 793 respondebo,

165 810 405 883 quoniam
434 809 538 866 etsi
565 810 641 865 ita
669 825 792 864 esse
820 817 879 863 ut
908 808 1145 865 scribitis
1194 810 1413 876 scirem,
1459 826 1582 865 cum
1626 810 1744 881 ipse

162 915 246 954 rex
274 898 506 953 Carolus
532 898 607 953 ita
632 914 757 954 esse
786 913 896 953 non
925 896 1267 967 confiteatur,
1314 912 1416 953 nec
1457 898 1544 953 vel
1582 898 1745 971 legali

161 988 237 1042 vel
287 986 528 1058 regulari
579 986 785 1055 judicio
842 986 969 1041 inde
1006 985 1287 1042 convictus
1346 994 1630 1058 appareat,
1693 995 1746 1042 et

162 1075 328 1130 multis
358 1075 738 1130 attestantibus
768 1073 999 1129 fateatur
1026 1075 1169 1130 hanc
1197 1075 1354 1147 regni
1397 1082 1611 1146 partem
1641 1074 1746 1129 sibi

160 1180 189 1218 a
212 1171 355 1235 patre
384 1162 658 1219 Ludovico
697 1165 965 1235 Augusto,
1016 1178 1286 1218 consensu
1314 1170 1422 1218 tam
1452 1163 1744 1235 episcopo-

162 1267 268 1306 rum
322 1267 491 1323 quam
557 1259 881 1307 caterorum
948 1266 1242 1322 procerum
1315 1251 1475 1307 totius
1530 1250 1746 1323 imperii

164 1339 422 1408 traditam,
467 1347 520 1394 et
567 1354 600 1394 a
628 1338 791 1395 fratre
836 1339 1089 1394 Lothario
1135 1348 1474 1396 sacramento
1527 1340 1744 1411 publice

161 1426 539 1497 confirmatam,
598 1427 938 1499 sequendum
1000 1434 1181 1483 tamen
1253 1427 1384 1483 mihi
1451 1428 1746 1484 arbitrarer

163 1515 291 1587 quod
334 1516 628 1587 pramisso
665 1515 872 1584 judicio
919 1514 1048 1571 dicit
1090 1514 1405 1572 Africanum
1453 1515 1744 1572 concilium

161 1607 293 1673 (can.
329 1605 457 1674 100)
489 1620 505 1658 :
542 1624 565 1654 ι
602 1604 670 1660 Ut
699 1604 877 1676 magis
920 1611 1107 1660 caveat
1151 1603 1441 1676 episcopus
1488 1620 1557 1660 ne
1600 1604 1744 1659 dicat

161 1692 211 1747 in
258 1707 611 1764 quemquam,
660 1691 809 1764 quod
855 1690 974 1746 aliis
1021 1692 1364 1749 documentis
1416 1691 1743 1748 convincere

156 1796 254 1835 non
278 1787 479 1850 potest.
519 1802 542 1828 υ

1840 545 1959 602 sive
1992 555 2324 615 accusatum,
2357 556 2517 620 atque
2548 550 2873 606 convictum.
2912 571 2935 601 ι

1917 633 2053 689 Sunt
2082 635 2225 689 enim
2249 635 2422 709 leges,
2455 646 2508 692 et
2527 653 2785 703 canones,
2810 653 2875 694 ac
2891 639 3113 695 decreta
3135 639 3283 695 sedis
3309 654 3443 711 apo-

1845 721 2049 778 stolica
2076 739 2143 777 ex
2186 724 2389 779 eisdem
2438 726 2734 781 canonibus
2770 727 3134 800 promulgata,
3167 744 3289 799 qua
3317 741 3442 781 ma-

1842 808 2098 865 nifestant
2144 811 2375 883 qualiter
2419 820 2469 867 et
2495 829 2526 867 a
2554 815 2771 886 quibus,
2817 816 2905 871 vel
2934 815 3027 870 ubi
3072 815 3195 887 quis
3249 815 3447 870 debeat

1845 898 2092 954 accusari
2123 900 2209 955 vel
2231 900 2466 970 judicari
2490 920 2504 964 ;
2527 902 2597 957 de
2626 903 2822 973 quibus
2854 912 3074 960 sanctus
3103 902 3440 975 Augustinus

1844 985 1901 1040 in
1928 986 2068 1041 libro
2098 988 2167 1043 de
2197 1003 2329 1044 vera
2360 988 2641 1060 Religione
2671 992 2816 1063 (cap.
2851 993 2942 1063 31)
2974 992 3102 1047 dicit
3130 1009 3145 1045 :
3179 1012 3201 1041 ι
3229 992 3288 1046 In
3317 991 3439 1046 istis

1845 1075 2232 1145 temporalibus
2287 1076 2523 1147 legibus,
2581 1094 2885 1150 quanquam
2938 1079 3007 1135 de
3063 1078 3147 1134 his
3187 1079 3438 1135 homines

1836 1162 2083 1232 judicent
2112 1179 2236 1219 cum
2267 1180 2363 1220 eas
2393 1165 2695 1231 instituunt,
2746 1174 2923 1221 tamen
2970 1183 3093 1223 cum
3122 1167 3323 1222 fuerint
3350 1168 3437 1222 in-

1843 1250 2041 1307 stituta
2083 1260 2246 1325 atque
2294 1252 2538 1320 firmata,
2589 1270 2698 1309 non
2743 1254 2922 1311 licebit
2966 1256 3136 1324 judici
3179 1255 3247 1310 de
3304 1255 3437 1327 ipsis

1836 1338 2104 1407 judicare,
2139 1341 2236 1397 sed
2266 1342 2565 1397 secundum
2596 1342 2762 1413 ipsas.
2793 1364 2815 1392 ι
2849 1344 2916 1397 Et
2944 1351 3161 1399 sanctus
3190 1342 3441 1399 Gelasius

1839 1425 1901 1481 in
1927 1429 2165 1485 decretis
2195 1429 2307 1484 suis
2335 1430 2402 1485 ad
2433 1429 2739 1485 Orientales
2768 1430 3055 1502 episcopos
3080 1448 3094 1486 :
3124 1452 3146 1481 ι
3178 1431 3324 1496 Ideo,
3355 1430 3439 1485 in-

1845 1519 1975 1593 quit,
2010 1524 2236 1574 vocatur
2265 1519 2333 1572 ad
2355 1506 2621 1586 judicium
2649 1527 2797 1574 certa
2819 1534 3159 1592 quacunque
3178 1534 3436 1590 persona,

1842 1615 2019 1675 utaut
2059 1606 2296 1662 fateatur
2332 1607 2565 1676 objecta,
2608 1614 2698 1662 aut
2739 1607 2987 1662 vincatur
3030 1607 3276 1677 objectis.
3318 1627 3341 1656 ι
3374 1607 3444 1661 Et

1842 1696 2037 1751 iterum
2069 1696 2144 1767 (II
2172 1698 2295 1766 Reg.
2330 1696 2427 1764 xu)
2462 1712 2475 1750 :
2513 1716 2535 1746 α
2569 1696 2788 1751 Nathan
2829 1696 3097 1767 propheta
3124 1696 3305 1767 palam
3333 1712 3441 1767 pu-

1772 1811 1826 1871 B
1845 1783 2093 1855 bliceque
2120 1782 2177 1837 in
2208 1782 2344 1839 facie
2373 1783 2523 1854 regis
2551 1784 2721 1869 David
2752 1790 2805 1838 et
2831 1784 3180 1839 commissum
3202 1799 3444 1856 pronun-

219 1869 369 1925 Unde
428 1876 652 1924 sanctus
718 1868 1073 1941 Augustinus,
1132 1867 1225 1940 qui
1281 1867 1460 1924 eidem
1511 1867 1745 1925 concilio
1774 1867 1818 1871 ⁷
1846 1871 1997 1927 tiavit
2026 1887 2294 1937 errorem,
2327 1879 2377 1926 et
2407 1872 2585 1943 ipsum
2636 1867 2989 1927 commissum
3030 1888 3141 1928 non
3172 1872 3356 1939 tacuit,
3390 1880 3445 1928 et

158 1956 454 2013 interfuisse
512 1957 733 2031 legitur,
787 1972 820 2011 a
866 1956 999 2014 sede
1044 1957 1358 2028 apostolica,
1411 1957 1572 2013 beato
1614 1957 1743 2013 Ca-

158 2046 332 2101 lestiuo
392 2046 648 2111 docente,
709 2056 811 2115 pro
864 2045 972 2101 vita
1030 2061 1125 2100 sua
1189 2052 1354 2117 atque
1419 2045 1627 2101 meritis
1681 2060 1745 2101 ac

157 2150 336 2207 magna
366 2134 602 2189 scientia
631 2134 772 2188 inter
798 2133 1093 2207 magistros
1140 2133 1374 2204 optimus
1416 2134 1654 2198 habitus,
1688 2133 1741 2188 in

156 2222 279 2278 libro
304 2222 378 2278 de
411 2221 735 2277 Posuitentia
756 2222 883 2276 dicit
914 2223 1135 2291 (homil.
1161 2225 1249 2287 50,
1270 2239 1393 2295 cap.
1429 2224 1523 2292 3):
1560 2244 1583 2273 ι
1617 2222 1741 2277 Ple-

157 2311 293 2382 rique
320 2310 458 2367 boni
492 2309 783 2365 Christiani
821 2318 1114 2382 propterea
1162 2317 1362 2377 tacent,
1396 2319 1449 2365 et
1479 2309 1745 2366 sufferunt

157 2400 310 2455 aliena
339 2407 577 2471 peccata
607 2415 730 2470 qua
759 2407 1043 2465 noverunt,
1077 2399 1201 2471 quia
1229 2399 1568 2456 documentis
1597 2415 1743 2471 sape

153 2488 488 2554 deseruntur,
522 2495 575 2543 et
604 2503 668 2544 ea
700 2504 822 2559 qua
848 2486 953 2559 ipsi
982 2488 1160 2544 sciunt
1187 2488 1458 2544 indicibus
1475 2488 1743 2545 ecclesia-

150 2577 280 2634 sticis
306 2577 558 2648 probare
588 2592 700 2632 non
728 2584 976 2647 possunt.
1012 2574 1271 2645 Quamvis
1302 2576 1447 2631 enim
1476 2593 1606 2633 vera
1637 2577 1743 2632 sint

155 2666 416 2737 quadam,
472 2681 584 2720 non
635 2672 819 2720 tamen
855 2665 1025 2734 judici
1069 2665 1226 2721 facile
1270 2665 1546 2721 credenda
1595 2673 1741 2732 sunt,

153 2755 243 2809 nisi
268 2754 443 2811 certis
471 2753 689 2810 indiciis
718 2754 1177 2809 demoustrentur.
1222 2754 1337 2808 Nos
1365 2769 1498 2809 vero
1525 2770 1557 2808 a
1585 2768 1743 2810 com-

154 2844 399 2900 munione
428 2859 761 2915 quemquam
782 2842 1074 2913 prohibere
1095 2857 1204 2897 non
1218 2858 1530 2913 possumus,
1555 2857 1745 2913 quam-

151 2933 222 2987 vis
249 2933 365 2988 hac
416 2931 713 3003 prohibitio
757 2931 1000 2987 nondum
1029 2930 1099 2985 sit
1127 2930 1390 2997 mortalis,
1437 2931 1536 2985 sed
1564 2930 1743 2986 medi-

151 3020 344 3088 cinalis,
402 3020 510 3076 nisi
551 3028 641 3074 aut
686 3026 879 3090 sponte
922 3018 1253 3089 confessum,
1284 3027 1381 3074 aut
1402 3018 1584 3091 aliquo
1628 3019 1744 3075 sive

152 3109 410 3175 saeculari,
445 3109 562 3163 sive
590 3107 963 3164 ecclesiastico
987 3107 1193 3177 judicio
1213 3106 1551 3164 nominatum
1580 3115 1744 3179 atque

152 3198 467 3254 convictum.
498 3196 636 3267 Quis
652 3196 811 3252 .enim
839 3196 943 3250 sibi
970 3204 1258 3268 utrumque
1289 3197 1451 3252 audet
1493 3210 1745 3252 assume-

150 3302 219 3351 re,
248 3295 303 3341 ut
330 3286 595 3357 cuiquam
633 3285 752 3356 ipse
798 3285 867 3339 sit
913 3292 1197 3341 accusator
1226 3292 1281 3340 et
1303 3285 1471 3354 judex
1491 3286 1520 3340 ?
1546 3285 1744 3353 Cujus-

150 3376 281 3431 modi
308 3375 564 3448 regulam
593 3374 758 3430 etiam
788 3374 986 3429 Paulus
1014 3374 1294 3445 apostolus
1323 3374 1380 3428 in
1408 3373 1656 3444 Epistola
1675 3374 1745 3430 ad

150 3464 447 3520 Corinthios
476 3463 721 3519 breviter
751 3462 1059 3518 insinuasse
1089 3462 1429 3536 intelligitur,
1461 3478 1583 3519 cum
1615 3463 1743 3534 qui-

151 3552 356 3608 busdam
393 3552 597 3608 talibus
627 3552 1062 3607 commemoratis
1090 3550 1431 3617 criminibus,
1475 3551 1742 3607 ecclesia-

149 3641 251 3696 stici
271 3641 473 3712 judicii
504 3639 736 3696 formam
767 3641 838 3696 ad
866 3641 1051 3695 omnia
1097 3639 1291 3695 similia
1321 3656 1387 3695 ex
1419 3640 1743 3712 quibusdam

150 3729 304 3797 daret,
323 3731 405 3786 ait
438 3746 451 3785 :
484 3730 702 3801 Scripsi
721 3730 868 3785 vobis
884 3731 948 3784 in
966 3729 1232 3802 Epistola,
1254 3744 1371 3785 non
1390 3729 1744 3785 commisceri

145 3820 488 3888 fomicariis,
566 3827 621 3873 et
663 3817 871 3890 reliqua
915 3818 962 3888 (Ι
996 3820 1115 3874 Cor.
1150 3832 1206 3883 v,
1240 3821 1332 3884 9);
1364 3825 1418 3873 et
1453 3816 1743 3889 aliquando

149 3916 259 3977 post
289 3926 304 3963 :
336 3910 404 3965 Si
431 3908 561 3981 quis
582 3910 772 3978 frater
799 3907 1130 3963 nominetur
1153 3910 1256 3963 aut
1283 3907 1620 3979 fornicator,
1640 3910 1746 3961 aut

148 4012 338 4069 rapax,
372 4014 513 4053 cum
543 3996 819 4068 ejusmodi
848 4012 952 4052 nec
985 3996 1170 4052 cibum
1204 3995 1426 4069 quidem
1446 3995 1620 4051 simul
1640 4011 1740 4051 su-

146 4087 291 4141 mite.
319 4086 468 4155 Quid
488 4086 647 4141 enim
666 4085 811 4140 mihi
824 4085 889 4140 de
911 4084 1002 4140 his
1020 4085 1116 4157 qui
1130 4086 1271 4155 foris
1290 4088 1430 4140 sunt
1447 4084 1742 4155 iudicare?

147 4189 322 4230 nonne
354 4176 428 4230 de
458 4175 549 4229 his
587 4189 712 4246 quae
744 4177 881 4229 sunt
914 4174 1071 4229 inter
1106 4189 1197 4229 vos
1229 4173 1632 4245 judicatis?de
1655 4173 1741 4227 his

147 4267 328 4317 autem
365 4264 470 4336 qui
505 4262 651 4333 foris
685 4266 822 4317 sunt
857 4262 1128 4317 Domi-nus
1169 4261 1464 4330 iudicabit.
1507 4261 1741 4331 Auferte

148 4352 351 4406 malum
371 4369 413 4406 α
431 4352 582 4407 vobis
599 4350 736 4422 ipsis
756 4350 934 4421 (ibid.,
958 4353 1043 4418 11,
1072 4354 1157 4416 12,
1182 4352 1289 4418 13).
1324 4347 1533 4417 Quibus
1558 4349 1741 4403 verbis

145 4439 261 4493 satis
294 4440 542 4496 ostendit
562 4454 673 4495 non
702 4446 904 4494 temere
933 4446 1027 4493 aut
1059 4437 1483 4509 quomodolibet,
1522 4437 1619 4492 Sed
1638 4453 1742 4507 per

1845 1959 2188 2016 confessione
2227 1967 2531 2016 correctum
2580 1969 2980 2032 consequenter
3020 1960 3271 2017 absolvit.
3310 1982 3333 2010 ι
3375 1962 3444 2018 Et

1846 2056 2068 2105 sanctus
2096 2047 2404 2104 Bonifacius
2434 2048 2597 2121 longe
2626 2056 2751 2104 ante
2788 2048 3031 2105 decrevit
3066 2066 3080 2104 :
3117 2070 3140 2099 α
3174 2049 3244 2103 Et
3273 2064 3440 2105 accu-

1845 2145 1995 2192 satus
2022 2153 2286 2209 prasens,
2319 2137 2364 2191 si
2393 2136 2634 2204 conﬁdit,
2667 2137 2736 2192 ad
2766 2137 2977 2207 objecta
3024 2137 3375 2207 respondeat.
3414 2159 3436 2187 ι

1844 2226 1967 2281 Non
2014 2225 2406 2299 insurgendum
2451 2240 2584 2299 ergo
2613 2225 2747 2280 mihi
2776 2233 2860 2281 est
2886 2226 3062 2282 visum
3092 2226 3160 2280 ad
3183 2225 3441 2294 judican-
3510 2234 3520 2239 ‘

1845 2314 1973 2369 dum
2020 2314 2171 2368 illum
2220 2313 2313 2385 qui
2356 2329 2467 2368 non
2514 2313 2819 2380 confessus,
2868 2322 2958 2368 aut
3002 2314 3059 2368 in
3102 2313 3285 2384 aliquo
3327 2313 3441 2369 sive

1846 2402 2111 2468 saculari,
2172 2402 2286 2457 sive
2333 2402 2704 2458 ecclesiastico
2754 2402 2960 2471 judicio
3002 2402 3311 2457 nominatus
3359 2408 3444 2457 est

1844 2499 2002 2563 atque
2030 2490 2308 2546 convictus
2342 2508 2356 2545 :
2389 2506 2491 2547 nec
2520 2498 2806 2563 utrumque
2836 2490 2910 2545 fui
2939 2506 3105 2545 ausus
3142 2505 3438 2556 assumere,

1844 2586 1901 2633 ut
1931 2579 2047 2649 ejus
2075 2578 2194 2649 ipse
2223 2578 2397 2633 forem
2427 2586 2477 2634 et
2507 2587 2792 2634 accusator
2821 2585 2875 2633 et
2896 2578 3083 2647 judex.

1914 2668 1995 2723 De
2025 2683 2091 2722 eo
2121 2665 2269 2738 quod
2295 2667 2551 2723 sanctitas
2593 2674 2779 2722 vestra
2825 2666 3103 2738 exiguitati
3132 2682 3271 2722 mea
3298 2666 3440 2722 scri-

1843 2755 1971 2827 psit,
2006 2754 2133 2827 quia
2161 2755 2305 2819 silui,
2339 2763 2391 2810 et
2418 2760 2610 2811 contra
2640 2754 2746 2810 tale
2776 2754 2986 2810 facinus
3029 2754 3219 2810 saltem
3249 2753 3443 2810 leviter

1844 2859 1955 2898 non
1983 2843 2275 2910 insurrexi,
2309 2859 2420 2898 non
2449 2842 2627 2898 solum
2656 2858 2902 2909 consors,
2936 2843 3035 2899 sed
3078 2842 3260 2910 etiam,
3294 2843 3438 2915 quod

1845 2940 1927 2987 est
1973 2932 2228 2996 deterius,
2278 2931 2440 3001 hujus
2482 2931 2786 3003 tyrannidis
2832 2939 3023 2988 auctor
3066 2931 3185 3003 ipse
3227 2931 3437 2997 videor,

1846 3036 1969 3077 cum
1999 3021 2159 3076 venia
2187 3028 2240 3076 et
2266 3036 2400 3091 pace
2430 3028 2627 3076 vestra
2657 3020 3006 3075 sublimitatis
3032 3020 3176 3090 dico,
3209 3021 3333 3093 quia
3353 3018 3438 3076 ille

1845 3108 1939 3180 qui
1966 3108 2105 3164 forte
2136 3110 2239 3164 hac
2268 3108 2543 3179 opinione,
2578 3110 2676 3164 sed
2704 3125 2814 3164 non
2843 3109 3175 3180 cognitione,
3209 3109 3278 3163 ad
3302 3109 3444 3179 inju-

1846 3197 1984 3253 riam
2013 3205 2067 3253 et
2095 3198 2522 3268 increpationem
2562 3213 2744 3253 meam
2786 3198 2941 3253 vobis
2972 3197 3266 3269 suggessit,
3301 3197 3443 3254 scire

1845 3286 2112 3341 debuerat
2141 3294 2336 3342 vestra
2364 3286 2701 3341 auctoritatis
2748 3286 3071 3358 gravitatem
3112 3285 3443 3342 sufﬁcienter
3537 3315 3552 3335 .

1844 3375 2085 3431 recelere
2114 3375 2257 3446 quod
2290 3374 2550 3446 scriptum
2578 3382 2659 3429 est
2693 3392 2706 3428 :
2744 3375 2986 3430 Causam
3033 3391 3201 3446 quam
3226 3377 3440 3430 nescie-

1844 3465 1972 3520 bam
1992 3464 2431 3534 diligentissime
2462 3462 2870 3534 investigabam
2899 3462 3016 3533 (Job
3043 3477 3207 3528 xxix,
3234 3463 3345 3532 16).
3368 3462 3443 3516 Et

1842 3558 1901 3606 ut
1940 3552 2129 3606 beatus
2173 3550 2304 3606 dicit
2350 3550 2643 3622 Gregorius
2690 3550 2903 3621 (Moral.
2953 3564 3075 3613 xIx,
3126 3564 3244 3620 cap.
3299 3549 3435 3620 li):

1848 3661 1870 3691 ι
1906 3640 2041 3695 Cum
2083 3639 2263 3694 omnia
2305 3639 2452 3694 nuda
2498 3646 2551 3694 et
2595 3646 2784 3709 aperta
2831 3637 2938 3691 sint
2984 3637 3154 3693 oculis
3196 3637 3433 3701 Domini,

1843 3736 2025 3784 tamen
2052 3727 2192 3783 mala
2221 3727 2472 3783 Sodoma
2500 3726 2671 3782 noluit
2699 3726 2884 3781 audita
2907 3726 3172 3795 judicare,
3206 3726 3297 3799 qui
3327 3726 3434 3781 ait:

1842 3817 2206 3886 Descendam,
2239 3821 2298 3872 et
2315 3817 2501 3872 videbo
2530 3819 2728 3872 utrum
2748 3817 3052 3872 clamorem
3072 3817 3170 3888 qui
3189 3817 3344 3872 venit
3365 3816 3438 3870 ad

1841 3923 1931 3962 me
1967 3922 2127 3979 opere
2166 3906 2590 3978 compleverint,
2630 3922 2708 3961 an
2730 3920 2857 3979 [non
2902 3909 2987 3961 est
3016 3906 3117 3972 ita,
3147 3908 3215 3960 ut
3256 3907 3434 3961 sciam

1842 3994 2008 4066 (Gen.
2030 4009 2193 4063 xvm,
2226 3997 2338 4064 21).
2373 3992 2732 4064 Omnipotens
2761 3994 2943 4066 itaque
2964 3993 3234 4063 Dominus
3247 4000 3299 4047 et
3319 4008 3436 4048 om-

1839 4083 1931 4138 nia
1961 4081 2159 4147 sciens,
2193 4098 2291 4138 cur
2320 4090 2444 4138 ante
2471 4081 2843 4153 probationem
2873 4081 3027 4152 quasi
3069 4081 3296 4148 dubitat,
3329 4081 3435 4136 nisi

1840 4179 1898 4226 ut
1924 4171 2201 4242 gravitatis
2231 4171 2388 4226 nobis
2419 4171 2727 4241 exemplum
2755 4178 3042 4241 proponat,
3074 4186 3144 4226 ne
3172 4171 3314 4224 mala
3342 4170 3437 4226 ho-

1840 4259 2045 4314 minum
2074 4266 2196 4314 ante
2225 4275 2617 4330 praesumamus
2646 4258 2873 4314 credere
2903 4274 3063 4330 quam
3095 4258 3326 4329 probare
3346 4259 3375 4312 ‘2
3408 4281 3432 4304 ι

1839 4349 1980 4404 Nam
2007 4356 2065 4402 ut
2093 4356 2289 4403 vestra
2317 4346 2616 4419 dignationi
2663 4346 2928 4401 veraciter
2964 4346 3158 4410 fatear,
3200 4362 3302 4401 nec
3330 4362 3432 4401 au-

1841 4445 1976 4503 ctor,
2009 4453 2112 4493 nec
2158 4451 2405 4501 consors,
2452 4450 2556 4491 nec
2587 4450 2887 4490 conscnsor
2930 4433 3091 4489 ullius
3132 4433 3431 4504 tyrannidis

141 4527 397 4592 judicium
428 4527 760 4583 auferendos
790 4543 913 4582 esse
931 4527 1103 4582 malos
1120 4528 1189 4581 ab
1209 4526 1470 4582 Ecclesia
1489 4542 1736 4582 commu-
1764 4518 1816 4578 D
1838 4542 2093 4598 unquam,
2128 4524 2214 4580 vel
2261 4540 2432 4596 usque
2460 4525 2528 4578 ab
2556 4523 2689 4595 ipsis
2734 4522 3017 4578 cunabulis
3054 4523 3310 4577 hactenus
3341 4537 3432 4575 ex-

145 4616 292 4673 nione
307 4634 321 4672 :
338 4626 397 4673 et
416 4617 463 4672 si
484 4632 589 4688 per
601 4616 865 4684 judicium
885 4614 1083 4671 auferri
1104 4630 1212 4670 non
1231 4622 1479 4685 possunt,
1503 4615 1741 4670 toleren-

147 4713 226 4758 tur
249 4707 455 4776 potius,
498 4722 572 4761 ne
606 4720 864 4775 perverse
899 4706 1074 4760 malos
1111 4704 1363 4761 evitando
1403 4704 1629 4776 quisque
1672 4704 1741 4758 ab

144 4791 381 4849 Ecclesia
401 4795 528 4867 ipse
550 4794 861 4862 discedens,
886 4809 982 4849 eos
998 4808 1135 4865 quos
1156 4792 1346 4865 fugere
1381 4793 1594 4849 videtur
1617 4791 1742 4848 vin-

145 4880 238 4935 ciat
256 4883 330 4939 ad
344 4884 686 4954 gehennam.
706 4882 773 4936 Et
788 4882 948 4937 item:
970 4882 1030 4939 Si
1048 4884 1171 4955 quis
1196 4885 1383 4953 frater
1408 4883 1744 4937 nominatur

142 4972 475 5039 fornicator,
497 4974 602 5026 aut
624 4976 836 5043 raptor,
856 4978 909 5025 et
925 4971 1148 5043 reliqua.
1171 4971 1327 5037 Eam,
1346 4970 1538 5042 inquit,
1562 4969 1742 5025 nomi-

143 5060 412 5116 nationem
446 5060 680 5131 intelligi
719 5059 1013 5131 Apostolus
1033 5059 1219 5126 voluit,
1253 5076 1374 5132 qua
1393 5058 1453 5114 fit
1472 5059 1527 5113 in
1547 5074 1743 5131 quem-

141 5163 316 5218 quam,
351 5165 482 5205 cum
512 5149 781 5203 sententia
809 5148 1001 5203 ordine
1024 5148 1313 5217 judiciario
1342 5155 1501 5219 atque
1521 5146 1746 5218 integri-
1766 5148 1787 5157 "

139 5244 236 5291 tate
265 5237 574 5309 profertur.
606 5238 751 5292 Nam
779 5236 827 5291 si
857 5237 1149 5292 nominatio
1179 5236 1390 5303 suﬁicit,
1415 5236 1570 5291 multi
1590 5236 1745 5291 dam-

140 5327 291 5382 nandi
324 5333 456 5382 sunt
486 5326 831 5391 innocentes,
862 5326 988 5398 quia
1019 5342 1164 5397 sape
1185 5325 1325 5381 falso
1345 5325 1399 5379 in
1422 5339 1745 5397 quemquam

137 5415 339 5471 crimen
369 5415 710 5472 nominatur.
743 5414 929 5469 Noluit
958 5415 1103 5470 enim
1130 5414 1407 5470 hominem
1430 5414 1500 5468 ab
1526 5413 1751 5469 homine

136 5502 368 5570 iudicari
402 5520 466 5560 ex
513 5503 746 5559 arbitrio
798 5503 1142 5574 suspicionis,
1176 5503 1260 5558 vel
1286 5503 1447 5559 etiam
1497 5509 1745 5559 extraor-

142 5592 356 5650 dinario
407 5601 671 5667 usurpato
711 5592 937 5662 judicio,
978 5592 1078 5648 sed
1121 5592 1301 5664 potius
1345 5608 1412 5648 ex
1456 5591 1583 5664 lege
1622 5590 1743 5660 Dei,

1841 4615 1970 4669 stiti.
2011 4615 2137 4669 Hac
2178 4612 2271 4685 qui
2312 4612 2467 4669 vobis
2513 4612 2646 4667 talia
2682 4611 2964 4676 nuntiavit,
2998 4609 3283 4677 adjuvante
3314 4610 3429 4663 Do-

1840 4703 2008 4773 mino,
2043 4703 2112 4758 de
2141 4718 2229 4757 me
2256 4702 2489 4773 probare
2519 4717 2628 4757 non
2656 4700 2873 4756 valebit.
2907 4699 2976 4753 Et
3006 4697 3129 4769 quia
3155 4712 3261 4751 non
3284 4696 3429 4766 silui,

1841 4800 1895 4847 et
1928 4791 1983 4846 in
2027 4790 2396 4846 annuntiando
2436 4791 2524 4846 vel
2570 4787 2918 4861 exsequendo
2965 4801 3031 4841 ea
3081 4801 3203 4857 qua
3240 4785 3374 4841 mihi
3402 4801 3436 4842 a

1840 4887 2021 4937 vestra
2049 4880 2366 4936 auctoritate
2396 4887 2665 4951 pracepta
2703 4870 2859 4941 sunt,
2894 4890 2992 4946 pro
3023 4874 3161 4929 scire
3191 4883 3244 4930 et
3268 4891 3435 4947 posse

1841 4985 1984 5034 meo,
2017 4969 2182 5026 deses
2210 4969 2297 5024 vel
2327 4968 2511 5038 segnis
2539 4982 2647 5022 non
2677 4964 2874 5031 exstiti,
2908 4963 3048 5020 sicut
3077 4972 3128 5018 et
3159 4971 3282 5020 ante
3304 4964 3437 5020 scri-

1840 5058 1948 5130 ptis
1976 5058 2207 5123 ostendi,
2245 5065 2299 5112 et
2326 5072 2509 5112 coram
2533 5053 2715 5109 missis
2743 5052 2938 5109 vestris
2966 5052 3088 5109 viva
3117 5069 3250 5110 voce
3280 5069 3437 5108 mon-

1808 5136 1821 5143 ’
1843 5146 2033 5202 stravi.

1914 5237 1995 5291 De
2051 5236 2155 5292 hoc
2209 5233 2353 5306 quod
2410 5230 2607 5298 dicitis,
2658 5230 2783 5303 quia
2824 5232 3031 5287 honore
3085 5238 3138 5286 et
3180 5229 3437 5302 dignitate

1844 5323 2057 5381 cateris
2087 5322 2264 5378 Caroli
2294 5322 2443 5393 regis
2483 5319 2637 5392 regni
2684 5320 2956 5391 episcopis
2984 5335 3101 5374 sum
3132 5312 3434 5384 sublimibr,

1845 5426 2085 5485 suggero
2127 5411 2251 5482 quia
2297 5408 2524 5465 scientia
2561 5416 2614 5463 et
2652 5408 2858 5463 meritis
2887 5406 3214 5474 inferiorem,
3248 5414 3301 5461 et
3328 5421 3440 5462 non

1845 5501 2105 5573 dignitate
2137 5515 2203 5555 ac
2230 5500 2436 5553 honore
2465 5497 2570 5553 loci
2596 5498 2836 5568 priorem
2865 5495 3073 5553 cateris
3119 5494 3437 5566 metropoli-

1845 5590 1987 5649 tanis
2016 5604 2105 5646 me
2133 5605 2255 5647 esse
2297 5600 2592 5661 cognosco.
2643 5585 2784 5656 Quia
2829 5585 2966 5643 sicut
3012 5584 3356 5640 Innocentius
3386 5592 3441 5638 et
