4004 6176
418 208 521 261 179

1389 204 1729 261 HINCMARI
1784 201 2185 258 RHEMENSIS
2238 203 2790 261 ARCHIEPISCOPI.

3644 208 3745 260 180

420 329 758 397 Bonifacius,
792 343 859 388 ac
885 330 1070 388 ceteri
1109 344 1281 387 sacrae
1327 329 1475 386 sedis
1518 329 1774 388 Romanae
1799 325 2023 399 pontiﬁ-
2044 326 2099 387 A
2125 325 2287 384 nione
2328 329 2415 385 vel
2470 329 2765 400 praesentia
2810 330 3153 396 subtraxero,
3203 329 3393 386 dicunt
3438 330 3746 386 secundum

420 435 521 475 ces
547 418 605 473 in
633 418 870 475 decretis
898 419 1012 475 suis
1040 434 1108 475 ex
1136 418 1310 475 sacris
1338 417 1638 474 canonibus
1664 415 2025 488 promulgatis

422 506 635 573 dicunt,
699 521 1037 579 unaquaque
1098 507 1382 579 provincia
1446 522 1546 561 suo
1604 505 2024 577 metropolitano

428 594 593 651 debet
622 609 746 650 esse
795 603 1070 651 contenta.
1119 596 1200 651 De
1225 596 1332 651 hoc
1360 594 1506 665 quod
1544 593 1859 665 scripsistis,
1892 600 1951 647 ut
1978 592 2025 647 si

430 682 549 755 ipse
578 698 676 738 rex
705 674 932 739 Carolus
961 684 1019 738 in
1047 682 1425 739 obstinationis
1471 698 1583 738 sua:
1626 680 1855 753 perﬁdia
1902 688 2025 752 post

427 786 611 827 meam
637 771 1052 827 conventionem
1078 770 1371 842 persistere
1396 769 1664 838 maluerit,
1698 784 1858 841 quam
1875 769 2025 838 juxta

426 867 609 915 vestra
634 859 840 914 monita
868 859 1216 930 resipiscere,
1248 859 1318 914 ab
1348 858 1494 913 illius
1524 873 1613 913 me
1642 857 2026 914 communione

426 954 588 1018 atque
631 947 903 1003 consortio
941 955 1298 1019 sequestrem,
1348 955 1402 1001 et
1444 946 1744 1002 secundum
1801 953 2024 1016 aposto-

429 1035 540 1092 lum
573 1052 586 1091 :
619 1037 695 1092 Ne
724 1054 823 1092 ave
851 1038 905 1092 ei
932 1037 1119 1092 dicam
1148 1037 1330 1100 (Joan.
1365 1050 1404 1100 ι,
1442 1036 1550 1105 10),
1583 1035 1631 1090 si
1658 1042 1856 1091 vestrae
1877 1050 2026 1090 com-

429 1125 701 1180 munionis
730 1124 856 1180 volo
873 1139 995 1180 esse
1024 1123 1318 1194 particeps,
1348 1122 1695 1194 praesentiam
1716 1123 1832 1192 ejus
1850 1123 2026 1179 modis

429 1212 683 1269 omnibus
702 1212 959 1278 devitem,
979 1227 1102 1267 cum
1120 1227 1323 1284 magno
1339 1211 1516 1267 cordis
1532 1211 1721 1267 dolore
1741 1227 1803 1267 ac
1821 1212 2027 1284 gemitu

423 1300 567 1366 dico,
620 1301 877 1372 quoniam
922 1308 976 1355 et
1025 1299 1382 1355 ecclesiastici
1413 1308 1467 1355 et
1495 1300 1774 1355 saecularis
1816 1300 2025 1355 ordinis

428 1390 550 1455 viri,
584 1389 679 1460 qui
708 1388 937 1443 diversis
966 1388 1034 1443 de
1063 1389 1251 1460 regnis
1271 1388 1493 1444 Rhemis
1519 1388 1789 1444 civitatem
1808 1388 2027 1460 plurimi

431 1476 807 1544 convenerint,
841 1492 978 1548 quos
1015 1477 1329 1532 mandatum
1375 1485 1616 1533 vestrum
1662 1478 1865 1533 ibidem
1894 1478 2029 1533 mihi

433 1564 695 1634 delatum,
731 1564 855 1637 quia
884 1580 992 1620 non
1022 1566 1224 1629 debuit,
1252 1566 1423 1622 latere
1454 1580 1564 1621 non
1591 1567 1781 1636 potuit,
1818 1566 2028 1640 exigui-

2127 416 2414 472 concilium
2463 416 2776 473 Africanum
2823 418 2975 489 (can.
3031 418 3178 490 100),
3233 418 3476 489 quandiu
3524 418 3605 473 illi
3634 434 3747 473 non

2126 505 2621 571 communicavero,
2653 513 2712 560 ut
2740 505 2873 561 mihi
2903 506 2976 562 ab
3006 506 3112 561 illis
3146 522 3258 562 non
3302 507 3775 563 communicetur~

2126 592 2420 663 episcopis.
2454 593 2764 649 Prmsertim
2792 609 2917 648 cum
2946 594 3065 665 ipse
3096 609 3190 649 rex
3220 609 3281 649 se
3307 594 3595 666 perjurum
3616 610 3745 649 esse

2126 680 2381 753 deneget,
2415 697 2474 736 se
2503 681 2819 737 invasorem
2861 682 3084 737 alterius
3128 690 3182 737 et
3223 698 3336 738 non
3363 683 3433 737 ad
3464 698 3526 738 se
3566 683 3745 754 perti-

2125 769 2303 823 nentis
2331 769 2486 840 regni
2516 768 2825 836 difﬁteatur,
2857 785 2918 827 se
2947 779 3236 842 tyrannum
3284 787 3394 826 non
3436 787 3565 827 esse
3604 787 3745 827 con-

2127 855 2322 923 ﬁrmet,
2384 874 2443 912 se
2517 859 2833 913 haereticum
2887 859 2976 914 vel
3033 858 3462 926 schismaticum,
3541 860 3747 933 quibus

2127 945 2405 1015 apostolus
2450 962 2551 1001 nec
2601 961 2703 1001 ave
2751 963 2784 1001 a
2830 963 3106 1019 quoquam
3154 948 3264 1003 dici
3310 948 3595 1019 praecepit,
3634 964 3747 1003 non

2127 1049 2250 1088 esse
2297 1031 2618 1089 conﬁteatur
2669 1052 2681 1088 :
2730 1034 2829 1089 sed
2874 1035 3220 1091 confessione
3268 1044 3435 1091 rectae
3483 1036 3637 1101 ﬁdei,
3692 1044 3749 1091 et

2125 1122 2466 1192 amplexione
2509 1122 2895 1179 ecclesiasticae
2942 1124 3112 1194 pacis,
3147 1141 3206 1178 se
3238 1124 3573 1180 catholicum
3602 1132 3661 1181 et
3691 1124 3748 1179 in

2126 1225 2259 1280 pace
2308 1211 2682 1267 ecclesiastica
2722 1227 2946 1267 manere
2992 1220 3044 1267 et
3089 1228 3420 1283 permanere
3460 1213 3608 1268 velle
3642 1213 3747 1268 de-

2124 1305 2386 1353 monstret
2423 1314 2435 1353 :
2469 1307 2525 1353 et
2551 1300 2851 1355 secundum
2896 1300 3050 1373 leges
3080 1316 3145 1356 ac
3175 1315 3433 1367 canones,
3489 1318 3747 1373 praesens

2125 1386 2181 1441 in
2204 1387 2429 1456 judicio,
2461 1396 2551 1442 aut
2580 1388 2650 1442 ad
2695 1388 2912 1457 objecta
2958 1390 3313 1459 respondere,
3364 1399 3459 1444 aut
3509 1391 3748 1460 objectis

2127 1475 2396 1541 convinci,
2430 1492 2490 1530 se
2520 1492 2628 1531 non
2658 1476 2915 1547 refugere
2944 1477 3105 1532 dicat.
3138 1478 3205 1531 Et
3233 1485 3288 1532 ut
3317 1479 3386 1533 de
3419 1479 3581 1551 regia
3612 1496 3748 1549 per-

2126 1578 2280 1632 sona,
2312 1564 2579 1635 inquiunt,
2613 1565 2954 1632 reticeamus,
2988 1582 3089 1621 nec
3121 1566 3258 1621 sicut
3286 1567 3589 1639 quemlibet
3619 1567 3749 1637 ple-

432 1653 530 1709 tati
556 1669 715 1721 meae,
747 1654 838 1725 qui
868 1662 1128 1725 quantum
1157 1654 1290 1710 scivi
1314 1661 1368 1708 et
1392 1654 1543 1725 potui
1572 1670 1787 1726 semper
1815 1661 2027 1726 aposto-
2046 1677 2099 1737 B
2131 1652 2313 1707 beium
2360 1652 2448 1707 vel
2487 1653 2646 1707 liberi
2692 1654 2884 1724 capitis
2930 1655 3124 1720 virum,
3158 1655 3213 1709 iri
3243 1655 3361 1709 istis
3393 1656 3747 1728 regionibus,

431 1741 555 1798 licae
581 1741 727 1798 sedis
750 1742 1103 1815 privilegium
1119 1743 1303 1808 extuli,
1329 1743 1746 1814 imprOperando
1774 1744 2028 1799 dixerunt

434 1837 489 1886 et
535 1829 720 1885 dicunt
754 1847 767 1884 :
798 1831 1089 1902 Nunquam
1135 1830 1445 1900 hujusmodi
1487 1831 1913 1903 pmceptionem
1960 1832 2029 1887 ab

433 1917 527 1974 illa
564 1919 696 1974 sede
742 1918 839 1974 ulli
876 1919 1229 1975 decessorum
1269 1934 1519 1975 meorum
1565 1919 1791 1975 missam
1837 1919 2030 1990 fuisse,

437 2022 563 2063 cum
604 2006 744 2062 inter
783 2022 944 2081 reges
990 2008 1349 2063 sacramentis
1397 2008 1557 2064 etiam
1606 2006 2026 2076 confedoeratos,

437 2095 534 2151 sed
562 2094 704 2150 inter
734 2103 943 2167 patrem
972 2105 1026 2152 et
1052 2095 1211 2164 ﬁlios,
1245 2111 1310 2153 ac
1340 2096 1478 2153 inter
1522 2096 1722 2152 fratres
1762 2097 1949 2168 praelia
1979 2105 2033 2153 et

438 2183 734 2240 seditiones
781 2198 971 2240 eorum
1014 2184 1351 2256 temporibus
1391 2184 1558 2240 fuisse
1614 2193 1922 2241 noscantur.
1966 2187 2033 2241 Et

438 2271 558 2327 aliis
586 2273 829 2343 peccatis
854 2272 993 2328 meis
1022 2281 1230 2343 reputo,
1263 2289 1352 2329 me
1380 2274 1484 2329 hac
1504 2272 1815 2328 intentionis
1836 2281 2034 2330 vestrae

437 2361 858 2416 comminatione
899 2361 1248 2432 singulariter
1276 2362 1343 2416 ab
1372 2361 1693 2417 auctoritate
1722 2370 1905 2417 vestra
1935 2362 2035 2416 im-

439 2447 686 2520 petitum,
719 2463 843 2503 cum
872 2456 1102 2504 caeteros
1151 2448 1438 2520 episcopos
1485 2450 1641 2521 regni
1671 2450 1774 2516 sui,
1817 2450 2033 2506 confra-

441 2544 553 2593 tres
583 2536 789 2593 scilicet
815 2544 869 2593 et
897 2538 1318 2594 consacerdotes
1346 2553 1518 2604 meos,
1566 2545 1774 2593 tantum
1802 2554 2033 2595 monue-

440 2624 580 2694 ritis,
635 2625 1032 2697 increpueritis,
1093 2625 1484 2700 redargueritis
1537 2634 1590 2681 et
1644 2626 2028 2697 instruxeritis,

442 2727 554 2770 non
580 2722 764 2772 tamen
803 2715 943 2771 sicut
969 2730 1057 2770 me
1084 2714 1208 2771 illos
1239 2716 1307 2771 de
1335 2714 1745 2786 participatione
1792 2731 2034 2772 commu-

438 2802 617 2858 nionis
662 2812 858 2859 vestrm
904 2802 1215 2859 intentando
1262 2804 1584 2860 comminari
1626 2803 1891 2871 voluistis,
1935 2820 2036 2862 nec

443 2890 606 2945 etiam
637 2907 733 2946 eos
761 2892 873 2963 qui,
906 2892 1213 2963 ut'quidam
1242 2892 1446 2958 dicunt,
1479 2907 1667 2964 regem
1708 2899 1954 2947 nostrum
1980 2893 2051 2948 in

443 2994 676 3051 regnum
722 2979 999 3051 quondam
1042 2980 1282 3035 Lotharii
1326 2995 1425 3051 pro
1453 2993 1554 3035 sua
1597 2980 1926 3037 necessitate
1953 2981 2035 3037 in-

443 3067 764 3137 vitaverunt,
798 3074 851 3123 et
878 3069 1117 3124 honores
1146 3083 1211 3123 ex
1240 3068 1435 3125 eodem
1465 3083 1639 3141 regno
1667 3067 2033 3136 obtinuerunt,

444 3170 621 3228 neque
676 3155 801 3211 illos
856 3156 947 3229 qui
993 3156 1220 3228 regibus
1267 3165 1320 3213 et
1366 3172 1667 3230 regnorum
1712 3156 2041 3227 primoribus

444 3244 587 3307 sicut
627 3261 732 3318 ego
779 3250 1016 3301 vestram
1061 3246 1483 3318 praeceptionem
1512 3253 1566 3301 et
1593 3245 1661 3300 de
1699 3244 1819 3316 ipso
1867 3262 2040 3319 regno

442 3333 880 3392 interdictionem
942 3350 1053 3390 non
1126 3334 1528 3403 intimaverunt,
1584 3341 1637 3390 et
1688 3350 1755 3391 ex
1810 3335 2040 3391 adverso

443 3424 805 3480 ascendentes
850 3439 960 3481 non
1006 3424 1315 3480 restiterunt
1342 3433 1402 3480 ut
1430 3439 1556 3498 ego,
1603 3425 1696 3497 qui
1739 3424 2041 3480 secundum

443 3513 589 3585 quod
616 3512 767 3584 potui
791 3512 1091 3583 jussionem
1114 3521 1352 3569 vestram
1371 3512 1641 3585 perﬁcere
1661 3512 1968 3586 procuravi,
1988 3520 2042 3569 et

442 3600 575 3656 nihil
603 3601 973 3667 emolumenti,
1007 3610 1060 3658 et
1094 3610 1353 3673 quantum
1382 3618 1574 3673 passus
1598 3609 1681 3658 est
1701 3602 1857 3673 pedis
1880 3601 1938 3656 in
1953 3617 2040 3658 re-

443 3689 546 3745 bus
575 3705 700 3747 cum
722 3690 908 3762 plures
938 3706 1006 3747 ex
1033 3691 1280 3746 Ecclesia
1308 3691 1441 3745 mihi
1456 3691 1751 3747 commissa
1770 3690 2041 3746 diuturnis

440 3780 778 3850 temporibus
821 3779 1106 3834 abstractae
1154 3779 1210 3833 in
1257 3780 1451 3834 eodem
1499 3795 1669 3852 regno
1712 3779 2036 3848 habeantur,

441 3882 546 3925 nec
572 3866 718 3923 aliud
748 3868 1111 3939 quodcunque
1143 3867 1508 3933 commodum,
1530 3867 1636 3925 nisi
1656 3866 2040 3939 impedimenta

444 3964 497 4011 et
525 3954 813 4026 dispendia
842 3956 946 4011 sim
976 3955 1226 4026 adeptus.

514 4043 624 4099 Sed
640 4052 691 4099 et
703 4044 904 4099 domno
922 4051 1110 4099 nostro
1130 4044 1249 4116 regi
1265 4044 1457 4101 Carolo
1473 4045 1541 4101 ad
1554 4045 2038 4119 exaggerationem

442 4132 639 4188 dicitur
664 4147 698 4187 a
727 4130 1072 4204 quibusdam,
1122 4133 1268 4206 quod
1316 4150 1419 4190 nec
1443 4149 1546 4205 pro
1593 4135 1874 4203 Lothario;
1900 4134 2040 4192 sicut

443 4220 735 4278 multorum
775 4228 922 4278 certa
967 4222 1176 4290 notitia,
1210 4230 1264 4278 et
1290 4222 1527 4280 infantes
1555 4223 1681 4280 inde
1710 4224 1879 4297 geniti
1908 4240 2039 4295 pro-

442 4310 620 4367 testati
667 4318 810 4380 sunt,
856 4311 1076 4383 publico
1133 4311 1399 4369 adulterio
1457 4313 1733 4379 denotato,
1795 4321 1846 4369 et
1892 4313 2039 4385 apud

2059 3030 2108 3092 C

2130 1742 2431 1796 secundum
2461 1741 2861 1797 ecclesiasticas
2910 1743 3131 1814 regulas
3162 1750 3214 1797 et
3245 1743 3549 1799 secundum
3586 1743 3750 1815 leges

2130 1829 2394 1900 publicas,
2454 1830 2606 1883 illum
2662 1838 2975 1885 accusatum
3028 1831 3115 1886 vel
3157 1840 3350 1903 sponte
3399 1833 3751 1899 confessum,

2132 1926 2222 1973 aut
2250 1918 2496 1991 legaliter
2524 1934 2589 1974 ac
2617 1919 2943 1989 regulariter
2988 1926 3174 1992 aperte
3222 1921 3535 1976 convictum
3583 1922 3751 1976 audi-

2132 2007 2332 2061 vimus.
2368 2007 2477 2062 Sed
2507 2007 2561 2060 in
2591 2007 2744 2061 libris
2775 2007 2867 2062 illa
2896 2009 3025 2063 satis
3050 2009 3333 2063 notissima
3353 2010 3420 2063 ad
3441 2010 3750 2083 legendum

2134 2095 2306 2151 oculis
2351 2095 2628 2167 ingerunt,
2675 2096 2905 2166 qualiter
2947 2112 3187 2167 proavus
3245 2114 3376 2151 suus
3435 2099 3666 2169 Pipinus
3714 2116 3752 2155 ι

2136 2184 2411 2254 Stephano
2442 2184 2613 2254 ipsius
2642 2184 2900 2238 auxilium
2929 2193 3167 2255 petente,
3203 2194 3257 2239 et
3284 2201 3386 2256 pro
3411 2186 3748 2243 liberatione

2135 2273 2396 2328 Romana:
2425 2271 2687 2327 Ecclesiae
2717 2272 2771 2326 in
2803 2273 3036 2328 Galliam
3064 2273 3336 2339 veniente,
3370 2274 3428 2329 in
3456 2291 3656 2348 regem
3678 2276 3752 2331 sit

2136 2368 2346 2427 unctus,
2399 2377 2522 2416 cum
2568 2361 2744 2417 adhuc
2787 2362 3016 2434 degeret
3058 2363 3305 2417 Romana
3347 2363 3600 2419 Ecclesia
3643 2366 3750 2419 sub

2136 2449 2356 2505 nomine
2386 2458 2437 2504 et
2466 2464 2575 2504 non
2605 2449 2802 2504 auxilio
2833 2449 3166 2506 defensionis
3216 2452 3532 2507 Graecorum
3560 2452 3749 2524 impe-

2135 2538 2346 2604 ratoris,
2409 2545 2462 2593 et
2513 2538 2657 2592 idem
2725 2538 2946 2609 Pipinus
2999 2554 3109 2595 non
3173 2540 3746 2596 excommunicatione

2136 2626 2451 2697 apostolica,
2504 2627 2601 2681 sed
2648 2627 2844 2682 virtute
2892 2627 3094 2690 hostili.
3128 2628 3453 2683 Haistulfum
3483 2630 3749 2701 qualem-

2136 2731 2351 2787 cunque
2407 2731 2600 2787 regem
2645 2715 3005 2770 Christianum
3061 2716 3352 2787 oppressit,
3413 2724 3467 2772 et
3523 2718 3748 2773 Italiam

2137 2804 2361 2870 domuit,
2394 2810 2555 2875 atque
2577 2803 2814 2872 justitias
2842 2804 3012 2859 sancti
3039 2804 3187 2859 Petri
3216 2804 3465 2860 obtinuit.

2208 2891 2463 2947 Similiter
2504 2900 2557 2946 et
2605 2909 2724 2964 qua:
2773 2908 2909 2948 avus
2964 2893 3080 2961 ejus
3127 2893 3353 2948 Carolus
3403 2895 3753 2966 temporibus

2137 2980 2362 3036 Adriani
2391 2988 2443 3037 et
2472 2980 2742 3035 Desiderii
2772 2981 2924 3053 regis
2955 2982 3443 3053 Longobardorum
3464 2984 3663 3056 egerit,
3701 2993 3759 3040 et

2142 3069 2416 3141 quomodo
2440 3068 2778 3139 patriciatum
2819 3070 3123 3124 Romanum
3170 3071 3426 3142 suscepit,
3463 3072 3751 3143 quomodo

2141 3156 2303 3212 etiam
2333 3157 2671 3228 temporibus
2709 3158 2903 3213 Leonis
2950 3174 3104 3229 papae
3148 3174 3348 3214 nomen
3395 3160 3749 3231 imperatoris

2140 3247 2368 3317 adeptus
2397 3245 2516 3313 fuit,
2545 3254 2598 3300 et
2629 3262 2751 3317 quae
2781 3247 2834 3299 in
2864 3246 3037 3313 Italia,
3069 3254 3123 3301 et
3152 3256 3356 3318 quanta
3386 3264 3518 3321 erga
3550 3249 3751 3305 Roma-

2140 3350 2269 3390 nam
2316 3334 2620 3390 Ecclesiam
2667 3333 2893 3401 facerit;
2926 3342 2978 3390 et
3024 3336 3298 3407 quomodo
3349 3337 3659 3408 Stephanus
3690 3338 3748 3393 in

2140 3423 2415 3496 Belgicam
2446 3423 2690 3490 veniens,
2726 3430 2779 3478 et
2807 3423 2999 3479 Rhemi
3028 3432 3241 3494 patrem
3271 3441 3427 3479 suum
3449 3424 3745 3496 imperato-

2141 3527 2258 3567 rem
2305 3526 2574 3567 coronans
2621 3512 2952 3578 sacraverit;
3002 3521 3056 3568 et
3104 3514 3379 3584 quomodo
3436 3514 3747 3586 Gregorius

2141 3600 2433 3671 subreptus
2479 3615 2602 3655 cum
2651 3600 2903 3656 Lothario
2951 3609 3104 3672 patre
3153 3617 3252 3657 suo
3299 3611 3639 3674 repugnante
3688 3605 3746 3659 in

2141 3689 2426 3743 Franciam
2460 3689 2625 3754 venit,
2678 3696 2730 3744 et
2773 3703 2877 3759 pax
2925 3697 3115 3759 postea
3139 3689 3196 3744 in
3233 3691 3463 3745 Francia
3491 3699 3549 3745 ut
3579 3699 3747 3747 antea

2141 3792 2251 3832 non
2282 3776 2398 3842 fuit,
2435 3784 2487 3831 et
2514 3777 2633 3847 ipse
2673 3793 2814 3848 papa
2859 3793 2983 3833 cum
3012 3777 3106 3832 tali
3133 3778 3343 3833 honore
3373 3779 3511 3834 sicut
3538 3780 3744 3837 decue—

2141 3873 2223 3921 rat
2251 3874 2305 3920 et
2333 3865 2416 3920 sui
2444 3873 2821 3921 antecessores
2850 3864 3113 3933 fecerunt,
3159 3868 3387 3922 Romam
3417 3883 3525 3923 non
3553 3869 3741 3925 rediit.

2140 3955 2209 4010 Et
2250 3962 2562 4025 computant
2603 3962 2806 4026 quanta
2852 3954 2952 4009 iste
3000 3956 3069 4009 ab
3119 3954 3389 4026 episcopis
3444 3964 3496 4012 et
3536 3959 3746 4028 populo

2141 4044 2233 4115 qui
2257 4059 2443 4114 regem
2490 4059 2599 4097 non
2643 4043 2937 4108 habebant,
2970 4050 3022 4098 et
3050 4057 3081 4097 a
3110 4044 3340 4114 paganis
3383 4052 3437 4098 et
3466 4045 3747 4102 seditiosis

2141 4132 2555 4203 impetebantur,
2617 4132 2671 4185 in
2727 4147 2957 4204 regnum
3014 4130 3158 4203 quod
3213 4131 3497 4187 Lotharius
3549 4134 3747 4190 habuit

2141 4221 2398 4277 invitatus
2440 4220 2760 4276 exordinata
2802 4210 3133 4275 ordin'averit
3165 4237 3179 4274 :
3214 4229 3266 4276 ct
3294 4220 3480 4277 dicunt
3509 4222 3745 4278 saecula-

2141 4326 2256 4366 rem
2303 4310 2628 4380 scripturam
2670 4308 2870 4378 dicere,
2906 4308 3034 4380 quia
3074 4324 3234 4364 omne
3281 4325 3515 4383 regnum
3556 4312 3750 4368 saeculi

442 4400 632 4458 sedem
678 4401 1032 4473 apostolicam
1083 4410 1359 4469 accusato,
1390 4402 1446 4457 in
1474 4402 1628 4472 cujus
1676 4409 1832 4473 parte
1882 4388 2107 4475 regniD
2135 4400 2295 4469 hujus
2339 4399 2498 4454 bellis
2545 4397 2826 4470 quaeritur,
2873 4396 3114 4453 victoriis
3160 4406 3512 4469 propagatur,
3548 4408 3601 4456 et
3632 4416 3746 4456 non

440 4505 552 4546 non
578 4489 757 4546 solum
794 4506 932 4562 pars
973 4489 1248 4557 diceeesis,
1294 4506 1482 4546 verum
1513 4498 1568 4547 et
1593 4506 1723 4563 pars
1765 4490 2039 4563 parochias

443 4594 581 4635 mea:
609 4578 896 4650 conjacuit,
929 4578 1091 4635 talem
1133 4579 1553 4650 praeceptionem
1578 4587 1631 4635 et
1655 4578 2039 4635 comminatio-

442 4682 570 4723 nem
612 4668 683 4722 ab
728 4676 1071 4725 antecessore
1111 4674 1294 4723 vestro
1340 4666 1518 4722 nullus
1565 4667 1948 4739 episcoporum
1985 4667 2043 4721 in

444 4753 549 4809 isto
602 4771 778 4826 regno
837 4756 1133 4830 acceperit,
1182 4771 1286 4813 nec
1334 4755 1492 4811 etiam
1523 4754 1592 4810 ab
1634 4756 2037 4825 haereticorum,

443 4839 531 4896 vel
585 4841 1073 4913 schismaticorum,
1127 4845 1243 4902 sive
1288 4844 1693 4917 tyrannicarum
1739 4844 2042 4915 imperato-

443 4943 567 4984 rum
594 4942 659 4984 ac
687 4944 898 5002 regum,
931 4934 1118 5004 quales
1147 4933 1364 4990 fuerunt
1393 4932 1740 4990 Constantius
1790 4932 2039 4998 Arianus,

445 5031 513 5073 ac
540 5022 788 5088 apostata
812 5019 1075 5086 Julianus,
1109 5031 1162 5077 et
1191 5023 1453 5079 Maximus
1481 5029 1767 5094 tyrannus,
1801 5036 2044 5092 praesen-

445 5104 519 5160 tia
547 5112 601 5161 et
629 5104 950 5161 salutatione
980 5108 1082 5162 sivi
1114 5111 1494 5177 collocutione,
1537 5110 1685 5165 sedis
1731 5108 2047 5181 apostolica:

446 5192 750 5265 pontiﬁces,
786 5194 873 5250 vel
903 5193 995 5250 alii
1021 5210 1236 5266 magna:
1274 5199 1606 5257 auctoritatis
1649 5206 1809 5271 atque
1841 5198 2047 5254 sancti-

448 5282 575 5337 tatis
603 5282 862 5354 episcopi,
896 5298 1020 5340 cum
1050 5282 1201 5340 locus
1229 5295 1283 5342 et
1308 5289 1448 5344 ratio
1480 5304 1546 5345 ac
1573 5303 1741 5345 causa
1770 5287 1954 5362 exigit,
1989 5302 2049 5342 se

450 5369 786 5429 subtraxisse
849 5373 1125 5447 leguntur.
1183 5375 1254 5430 Et
1312 5377 1378 5440 si,
1431 5377 1550 5433 aliis
1605 5377 1875 5449 episcopis
1930 5376 2048 5449 regi

450 5465 641 5516 nostro
669 5462 1219 5532 communicantibus,
1251 5481 1359 5541 ego
1390 5481 1480 5522 me
1508 5466 1575 5520 ab
1623 5465 1770 5522 illius
1798 5481 2048 5525 commu-

2138 4488 2419 4559 apostolici
2476 4488 2561 4544 vel
2628 4486 3011 4558 episcoporum
3084 4486 3748 4544 excommunicationibus

2140 4577 2432 4643 obtinetur,
2464 4584 2516 4631 et
2548 4576 2883 4647 Scripturam
2914 4574 3153 4629 divinam
3182 4583 3489 4646 proponunt
3514 4575 3703 4633 dicere
3731 4596 3745 4632 :

2144 4666 2283 4733 Quia
2295 4665 2615 4721 Dominiest
2634 4680 2891 4736 regnum,
2905 4680 3009 4736 per
3029 4680 3193 4735 quem
3212 4680 3368 4733 reges
3391 4668 3662 4736 regnant,
3686 4672 3749 4721 et

2141 4755 2237 4809 cui
2263 4754 2507 4810 voluerit
2527 4752 2627 4806 dat
2646 4752 2795 4807 illud
2824 4752 2919 4823 (Ps
2932 4752 3008 4808 al.
3032 4767 3156 4818 xxr,
3177 4756 3245 4809 29
3269 4771 3283 4818 ;
3302 4755 3462 4808 Prov.
3484 4767 3606 4819 vur,
3636 4757 3705 4808 15
3731 4773 3747 4822 ς

2143 4844 2287 4897 Dan.
2332 4856 2409 4910 iv,
2459 4840 2549 4910 29)
2582 4858 2597 4906 ;
2628 4840 2925 4896 ministerio
2969 4839 3289 4912 angelorum
3337 4848 3389 4895 et
3436 4840 3749 4897 hominum.

2144 4929 2355 4999 Quibus
2386 4945 2508 4985 cum
2538 4928 2708 4984 verba
2734 4929 2879 4984 beati
2913 4928 3102 4985 Jacobi
3132 4929 3364 4999 apostoli
3393 4930 3746 4999 Opponimus,

2144 5017 2374 5075 dicentis
2400 5034 2412 5071 :
2451 5017 2601 5075 Unde
2631 5017 2778 5073 bella
2798 5021 2853 5072 et
2875 5019 3003 5073 lites
3027 5018 3183 5073 inter
3204 5034 3295 5073 vos
3312 5022 3335 5073 ?
3354 5018 3549 5073 Nonne
3572 5020 3712 5074 him:
3730 5025 3755 5075 ?

2146 5108 2202 5163 id
2230 5116 2313 5163 est
2333 5122 2407 5162 ex
2450 5106 2922 5179 concupiscentiis
2968 5108 3193 5173 vestris,
3226 5123 3348 5179 qum
3386 5107 3649 5162 militant
3682 5110 3749 5163 in

2146 5196 2410 5252 membris
2440 5196 2690 5251 vestris?
2735 5195 2991 5265 Litigatis
3039 5198 3095 5250 et
3142 5195 3505 5265 beIIigeratis,
3540 5200 3598 5250 et
3626 5213 3746 5252 non

2149 5285 2381 5351 habetis,
2428 5288 2727 5356 propterea
2769 5283 2910 5355 quod
2956 5299 3069 5339 non
3119 5283 3421 5351 postulatis
3466 5283 3606 5353 (Jac.
3661 5299 3744 5354 IV,

2150 5377 2202 5439 l,
2233 5372 2309 5444 2).

2214 5462 2281 5518 Et
2302 5461 2444 5531 ideo,
2471 5462 2603 5536 quia
2617 5462 2844 5518 Domini
2863 5464 2947 5519 est
2962 5476 3221 5532 regnum,
3244 5465 3301 5517 et
3315 5475 3419 5534 per
3437 5476 3569 5519 eum
3586 5478 3746 5535 reges
