4004 6176
168 292 243 345 181

1665 277 2039 342 Εριετοωιε.

3320 284 3426 341 181

166 416 388 487 regnant,
408 409 475 467 ab
493 409 589 466 illo
605 425 840 483 regnum
854 408 1132 481 postulare
1154 408 1386 475 debetis,
1405 406 1498 480 qui
1527 404 1715 479 litiga-
1745 402 1802 464 A
1821 407 2085 476 viventes,
2110 410 2215 466 nisi
2230 427 2355 467 cum
2371 410 2565 465 talibus
2585 409 2896 479 vivere,nec
2932 423 3029 467 eos
3048 407 3182 465 lucri
3197 414 3427 480 possunt

166 505 220 560 tis
235 511 278 559 et
304 500 621 572 belligeratis
641 515 744 570 pro
757 498 1037 569 temporali
1061 497 1255 570 gloria,
1287 513 1432 563 cum,
1463 496 1511 550 si
1530 494 1716 551 Domi-

169 603 272 642 num
289 585 368 656 pia
391 584 688 639 intentione
718 582 1093 654 postularetis,
1125 582 1241 652 ipse
1271 582 1426 636 vobis
1451 593 1717 635 necessa-

171 676 233 731 ria
255 675 313 729 ad
350 688 502 727 usum
549 672 907 742 temporalem
947 678 998 726 et
1027 670 1095 725 ad
1126 670 1418 726 fruendum
1450 674 1717 740 perpetuo

169 776 365 835 superna
391 762 529 815 bona
557 760 847 815 tribueret.
888 760 954 814 Et
983 775 1107 816 cum
1149 766 1475 830 potestatem
1505 774 1533 811 a
1556 755 1717 811 Chri-

171 862 236 907 sto
260 859 425 906 sancto
460 849 626 904 Petro
673 849 850 919 primo
887 848 1282 919 apostolorum,
1325 854 1379 901 et
1418 846 1475 900 in
1513 861 1579 901 eo
1608 844 1719 900 suis

167 938 526 996 successoribus
553 937 757 1001 datam,
792 937 889 992 sed
919 944 973 992 et
1010 935 1290 1007 apostolis,
1324 942 1377 991 et
1406 934 1460 989 in
1488 933 1567 989 eis
1598 934 1719 1003 epi-

170 1030 336 1100 scopis,
364 1024 697 1098 pontificium
726 1025 931 1098 ligandi
953 1033 1007 1081 et
1037 1024 1282 1080 solvendi
1316 1023 1576 1079 collatum
1616 1021 1720 1075 illis

168 1117 404 1172 insinuare
450 1115 717 1181 volumus,
761 1113 1094 1183 respondent
1127 1113 1235 1167 :Et
1263 1128 1363 1167 vos
1414 1127 1550 1184 ergo
1590 1110 1721 1165 solis

170 1204 458 1261 orationibus
509 1202 704 1257 vestris
741 1218 974 1275 regnum
1026 1209 1215 1257 contra
1257 1202 1621 1255 Nortmannos
1669 1206 1722 1253 et

171 1294 277 1349 alios
300 1294 612 1363 impotentes
642 1289 938 1355 defendite,
970 1297 1023 1345 et
1061 1298 1305 1344 nostram
1346 1288 1722 1343 defensionem

168 1383 301 1438 nolite
329 1396 604 1453 quaerere;
638 1386 691 1434 et
722 1379 768 1432 si
813 1378 975 1433 vultis
1012 1380 1083 1433 ad
1117 1376 1492 1433 defensionem
1521 1376 1722 1431 habere

170 1476 370 1522 nostrum
396 1464 675 1533 auxilium,
708 1464 843 1519 sicut
890 1462 1138 1518 volumus
1167 1461 1235 1517 de
1265 1462 1461 1518 vestris
1515 1460 1722 1515 oratio-

171 1556 296 1609 nibus
333 1553 524 1609 habere
569 1552 916 1620 adjutorium,
958 1551 1123 1607 nolite
1181 1565 1430 1621 quaarere
1477 1556 1723 1603 nostrum

171 1641 484 1713 dispendium,
521 1648 575 1696 et
613 1640 780 1711 petite
810 1640 1070 1694 domuum
1100 1638 1480 1709 apostolicum,
1514 1645 1568 1691 ut
1596 1635 1723 1708 quia

171 1747 246 1785 rex
267 1739 311 1785 et
334 1729 622 1801 episcopus
652 1728 812 1783 simul
842 1744 965 1784 esse
995 1743 1103 1783 non
1134 1735 1330 1798 potest,
1364 1734 1417 1781 et
1448 1725 1531 1780 sui
1562 1733 1722 1781 ante-

172 1834 373 1875 cessores
411 1817 841 1874 ecclesiasticum
880 1816 1129 1872 ordinem
1160 1816 1306 1887 quod
1347 1830 1504 1869 suum
1533 1820 1634 1878 est,
1671 1820 1724 1867 et

171 1924 253 1961 non
287 1906 691 1977 rempublicam,
756 1906 903 1977 quod
949 1921 1140 1976 regum
1170 1912 1270 1972 est,
1318 1903 1722 1974 disposuerunt,

171 2011 253 2050 non
274 1995 543 2066 pracipiat
587 1993 749 2049 nobis
793 1994 1000 2049 habere
1037 2009 1247 2066 regem,
1295 1992 1389 2064 qui
1417 2006 1522 2046 nos
1550 1991 1606 2046 in
1645 1990 1725 2046 sic

171 2084 432 2154 longinquis
459 2083 712 2154 partibus
742 2082 999 2151 adjuvare
1020 2097 1131 2136 non
1150 2079 1324 2152 possit
1355 2088 1539 2136 contra
1570 2078 1723 2134 subi-

173 2182 318 2227 taneos
355 2180 403 2227 et
440 2171 761 2243 frequentes
820 2186 1159 2243 paganorum
1210 2169 1463 2239 impetus,
1512 2175 1565 2223 et
1624 2182 1727 2222 nos

174 2262 369 2316 Francos
420 2276 531 2316 non
560 2260 751 2329 jubeat
796 2258 1024 2325 servire,
1069 2258 1197 2330 quia
1240 2258 1383 2312 istud
1406 2258 1602 2329 jugum
1643 2256 1727 2311 sui

173 2358 501 2405 antecessores
549 2349 754 2403 nostris
800 2346 1247 2403 antecessoribus
1293 2360 1403 2401 non
1444 2346 1725 2415 imposue-

174 2448 281 2503 runt,
309 2446 356 2492 et
378 2453 475 2492 nos
510 2437 652 2491 illud
686 2444 910 2507 portare
948 2451 1057 2490 non
1086 2450 1398 2506 possumus,
1458 2432 1549 2505 qui
1592 2433 1726 2488 scri-

170 2534 285 2595 ptum
301 2542 411 2581 esse
438 2526 493 2580 in
519 2524 724 2580 sanctis
753 2524 904 2579 libris
920 2524 1192 2589 audimus,
1220 2530 1386 2593 utpro
1398 2522 1646 2577 libertate
1671 2529 1724 2576 et

173 2614 432 2670 haereditate
472 2621 672 2669 nostra
720 2628 893 2683 usque
929 2612 999 2667 ad
1057 2619 1289 2666 mortem
1355 2618 1567 2665 certare
1624 2610 1726 2664 de-

172 2702 370 2757 beamus.
402 2701 537 2757 Etsi
569 2700 764 2772 aliquis
783 2700 1075 2770 cpiscopus
1102 2699 1337 2771 aliquem
1359 2698 1729 2753 Christianum

174 2799 324 2846 contra
370 2791 555 2864 legem
626 2788 1074 2853 excommunicat,
1128 2787 1231 2842 sibi
1287 2794 1610 2857 potestatem
1656 2785 1727 2841 li-

173 2880 301 2949 gandi
336 2879 482 2945 tollit,
519 2886 579 2934 et
614 2878 747 2932 nulli
796 2876 960 2932 vitam
1016 2884 1279 2932 aeternam
1307 2883 1485 2945 potest
1513 2874 1723 2941 tollere,

173 2967 207 3020 si
228 2984 308 3021 sua
333 2976 549 3037 peccata
580 2967 656 3020 illi
685 2982 808 3020 eam
841 2980 949 3020 non
980 2963 1197 3019 tollunt.
1236 2965 1304 3019 Et
1328 2978 1439 3018 non
1477 2962 1729 3018 convenit

172 3056 241 3109 uni
269 3056 503 3126 episcopo
567 3054 772 3122 dicere,
821 3061 877 3107 ut
925 3052 1310 3117 Christianum,
1372 3050 1463 3121 qui
1501 3066 1611 3105 non
1644 3057 1727 3106 est

1820 498 2000 555 facere
2017 499 2253 568 Christo,
2279 499 2325 554 si
2345 515 2535 554 eorum
2555 499 2884 571 colloquium
2903 496 3318 567 conviviumque
3334 495 3421 551 vi-

1819 587 2066 642 taverint.
2089 588 2246 643 Unde
2276 597 2328 643 et
2357 586 2621 642 Dominus
2651 602 2773 642 cum
2807 585 3112 657 publicanis
3141 592 3193 640 et
3223 599 3419 655 pecca-

1819 676 2026 732 toribus
2040 677 2335 731 comedens
2368 692 2381 730 :
2416 676 2535 731 Non
2564 679 2667 742 est,
2685 674 2875 747 inquit,
2913 691 3049 747 opus
3070 674 3226 729 sanis
3245 672 3423 728 medi-

1820 781 1936 831 cus,
1957 764 2054 820 sed
2067 765 2217 820 male
2239 764 2590 820 habentibus.
2616 764 2735 819 Non
2756 763 2884 819 veni
2902 764 3306 833 vocarcjustos,
3324 760 3421 817 sed

1818 858 2138 927 peccatores
2158 854 2348 923 (Marc:
2370 868 2428 918 ιι,
2451 855 2559 921 17).
2576 853 2642 906 Et
2658 850 2817 922 paulo
2836 858 2960 923 post
2985 868 2998 905 :
3029 872 3049 900 ε
3070 848 3277 919 Quibus
3288 849 3421 904 satis

1820 942 2075 1007 ostendit,
2100 957 2208 997 non
2240 948 2446 996 temere
2479 947 2532 995 et
2559 939 2983 1012 quomodolibet,
3027 938 3123 993 sed
3154 953 3253 1009 per
3266 937 3419 1006 judi-

1823 1031 1965 1087 cium
1984 1029 2308 1085 aufcrendos
2329 1044 2451 1083 esse
2467 1027 2642 1082 malos
2654 1028 2722 1082 ab
2744 1026 3005 1084 Ecclesia:
3017 1025 3420 1087 communione.

1823 1127 1875 1174 et
1910 1119 1951 1173 si
1985 1134 2082 1189 per
2106 1117 2372 1186 judicium
2418 1115 2619 1170 auferri
2678 1131 2786 1169 non
2833 1121 3082 1185 possunt,
3125 1113 3424 1168 tolerentur

1822 1207 2021 1279 potius,
2064 1223 2133 1261 ne
2190 1220 2451 1275 perverse
2498 1203 2669 1257 malos
2709 1202 2975 1267 evitando,
3020 1202 3303 1273 quisquam
3351 1201 3421 1255 ab

1822 1295 2076 1351 Ecclesia
2115 1294 2232 1365 ipse
2272 1292 2581 1355 discedens,
2631 1305 2724 1345 eos
2771 1306 2908 1362 quos
2956 1289 3146 1360 fugere
3204 1289 3418 1344 videtur

1822 1384 2023 1439 vinciat
2044 1383 2113 1437 ad
2155 1382 2483 1454 gehennam.
2518 1379 2654 1449 Quia
2700 1386 2751 1434 et
2790 1378 2856 1432 ad
2887 1379 2993 1433 hoc
3033 1377 3189 1433 nobis
3222 1376 3418 1431 suntin

1823 1471 2117 1542 Scripturis
2151 1469 2399 1539 exempla
2430 1468 2733 1539 proposita,
2784 1465 2870 1521 vel
2917 1466 2969 1520 in
2999 1465 3417 1533 messe(Matth.

1824 1564 1927 1631 nt),
1956 1568 2014 1614 ut
2043 1558 2214 1630 palea:
2244 1557 2571 1612 suﬂerantur
2599 1572 2771 1627 usque
2802 1555 2867 1609 ad
2899 1554 3148 1608 ultimum
3194 1551 3423 1608 ventila-

1801 1651 2004 1714 'brum,
2051 1648 2138 1703 vel
2170 1646 2307 1701 infra
2335 1646 2427 1700 illa
2455 1645 2590 1700 retia
2646 1646 2801 1711 (Luc.
2836 1642 2919 1713 v,)
2949 1643 3049 1697 ubi
3085 1643 3266 1713 pisces
3295 1639 3424 1695 boni

1742 1755 1796 1814 Β
1825 1753 1949 1794 cum
1978 1736 2137 1791 malis
2167 1749 2340 1807 usque
2369 1733 2436 1787 ad
2467 1732 2925 1805 segregationem,
2975 1746 3095 1802 quae
3125 1728 3301 1785 futura
3346 1736 3427 1783 est

1824 1826 1879 1880 in
1902 1826 2100 1889 littore,
2134 1824 2238 1878 hoc
2270 1830 2351 1877 est
2378 1821 2435 1875 in
2478 1820 2586 1875 ﬁne
2618 1820 2825 1886 saeculi,
2874 1834 3033 1890 sequo
3064 1818 3247 1873 animo
3279 1817 3421 1872 tole-

1826 1921 2030 1969 rentur.
2064 1937 2085 1959 »
2121 1913 2187 1966 Et
2216 1912 2343 1966 item
2365 1910 2507 1964 idem
2540 1926 2603 1964 ex
2636 1908 2901 1963 sententia
2929 1906 3115 1961 Pauli:
3155 1927 3176 1956 α
3199 1906 3423 1960 Duobus

1825 2001 2002 2058 modis
2024 2017 2133 2055 non
2163 2009 2216 2054 te
2248 1998 2484 2053 maculat
2512 1996 2707 2061 malus,
2733 1996 2779 2050 si
2809 2011 2919 2051 non
2942 1993 3273 2059 consentias,
3309 1992 3425 2048 etsi

1824 2090 2124 2162 redarguas
2158 2106 2171 2142 :
2204 2089 2308 2143 hoc
2337 2094 2420 2141 est
2448 2101 2558 2141 non
2587 2084 3003 2149 communicare,
3049 2098 3159 2137 non
3191 2097 3423 2138 consen-

1825 2179 1954 2234 tire.
1992 2175 2432 2231 Communicatur
2465 2173 2683 2245 quippe,
2731 2171 2947 2243 quando
2979 2170 3119 2225 facto
3150 2170 3265 2237 ejus
3294 2185 3425 2224 con-

1828 2266 2055 2322 sortium
2086 2263 2377 2320 voluntatis
2407 2271 2460 2318 ct
2490 2260 2892 2332 approbationis
2923 2258 3253 2329 adjungitur.
3311 2259 3426 2313 Hoc

1828 2370 1963 2427 ergo
1979 2354 2279 2408 admonens
2299 2366 2409 2407 non
2438 2349 2731 2421 Apostolus
2759 2349 2834 2404 ait
2858 2366 2871 2402 :
2909 2349 3090 2404 Nolite
3111 2346 3427 2403 communi-

1827 2460 1957 2500 care
1975 2441 2301 2515 operibusin
2308 2441 2619 2511 fructuosis
2640 2438 2999 2493 tenebrarum
3019 2436 3422 2508 (Ephes.v,tt).

1828 2532 1896 2586 Et
1927 2532 2055 2603 quia
2082 2545 2275 2600 parum
2320 2534 2432 2583 erat
2488 2542 2597 2582 non
2649 2525 2973 2591 consentire,
3022 2524 3068 2578 si
3110 2530 3429 2594 sequeretur

1828 2617 2165 2689 negligentia
2176 2616 2496 2686 disciplinae,
2517 2618 2696 2685 magis
2713 2617 2925 2678 autem,
2947 2611 3139 2684 inquit,
3166 2615 3221 2667 et
3236 2611 3430 2666 redar-

1827 2709 1979 2780 guite
2010 2707 2211 2776 (ibid.).
2240 2704 2429 2759 Videte
2459 2701 2915 2773 quemadmodum
2947 2707 3238 2769 utrumque
3267 2714 3417 2753 com-
3518 2762 3521 2763 ν

1827 2795 2020 2867 plexus
2049 2801 2151 2849 est.
2186 2793 2366 2849 Nolite
2395 2790 2833 2856 communicare,
2849 2789 3028 2860 magis
3043 2792 3234 2844 autem
3263 2790 3322 2842 et
3339 2803 3428 2843 re-

1832 2884 2112 2954 darguite.
2140 2879 2285 2949 Quid
2305 2887 2406 2945 est,
2431 2880 2608 2936 nolite
2624 2878 3047 2934 communicare
3068 2875 3284 2932 tNolite
3298 2889 3423 2931 con-

1832 2972 2055 3037 sentire,
2085 2970 2251 3025 nolite
2293 2968 2538 3032 laudare,
2588 2966 2756 3022 nolite
2801 2965 3126 3037 approbare.
3173 2962 3316 3035 Quid
3345 2971 3428 3019 est

1831 3068 2030 3125 autem,
2060 3060 2243 3131 magis
2274 3061 2331 3113 et
2370 3056 2735 3128 redarguite?
2790 3053 3209 3125 Reprehendite,
3260 3052 3432 3109 corri-

172 3143 531 3217 incorrigibilis,
596 3158 707 3198 non
772 3150 995 3212 propter
1057 3140 1277 3211 propria
1332 3139 1579 3204 crimina,
1631 3138 1726 3193 sed

1831 3107 2030 3125 --η---ν
2064 3107 2239 3131 --ηυη
2277 3107 2325 3113 ν-
2372 3107 2723 3128 "ww—amn—
3171 3107 3209 3119 -.
3269 3107 3314 3109 ρ

1829 3149 1959 3221 pite,
2019 3154 2285 3204 coercete.
2338 3167 2359 3195 ι
2406 3146 2523 3200 Hoc
2569 3144 2713 3199 enim
2777 3142 3079 3199 secundum
3109 3140 3430 3212 praeceptio-

172 3247 246 3302 pro
279 3241 473 3289 terreno
514 3247 695 3304 regno
738 3229 901 3285 alicui
961 3228 1222 3293 tollendo,
1259 3227 1346 3283 vel
1392 3227 1727 3299 acquirendo

175 3321 348 3376 nomine
389 3318 809 3377 Christianitatis
844 3317 1038 3373 debeat
1080 3317 1313 3388 privare,
1356 3324 1410 3371 et
1443 3332 1567 3371 eum
1606 3332 1730 3371 cum

175 3407 344 3465 diabolo
381 3409 680 3473 collocare,
731 3423 897 3479 quem
938 3405 1179 3461 Christus
1210 3420 1309 3460 sua
1338 3414 1512 3459 morte
1547 3413 1600 3459 et
1632 3420 1730 3459 suo

177 3498 389 3567 sanguine
419 3499 486 3555 de
536 3503 813 3569 potestate
866 3494 1068 3550 diaboli
1127 3493 1272 3549 venit
1319 3493 1610 3560 redimere,
1676 3501 1730 3548 et

175 3584 458 3642 Christianos
497 3601 606 3658 pro
650 3583 912 3639 fratribus
956 3582 1069 3638 suis
1121 3582 1332 3637 animas
1375 3596 1501 3636 suas
1548 3580 1732 3636 docuit

177 3689 355 3741 ponere.
394 3677 689 3747 Propterea
721 3673 768 3727 si
789 3672 1022 3727 domnus
1053 3670 1387 3741 apostolicus
1409 3669 1522 3724 vult
1539 3684 1729 3740 pacem

176 3778 389 3832 quaerere,
418 3764 497 3820 sic
526 3778 723 3836 pacem
769 3768 975 3833 qumrat
1033 3767 1089 3813 ut
1135 3758 1307 3814 rixam
1353 3773 1461 3813 non
1494 3766 1725 3824 moveat,

177 3851 271 3919 quia
290 3868 386 3907 non
412 3868 511 3907 nos
540 3850 943 3908 concredemus
981 3856 1037 3903 ut
1071 3847 1228 3902 aliter
1253 3847 1323 3901 ad
1368 3862 1601 3919 regnum
1631 3844 1730 3901 Dei

176 3936 413 4003 pervenire
443 3953 552 3992 non
575 3933 873 4007 possimus,
900 3932 946 3987 si
958 3932 1108 3987 illum
1131 3947 1294 4003 quem
1315 3931 1433 4002 ipse
1464 3943 1735 3986 commen-

176 4022 244 4075 dat
264 4033 518 4081 terrenum
549 4039 743 4096 regem
772 4037 880 4078 non
911 4020 1282 4077 habuerimus.
1318 4021 1387 4075 Et
1416 4018 1522 4073 alia
1543 4018 1612 4074 de
1636 4019 1730 4087 ju-

178 4114 402 4180 ramentis,
459 4122 511 4169 et
545 4111 824 4186 perjuriis,
859 4119 913 4165 et
967 4111 1035 4165 de
1067 4108 1373 4181 tyrannide,
1424 4107 1492 4163 de
1536 4108 1730 4180 quibus

178 4201 437 4272 scripsistis,
498 4202 602 4258 sed
649 4208 701 4256 et
749 4200 818 4255 de
866 4198 1207 4254 ﬁrmitatibus
1241 4212 1363 4269 quae
1391 4196 1531 4251 inter
1572 4212 1730 4269 reges

179 4297 345 4345 nostros
383 4291 540 4348 facta:
589 4291 829 4355 fuerunt,
876 4296 929 4343 et
972 4288 1040 4342 de
1085 4285 1428 4343 siditionibus
1471 4301 1592 4357 quae
1628 4299 1730 4355 pro

177 4375 246 4431 illo
266 4394 416 4453 regno
443 4388 655 4436 exorta:
670 4377 905 4442 fuerunt,
926 4384 978 4432 et
997 4376 1066 4430 ad
1094 4374 1523 4431 internecionem
1535 4372 1730 4427 multo-

1829 3254 1957 3293 nem
2002 3244 2243 3292 vestram
2282 3233 2464 3289 verbis
2524 3241 2576 3288 et
2606 3232 2823 3302 scriptis
2882 3231 2970 3303 egi
3001 3230 3323 3301 saepissime.
3357 3230 3426 3285 Et

1830 3326 1884 3381 in
1916 3325 2146 3397 epistola
2177 3322 2394 3380 concilii
2426 3321 2498 3376 ad
2545 3320 2854 3375 Donatistas
2879 3319 3065 3391 (epist.
3101 3321 3202 3374 152
3231 3320 3425 3389 Augu-

1830 3416 2016 3483 stini),
2050 3413 2194 3468 idem
2237 3412 2427 3466 doctor
2455 3408 2847 3464 solertissimus
2880 3407 3011 3462 dicit
3042 3424 3055 3460 :
3087 3430 3107 3453 ιι
3138 3404 3416 3476 Quisquis,

1829 3502 2023 3574 inquit,
2063 3501 2121 3555 in
2146 3501 2247 3555 hac
2276 3496 2524 3554 Ecclesia
2567 3496 2706 3551 bene
2732 3494 2947 3563 vixerit,
2980 3493 3109 3547 nihil
3142 3493 3192 3548 ei
3225 3492 3425 3563 prmju-

1830 3591 2011 3647 dicant
2056 3588 2231 3643 aliena
2258 3593 2483 3657 peccata
2515 3601 2529 3638 :
2562 3582 2690 3655 quia
2719 3581 3091 3653 unusquisque
3118 3581 3171 3635 in
3207 3596 3272 3635 ea
3301 3595 3427 3651 pro-

1831 3679 2009 3750 prium
2037 3692 2175 3733 onus
2203 3674 2457 3747 portabit,
2493 3671 2632 3728 sicut
2682 3670 2975 3742 Apostolus
3001 3669 3129 3725 dicit
3154 3687 3167 3723 :
3200 3670 3270 3724 Et
3298 3668 3422 3741 qui-

1828 3782 2044 3839 cunque
2090 3765 2146 3819 in
2177 3779 2243 3820 ea
2271 3777 2470 3834 corpus
2508 3759 2709 3815 Christi
2736 3757 3142 3814 manducaverit
3170 3757 3419 3831 indigne,

1821 3856 2106 3929 judicium
2140 3854 2246 3909 sibi
2263 3851 2573 3907 manducat
2589 3852 2646 3903 et
2667 3848 2801 3903 bibit
2820 3847 2872 3917 (1
2891 3848 3012 3904 Cor.
3036 3862 3116 3912 χι,
3147 3849 3260 3917 29).
3288 3847 3425 3902 Cum

1829 3953 2007 3999 autem
2056 3942 2186 3998 dicit
2206 3940 2494 4013 judicium
2538 3937 2644 3993 sibi
2673 3936 3002 4005 manducat,
3038 3934 3167 3991 satis
3187 3935 3425 3991 ostendit

1830 4033 1956 4105 quia
1985 4046 2095 4088 non
2132 4029 2284 4084 alteri
2316 4025 2582 4099 judicium
2614 4025 2924 4089 manducat,
2975 4025 3072 4080 sed
3120 4023 3222 4079 sibi
3255 4040 3268 4079 :
3301 4024 3425 4096 quia

1829 4119 2140 4178 communio
2185 4116 2449 4172 malorum
2518 4129 2627 4170 non
2669 4112 2902 4169 maculat
2950 4113 3183 4185 aliquem
3213 4112 3429 4183 partici-

1827 4209 2046 4281 patione
2089 4212 2567 4269 sacramentorum,
2617 4202 2715 4257 sed
2744 4201 3105 4258 consensione
3133 4201 3422 4268 factorum,

1827 4299 1969 4353 Nam
1998 4297 2044 4351 si
2071 4296 2125 4349 in
2155 4294 2312 4350 factis
2340 4292 2497 4348 malis
2524 4306 2636 4346 non
2665 4289 2745 4345 eis
2773 4289 3060 4361 quisquam
3101 4289 3422 4356 consentiat,

1828 4393 2006 4457 portat
2034 4384 2208 4440 malus
2236 4397 2452 4438 causam
2500 4394 2656 4434 suam
2704 4386 2756 4432 et
2793 4392 3083 4448 personam
3113 4393 3284 4444 suam,
3319 4393 3423 4432 nec

179 4480 267 4520 rum
288 4470 647 4539 pervenirent,
689 4466 794 4522 nisi
821 4466 954 4537 ipsa;
983 4462 1263 4519 ﬁrmitates
1293 4469 1564 4518 exsecuta:
1595 4460 1719 4515 fuis-

1829 4474 2146 4546 praajudicat
2180 4471 2352 4537 alteri,
2385 4484 2548 4541 quem
2578 4468 2633 4522 in
2679 4466 3041 4523 consensione
3088 4465 3214 4519 mali
3245 4465 3424 4536 operis

179 4564 285 4621 sent,
311 4557 457 4613 nobis
506 4558 697 4613 dicunt
726 4570 848 4626 quae
885 4561 1079 4609 vostra:
1118 4550 1426 4608 auctoritati
1460 4548 1728 4606 mandare

179 4644 299 4700 nobis
320 4662 420 4701 non
455 4644 736 4703 convenit.
766 4642 1127 4715 Quapropter,
1156 4640 1428 4712 quomodo
1450 4638 1622 4710 ipsius
1642 4654 1731 4693 re-

176 4730 254 4802 gis,
279 4734 324 4789 in
357 4735 505 4804 cujus
538 4749 718 4807 regno
733 4731 991 4803 parochia
1018 4738 1071 4786 et
1085 4728 1362 4801 provincia
1391 4743 1515 4783 mea
1544 4726 1729 4783 consi-

177 4819 314 4885 stit,et
330 4840 511 4878 eorum
532 4822 771 4895 quicum
792 4835 858 4877 eo
878 4820 1102 4891 degunt,
1118 4818 1235 4873 sine
1256 4817 1450 4873 anima:
1460 4815 1725 4888 periculo,

176 4914 215 4960 et
235 4910 343 4966 mihi
367 4912 679 4969 commissae
707 4908 973 4965 Ecclesiae
1002 4907 1346 4971 detrimento,
1395 4904 1729 4961 consortium

179 4997 242 5051 vel
263 5002 593 5069 praesentiam
613 4998 818 5054 valeam
849 4996 1090 5052 devitarc
1116 5010 1224 5051 non
1242 4994 1422 5059 video,
1456 5009 1578 5048 cum
1597 4993 1729 5048 bea-

177 5090 241 5139 tus
258 5090 575 5161 Augustinus
599 5088 652 5142 in
678 5084 908 5158 praefato
935 5084 1073 5140 libro
1102 5083 1171 5139 de
1202 5080 1524 5139 Pcenitentia
1552 5081 1727 5138 dicat:

178 5172 347 5247 Scripsi
362 5179 528 5243 vobis,
560 5175 735 5248 inquit
754 5172 1047 5245 Apostolus
1069 5172 1124 5227 in
1144 5170 1407 5242 Epistola,
1432 5186 1547 5226 non
1575 5186 1730 5225 com-

179 5264 363 5322 misceri
400 5265 756 5338 fornicariis,
805 5280 915 5319 non
964 5263 1158 5334 utique
1196 5260 1528 5332 fornicariis
1561 5258 1731 5330 hujus

180 5354 355 5419 mundi,
385 5359 487 5410 aut
516 5355 729 5419 avaris,
763 5357 865 5408 aut
902 5350 1239 5424 raptoribus,
1272 5352 1375 5404 aut
1413 5348 1578 5403 idolis
1608 5363 1730 5402 ser-

180 5439 411 5499 viantibus
435 5461 449 5497 :
471 5443 732 5515 alioquin
769 5440 1086 5497 debueratis
1108 5438 1175 5494 de
1204 5438 1304 5494 hoc
1339 5436 1550 5492 mundo
1571 5436 1732 5491 exire

182 5535 221 5597 (Ι
226 5537 325 5593 Cor.
338 5555 390 5607 v,
419 5542 497 5612 9).
510 5540 645 5596 Non
664 5538 804 5593 enim
822 5544 1047 5610 possunt
1062 5535 1311 5591 homines
1330 5534 1385 5588 in
1404 5534 1508 5589 hoc
1528 5532 1732 5588 mundo

1831 4558 2041 4615 socium
2086 4571 2195 4611 non
2224 4555 2386 4609 habet
2432 4551 2691 4607 criminis.
2731 4550 2840 4605 xEt
2869 4548 2924 4603 in
2969 4549 3146 4620 primo
3185 4548 3324 4603 libro
3357 4548 3426 4603 de

1830 4646 2101 4717 Baptismo
2127 4646 2273 4716 (cap.
2310 4642 2397 4711 l7)
2434 4640 2566 4696 dicit
2598 4656 2612 4694 :
2651 4661 2674 4689 α
2708 4637 3029 4709 Spirituales
3055 4636 3170 4691 sive
3216 4636 3287 4691 ad
3316 4637 3419 4691 hoc

1830 4736 2008 4806 ipsum
2036 4734 2126 4805 pio
2172 4732 2350 4786 studio
2397 4727 2763 4801 proﬁcientes,
2808 4741 2918 4781 non
2947 4733 3075 4780 eunt
3107 4724 3256 4789 foris,
3294 4723 3423 4796 quia

1831 4832 2018 4879 etcum
2047 4821 2230 4893 aliqua
2261 4819 2348 4875 vel
2376 4818 2756 4890 perversitate,
2788 4814 2873 4870 vel
2894 4813 3220 4868 necessitate
3250 4812 3422 4868 homi-

1831 4928 1960 4967 num
1989 4911 2240 4967 videntur
2268 4906 2483 4978 expelli,
2516 4904 2590 4959 ibi
2618 4902 2794 4976 magis
2820 4901 3055 4973 probant
3086 4918 3248 4974 quam
3277 4902 3424 4957 intus

1831 5006 2215 5072 permaneant,
2261 5011 2386 5053 cum
2436 4994 2699 5048 adversus
2754 4990 3056 5047 Ecclesiam
3113 4990 3419 5045 nullatenus

1832 5088 2128 5161 eriguntur.
2181 5084 2278 5141 sed
2324 5084 2380 5138 in
2435 5080 2609 5136 solida
2667 5078 2889 5134 unitatis
2926 5086 3079 5151 petra
3109 5078 3422 5135 fortissima;

1832 5176 2113 5233 charitatis
2154 5174 2348 5231 robore
2379 5169 2710 5226 radicantur.
2756 5168 2838 5223 Ad
2878 5169 2983 5225 hoc
3013 5169 3157 5224 enim
3188 5166 3421 5238 pertinet

1832 5266 1977 5339 quod
2008 5266 2063 5320 in
2092 5264 2185 5320 illo
2219 5259 2448 5316 Abrahae
2477 5255 2749 5313 sacrificio
2778 5257 2976 5313 dicitur
3009 5275 3022 5312 :
3055 5259 3191 5312 Aves
3226 5259 3419 5311 autem

1832 5370 1947 5411 non
1970 5353 2183 5409 divisit.
2224 5371 2245 5400 ι

1904 5441 2075 5514 igitur
2100 5439 2192 5511 qui
2222 5455 2309 5494 me
2336 5453 2369 5493 a
2417 5436 2592 5493 solida
2618 5436 2838 5492 unitatis
2867 5433 3149 5491 catholica:
3178 5441 3231 5488 et
3256 5448 3416 5504 apos-

1832 5529 2010 5586 tolicae
2050 5526 2315 5585 Ecclesia:
2359 5534 2513 5598 petra
2570 5541 2681 5582 non
2709 5525 2911 5590 divido,
2962 5531 3014 5577 et
3064 5522 3203 5579 sicut
3250 5522 3423 5578 nostis
