4004 6176
440 181 542 232 183

1329 171 1670 230 IIINCMARI
1705 165 2106 228 RHEMENSIS
2153 166 2702 224 ARCHIEPISCOPI.

3637 173 3734 226 184

438 302 674 376 scriptis,
715 310 769 358 et
797 302 958 358 etiam
1003 299 1368 374 praisentibus
1406 299 1600 356 vestris
1645 297 1847 366 missis,
1897 291 2106 352 adeoA
2134 295 2312 366 cipue,
2345 296 2400 349 in
2431 311 2594 366 quem
2623 301 2830 350 tantam
2859 295 3336 350 comminationem
3385 297 3726 366 intentastis,

443 407 510 447 ex
537 399 722 448 vestra
751 393 996 460 jussione
1041 390 1224 446 verbis
1269 389 1440 444 restiti
1467 387 1605 458 regi,
1639 403 1700 442 ac
1739 401 2036 456 regnorum

441 479 794 552 primoribus,
819 489 876 535 ut
907 489 958 536 et
977 495 1160 536 coram
1183 479 1388 534 eisdem
1417 477 1598 532 missis
1619 476 2037 532 comminaretur

441 568 594 636 mihi,
650 569 908 640 quoniam
956 569 1002 626 si
1049 569 1106 624 in
1151 583 1275 623 mea
1322 566 1589 622 sententia
1633 578 2034 636 permanerem,

441 659 511 713 ad
527 657 693 713 altare
722 657 988 716 Ecclesiae
1029 673 1166 712 meae
1207 663 1424 714 cantare
1469 671 1710 724 possem,
1759 653 1828 708 de
1875 651 2037 708 rebus

441 761 574 802 vero
614 755 667 802 et
709 745 1016 802 hominibus
1059 745 1264 800 nullam
1309 751 1634 815 potestatem
1671 743 1950 808 haberem,
2006 756 2039 796 a

442 842 628 890 vestra
657 834 1034 891 communione
1063 850 1173 889 non
1193 833 1368 888 debeo
1400 832 1644 904 separari
1682 830 1912 886 aliorum
1951 827 2036 884 fa-

441 923 709 980 ctionibus
739 939 988 994 quorum,
1023 930 1284 994 quantum
1314 939 1378 977 ex
1395 937 1484 976 me
1513 929 1612 987 est,
1639 935 1748 976 non
1789 934 2036 974 commu-

443 1013 566 1068 nico
614 1027 948 1084 quaecunque
1007 1019 1130 1067 sunt
1198 1009 1504 1066 tenebrosis
1565 1009 1844 1080 operibus.
1909 1008 2032 1074 Qui,

441 1101 614 1172 inquit
637 1101 920 1166 Dominus,
943 1103 1264 1174 peccaverit
1281 1099 1444 1164 mihi,
1469 1097 1658 1154 delebo
1679 1113 1808 1154 eum
1819 1097 1884 1152 de
1900 1097 2037 1152 libro

439 1206 561 1246 meo
591 1189 812 1260 (Ezech.
847 1205 968 1256 xiv,
1003 1193 1099 1258 9);
1132 1195 1185 1244 et
1231 1205 1244 1241 :
1287 1188 1494 1243 Anima
1533 1203 1653 1258 qua:
1701 1186 2034 1258 peccaverit,

436 1281 562 1352 ipsa
575 1280 851 1336 morietur
862 1278 1252 1349 (Ezeeh.xv1u,
1267 1279 1382 1346 20).
1403 1275 1512 1332 Sed
1524 1275 1642 1331 etin
1659 1273 2032 1345 peccantibus,

435 1373 494 1422 ut
521 1367 663 1423 bene
681 1366 875 1432 nostis,
901 1374 952 1422 et
967 1365 1162 1420 beatus
1190 1364 1318 1420 dicit
1336 1363 1654 1436 Gregorius,
1690 1379 1868 1418 causae
1897 1379 2037 1432 pen-

439 1456 623 1512 sandaa
656 1463 799 1520 sunt,
824 1463 876 1510 et
907 1462 1035 1510 tunc
1061 1453 1266 1526 ligandi
1295 1461 1460 1525 atque
1505 1452 1750 1508 solvendi
1797 1459 2038 1522 potestas

438 1543 760 1600 exercenda.
808 1541 944 1612 Quze
1002 1551 1266 1612 potestas,
1317 1549 1374 1596 ut
1427 1541 1538 1597 Leo
1603 1541 1751 1610 dicit,
1799 1541 1856 1594 in
1901 1540 2038 1596 alios

2137 401 2270 456 erga
2299 399 2490 456 regem
2519 392 2766 439 nostrum
2795 399 2991 456 gerere
3029 385 3344 452 debeamus,
3377 400 3506 440 cum
3537 385 3732 440 beatus

2135 473 2468 544 Augustinus
2529 473 2774 544 Apostoli
2821 487 3100 542 exponens
3163 473 3488 528 sententiam
3533 473 3728 528 dicat:

2143 583 2165 610 tt
2199 561 2528 630 Apostolica,
2563 561 2755 632 inquit,
2778 560 3045 626 doctrina,
3071 569 3126 615 ut
3145 561 3322 615 omnis
3343 561 3524 615 anima
3555 563 3732 616 subli-

2137 649 2401 704 mioribus
2437 650 2796 720 potestatibus
2834 651 3050 704 subdita
3081 651 3168 716 sit,
3227 658 3282 704 et
3327 657 3384 704 ut
3429 651 3736 705 reddantur

2139 739 2388 793 omnibus
2417 737 2622 802 omnia,
2653 738 2739 793 cui
2781 739 3040 792 tributum
3069 739 3339 808 tributum,
3373 739 3460 794 cui
3497 739 3738 812 vectigal

2137 827 2390 900 vectigal,
2423 835 2476 882 et
2503 835 2722 893 caetera,
2756 828 2912 882 salvo
2939 828 3155 884 Domini
3186 829 3356 883 nostri
3384 827 3556 894 cultu,
3597 843 3736 884 con-

2139 916 2429 971 stitutionis
2461 917 2712 970 humanae
2759 916 3095 987 principibus
3153 917 3467 982 reddamus,
3515 917 3740 989 quando

2140 1013 2192 1061 et
2206 1005 2321 1075 ipse
2353 1004 2635 1070 Dominus,
2655 1013 2710 1059 ut
2739 1005 2897 1059 nobis
2927 1006 3088 1074 hujus
3110 1021 3279 1060 sacra:
3298 1005 3568 1061 doctrinae
3587 1022 3738 1075 prae-

2137 1093 2292 1148 beret
2321 1094 2647 1164 exemplum,
2681 1109 2782 1164 pro
2799 1093 2975 1164 capite
3007 1093 3260 1160 hominis,
3293 1110 3400 1165 quo
3423 1103 3540 1149 erat
3573 1095 3742 1148 indu-

2139 1189 2242 1248 tus,
2275 1183 2535 1236 tributum
2567 1183 2782 1238 solvere
2803 1198 2914 1237 non
2951 1183 3280 1255 dedignatus
3322 1191 3426 1238 est.
3465 1183 3744 1238 iubentur

2139 1271 2301 1326 etiam
2341 1271 2486 1327 servi
2533 1271 2822 1326 Christiani
2872 1279 2924 1326 et
2969 1271 3160 1326 fideles
3189 1271 3317 1326 boni
3355 1272 3596 1326 dominis
3629 1271 3746 1326 suis

2139 1359 2527 1430 temporalibus
2555 1359 2934 1431 aequanimiter
2963 1359 3298 1432 fideliterque
3329 1361 3568 1424 servire,
3603 1375 3748 1431 quos

2133 1447 2424 1518 judicaturi
2473 1457 2614 1514 sunt,
2657 1449 2703 1502 si
2741 1465 2912 1520 usque
2955 1448 3010 1503 in
3041 1448 3208 1504 finem
3253 1449 3469 1520 iniquos
3509 1449 3748 1505 invene-

2139 1539 2267 1604 rint,
2300 1545 2546 1593 autcum
2592 1537 2790 1608 quibus
2831 1537 3110 1610 regnaturi
3169 1546 3311 1606 sunt,
3373 1538 3420 1592 si
3459 1545 3512 1592 et
3561 1538 3644 1592 illi
3683 1541 3752 1594 ad

437 1633 734 1704 apostolos,
767 1640 822 1687 et
849 1632 919 1686 ad
947 1647 1137 1687 omnes
1167 1629 1429 1686 Ecclesiae
1458 1630 1734 1702 principes
1755 1645 2032 1686 commea—
2065 1649 2119 1709 Β
2138 1641 2330 1683 verum
2359 1627 2532 1681 Deum
2562 1626 2818 1682 conversi
2845 1625 3062 1681 fuerint.
3099 1625 3364 1682 Omnibus
3383 1635 3572 1682 tamen
3593 1643 3748 1698 prae-

435 1721 512 1777 vit
545 1737 560 1776 :
593 1721 690 1776 sed
710 1720 834 1776 ideo
865 1719 1216 1791 singulariter
1245 1721 1402 1774 Petro
1431 1719 1690 1785 creditur,
1725 1719 1856 1791 quia
1893 1735 2032 1774 cun-

437 1809 540 1866 ctis
581 1809 845 1866 Ecclesiae
911 1807 1210 1864 rectoribus
1259 1807 1400 1862 Petri
1459 1806 1632 1862 forma
1687 1807 2030 1878 proponitur.

439 1897 618 1954 Manet
663 1913 797 1969 ergo
831 1897 978 1952 Petri
1005 1896 1371 1970 privilegium,
1419 1896 1730 1967 ubicunque
1779 1913 1844 1951 ex
1867 1895 2038 1966 ipsius

436 1987 610 2043 fertur
637 1985 888 2058 aequitate
912 1985 1178 2055 judiciiun
1203 2001 1215 2040 :
1239 2001 1342 2041 nec
1371 1984 1536 2040 nimia
1577 1993 1662 2040 est
1691 1985 1778 2040 vel
1829 1984 2034 2040 severi-

437 2083 542 2142 tas,
565 2075 653 2132 vel
683 2075 952 2142 remissio,
987 2074 1081 2130 ubi
1099 2073 1232 2128 nihil
1263 2081 1344 2130 est
1363 2073 1610 2147 ligatum,
1629 2073 1762 2128 nihil
1781 2074 2037 2143 solutum,

439 2165 545 2220 nisi
575 2164 718 2237 quod
749 2165 940 2220 beatus
971 2164 1164 2219 Petrus
1206 2171 1296 2218 aut
1342 2162 1618 2238 ligaverit,
1669 2171 1761 2218 aut
1793 2163 2032 2218 solverit.

437 2251 682 2324 Qualiter
711 2253 876 2308 etiam
901 2251 1070 2308 frater
1099 2260 1154 2306 et
1177 2251 1436 2308 sacerdos
1457 2259 1642 2306 noster
1681 2250 1821 2318 Odo,
1855 2251 2040 2306 Belva-

440 2341 620 2398 censis
651 2341 960 2412 episcopus,
993 2355 1208 2395 mecum
1235 2355 1334 2410 pro
1365 2339 1809 2410 obtemperandis
1843 2340 2038 2394 vestris

436 2427 774 2500 jussionibus
821 2427 1164 2492 laboraverit,
1198 2427 1362 2484 iidem
1420 2427 1587 2498 legati
1642 2427 1812 2483 vestri
1877 2428 2032 2483 vobis

440 2517 789 2574 innotescere
815 2525 1062 2588 possunt.
1112 2515 1222 2572 Sed
1259 2523 1312 2570 et
1353 2515 1474 2571 alia:
1503 2515 1952 2572 comminationes
1981 2515 2036 2570 in

443 2621 546 2664 nos
567 2613 692 2662 sunt
713 2605 986 2675 jaculatae,
1021 2621 1156 2678 quas
1187 2605 1366 2661 adhuc
1408 2603 1536 2661 nolo
1565 2604 1836 2676 proferre,
1869 2620 2039 2678 quas-

443 2711 550 2768 que
579 2694 714 2764 scio,
739 2693 1062 2750 siDominus
1095 2693 1202 2749 illis
1232 2693 1559 2765 permiserit,
1591 2701 1648 2749 ut
1669 2693 1782 2763 jam
1828 2693 1885 2748 in
1916 2694 2044 2749 deli-

443 2783 740 2851 beratione,
801 2783 874 2838 ita
933 2783 1050 2840 sine
1095 2783 1480 2840 retractatione
1537 2781 1930 2839 comminantes
1987 2783 2043 2838 in

445 2887 614 2944 Opere
641 2879 947 2928 monstrare
985 2873 1276 2928 curabunt.
1315 2873 1382 2927 Et
1427 2879 1484 2927 ut
1513 2871 1646 2927 mihi
1675 2872 2042 2942 experimento

2139 1715 2333 1786 cipitur
2363 1715 2568 1772 servire
2607 1715 2859 1770 humanis
2888 1716 3247 1786 potestatibus
3287 1723 3448 1788 atque
3479 1717 3746 1782 terrenis,

2141 1821 2248 1876 quo
2281 1821 2450 1876 usque
2482 1811 2604 1875 post
2637 1813 2850 1875 tempus
2879 1803 3226 1876 praeﬁnitum,
3259 1805 3328 1860 ab
3349 1805 3506 1858 istius
3559 1805 3752 1862 saeculi

2139 1892 2478 1961 confusione,
2515 1903 2772 1964 tanquam
2799 1894 2867 1948 de
2900 1893 3208 1964 captivitate
3241 1893 3574 1965 Babyloniae,
3609 1895 3753 1950 sicut

2141 1981 2480 2037 Hierusalem
2527 1982 2790 2037 liberetur
2816 1983 3088 2038 Ecclesia.
3123 1984 3202 2037 Ex
3233 1983 3388 2052 cujus
3417 1983 3753 2053 captivitatis

2142 2071 2452 2140 occasione,
2481 2071 2526 2126 si
2546 2072 2710 2126 etiam
2743 2071 2948 2126 terreni
2973 2087 3158 2142 reges,
3183 2071 3418 2127 desertis
3449 2073 3614 2128 idolis
3643 2088 3749 2144 pro

2141 2161 2335 2232 quibus
2391 2160 2850 2232 persequebantur
2923 2159 3278 2226 Christianos,
3339 2177 3504 2216 unum
3557 2178 3750 2217 verum

2141 2249 2317 2304 Deum
2347 2257 2400 2304 et
2443 2249 2716 2304 Christum
2745 2249 3034 2304 Dominum
3063 2249 3415 2320 cognoverint
3440 2257 3494 2306 et
3537 2251 3746 2316 colant,

2139 2355 2242 2409 pro
2281 2337 2475 2409 quibus
2507 2337 2702 2392 Paulus
2731 2339 3006 2409 apostolus
3032 2338 3187 2408 jubet
3225 2355 3382 2394 orare
3412 2339 3745 2410 Ecclesiam,

2141 2441 2266 2483 cum
2295 2421 2758 2498 persequerentur
2789 2427 3114 2495 Ecclesiam,
3137 2433 3200 2482 ut
3218 2445 3478 2484 securam
3499 2433 3558 2483 et
3585 2435 3748 2484 tran-

2143 2517 2385 2589 quillam
2407 2517 2582 2571 vitam
2612 2533 2846 2588 agamus
2877 2533 3009 2572 cum
3039 2518 3195 2572 omni
3227 2521 3443 2588 pietate
3474 2521 3530 2573 et
3563 2522 3748 2574 casti-

2143 2608 2260 2660 tate
2281 2605 2332 2674 (I
2355 2605 2489 2660 Tim.
2525 2619 2582 2670 tt,
2608 2605 2685 2675 2),
2711 2606 2848 2660 sicut
2877 2613 2928 2660 et
2959 2605 3049 2661 ille
3068 2605 3369 2676 populusin
3389 2607 3748 2678 Babyloniam

2143 2693 2334 2748 ductus
2363 2709 2464 2764 per
2493 2693 2786 2748 Jeremiam
2808 2693 3028 2763 jubetur
3071 2711 3228 2749 orare
3257 2711 3357 2765 pro
3394 2711 3529 2766 rege
3559 2697 3748 2768 Baby-

2142 2779 2321 2852 loniae,
2353 2790 2405 2838 et
2435 2783 2623 2838 beatus
2653 2783 2846 2838 Petrus
2877 2783 3004 2838 dicit
3038 2801 3050 2836 :
3089 2784 3335 2856 Subjecti
3373 2789 3547 2840 estote
3589 2789 3750 2842 omni

2145 2873 2410 2928 humana:
2459 2877 2738 2928 creaturae
2783 2876 3014 2945 prapter
3061 2875 3380 2938 Dominum,
3435 2876 3553 2930 sive
3599 2879 3746 2948 regi,

445 2960 676 3031 videtur,
707 2967 929 3032 pr0pter
965 2975 1145 3016 meam
1183 2960 1640 3029 interdictionem,
1686 2960 1772 3016 vel
1821 2969 2046 3031 propter
2075 3005 2122 3068 Ο
2143 2963 2304 3034 quasi
2332 2961 2684 3033 prweelle-nti
2701 2961 2752 3032 (Ι
2779 2965 2929 3017 Petr.
2949 2976 3008 3030 ιι,
3043 2963 3152 3032 i3);
3179 2962 3376 3017 etitem
3401 2979 3414 3017 :
3439 2965 3750 3020 Dominum

443 3049 648 3123 lingua:
693 3050 947 3105 humanae
993 3049 1254 3122 gladium,
1303 3049 1409 3104 nisi
1455 3049 1592 3104 alius
1630 3049 1709 3104 eis
1755 3049 2038 3120 obstiterit,

447 3153 546 3194 rex
573 3145 754 3195 vester
773 3137 860 3194 vel
889 3138 1043 3209 regni
1073 3139 1190 3207 ejus
1219 3137 1488 3208 primores
1515 3152 1626 3192 non
1663 3136 1949 3204 dimittant,
1983 3145 2041 3192 ut

446 3226 594 3300 quod
637 3226 901 3299 coeperint
937 3233 1196 3298 quantum
1231 3233 1482 3297 poterunt
1517 3241 1626 3282 non
1657 3233 2040 3298 exsequantur.

444 3315 516 3372 Et
535 3314 723 3372 nescio
745 3315 1018 3387 quomodo
1037 3314 1208 3386 ipsius
1220 3315 1388 3388 regis,
1413 3315 1500 3370 vel
1521 3315 1662 3370 inter
1679 3331 1816 3387 quos
1837 3315 2040 3382 habito,

445 3404 794 3477 praesentiam
826 3413 878 3461 et
908 3405 1344 3461 communionem
1359 3404 1444 3460 vel
1475 3403 1810 3460 consortium
1831 3403 2046 3460 valeam

448 3493 712 3560 devitare,
744 3509 868 3550 cum
897 3510 996 3550 rex
1037 3501 1092 3550 et
1120 3493 1497 3550 cohabitantes
1529 3509 1744 3550 mecum
1773 3509 1882 3548 una
1921 3509 2046 3549 cum

443 3593 596 3651 rege,
625 3593 736 3633 non
782 3577 958 3634 solum
986 3577 1043 3632 in
1071 3578 1408 3650 parochiam,
1455 3594 1642 3634 verum
1673 3585 1725 3634 et
1752 3577 1810 3631 in
1854 3577 2044 3634 civita-

447 3673 556 3722 tem
575 3681 756 3723 meam
791 3683 936 3738 saepe
983 3667 1325 3733 conveniant,
1359 3674 1412 3722 et
1439 3666 1514 3721 ibi
1543 3667 1730 3721 tandiu
1760 3667 1898 3724 sicut
1927 3668 2047 3738 regi

449 3755 754 3826 complacet
779 3757 1004 3824 degant,
1037 3764 1092 3810 et
1119 3771 1242 3811 cum
1271 3763 1420 3810 tanta
1449 3755 1810 3820 multitudine,
1843 3763 1948 3808 tam
1979 3757 2046 3810 de

447 3859 623 3915 regno
654 3843 799 3914 quod
828 3851 990 3898 antea
1017 3843 1218 3908 habuit,
1253 3859 1412 3914 quam
1467 3851 1520 3896 et
1567 3843 1634 3897 de
1675 3858 1844 3912 regno
1902 3843 2048 3914 quod

454 3931 744 3986 Lotharius
791 3932 997 3996 habuit,
1057 3945 1274 3987 necnon
1320 3931 1388 3985 de
1433 3930 1553 3984 aliis
1582 3930 1770 4000 regnis
1800 3931 1868 3986 ad
1925 3949 2048 3986 eum

453 4019 872 4088 conﬂuentibus,
935 4020 1073 4075 sicut
1114 4019 1266 4074 missi
1305 4018 1474 4074 vestri
1531 4019 1800 4086 viderunt,
1866 4027 1918 4075 et
1945 4021 2049 4076 hoc

454 4123 618 4180 quam
647 4123 790 4178 smpe
820 4108 898 4163 illi
929 4107 1160 4174 videtur,
1195 4107 1249 4162 in
1272 4107 1486 4164 civitate
1511 4124 1634 4164 mea
1665 4107 1924 4176 sustineo,
1957 4111 2049 4182 qui

454 4197 744 4252 ecclesiam
777 4205 828 4252 et
881 4197 1096 4268 plebem
1127 4197 1258 4252 mihi
1300 4198 1646 4253 commissam
1675 4197 1946 4265 deserere,
1999 4207 2050 4254 et

451 4285 706 4342 aliorsum
737 4293 796 4341 ut
823 4287 1191 4343 mercenarius
1217 4303 1328 4344 non
1365 4287 1520 4344 valeo
1565 4287 1774 4360 fugere,
1810 4304 1912 4344 nec
1943 4305 2048 4360 quo

2154 3051 2368 3116 timete,
2397 3065 2580 3122 regem
2597 3051 2962 3120 honoriﬁcate
2975 3051 3156 3120 (ibid.,
3185 3050 3291 3120 17).
3309 3051 3472 3106 Omni
3493 3053 3750 3109 humana;

2147 3146 2433 3205 creaturae,
2461 3138 2633 3211 inquit
2662 3139 2854 3195 doctor
2873 3139 3286 3212 sagacissimus,
3319 3142 3468 3196 omni
3497 3141 3754 3215 dignitati

2145 3227 2448 3296 hominum,
2481 3228 2626 3282 omni
2657 3244 2924 3298 personas,
2959 3228 3108 3284 omni
3147 3229 3491 3301 principatui,
3523 3231 3610 3286 cui
3647 3247 3752 3288 vos

2147 3315 2328 3372 divina
2399 3315 2682 3388 dispositio
2752 3317 2912 3372 subdi
2949 3317 3200 3374 voluerit.
3261 3339 3282 3367 ι
3316 3319 3433 3374 Hoc
3473 3327 3554 3374 est
3599 3320 3750 3375 enim

2147 3405 2292 3478 quod
2323 3405 2396 3460 ait
2435 3411 2664 3478 propter
2693 3407 3016 3474 Dominum,
3049 3409 3178 3479 quia
3211 3424 3326 3463 non
3359 3413 3446 3463 est
3471 3413 3744 3476 potestas,

2147 3496 2266 3551 nisi
2293 3513 2328 3550 a
2349 3497 2476 3562 Deo,
2510 3499 2566 3550 et
2602 3497 2698 3567 qui
2729 3499 2996 3568 potestati
3017 3497 3253 3562 resistit,
3280 3499 3378 3552 Dei
3393 3498 3750 3555 ordinationi

2147 3586 2368 3640 resistit
2392 3584 2567 3654 (Rom.
2593 3599 2714 3652 xm,
2737 3589 2785 3654 t,
2809 3584 2885 3654 2).
2917 3585 2982 3638 Et
3012 3585 3138 3638 item
3161 3593 3380 3640 sanctus
3409 3587 3750 3658 Augustinus

2147 3672 2203 3726 in
2226 3689 2474 3728 sermone
2491 3673 2774 3742 Evangelii
2789 3673 3014 3727 Joannis
3035 3673 3224 3746 (serm.
3251 3675 3304 3745 6)
3339 3691 3351 3728 :
3389 3695 3410 3725 α
3447 3675 3744 3747 Leguntur,

2147 3759 2338 3832 inquit,
2359 3761 2513 3832 leges
2542 3761 2858 3828 manifestae,
2889 3763 2982 3816 ubi
3019 3771 3397 3833 praeceperunt
3445 3763 3748 3834 imperato-

2149 3863 2260 3914 res,
2295 3864 2390 3902 eos
2421 3849 2510 3919 qui
2561 3857 2756 3919 praeter
2787 3851 3068 3906 catholicae
3095 3851 3360 3907 Ecclesiae
3401 3853 3750 3909 communio-

2149 3952 2274 3992 nem
2317 3945 2583 4007 usurpant
2627 3937 2728 3992 sibi
2773 3955 2970 3993 nomen
3011 3939 3394 4006 Christianum,
3429 3957 3533 3997 nec
3561 3941 3754 3996 volunt

2149 4023 2350 4096 inpace
2365 4025 2543 4082 colere
2573 4027 2725 4096 pacis
2756 4035 3052 4092 auctorem,
3084 4029 3214 4082 nihil
3237 4029 3454 4085 nomine
3481 4029 3752 4086 Ecclesiae

2149 4111 2382 4165 audeant
2438 4111 2741 4181 possidere.
2794 4111 2902 4167 Sed
2951 4113 3098 4182 quid,
3151 4113 3417 4184 inquiunt,
3479 4115 3636 4168 nobis
3695 4127 3750 4170 ct

2149 4199 2509 4270 imperatori?
2539 4201 2646 4254 Sed
2669 4201 2782 4268 jam
2826 4201 2932 4254 dixi
2964 4201 3031 4255 de
3068 4201 3190 4270 jure
3235 4202 3475 4258 humano
3515 4203 3693 4276 agitur
3731 4223 3744 4258 :

2149 4296 2202 4343 et
2249 4297 2426 4344 tamen
2470 4289 2759 4360 Apostolus
2807 4289 2972 4344 voluit
3034 4290 3228 4345 serviri
3283 4291 3523 4362 regibus,
3575 4293 3750 4348 voluit

453 4383 604 4432 extra
633 4393 862 4450 regnum
893 4377 1010 4446 ejus
1055 4376 1262 4450 fugiam
1319 4377 1494 4433 habeo
1529 4395 1541 4430 :
1575 4378 1670 4433 sed
1719 4378 1874 4450 regio
1905 4377 2050 4433 cultu
2075 4365 2128 4426 D
2151 4379 2402 4434 honorari
2433 4395 2615 4450 reges,
2637 4387 2688 4433 et
2713 4379 2882 4433 dixit:
2909 4382 3106 4448 Regem
3127 4381 3482 4436 reueremini.
3515 4381 3640 4435 Noli
3663 4381 3748 4435 di-

449 4482 514 4523 eo
544 4474 783 4537 recepto,
812 4467 882 4522 de
911 4466 1296 4522 ecclesiasticis
1328 4467 1689 4532 facultatibus,
1727 4467 1863 4523 sicut
1905 4484 2048 4539 prte-

453 4556 582 4628 cipit
609 4564 660 4611 et
699 4555 940 4627 quandiu
987 4553 1250 4625 praecipit,
1283 4554 1360 4608 illi
1391 4563 1443 4609 et
1487 4555 1589 4610 sibi
1621 4556 2049 4628 obsequentibus

455 4643 656 4710 servio,
689 4652 743 4698 ut
790 4645 988 4717 quiete,
1051 4643 1350 4698 secundum
1405 4643 1550 4714 quod
1601 4644 1763 4700 instat
1809 4653 2044 4717 tempus,

456 4747 578 4788 cum
607 4733 738 4787 mihi
759 4732 1066 4789 commissis
1082 4732 1286 4803 degere
1317 4731 1542 4803 possim.
1575 4732 1716 4787 Dicit
1739 4733 1882 4788 enim
1911 4737 2048 4788 hanc

455 4827 780 4890 potestatem
835 4839 964 4878 suos
1019 4823 1342 4878 decessores
1391 4819 1668 4887 habuisse,
1713 4838 1872 4892 quam
1931 4823 2047 4894 ipse

451 4907 652 4962 nullius
679 4908 1056 4967 interdictione
1076 4911 1330 4966 dimittet.

531 4994 666 5065 Quae
697 4997 879 5050 omnia
915 5013 1076 5068 supra
1105 5009 1156 5055 et
1193 4999 1330 5055 infra
1361 4999 1522 5065 dicta,
1565 4998 1702 5054 sicut
1729 5013 1836 5052 non
1867 4998 1934 5053 ad
1956 5015 2046 5054 ac-

456 5083 775 5150 cusandum,
837 5083 916 5139 sic
973 5101 1074 5142 nec
1104 5089 1174 5142 ad
1203 5087 1568 5164 excusandum
1599 5087 1654 5141 in
1693 5087 2046 5142 advocatione

453 5173 664 5246 praefati
693 5173 840 5246 regis
869 5173 1132 5243 depromo
1157 5192 1170 5229 :
1203 5185 1416 5232 aetatem
1443 5177 1588 5233 enim
1617 5177 1798 5242 habet,
1831 5177 1947 5246 ipse
1977 5177 2046 5232 de

452 5279 514 5319 se
541 5263 808 5334 loquatur,
840 5277 1018 5334 neque
1061 5263 1130 5316 ad
1175 5265 1538 5320 resistendum
1581 5273 1774 5322 vestrae
1813 5265 2045 5321 auctori-

451 5351 564 5416 tati,
597 5367 777 5422 neque
827 5351 896 5406 ad
931 5351 1410 5420 contradicendum
1443 5363 1639 5410 vestrae
1669 5355 2040 5426 praeceptioni,

454 5439 552 5497 sed
581 5441 972 5502 consulendum
1002 5439 1238 5514 qualiter
1264 5455 1366 5495 nos
1395 5442 1654 5516 episcopi,
1691 5453 1744 5500 et
1773 5461 1877 5516 ego
1907 5461 2044 5518 pra:-

2151 4483 2276 4523 cere
2311 4486 2324 4522 :
2359 4467 2500 4536 Quid
2523 4468 2652 4522 mihi
2687 4475 2738 4522 et
2777 4467 2942 4538 regi?
2981 4468 3094 4522 noli
3135 4468 3318 4522 dicere
3363 4470 3746 4538 possessiones

2150 4563 2292 4622 tuas,
2327 4557 2414 4628 qui
2446 4565 2498 4612 et
2531 4557 2644 4628 ipsa
2693 4559 2930 4611 humana
2982 4557 3106 4624 jura
3161 4557 3500 4622 renuntiasti,
3545 4559 3746 4628 quibus

2148 4644 2498 4716 possidentur
2543 4646 2940 4716 possessiones.
2971 4668 2990 4691 ιε
3027 4645 3094 4698 Ει
3151 4645 3196 4698 si
3243 4661 3343 4716 per
3388 4646 3512 4714 jura
3547 4663 3746 4717 regum

2147 4733 2504 4804 possidebunt
2541 4733 2940 4803 possessiones,
2993 4749 3100 4788 non
3141 4741 3369 4804 possunt
3415 4741 3472 4787 ut
3511 4735 3632 4807 regi
3675 4735 3747 4790 de

2144 4822 2532 4878 ecclesiasticis
2579 4823 3020 4892 possessionibus
3070 4823 3392 4894 obsequium
3427 4839 3536 4877 non
3581 4824 3744 4878 exhi-

2147 4911 2328 4978 beant,
2392 4911 2527 4963 sicut
2578 4917 2956 4965 antecessores
2993 4912 3100 4968 mei
3149 4911 3260 4966 suis
3303 4912 3747 4968 antecessoribus

2147 4998 2504 5054 exhibuerunt
2515 5037 2530 5053 .

2214 5086 2580 5157 Quapropter,
2627 5086 2826 5142 domne
2856 5097 3013 5158 pater
3041 5089 3503 5159 reverentissime,
3535 5103 3746 5146 consu-

2143 5175 2234 5230 lite
2265 5175 2562 5230 secundum
2611 5176 2954 5248 privilegium
2987 5178 3133 5234 sedis
3180 5187 3377 5234 vestrae
3415 5178 3747 5246 subjectioni

2145 5271 2364 5329 nostra},
2415 5281 2482 5319 ne
2557 5265 2680 5321 talia
2737 5267 2893 5321 nobis
2961 5267 3330 5338 cujuscunque
3385 5269 3742 5338 suggestione

2143 5353 2434 5420 mandetis,
2484 5356 2628 5410 unde
2683 5356 2826 5410 inter
2864 5355 3226 5427 episcOpalem
3267 5357 3646 5412 auctoritatem
3687 5367 3740 5412 et

2145 5441 2382 5514 regalem
2410 5451 2751 5515 potestatem,
2785 5445 2925 5502 inter
2951 5444 3254 5502 Ecclesiam
3275 5453 3326 5500 et
3347 5445 3742 5518 rempublicam
