4004 6176
232 240 326 293 185
342 236 355 243 ‘
1106 230 1117 234 ‘
1608 226 1986 287 EPISTOUE.
3418 235 3443 287 ι
3454 234 3521 288 ss

232 369 431 417 tantum
463 358 783 417 scandalum
829 357 1004 431 possit
1040 358 1189 426 oriri,
1232 358 1378 431 quod
1418 356 1576 414 facile
1605 372 1671 413 ac
1707 355 1823 412 sine
1844 354 1902 416 A
1931 355 2072 412 sicut
2101 357 2285 414 multis
2315 365 2400 414 est
2428 365 2638 427 notum,
2673 358 2741 413 ab
2762 374 2830 415 eo
2856 358 3093 430 plurima
3129 357 3348 428 suﬂ'ero,
3378 365 3433 414 et
3456 358 3527 413 ti-

232 449 512 522 dispendio
541 448 845 522 religionis,
877 448 969 504 vel
993 448 1313 504 detrimento
1337 447 1834 504 ecclesiasticarum
1936 460 2059 503 meo
2088 463 2157 503 ne
2186 446 2243 503 in
2289 447 2579 519 Scriptura
2610 448 2903 504 sententias
2932 448 3135 504 incidat
3163 446 3361 519 quibus
3389 446 3528 503 dici-

232 538 585 605 rerum,unde
606 539 753 593 servi
782 545 837 593 et
866 537 1075 613 ancilla
1105 537 1205 595 Dei
1234 537 1469 594 debeant
1517 536 1729 604 nutriri,
1781 544 1837 593 et
1936 544 2055 590 tur:
2086 538 2191 605 Qui
2209 538 2418 594 mentis
2443 541 2528 593 est
2548 538 2705 593 dum
2725 543 2990 594 corruet:
3019 538 3530 594 abominattoenim

232 627 595 685 ecclesiastica
625 627 847 700 negotia
875 626 1164 693 contineri,
1196 634 1389 697 postea
1420 642 1530 683 non
1544 625 1718 697 possit
1745 641 1832 680 se-

231 717 359 785 dari,
394 716 522 789 quia
559 716 697 771 sicut
728 716 999 772 Abraham
1038 715 1170 770 dixit
1199 716 1268 770 ad
1299 715 1590 772 Dominum
1626 732 1640 769 :
1672 714 1830 770 Absit

232 807 323 863 hoc
343 823 380 863 α
412 810 488 872 te,
517 806 821 869 aDomine,
856 821 972 861 non
1003 807 1089 862 est
1120 805 1219 861 hoc
1255 808 1435 871 tuum,
1468 804 1565 877 qui
1599 802 1828 876 judico:

232 910 447 951 omnem
479 897 694 950 terram
715 893 877 963 (Gen.
901 907 1063 959 xvm,
1086 894 1199 963 25).
1224 894 1291 948 Et
1308 893 1447 948 hanc
1462 907 1599 947 mea
1617 890 1829 961 subjec-

229 983 385 1038 tionis
403 980 763 1037 humillimam
786 981 1197 1055 suggestionem
1225 997 1287 1037 ea
1300 980 1633 1051 benignitate
1647 979 1826 1035 susci-

228 1071 350 1142 pite,
385 1085 498 1142 qua
535 1070 742 1141 primus
792 1069 1164 1141 apostolorum
1213 1085 1321 1125 non
1378 1070 1556 1125 solum
1598 1068 1824 1125 minoris

228 1158 303 1214 sui
339 1158 580 1230 apostoli
609 1158 1051 1232 redargutionem
1081 1174 1182 1229 pro
1204 1157 1545 1214 simulatione
1562 1158 1819 1229 suscepit,

229 1264 407 1303 verum
439 1255 497 1303 et
523 1246 793 1302 minorum
815 1263 1034 1303 suorum
1066 1247 1439 1320 quastionem,
1473 1262 1571 1302 cur
1598 1246 1668 1301 ad
1684 1262 1824 1318 pta-

174 1335 182 1340 ’
229 1336 461 1410 putiatos
505 1335 811 1402 intraverit,
881 1334 1199 1393 satisfacere
1248 1351 1314 1392 ac
1378 1334 1549 1391 lenire
1592 1334 1817 1391 curavit.

229 1424 524 1496 Epistolam
552 1432 732 1480 autem
760 1424 1093 1497 generaliter
1121 1423 1391 1496 episcopis
1435 1423 1595 1497 regni
1637 1423 1823 1479 domni

230 1515 391 1570 nostri
420 1513 606 1568 Caroli
631 1528 664 1568 a
683 1512 840 1569 vobis
869 1513 1134 1569 directam
1163 1511 1483 1584 quantocius
1528 1512 1679 1585 potui
1707 1529 1822 1567 me-

228 1601 566 1674 tropolitanis
586 1600 746 1674 regni
775 1600 860 1657 sui
888 1601 1081 1670 direxi,
1102 1610 1160 1656 ut
1187 1609 1242 1658 et
1270 1601 1373 1673 ipsi
1399 1617 1499 1673 per
1527 1617 1657 1657 suos
1688 1615 1820 1657 coe-

1933 627 2165 682 Domz'no
2195 631 2278 681 est
2308 629 2492 683 omnis
2513 643 2784 699 arrogans
2805 627 2985 696 (Prov.
3031 642 3238 694 xxvm,
3276 628 3341 682 14
3366 645 3381 692 ;
3405 640 3524 693 XVI,

1932 715 2018 785 5);
2049 721 2138 770 et:
2174 713 2280 781 Qui
2308 732 2366 771 se
2395 717 2651 781 exultat,
2684 716 3085 772 humiliabitur
3118 714 3338 786 (Matth.
3359 728 3525 781 χχιιι,

1928 803 2041 873 22).
2083 804 2150 858 Et
2191 803 2333 860 sicut
2384 803 2476 858 illa
2505 804 2574 860 de
2603 803 2799 877 quibus
2826 804 2966 859 mihi
2992 820 3094 876 pro
3125 820 3191 859 co
3232 802 3530 875 scripsistis

1927 891 2269 948 mendaciter
2298 892 2444 948 dicta
2474 900 2617 959 sunt,
2648 892 2811 949 etiam
2841 892 3036 964 aliquis
3065 892 3222 948 vobis
3253 891 3532 964 suggessit

1927 980 2073 1053 quod
2087 998 2212 1036 eum
2242 981 2327 1037 ire
2359 982 2588 1038 Romam
2614 982 3011 1053 prohibuerim,
3029 980 3115 1039 vel
3148 981 3526 1047 dissuaserim,

1924 1070 2270 1126 mendacium
2302 1070 2458 1126 vobis
2503 1070 2853 1126 nihilominus
2891 1070 3048 1140 dixit,
3090 1070 3230 1126 sicut
3265 1078 3317 1125 et
3344 1068 3530 1141 plures

1922 1159 1978 1214 in
2008 1159 2127 1215 istis
2148 1159 2466 1231 regionibus
2508 1159 2700 1223 sciunt,
2743 1167 2796 1215 et
2848 1159 3064 1232 scriptis
3106 1160 3176 1215 ad
3223 1174 3347 1216 eum
3378 1173 3526 1229 sape

1924 1247 2148 1304 directis
2176 1264 2398 1320 possum
2430 1247 2738 1303 ostendere.

1994 1337 2074 1392 De
2104 1352 2169 1392 eo
2201 1338 2349 1408 quod
2394 1336 2676 1408 pusillitati
2726 1351 2863 1391 mea
2891 1344 3072 1392 vestra
3100 1335 3385 1408 rescripsit
3427 1352 3523 1393 su-

1922 1424 2178 1492 blimitas,
2209 1434 2264 1480 ut
2295 1426 2548 1482 eumdem
2578 1425 2955 1491 Hincmarum,
2995 1433 3049 1480 et
3077 1424 3216 1481 alios
3245 1432 3359 1480 tres
3405 1426 3525 1496 epi-

1923 1529 2121 1586 scopos
2131 1514 2372 1570 omnium
2389 1515 2773 1587 episcOporum
2792 1514 2952 1588 regni
2962 1513 3147 1570 domui
3160 1514 3340 1569 Caroli
3351 1513 3526 1571 vicem

1919 1602 2159 1660 ferentes
2182 1604 2253 1659 ad
2290 1604 2561 1677 synodum
2592 1604 2823 1661 Romam
2849 1604 3143 1673 mitterem,
3174 1612 3362 1660 vestra
3392 1601 3531 1660 sciat

226 1691 479 1764 piscopos
509 1690 661 1745 illam
693 1689 1069 1757 transmittant,
1101 1697 1366 1763 quatenus
1397 1689 1631 1747 scientes
1673 1706 1819 1761 pra-
1855 1692 2233 1778 Bauctoritas,
2287 1693 2416 1764 quia
2469 1707 2574 1749 nec
2626 1693 2944 1764 praedictum
3000 1693 3369 1757 Hincmarum,
3428 1706 3530 1748 nec

228 1779 528 1851 captionem
555 1786 816 1849 vestram,
849 1778 997 1850 quod
1019 1778 1256 1847 jubeatis
1297 1778 1521 1851 exsequi
1552 1778 1824 1835 studeant.

229 1869 415 1924 Vestra
447 1868 690 1940 denique
716 1868 1010 1923 auctoritas
1029 1867 1176 1922 misit
1198 1868 1330 1923 mihi
1366 1868 1644 1939 praterito
1686 1884 1829 1923 anno

226 1957 530 2028 epistolam,
558 1972 657 2027 per
692 1957 924 2012 missum
952 1956 1265 2028 coepiscopi
1313 1957 1480 2012 nostri
1526 1956 1826 2024 Hincmari,

223 2046 626 2117 pracipientem
654 2053 714 2101 ut
752 2044 865 2100 oris
909 2044 1020 2100 mei
1072 2043 1252 2101 oﬂicio
1282 2045 1702 2111 Nortmannum,
1735 2045 1829 2117 qui

223 2150 305 2191 res
330 2134 609 2190 Ecclesia
638 2132 1014 2189 Laudunensis
1059 2133 1349 2200 invaserat,
1384 2133 1826 2191 excommunica-

222 2237 353 2279 rem.
396 2222 513 2280 Sed
541 2222 660 2295 ipse
705 2222 1101 2291 Nortmannus,
1145 2222 1286 2279 sicut
1331 2221 1678 2277 manifestum
1720 2228 1823 2289 est,

222 2312 397 2368 multis
426 2312 486 2366 in
510 2311 633 2367 istis
662 2310 1003 2382 regionibus,
1023 2310 1080 2366 in
1108 2310 1307 2383 quibus
1335 2310 1491 2383 leges
1508 2318 1562 2366 et
1590 2325 1828 2367 canones

224 2408 433 2457 exortas
476 2415 675 2457 causas
730 2399 926 2472 agitari
986 2406 1037 2454 et
1094 2398 1309 2454 deliniri
1365 2399 1705 2471 praecipiunt,
1739 2415 1825 2454 res

222 2489 386 2561 ipsius
414 2488 685 2545 Ecclesia
711 2503 823 2544 non
840 2487 1057 2553 invasit,
1083 2504 1149 2544 ex
1179 2488 1376 2560 quibus
1395 2489 1660 2560 quasdam
1680 2487 1825 2543 idem

222 2578 545 2635 Hincmarus
590 2576 883 2649 episcopus
904 2577 1105 2632 domno
1148 2576 1268 2648 regi
1298 2577 1518 2645 Carolo,
1552 2576 1672 2633 sine
1703 2593 1825 2633 meo

222 2675 271 2723 et
293 2666 755 2738 coepiscoporum
784 2680 849 2721 ac
894 2664 1385 2721 comministrorum
1435 2681 1657 2721 suorum
1686 2681 1822 2721 con-

220 2772 381 2812 sensu
408 2753 708 2824 concessit,
737 2761 794 2809 ut
815 2769 909 2809 cas
929 2754 1269 2810 Nortmanno
1285 2752 1650 2823 beneﬁciaret,
1684 2753 1824 2810 sicut

223 2843 437 2913 plurimi
501 2842 700 2913 sciunt,
756 2850 811 2897 et
863 2841 918 2896 in
949 2841 1170 2913 scriptis
1199 2842 1315 2897 suis
1359 2842 1561 2898 domno
1585 2841 1724 2915 regi,
1769 2851 1823 2897 et

219 2933 341 2988 mihi
402 2931 633 2988 directis
689 2930 908 2986 fatetur.
967 2930 1116 3000 Quas
1172 2930 1444 3003 siquidem
1498 2947 1591 2988 res
1646 2947 1822 3002 nuper

218 3022 448 3077 domnus
478 3037 576 3076 rex
606 3019 870 3076 Ecclesia
890 3020 1240 3075 Laudunensi
1268 3020 1520 3089 restituit,
1553 3020 1820 3092 quasdam

220 3111 373 3165 etiam
410 3125 508 3165 res
539 3108 838 3180 pradictus
887 3108 1177 3180 episcopus
1206 3107 1320 3164 ﬁlio
1349 3109 1671 3164 Nortmanni
1716 3108 1818 3164 sibi

217 3199 634 3255 commnendato
662 3197 721 3252 in
752 3195 1075 3253 beneficium
1105 3197 1274 3263 dedit,
1307 3212 1441 3269 quas
1463 3198 1532 3252 ab
1560 3213 1626 3253 eo
1657 3213 1817 3254 rece-

217 3297 330 3359 ptas
357 3296 534 3345 tenet.

279 3378 560 3435 Praterea
603 3375 651 3433 si
684 3383 882 3433 vestra
910 3375 1211 3447 complacet
1239 3374 1557 3443 auctoritati,
1601 3377 1817 3448 quando

215 3466 335 3522 talia
362 3474 419 3522 et
437 3465 760 3535 hujusmodi
779 3465 849 3520 ad
886 3479 986 3520 vos
1014 3464 1257 3531 veniunt,
1289 3471 1343 3519 et
1370 3464 1497 3519 inde
1518 3464 1818 3537 pracipere

214 3555 583 3626 postulamini,
617 3553 947 3625 interponite
967 3553 1014 3607 si
1038 3552 1111 3608 ita
1140 3561 1223 3609 est
1264 3561 1324 3609 ut
1366 3554 1522 3609 vobis
1564 3553 1815 3624 innotuit,

215 3652 481 3715 quatenus
512 3643 699 3698 sanius
744 3650 926 3698 vestra
947 3642 1123 3711 jussio
1160 3642 1303 3710 juste
1330 3651 1381 3698 et
1420 3642 1819 3698 rationabiliter

213 3733 509 3802 ponderata
535 3731 720 3787 valeat
748 3729 993 3802 exsequi.
1027 3732 1095 3785 Et
1123 3730 1571 3802 metropolitanus
1601 3730 1813 3803 qualis-

216 3836 443 3894 cunque,
491 3820 585 3893 qui
617 3819 918 3876 secundum
950 3834 1136 3875 sacros
1166 3834 1403 3875 canones
1431 3820 1817 3876 excommuni-

216 3912 451 3966 cationes
501 3909 797 3964 intentatas
830 3924 861 3963 a
891 3908 1214 3979 provinciali
1264 3908 1541 3980 episcOpo,
1587 3908 1633 3963 si
1691 3909 1818 3964 inde

216 4000 279 4054 ad
303 4016 393 4056 me
423 3998 642 4054 venerit
668 3996 1038 4070 proclamatio,
1081 3997 1257 4052 debeo
1298 4005 1617 4064 retractare,
1647 3998 1696 4054 si
1716 4014 1816 4054 ve-

215 4096 318 4142 stro
346 4087 601 4160 benigno
633 4087 789 4141 sedet
808 4086 1011 4151 animo,
1045 4086 1101 4140 in
1130 4086 1451 4159 obsequium
1481 4086 1625 4142 illius
1656 4102 1818 4158 paro-

214 4176 459 4232 chianum
510 4192 669 4231 suum
712 4174 893 4244 juberi
935 4191 1045 4230 non
1072 4175 1249 4231 debeo
1305 4176 1808 4233 excommunicare.

212 4265 451 4321 Alteram
481 4264 754 4336 siquidem
781 4263 914 4319 mihi
942 4280 1043 4335 pro
1074 4264 1296 4337 negotio
1334 4264 1506 4335 ipsius
1536 4265 1818 4321 Hincmari

213 4353 489 4409 direxistis
536 4353 830 4424 epistolam
877 4353 1161 4409 dicentes:
1200 4374 1221 4404 α
1258 4353 1507 4409 Miranda
1539 4361 1623 4409 est
1652 4353 1816 4425 plane

212 4451 387 4498 vestra
417 4442 750 4514 fraternitas,
785 4456 955 4513 quare
992 4441 1293 4498 ministerio
1316 4442 1453 4511 juris
1483 4443 1812 4514 episcopalis
1840 4436 1891 4497 D

210 4530 261 4583 in
288 4495 617 4604 regionibla
674 4495 1183 4586 illislabutituruet
1238 4495 1533 4586 multorum;
1576 4495 1811 4587 chalritas

208 4619 517 4675 abundante
547 4618 793 4691 nequitia
832 4618 1193 4691 refrigescere
1222 4619 1444 4674 dicitur.
1486 4619 1812 4677 Hincmarus

209 4722 445 4780 namque
461 4724 638 4780 nepos
660 4716 713 4762 et
730 4708 1041 4779 aquivocus
1060 4716 1180 4763 tuus
1200 4708 1530 4765 venerabilis
1552 4709 1813 4764 duntaxat

206 4798 523 4869 episcopus,
559 4797 701 4853 sicut
729 4796 1055 4867 audivimus,
1089 4812 1198 4852 non
1226 4797 1447 4852 minima
1476 4798 1532 4852 in
1562 4813 1661 4853 sua
1700 4800 1810 4854 Ec-

206 4885 370 4940 clesia
391 4886 628 4941 sustinet
656 4885 1000 4952 detrimenta,
1035 4886 1133 4941 sed
1162 4886 1335 4955 vobis,
1369 4894 1427 4941 ut
1455 4887 1532 4942 ita
1559 4886 1807 4953 dixerim,

206 4976 634 5044 tepescentibus,
687 4974 894 5030 nullam
949 4973 1379 5030 consolationem
1434 4975 1606 5046 potuit
1652 4976 1811 5032 inve-

206 5063 342 5118 nire.
388 5084 413 5117 ι
451 5064 610 5119 Unde
657 5062 939 5118 humiliter
984 5063 1286 5118 auctoritati
1328 5071 1523 5119 vestra
1564 5065 1812 5121 rescribo

204 5153 500 5222 quomodo,
538 5158 596 5206 ut
616 5152 883 5223 scriptum
913 5159 1011 5219 est,
1047 5152 1185 5207 sicut
1207 5152 1368 5208 audio
1393 5153 1597 5223 judico,
1632 5162 1685 5209 et
1714 5170 1812 5209 vos

204 5240 337 5294 sicut
388 5240 623 5296 audistis
683 5239 1008 5310 scripsistis;
1064 5241 1161 5297 sed
1219 5242 1310 5313 qui
1365 5250 1557 5298 vestra
1613 5243 1812 5298 sancti-

204 5329 292 5383 tati
352 5330 476 5385 hac
504 5329 692 5385 verbis
748 5328 836 5383 vel
889 5328 1082 5384 litteris
1130 5329 1412 5396 intimavit,
1472 5331 1813 5387 mendacium

206 5417 359 5471 vobis
393 5416 549 5472 dixit.
588 5417 888 5472 Plurimum
917 5417 1062 5473 enim
1092 5434 1189 5490 pro
1219 5434 1285 5474 eo
1315 5426 1367 5474 et
1383 5420 1527 5491 apud
1549 5436 1740 5493 regem
1759 5429 1813 5477 et

203 5506 341 5576 apud
376 5505 515 5563 alios
560 5506 829 5575 laboravi,
862 5506 959 5562 sed
1016 5513 1069 5563 et
1096 5522 1126 5561 a
1155 5508 1587 5579 pracedentibus
1630 5509 1808 5576 annis,

1847 3073 1896 3136 C

1932 1782 2092 1838 etiam
2121 1781 2415 1854 quemlibet
2435 1781 2820 1853 episcoporum
2841 1782 3146 1838 diaceseos
3173 1782 3526 1847 Rhemorum,

1928 1870 2151 1927 minime
2181 1878 2358 1927 autem
2396 1870 2625 1926 aliarum
2652 1870 3056 1943 provinciarum
3086 1870 3392 1942 episcopos,
3423 1869 3531 1925 nisi

1929 1958 2162 2014 domnus
2181 1976 2276 2014 rex
2309 1959 2417 2015 illis
2443 1959 2789 2031 praeceperit,
2822 1961 3071 2025 Romam,
3096 1959 3184 2016 vel
3203 1960 3261 2014 in
3287 1958 3528 2031 aliquam

1928 2055 2153 2119 partem,
2188 2062 2310 2104 mea
2350 2047 2822 2104 commendatione
2866 2048 3114 2103 mittendi
3161 2048 3342 2103 habeo
3373 2056 3528 2118 pote-

1929 2143 2145 2203 statem,
2177 2152 2279 2193 nec
2309 2136 2429 2208 ipso
2459 2153 2565 2210 ego
2596 2137 2739 2192 ultra
2766 2134 2904 2192 ﬁnes
2934 2136 3017 2191 sui
3038 2136 3196 2208 regni
3226 2136 3436 2207 absque
3464 2135 3530 2189 il-

1927 2224 2032 2279 lius
2091 2224 2319 2281 scientia
2376 2225 2639 2299 progredi
2693 2225 2869 2292 valeo,
2914 2225 3055 2282 sicut
3096 2224 3279 2279 missis
3333 2231 3529 2281 vestra

1926 2313 2226 2369 sanctitatis
2258 2329 2442 2395 coram
2471 2313 2667 2371 Odone
2696 2314 2997 2371 venerabili
3028 2313 3307 2385 episcopo,
3337 2320 3392 2369 et
3409 2315 3526 2368 An-

1926 2401 2111 2474 segiso
2140 2402 2401 2475 religioso
2427 2404 2745 2475 presbytero
2779 2411 2833 2458 et
2851 2403 3067 2470 abbate,
3101 2403 3298 2474 quibus
3327 2410 3529 2459 nostra

1925 2506 2102 2547 causa
2130 2499 2255 2547 sunt
2286 2491 2540 2563 cognita,
2587 2491 2718 2547 dixi.
2767 2491 3071 2563 Epistolam
3116 2507 3354 2564 quoque,
3386 2491 3527 2547 sicut

1924 2578 2057 2634 mihi
2105 2581 2424 2652 scripsistis,
2470 2580 2673 2636 domno
2704 2588 2894 2636 nostro
2925 2580 3047 2653 regi
3085 2579 3281 2636 Carolo
3309 2596 3343 2636 a
3371 2579 3528 2636 vobis

1924 2663 2208 2731 directam,
2242 2673 2293 2719 et
2322 2680 2458 2720 ame
2486 2665 2723 2720 dandam
2740 2679 2837 2735 pro
2858 2664 3174 2730 Hincmaro,
3202 2682 3325 2736 qua
3351 2674 3408 2720 ut
3434 2681 3529 2721 co-

1923 2768 2040 2809 ram
2068 2753 2162 2808 illo
2192 2753 2550 2827 relegeretur,
2584 2761 2638 2808 et
2682 2753 2826 2825 quod
2855 2753 2911 2807 in
2941 2768 3007 2808 ea
3032 2752 3300 2823 petebatis
3328 2754 3525 2826 imple-

1922 2850 2004 2899 ret
2038 2857 2125 2897 me
2162 2842 2366 2898 instare
2389 2842 2648 2911 jussistis,
2687 2841 2857 2897 frater
2890 2842 3219 2917 Hincmarus
3249 2841 3385 2897 mihi
3417 2858 3528 2899 non

1923 2930 2091 3001 dedit,
2114 2947 2216 2987 nec
2246 2931 2407 2986 etiam
2443 2931 2618 2999 misit,
2653 2931 2750 2987 sed
2781 2931 2937 3001 sicut,
2974 2930 3173 2998 audivi,
3214 2947 3246 2986 a
3277 2931 3528 3003 Remigio

1922 3028 1974 3075 et
2031 3020 2305 3076 Harduiro
2362 3019 2791 3092 archiepiscopis
2837 3020 3065 3076 aliarum
3119 3020 3529 3092 provinciarum

1920 3125 2043 3166 eam
2073 3109 2195 3182 regi
2214 3109 2333 3165 dari
2359 3110 2609 3165 obtinuit.
2636 3111 2783 3167 Deus
2810 3109 3157 3181 omnipotens
3188 3110 3528 3166 sanctitatem

1920 3206 2176 3268 vestram,
2209 3199 2279 3253 ad
2310 3199 2576 3254 honorem
2606 3206 2808 3255 sancta
2837 3197 3006 3268 sedis,
3041 3205 3096 3252 et
3126 3198 3527 3254 correctionem

1919 3295 2125 3345 sancta
2152 3304 2266 3343 sua
2292 3286 2577 3352 Ecclesia,
2600 3287 2656 3342 in
2688 3303 2787 3342 suo
2824 3296 2951 3358 apto
2973 3286 3193 3343 servitio
3218 3303 3317 3358 per
3344 3302 3523 3343 anno-

1918 3393 2039 3432 rum
2083 3376 2255 3432 multa
2294 3375 2566 3432 curricula
2610 3390 2939 3430 conservare
2976 3375 3254 3445 dignetur,
3297 3375 3516 3430 domine

1918 3464 2260 3522 sanctissime
2290 3473 2345 3520 et
2392 3463 2831 3521 reverentissime
2878 3464 3097 3518 Patrum
3132 3463 3291 3519 Pater
3318 3462 3376 3519 in
3406 3464 3521 3519 Do-

1916 3569 2085 3609 mino.

2403 3666 2744 3723 EPISTOLA
2768 3666 3019 3722 XXVIII.

2397 3798 2470 3838 Αι)
2509 3797 2801 3839 ADRIANUM
2839 3796 3042 3839 ΡΑΡΔΠ.

2301 3901 2486 3957 Caroli
2520 3900 2674 3956 Calvi
2710 3900 2855 3972 regis
2885 3901 3135 3956 nomine.

1917 4007 2078 4081 (Vide
2104 4006 2246 4065 inter
2290 4007 2547 4080 epistolas
2579 4007 2760 4063 Caroli
2789 4007 2962 4073 Calvi,
2994 4006 3336 4081 Patrologia,
3369 4014 3506 4064 tom.

2426 4122 2673 4190 CXXIV,
2719 4123 2827 4180 col.
2860 4126 3011 4195 881.)

2374 4226 2751 4309 'EPISTOLA
2807 4253 3018 4308 XXIX.

2161 4382 2234 4423 AD
2266 4382 2594 4424 ADVENTIUM
2621 4384 2931 4424 EPISCOPUM
2960 4383 3281 4425 “MSS”.

1917 4478 2029 4546 Quo
2049 4478 2287 4535 debeant
2306 4479 2501 4535 ordine
2515 4482 2839 4536 consecrari
2850 4483 3325 4554 metropolitanus
3345 4486 3514 4555 atque

2362 4568 2711 4626 diwcesanus
2741 4571 3048 4643 episcopus.

1995 4682 2155 4738 (Apud
2176 4682 2445 4735 Sirmond.,
2468 4694 2528 4731 ex
2556 4684 2730 4732 codice
2752 4687 2799 4731 s.
2823 4683 3078 4730 Laurentii
3101 4683 3425 4740 Leodiensis.)

1982 4790 2330 4857 Htxcmaus,
2364 4792 2697 4847 Rhemorum
2718 4790 3025 4861 episcOpus,
3051 4790 3253 4847 domno
3282 4794 3511 4850 AnvnN-
3604 4838 3611 4845 .

1911 4894 2004 4934 'rto
2034 4879 2272 4950 glorioso
2300 4880 2543 4951 pontifici
2574 4880 2826 4935 salutem.

1985 4978 2135 5035 Sicut
2164 4979 2424 5048 jussistis,
2482 4979 2633 5033 mitto
2689 4978 2846 5033 vobis
2891 4980 3366 5038 consecrationem
3395 4981 3512 5054 epi-

1914 5067 2086 5138 scopi,
2117 5075 2170 5122 et
2186 5067 2467 5138 exemplar
2485 5067 2710 5134 decreti,
2737 5068 2884 5138 quod
2904 5068 2960 5123 in
2980 5070 3161 5141 ampla
3175 5086 3512 5143 pergamena

1913 5156 2076 5211 debet
2113 5155 2295 5224 scribi,
2346 5164 2403 5210 ut
2444 5154 2878 5213 conﬁrmationes
2934 5158 3069 5214 cleri
3111 5166 3163 5215 et
3205 5159 3511 5231 legatorum

1914 5245 2248 5316 singulorum
2278 5243 2755 5312 monasteriorum,
2786 5254 2839 5301 et
2868 5247 3161 5318 primorum
3220 5248 3510 5320 presbyte-

1913 5350 2094 5388 rorum
2131 5333 2408 5405 parochia
2452 5348 2517 5388 ac
2546 5333 2740 5404 plebis,
2795 5336 2870 5391 ibi
2907 5336 3121 5392 valeant
3153 5335 3312 5392 scribi
3345 5351 3359 5391 :
3395 5344 3446 5393 et
3473 5337 3517 5392 si

1912 5421 2086 5477 isdem
2112 5422 2315 5477 electus
2352 5422 2410 5477 in
2431 5422 2665 5478 diaconii
2693 5425 2871 5496 gradu
2899 5425 3076 5480 adhuc
3103 5430 3204 5487 est,
3245 5425 3507 5482 canonico

1912 5517 2158 5582 tempore
2206 5510 2371 5567 debet
2426 5513 2719 5585 presbyter
2757 5512 3014 5570 ordinari.
3053 5513 3292 5571 Sabbato
3329 5523 3509 5572 autem
