4088 6180
387 254 493 310 187

1359 255 1702 315 HINCMARI
1753 256 2160 314 RHEMENSIS
2214 259 2774 321 ARCHIEPISCOPI.

3573 274 3680 328 188

378 379 725 449 praecedente
741 380 1099 450 Dominicam,
1131 379 1351 454 quando
1381 382 1584 438 electus
1603 390 1686 439 est
1707 383 1972 440 ordinan-
2000 384 2057 444 A
2081 386 2314 444 Domino
2327 390 2435 445 Deo
2463 393 2674 446 nostro.
2689 392 2758 446 Et
2778 393 3142 464 respondente
3163 393 3331 450 choro
3347 394 3416 450 ad
3435 395 3676 469 singula,

383 467 506 536 dus,
539 471 831 526 convenire
847 471 1049 526 debent
1067 471 1311 543 episcopi
1339 472 1644 528 dimceseos
1675 473 1745 527 ad
1770 472 1980 544 princi-

384 559 566 627 palem
595 559 882 615 ecclesiam
912 560 1246 630 metrOpolis,
1279 568 1332 615 et
1377 560 1595 631 publice
1642 577 1827 618 coram
1857 577 1980 616 om-

381 644 543 700 nibus
570 647 742 724 debet_
760 648 978 704 recitari
1006 649 1306 715 decretum,
1325 656 1377 704 et
1404 649 1748 720 interrogare
1779 649 1980 705 debent

383 733 644 807 episcopi,
682 735 728 790 si
771 737 1012 792 omnium
1069 745 1213 806 vota,
1249 737 1388 793 sicut
1431 737 1506 792 ibi
1548 738 1872 806 continetur,
1923 738 1980 792 in

383 823 634 880 eumdem
663 825 898 882 electum
927 826 1279 882 concordent.
1314 828 1380 882 Et
1407 834 1529 898 post
1560 827 1978 898 responsionem

381 905 616 977 illorum,
639 909 840 964 debent
869 910 1212 981 interrogare
1244 911 1504 982 episcopi,
1529 911 1575 965 si
1593 911 1692 966 has
1724 911 1973 978 virtutes,

381 1012 503 1066 quae
531 997 734 1052 ibidem
779 999 1139 1066 continentur,
1188 1000 1409 1054 credunt
1440 999 1523 1054 vel
1547 1000 1721 1055 sciunt
1770 1017 1893 1055 esse
1921 1001 1978 1054 in

382 1084 572 1140 eodem
595 1086 787 1142 electo.
823 1088 889 1142 Et
916 1096 1140 1158 accepta
1184 1088 1310 1142 inde
1349 1088 1723 1158 responsione,
1775 1088 1976 1144 debent

378 1170 712 1248 interrogare
757 1175 1021 1246 episcOpi,
1056 1176 1101 1230 si
1146 1175 1344 1247 aliquis
1391 1175 1462 1230 ibi
1506 1184 1608 1241 est,
1659 1177 1750 1248 qui
1785 1187 1975 1234 contra

380 1263 630 1318 eumdem
661 1263 892 1319 electum
923 1264 1126 1335 aliquid
1144 1264 1349 1329 dicere,
1385 1265 1470 1319 vel
1499 1265 1824 1320 ordinationi
1853 1267 1974 1337 epi-

379 1351 584 1422 scopali
613 1352 946 1408 contrarium
975 1352 1052 1406 illi
1073 1352 1199 1407 velit
1221 1353 1480 1422 objicere,
1523 1362 1580 1408 ut
1610 1362 1765 1409 exeat
1795 1363 1847 1409 et
1884 1355 1974 1408 di-

378 1447 464 1494 cat
493 1456 702 1495 memor
721 1440 1118 1496 communionis
1153 1457 1283 1496 suae.
1318 1441 1476 1510 Quod
1508 1441 1554 1496 si
1582 1443 1778 1514 aliquis
1809 1443 1974 1514 quid-

379 1528 504 1582 dam
530 1528 608 1583 illi
626 1529 904 1597 objecerit,
937 1530 1150 1584 habetis
1181 1531 1236 1584 in
1265 1531 1564 1586 canonibus
1593 1531 1718 1603 quid
1749 1532 1876 1587 inde
1905 1533 1975 1586 sit

376 1614 680 1672 faciendum
734 1617 829 1673 Sin
871 1626 1051 1673 autem
1097 1635 1288 1675 omnes
1334 1621 1633 1676 concordes
1681 1620 1880 1675 fuerint
1917 1621 1971 1675 in

2080 472 2301 546 incipiat
2329 479 2796 536 consecrationem
2825 482 3096 538 cantando
3131 499 3145 537 :
3186 483 3328 540 Vere
3363 484 3600 556 dignum
3620 489 3679 540 et

2069 566 2292 635 justam
2323 570 2427 632 est,
2461 583 2634 639 usque
2672 568 2744 624 ad
2789 573 3000 626 aeterne
3022 573 3204 639 Deus;
3258 580 3310 626 et
3352 580 3501 638 tunc,
3537 573 3676 629 sicut

2079 652 2200 722 ipsa
2226 655 2564 712 consecratio
2593 657 2968 730 consequitur,
2987 668 3041 714 et
3070 675 3289 730 semper
3309 667 3530 718 teneant
3550 678 3673 717 ma-

2078 757 2182 795 nus
2201 741 2423 798 dextras
2460 744 2700 817 episcopi
2729 763 2894 818 super
2932 756 3094 819 caput
3141 748 3448 806 ordinandi.
3479 751 3546 806 Ut
3575 765 3678 806 au-

2079 836 2189 884 tem
2229 839 2448 886 ventum
2477 831 2638 888 fuerit
2677 835 2747 889 ad
2790 835 2912 892 loca
2959 837 3015 890 in
3071 837 3270 909 quibus
3317 845 3440 892 sunt
3483 854 3676 894 cruces

2078 918 2322 991 signatae,
2356 922 2583 992 accipiat
2613 932 2960 980 consecrator
2989 941 3087 980 vas
3116 925 3428 982 chrismatis
3456 926 3513 982 in
3543 927 3676 982 sini-

2079 1015 2188 1062 stra
2215 1024 2396 1078 manu,
2421 1018 2614 1066 etcum
2654 1011 2851 1068 dextro
2881 1013 3095 1084 pollice,
3141 1022 3366 1070 cantans
3409 1031 3532 1086 quae
3574 1015 3678 1071 ibi-

2078 1096 2201 1151 dem
2231 1098 2594 1166 continentur,
2628 1117 2725 1170 per
2755 1101 2970 1174 singula
3009 1103 3128 1158 loca
3171 1101 3330 1158 faciat
3358 1119 3577 1160 crucem
3607 1104 3678 1159 de

2077 1184 2369 1242 chrismate
2401 1186 2455 1241 in
2476 1189 2736 1244 verticem
2765 1190 3144 1257 consecrandi,
3178 1199 3231 1247 et
3261 1190 3506 1262 perfecta
3535 1207 3679 1248 con-

2077 1273 2395 1341 secratione,
2430 1283 2480 1330 et
2502 1276 2957 1347 respondentibus
2985 1278 3237 1334 omnibus
3259 1280 3455 1344 Amen,
3477 1279 3676 1335 tollan-

2075 1368 2164 1415 tur
2192 1362 2259 1416 ab
2289 1363 2560 1434 episcopis
2591 1366 2890 1436 Evangelia
2932 1366 3000 1420 de
3029 1367 3171 1422 collo
3219 1368 3356 1436 ejus,
3389 1377 3459 1422 .et
3505 1367 3678 1423 mittat

2076 1449 2336 1505 annulum
2367 1451 2422 1506 in
2457 1452 2696 1508 dextera
2743 1470 2936 1508 manus
2966 1454 3138 1528 digito
3179 1456 3270 1528 qui
3301 1455 3561 1526 praecedit
3581 1456 3678 1511 mi-

2074 1538 2302 1604 nimum,
2333 1540 2523 1595 dicens
2551 1541 2618 1595 ad
2641 1541 2771 1614 quid
2801 1542 2876 1596 illi
2905 1543 3142 1598 annulus
3161 1544 3336 1599 datur.
3357 1544 3580 1616 Signum
3595 1553 3680 1599 est

2075 1627 2218 1682 enim
2260 1626 2406 1696 fidei,
2445 1637 2499 1684 ut
2539 1630 2882 1685 audientibus
2929 1647 2989 1686 se
3037 1647 3103 1686 ex
3161 1631 3359 1687 divinis
3401 1633 3678 1704 mysteriis

377 1705 495 1800 ejus
516 1705 800 1775 electione,
836 1707 1139 1762 referendae
1169 1716 1293 1762 sunt
1323 1709 1389 1762 ab
1419 1709 1673 1764 omnibus
1704 1711 1819 1765 Deo
1848 1709 1972 1765 lau-
1999 1741 2053 1800 Β
2077 1715 2254 1786 signet
2283 1733 2404 1788 qua:
2433 1725 2484 1773 et
2513 1718 2710 1790 quibus
2740 1719 3008 1791 signanda
3039 1727 3181 1788 sunt,
3215 1728 3268 1775 et
3305 1722 3514 1791 aperiat
3552 1739 3678 1794 quae

379 1793 497 1859 des,
531 1803 582 1847 et
613 1796 1004 1850 examinandus
1060 1804 1143 1851 est
1171 1796 1315 1851 idem
1347 1797 1552 1852 electus
1580 1798 1645 1851 ab
1675 1799 1970 1870 episcopis,

377 1883 678 1938 secundum
718 1884 1016 1955 capitulum
1075 1885 1518 1956 Carthaginensis
1568 1887 1812 1953 concilii,
1865 1903 1974 1960 quo

377 1970 752 2027 manifestatur
781 1973 957 2044 qualis
983 1973 1182 2029 debeat
1203 1973 1444 2030 ordinari
1474 1975 1780 2046 episcopus.
1813 1976 1870 2031 Si
1899 1977 1974 2032 ita

377 2059 582 2130 credat,
616 2068 669 2115 et
703 2060 1042 2132 simplicibus
1072 2061 1255 2118 verbis
1285 2063 1604 2119 catholicam
1635 2063 1797 2118 fidem
1839 2081 1974 2136 pro-

375 2145 602 2214 ﬁteatur,
637 2148 774 2204 sicut
799 2149 1001 2205 ibidem
1033 2151 1297 2222 scriptum
1327 2152 1572 2218 habetur,
1611 2161 1664 2207 et
1693 2161 1822 2208 tunc
1850 2169 1974 2208 mo-

374 2238 587 2292 nendus
617 2246 701 2294 est
756 2238 902 2294 idem
950 2239 1175 2306 electus,
1223 2248 1280 2294 ut
1310 2241 1428 2312 ipsa
1456 2249 1636 2310 nocte,
1674 2242 1976 2298 secundum

375 2326 716 2382 traditionem
774 2328 1149 2399 apostolicam,
1187 2345 1245 2384 se
1277 2330 1488 2386 studeat
1536 2330 1769 2390 Domino
1817 2347 1974 2387 com-

373 2415 657 2471 mendare.

445 2512 728 2568 Dominica
787 2522 966 2569 autem
1025 2513 1112 2570 die
1156 2515 1417 2570 maturius
1475 2516 1716 2587 episcopi
1765 2517 1973 2572 dioece-

373 2615 499 2656 seos
528 2609 582 2656 et
609 2599 791 2658 clerus
831 2618 895 2658 ac
925 2602 1080 2672 plebs
1125 2603 1420 2659 convenire
1456 2605 1730 2660 debebunt
1771 2606 1840 2660 ad
1885 2605 1972 2660 lo-

374 2705 518 2757 cum,
553 2690 644 2746 ubi
674 2691 973 2746 secundum
1019 2693 1473 2748 consuetudinem
1523 2693 1661 2748 solet
1689 2702 1963 2765 metrOpo-

367 2775 562 2834 litanus
591 2779 880 2850 episcopus
922 2779 1180 2836 ordinari.
1237 2782 1306 2836 Et
1338 2781 1666 2852 praeparatis
1695 2783 1968 2849 omnibus,

371 2876 425 2922 et
453 2867 726 2939 episcOpis
755 2877 808 2923 et
836 2869 1220 2925 ecclesiasticis
1240 2870 1504 2925 ministris
1535 2870 1590 2925 in
1613 2871 1856 2926 vestibus
1885 2888 1974 2926 sa-

372 2955 498 3023 cris,
531 2965 585 3012 et
631 2956 898 3012 stantibus
937 2957 1209 3030 episcopis
1263 2975 1422 3016 secus
1453 2959 1647 3027 altare,
1683 2960 1828 3014 idem
1857 2961 1973 3015 ele-

2075 1813 2129 1860 et
2156 1805 2354 1877 quibus
2383 1807 2677 1877 aperienda
2709 1815 2858 1862 sunt.
2897 1808 3107 1864 Deinde
3125 1809 3292 1865 donet
3314 1809 3388 1864 illi
3421 1809 3673 1866 baculum

2076 1894 2247 1950 sancti
2277 1895 2580 1966 regiminis,
2621 1905 2672 1951 et
2693 1895 2785 1951 det
2815 1912 2848 1951 a
2867 1913 2928 1952 se
2954 1897 3204 1954 ordinato
3251 1913 3464 1970 pacem,
3509 1907 3562 1954 et
3594 1899 3674 1955 sic

2075 1999 2172 2054 per
2189 1983 2434 2038 ordinem
2465 1985 2749 2039 ordinatus
2778 1985 3057 2042 osculetur
3098 1986 3387 2058 episcopos
3417 1996 3470 2042 et
3499 2002 3674 2058 pona-

2075 2079 2162 2126 tur
2189 2071 2324 2126 sella
2354 2073 2504 2142 juxta
2548 2087 2673 2128 eum
2702 2074 2792 2145 qui
2847 2074 2998 2130 illum
3031 2075 3320 2141 ordinavit,
3383 2083 3435 2130 et
3483 2075 3674 2132 sedeat

2075 2159 2150 2214 ibi
2179 2161 2632 2231 metropolitanus
2668 2163 2960 2234 episcopus
2993 2179 3006 2218 :
3041 2162 3282 2236 alioquin
3313 2163 3360 2218 si
3391 2179 3501 2219 non
3528 2174 3676 2220 esset

2073 2249 2542 2319 metropolitanus,
2574 2251 2630 2304 in
2661 2251 2854 2308 ordine
2883 2251 3306 2308 consecrationis
3337 2269 3447 2308 suae
3485 2253 3678 2309 sedere

2073 2337 2316 2394 deberet.
2365 2338 2434 2393 Et
2479 2347 2604 2396 tunc
2651 2339 2868 2410 legatur
2907 2340 3200 2412 Apostolus
3231 2357 3297 2396 ex
3330 2341 3576 2412 Epistola
3604 2341 3675 2396 ad

2074 2426 2438 2493 Timotheum,
2461 2427 2638 2499 qualis
2651 2427 2850 2484 debeat
2878 2445 3001 2484 esse
3031 2429 3320 2501 episcopus
3343 2447 3358 2495 ;
3379 2439 3433 2485 et
3463 2428 3677 2501 expleta

2073 2515 2260 2585 missa,
2293 2515 2578 2570 ordinatus
2621 2517 3068 2586 metropolitanus
3103 2517 3392 2589 cpiscopus
3423 2517 3672 2585 ducatur,

2075 2603 2161 2658 vel
2190 2602 2520 2674 deportetur,
2554 2604 2625 2659 ad
2668 2606 2989 2660 cathedram
3034 2605 3351 2676 principalis
3397 2605 3669 2672 ecclesia,

2075 2691 2418 2747 cantantibus
2447 2692 2663 2748 clericis
2694 2709 2759 2748 ea
2787 2711 2908 2766 qua:
2935 2693 3004 2748 ad
3024 2695 3128 2750 hoc
3156 2709 3292 2766 opus
3320 2695 3669 2750 conveniunt.

2074 2779 2208 2836 Illuc
2234 2789 2414 2836 autem
2442 2782 2770 2852 perveniens
2801 2782 3036 2837 resideat
3078 2783 3134 2836 in
3153 2781 3438 2854 principali
3481 2783 3674 2838 cathe-

2073 2869 2192 2933 dra,
2236 2877 2286 2924 et
2315 2870 2655 2925 commendet
2699 2870 2960 2925 ministris
3008 2870 3391 2926 ecclesiasticis
3421 2879 3475 2926 ut
3514 2887 3676 2926 unus-

2075 2957 2302 3030 quisque
2332 2957 2387 3012 in
2421 2973 2520 3014 suo
2551 2958 2741 3013 ordine
2763 2959 3033 3014 ministret
3061 2959 3166 3014 sibi
3188 2967 3352 3031 atque
3381 2959 3486 3013 sibi
3517 2975 3672 3015 com-

372 3052 490 3100 ctus
534 3044 752 3100 indutus
813 3045 1213 3116 pontiﬁcalibus
1270 3048 1512 3103 vestibus
1572 3065 1602 3102 a
1641 3048 1973 3118 primoribus
2005 3097 2049 3119 η
2073 3045 2256 3102 missa
2282 3046 2562 3102 Ecclesiae.
2598 3047 2729 3102 Inde
2750 3056 2943 3119 pergat
2969 3047 3022 3102 in
3055 3048 3378 3115 sacrarium,
3414 3056 3464 3102 et
3494 3047 3670 3104 incae-

297 3129 306 3134 ’
371 3133 583 3190 clericis
613 3133 858 3202 ejusdem
880 3135 1196 3206 meti-Opolis
1227 3136 1296 3190 de
1328 3135 1574 3192 sacrario
1602 3136 1763 3191 debet
1794 3137 1969 3203 educi,

372 3230 425 3278 et
452 3222 508 3276 in
539 3222 727 3278 ultimo
749 3223 870 3278 loco
891 3227 1013 3294 post
1045 3223 1332 3295 episcopos
1365 3224 1643 3282 collocari.
1685 3225 1736 3279 Is
1792 3233 1972 3280 autem

369 3310 659 3382 episcopus
702 3310 1100 3378 dimcesaneus,
1126 3313 1218 3384 qui
1249 3313 1723 3368 consecrationem
1749 3312 1972 3368 fusurus

371 3407 454 3453 est
487 3416 652 3470 super
682 3416 824 3465 cum,
859 3401 1096 3472 incmpto
1127 3403 1374 3459 Introitu
1408 3401 1476 3456 ad
1511 3401 1740 3456 missam
1769 3417 1970 3458 secun-

373 3488 500 3542 dum
549 3505 758 3544 morem
789 3490 1069 3560 procedat.
1103 3491 1170 3546 Et
1192 3488 1343 3544 finito
1383 3491 1630 3546 Introitu
1652 3490 1863 3546 dicatur
1877 3493 1971 3562 Ky-

369 3579 452 3633 rie
483 3578 712 3642 eleison,
754 3587 1118 3650 prosequente
1146 3579 1217 3632 ab
1247 3579 1367 3648 ipso
1397 3579 1655 3649 episcopo
1689 3579 1875 3635 Gloria
1909 3581 1972 3636 in

367 3667 607 3722 excelsis
636 3668 767 3723 Deo.
793 3668 858 3721 Et
886 3675 1008 3737 post
1057 3667 1248 3722 Gloria
1286 3669 1349 3722 in
1395 3668 1640 3722 excelsis
1661 3669 1790 3736 Deo,
1823 3667 1972 3723 dicat

369 3755 510 3810 hanc
539 3753 862 3821 orationem,
889 3771 1011 3826 quae
1039 3755 1214 3826 prima
1256 3763 1339 3810 est
1369 3755 1424 3809 in
1462 3755 1637 3810 rotula
1675 3771 1970 3812 consecra-

367 3842 548 3898 tionis.
583 3843 772 3898 Statim
803 3851 984 3898 autem
1023 3851 1146 3914 post
1175 3843 1502 3914 completam
1532 3843 1705 3915 ipsam
1764 3845 1971 3900 oratio-

370 3947 515 3996 nem,
547 3939 838 4002 antequam
875 3931 1089 4004 legatur
1117 3931 1430 4002 Apostolus,
1464 3942 1810 3989 commoncat
1847 3933 1967 3989 cle-

369 4035 490 4073 rum
525 4027 576 4073 et
606 4019 824 4089 plebem
861 4027 918 4074 ut
945 4027 1102 4074 orent
1121 4035 1223 4090 pro
1244 4021 1550 4076 ordinando
1583 4021 1756 4077 electo
1789 4029 1841 4077 et
1869 4038 1970 4094 pro

369 4107 774 4162 ordinatoribus
834 4107 972 4175 ejus,
1019 4117 1074 4162 et
1127 4107 1356 4180 accipiat
1393 4109 1627 4165 electum
1673 4126 1836 4165 manu
1868 4126 1967 4166 sua

367 4195 593 4251 dextera
622 4212 722 4266 per
767 4211 985 4250 manum
1017 4196 1181 4264 illius,
1225 4205 1278 4252 et
1324 4197 1612 4269 incipiatur
1659 4198 1861 4265 litania,
1919 4206 1972 4254 et

367 4291 476 4338 tam
504 4283 622 4354 ipse
653 4300 777 4340 cum
817 4284 1010 4351 electo,
1055 4302 1220 4357 quam
1269 4295 1321 4341 et
1355 4287 1536 4343 caeteri
1567 4287 1659 4359 qui
1699 4286 1970 4342 adfuerint

367 4371 630 4443 epiSCOpi,
664 4373 1009 4428 incurventur
1038 4384 1162 4430 ante
1191 4374 1382 4441 altare,
1415 4392 1587 4447 usque
1616 4375 1744 4429 dum
1777 4374 1965 4429 brevi-

2003 3097 2052 3160 Ο

2073 3143 2163 3204 pto
2192 3135 2441 3192 Introilu
2481 3135 2550 3189 ad
2580 3135 2806 3190 missam
2838 3137 3138 3191 secundum
3167 3151 3373 3193 morem
3403 3135 3668 3208 procidat,

2072 3231 2124 3278 et
2163 3223 2393 3278 salutato
2439 3223 2598 3278 altari
2635 3224 2894 3279 ascendat
2933 3225 3004 3278 ad
3034 3225 3220 3280 sedem
3252 3241 3424 3294 suam,
3458 3232 3512 3280 et
3568 3233 3675 3280 stet

2075 3311 2148 3365 ibi
2176 3311 2353 3367 donec
2383 3311 2437 3366 in
2469 3328 2569 3368 suo
2601 3311 2722 3369 loco
2743 3312 2962 3383 incipiat
2996 3314 3187 3370 Gloria
3215 3315 3279 3369 in
3291 3314 3532 3370 excelsis
3559 3314 3670 3370 Deo

2071 3400 2140 3455 de
2181 3400 2446 3470 gradibus
2469 3400 2637 3466 sedis,
2670 3409 2862 3472 etpost
2896 3401 3079 3456 datam
3103 3402 3400 3458 orationem
3429 3401 3665 3457 resideat

2072 3487 2129 3542 in
2151 3488 2282 3544 sede
2313 3505 2430 3554 sua,
2464 3489 2886 3545 consedentibus
2916 3506 3098 3546 secum
3145 3489 3418 3560 episcopis
3450 3497 3502 3545 et
3538 3505 3672 3561 pre-

2071 3576 2332 3647 sbyteris.
2384 3577 2452 3633 Et
2486 3578 2757 3649 completa
2785 3578 3000 3646 misssa,
3034 3578 3231 3632 habeat
3260 3578 3549 3649 episcopus
3579 3579 3673 3650 qui

2071 3676 2196 3714 eum
2249 3661 2522 3717 ordinavit
2592 3661 2794 3717 litteras
2850 3661 3104 3716 manibus
3146 3660 3261 3716 suis
3303 3661 3666 3733 subscriptas,

2072 3764 2208 3819 quas
2240 3749 2381 3805 sacri
2415 3764 2656 3804 canones
2703 3749 2956 3805 ordinato
2985 3749 3054 3804 ab
3111 3749 3512 3804 ordinatoribus
3556 3749 3672 3804 suis

2063 3835 2255 3905 jubent
2287 3837 2552 3908 accipere,
2604 3836 2958 3908 praeferentes
2989 3837 3129 3892 diem
3167 3847 3220 3893 et
3257 3837 3538 3894 consulem
3570 3855 3582 3891 :
3617 3845 3671 3892 et

2071 3927 2366 3996 antequam”
2382 3924 2665 3980 ordinatus
2696 3925 2766 3980 ab
2796 3925 2952 3981 altari
2993 3925 3260 3992 discedat,
3294 3926 3504 3980 mittant
3537 3940 3664 3981 eas-

2069 4013 2194 4068 dem
2234 4013 2443 4068 litteras
2481 4029 2646 4084 super
2702 4013 2890 4080 altare,
2951 4014 3096 4070 unde
3145 4030 3236 4070 eas
3291 4013 3562 4086 accipiant
3613 4021 3669 4068 et

2070 4101 2274 4156 donent
2303 4101 2425 4156 illas
2453 4117 2484 4155 a
2527 4118 2586 4156 se
2625 4102 2897 4169 ordinato,
2935 4110 2988 4157 et
3017 4103 3097 4159 sic
3124 4102 3381 4174 perfectis
3415 4101 3670 4158 omnibus

2069 4190 2423 4246 benedicatur
2451 4189 2736 4246 Dominus.
2771 4192 3038 4246 Caeterum
3074 4191 3294 4263 quando
3314 4189 3666 4262 provincialis

2068 4279 2353 4333 ordinatur
2371 4277 2682 4350 episcopus,
2715 4278 2848 4349 ipsa:
2878 4279 3157 4336 canonica:
3185 4279 3380 4335 litterae
3409 4294 3439 4333 a
3469 4286 3668 4334 metro-

2069 4367 2314 4438 politano
2375 4375 2427 4420 et
2469 4367 2682 4422 caeteris
2749 4367 3022 4440 episcopis
3059 4368 3464 4422 subscribendze
3520 4375 3664 4431 sunt,

367 4469 452 4516 ter
493 4477 591 4532 pro
637 4469 881 4533 tempore
925 4461 1142 4518 ﬁniatur
1191 4463 1396 4520 litania.
1449 4465 1516 4520 Ut
1560 4471 1743 4518 autem
1786 4463 1967 4518 clerus
1995 4454 2049 4514 D
2072 4455 2313 4526 quandiu
2343 4455 2544 4526 legitur
2572 4455 2866 4526 Apostolus
2895 4464 2949 4510 et
2976 4463 3225 4512 cantatur
3255 4455 3671 4526 responsorium

364 4549 647 4620 incmperit
674 4551 851 4606 dicere
880 4552 1067 4623 Agnus
1095 4555 1214 4616 Dei,
1259 4552 1473 4622 erigant
1515 4567 1576 4606 se
1627 4551 1890 4621 episcopi,
1912 4559 1966 4606 et

365 4638 456 4710 qui
482 4637 670 4695 fundet
697 4641 1163 4696 consecrationem
1181 4640 1413 4710 accipiat
1442 4647 1676 4710 quatuor
1703 4641 1965 4712 Evange-

361 4727 456 4793 lia,
489 4736 543 4783 et
570 4727 778 4798 aperiat
807 4745 904 4798 per
932 4729 1190 4791 medium,
1223 4736 1275 4780 et
1305 4727 1588 4782 incurvato
1632 4726 1752 4797 ipso
1785 4734 1964 4784 etecto

362 4825 488 4872 ante
543 4817 730 4885 altare,
783 4817 954 4872 mittat
997 4817 1116 4888 ipse
1156 4814 1455 4885 Evangelia
1496 4830 1660 4885 super
1682 4815 1880 4872 collum
1914 4827 1968 4872 et

362 4905 632 4961 cervicem
661 4905 798 4975 ejus,
831 4913 884 4960 et
914 4911 1132 4959 teneant
1160 4903 1280 4974 ipsa
1309 4903 1606 4976 Evangelia
1637 4920 1804 4975 super
1833 4921 1955 4961 eum

362 4994 472 5049 duo
527 4993 789 5065 episcopi,
839 5009 977 5048 unus
1009 5009 1075 5047 ex
1105 5007 1210 5046 una
1239 4999 1410 5062 parte,
1443 4991 1579 5048 alter
1595 5008 1660 5048 ex
1691 4992 1882 5060 altera,
1917 5002 1971 5049 et

363 5091 469 5137 tam
499 5088 850 5138 consecrator
878 5095 1041 5152 quam
1060 5095 1252 5136 omnes
1278 5080 1543 5152 episcopi,
1580 5088 1800 5136 teneant
1842 5097 1964 5138 ma-

362 5187 466 5226 nus
495 5171 716 5226 dextras
747 5185 874 5224 suas
891 5185 1058 5239 super
1072 5179 1231 5240 caput
1247 5169 1558 5236 ordinandi,
1589 5178 1641 5225 et
1662 5170 1806 5226 dicat
1830 5186 1969 5226 con-

364 5267 644 5316 secrator:
672 5258 923 5314 Oremus.
947 5257 1286 5330 Propitiare,
1311 5261 1566 5326 Domine,
1593 5261 1960 5332 supplicatio-

364 5349 528 5403 nibus
556 5348 790 5412 nostris,
839 5354 892 5400 et
938 5345 1166 5418 reliqua.
1200 5348 1266 5400 Et
1293 5347 1540 5402 oratione
1589 5348 1880 5419 completa,
1917 5354 1972 5406 et

366 5434 826 5507 respondentibus
871 5434 1147 5506 omnibus,
1182 5438 1376 5504 Amen,
1411 5436 1554 5490 dicat
1584 5445 1968 5494 consecrator:

369 5524 636 5585 Dominus
665 5523 966 5591 vobiscum,
989 5525 1229 5581 Sursum
1259 5524 1448 5591 corda,
1485 5525 1710 5582 Gratias
1736 5542 1973 5598 agamus

2068 4551 2121 4598 et
2137 4543 2375 4610 alleluia,
2409 4552 2463 4598 et
2492 4544 2669 4598 statim
2715 4552 2839 4614 post
2878 4543 3102 4598 missam
3138 4544 3345 4599 ﬁnitam
3375 4545 3574 4599 dantur
3602 4545 3674 4598 ab

2069 4631 2344 4703 episcOpis
2376 4640 2501 4687 ante
2545 4632 2716 4688 altare
2744 4631 2997 4688 ordinato
3027 4633 3350 4704 provinciali
3373 4631 3655 4703 episcopo,

2070 4728 2122 4774 et
2151 4721 2594 4792 archiepiscopus
2615 4727 2666 4774 et
2699 4720 2790 4774 alii
2820 4721 3062 4792 episcopi
3093 4721 3295 4776 vadunt
3323 4721 3393 4776 ad
3412 4737 3524 4776 sua.
3548 4721 3670 4791 Ipse

2071 4817 2250 4866 autem
2280 4809 2561 4864 ordinatus
2590 4815 2767 4864 cantat
2789 4809 3014 4863 missam
3042 4809 3134 4864 ubi
3165 4809 3318 4865 locus
3348 4817 3429 4864 est
3461 4823 3668 4881 oppor-

2071 4905 2253 4952 tunus.

2141 4995 2222 5048 De
2251 4993 2336 5048 his
2374 4992 2630 5048 omnibus
2681 5007 2803 5064 quae
2849 4992 2980 5046 mihi
3015 4992 3333 5060 mandastis,
3373 5001 3427 5047 et
3459 4992 3527 5046 de
3577 4992 3664 5047 his

2071 5081 2235 5137 etiam
2272 5097 2394 5154 quas
2433 5095 2541 5135 non
2599 5080 2918 5151 mandastis,
2974 5089 3029 5136 ut
3079 5081 3168 5150 sit,
3225 5081 3392 5136 veluti
3449 5079 3664 5147 dicitur,

2071 5170 2217 5242 quod
2247 5168 2750 5242 supererogaveris,
2785 5169 2940 5225 vobis
2970 5168 3224 5240 rescripsi
3253 5168 3484 5241 qualiter
3514 5166 3670 5223 ordi-

2071 5259 2345 5314 nationem
2397 5273 2628 5328 agamus
2683 5257 2943 5329 episcopi,
2993 5267 3047 5314 et
3077 5257 3306 5330 qualiter
3349 5257 3404 5311 in
3434 5272 3522 5310 me
3551 5264 3672 5312 acta

2072 5347 2304 5403 fuerunt.
2337 5347 2626 5402 Decretum
2657 5354 2838 5402 autem
2875 5354 2928 5401 et
2956 5345 3420 5402 consecrationem
3457 5344 3672 5417 episco-

2072 5435 2272 5507 palem,
2310 5452 2430 5508 quae
2478 5435 2553 5491 ibi
2601 5443 2965 5502 memoratur,
3015 5450 3120 5507 ego
3166 5449 3276 5491 non
3324 5434 3508 5504 habui,
3552 5449 3674 5505 quae

2074 5533 2254 5579 tamen
2281 5541 2382 5580 vos
2396 5524 2601 5580 habere
2629 5540 2793 5596 posse
2826 5538 3123 5596 cognosco.
