4004 6176
248 287 343 341 189

754 403 1096 462 EPISTOLA
1132 404 1314 460 XXX.

820 519 894 558 AD
931 518 1246 558 EPISCOPOS.

245 626 316 680 De
325 625 456 695 jure
472 621 1064 694 metropolitanorum,
1085 635 1216 676 cum
1232 619 1298 676 de
1313 618 1571 690 Amegiai
1582 617 1839 690 primatu

891 713 1187 782 ageretur.-

387 799 552 882 (Apud
573 822 826 887 eumdem,
853 831 914 870 ex
942 825 1167 878 Mogunt.
1196 821 1316 869 edit.
1337 823 1476 869 Joan.
1497 820 1701 869 Bustei.)

306 925 346 978 Ι.
379 923 602 980 Domini
633 930 687 977 et
716 921 1040 978 sanctissimi
1079 937 1146 978 ac
1182 919 1626 977 reverendissimi
1670 917 1840 990 patris

240 1011 400 1068 nostri
449 1011 740 1082 apostolici
787 1025 941 1081 papae
996 1009 1222 1064 Joannis
1275 1009 1496 1065 decreta
1553 1024 1621 1062 ex
1669 1007 1840 1064 sacris

241 1100 543 1158 canonihus
567 1097 935 1171 promulgata,
970 1100 1111 1155 sicut
1139 1106 1193 1154 et
1223 1099 1398 1154 sancti
1428 1097 1746 1152 decessores
1775 1111 1840 1151 ac

237 1189 674 1262 praedecessores
704 1187 789 1242 sui
809 1204 876 1242 ex
895 1187 1103 1243 eisdem
1124 1186 1294 1243 sacris
1325 1186 1626 1243 cauonibus
1647 1184 1840 1256 spiritu

238 1277 332 1334 Dei
359 1277 620 1343 conditis,
655 1285 709 1332 et
737 1276 900 1331 totius
928 1276 1117 1331 mundi
1137 1275 1447 1332 reverentia
1479 1273 1837 1340 consecratis,

235 1367 742 1440 promulgaverunt,
791 1372 1050 1436 quantum
1079 1381 1146 1420 ex
1177 1365 1334 1421 nobis
1359 1372 1462 1430 est,
1495 1378 1604 1419 non
1632 1362 1839 1434 praeju-

237 1456 482 1512 dicantes
512 1455 796 1510 sententiis
826 1453 1054 1510 fratrum
1077 1461 1130 1509 et
1148 1454 1602 1524 coepiscoporum
1629 1459 1840 1506 nostro-

237 1561 369 1609 rum,
405 1544 502 1616 qui
547 1545 804 1599 absentes
851 1551 995 1612 sunt,
1045 1543 1115 1598 ad
1163 1558 1301 1614 quos
1350 1543 1468 1598 hmo
1499 1556 1597 1596 sua
1636 1539 1841 1610 scripta

234 1633 538 1699 mittuntur,
571 1638 896 1688 reverenter
924 1631 1269 1703 suscipimus,
1305 1629 1536 1704 singulis
1565 1638 1842 1700 metropo-
1875 1636 1884 1642 '

1759 272 2133 330 EPISTOLE.

1859 397 1918 460 Α
1937 399 2206 466 videatur,
2254 406 2308 454 et
2336 397 2777 455 constantissime
2816 406 3084 466 teneatur,
3134 398 3372 454 maxime
3409 398 3538 470 quia

3428 275 3531 330 190

1937 487 2228 560 unicuique
2270 503 2596 545 concessum
2631 494 2734 554 est,
2769 487 2816 542 si
2839 487 3048 557 judicio
3088 485 3332 543 offensus
3378 485 3539 543 fuerit

1939 577 2296 648 cognitorum,
2328 576 2399 631 ad
2429 576 2718 632 concilium
2763 591 2874 632 suae
2916 575 3226 647 provinciae,
3257 575 3345 633 vel
3373 575 3539 632 etiam

1937 665 2247 720 universale
2275 679 2592 736 provocare.
2633 686 2656 715 ι
2689 665 2758 721 Et
2786 664 2914 720 hinc
2943 672 3160 722 sanctus
3191 663 3537 731 Caelestinus,

1939 753 2010 810 ad
2068 753 2150 809 rei
2203 752 2516 808 firmitatem
2561 768 3000 809 commemorans
3051 753 3278 809 decreta
3332 751 3543 824 praefati

1939 841 2218 906 Bonifacii,
2250 843 2490 898 decrevit
2519 850 2576 896 ut
2603 857 2938 914 unaquaeque
2965 841 3246 913 provincia
3287 856 3388 898 suo
3417 858 3540 897 me-

1939 931 2267 1002 tropolitano
2297 931 2492 986 debeat
2541 947 2664 986 esse
2715 938 2985 997 contenta,
3020 931 3211 986 dicens
3243 931 3338 1000 (ad
3367 933 3538 1004 episc.

1943 1021 2157 1086 Galliae,
2194 1036 2243 1075 c.
2277 1022 2307 1074 4
2336 1019 2356 1090 )
2390 1037 2404 1074 :
2443 1039 2462 1071 α
2486 1019 2742 1086 Primum,
2774 1027 2834 1074 ut
2853 1020 3002 1088 juxta
3032 1019 3251 1074 decreta
3268 1033 3542 1074 canonum

1939 1125 2275 1180 unaquaeque
2333 1107 2610 1178 provincia
2669 1123 2769 1162 suo
2815 1107 3233 1178 metropolitano
3285 1115 3542 1163 contenta

1941 1197 2027 1263 sit,
2063 1204 2122 1251 ut
2149 1196 2459 1252 decessoris
2507 1196 2678 1252 nostri
2721 1196 2850 1251 data
2876 1197 2946 1251 ad
2975 1197 3389 1251 Narbonensem
3419 1195 3541 1266 epi-

1941 1301 2165 1356 scopum
2197 1285 2474 1340 continent
2511 1284 2824 1352 constituta,
2871 1301 2972 1339 nec
3019 1284 3360 1356 usurpationi
3390 1284 3544 1340 locus

1939 1373 2102 1429 alicui
2139 1373 2411 1429 sacerdoti
2437 1373 2495 1427 in
2525 1373 2742 1428 alterius
2781 1373 3112 1429 concedatur
3159 1373 3429 1442 injuriam.
3464 1372 3545 1428 Sit

1939 1461 2217 1518 concessis
2249 1462 2351 1516 sibi
2379 1470 2664 1518 contentus
2691 1461 3066 1533 unusquisque
3095 1460 3374 1528 limitibus,
3405 1460 3546 1516 alter

1939 1550 1993 1604 in
2024 1549 2245 1605 alterius
2273 1550 2558 1621 provincia
2585 1549 2716 1604 nihil
2747 1557 3058 1621 praesumat.
3088 1569 3112 1600 ι
3145 1550 3211 1604 Et
3240 1549 3366 1604 item
3396 1548 3544 1604 idem

1940 1637 2047 1710 (Ad
2075 1641 2247 1711 episc.
2281 1639 2518 1712 Apulite,
2553 1653 2602 1694 c.
2641 1637 2694 1711 t)
2729 1657 2742 1693 :
2779 1659 2800 1689 α
2836 1637 2982 1694 Nulli
3013 1637 3288 1694 sacerdoti
3318 1652 3447 1692 suos
3477 1635 3546 1690 li-

236 1721 411 1776 litanis
442 1738 548 1777 suo
569 1723 695 1791 jure
725 1730 962 1787 servato,
994 1721 1143 1778 velut
1171 1721 1402 1793 mystica
1428 1719 1648 1775 Nictena
1678 1733 1840 1790 syno-
1869 1734 2058 1817 Bceat
2086 1742 2326 1782 canones
2357 1727 2630 1800 ignorare,
2681 1743 2784 1784 nec
2830 1727 3128 1798 quidquam
3169 1725 3366 1788 facere,
3397 1725 3546 1796 quod

237 1811 331 1865 dus
358 1809 830 1882 irrefragabiliter
849 1811 1058 1866 servari
1077 1809 1336 1876 decrevit,
1359 1808 1550 1865 dicens
1567 1810 1718 1880 (can.
1744 1809 1799 1876 6)
1823 1825 1836 1862 :

241 1923 260 1952 ι
285 1900 526 1971 Antiqua
541 1899 879 1955 consuetudo
899 1905 1147 1954 servetur
1164 1915 1262 1970 per
1280 1899 1592 1971 Egyptum,
1616 1895 1840 1967 Libyam

238 1997 285 2044 et
312 1987 684 2058 Pentapolim,
715 1987 787 2043 ita
815 1994 874 2042 ut
900 1986 1303 2043 Alexandrinus
1333 1986 1622 2058 episcopus
1642 1986 1838 2040 horum

235 2077 477 2134 omnium
508 2077 707 2132 habeat
731 2083 1074 2148 potestatem,
1107 2076 1234 2148 quia
1262 2083 1315 2130 et
1345 2075 1493 2130 urbis
1524 2075 1709 2130 Romae
1733 2073 1840 2144 epi-

235 2182 403 2236 scopo
434 2165 627 2236 parilis
655 2180 776 2220 mos
804 2173 904 2221 est.
955 2165 1214 2219 Similiter
1257 2171 1437 2219 autem
1465 2171 1519 2218 et
1547 2161 1693 2234 apud
1721 2165 1840 2218 An-

233 2255 493 2311 tiochiam
523 2263 860 2326 ceterasque
906 2253 1217 2324 provincias
1248 2253 1360 2308 suis
1399 2251 1685 2325 privilegia
1715 2267 1838 2306 ser-

236 2351 432 2399 ventur
459 2341 750 2398 Ecclesiis.
785 2341 1036 2396 Firmitas
1069 2349 1249 2396 autem
1271 2357 1482 2407 eorum,
1503 2357 1624 2413 quae
1643 2356 1843 2414 gerun-

236 2443 317 2488 tur
358 2449 467 2503 per
526 2445 972 2502 unamquamque
1024 2429 1367 2502 provinciam
1422 2428 1840 2502 metr0politano

234 2522 508 2576 tribuatur
535 2520 815 2591 episcopo.
853 2539 876 2568 ι

298 2611 369 2664 ll.
406 2608 547 2678 Quae
598 2607 768 2664 sancti
797 2615 851 2662 et
881 2607 1064 2680 magni
1106 2607 1322 2663 concilii
1364 2607 1572 2664 Nicaeni
1621 2607 1840 2664 decreta

234 2700 428 2754 beatus
482 2696 829 2752 Innocentius
887 2696 953 2752 ad
1007 2695 1377 2752 Alexandrum
1441 2695 1840 2751 Antiochenum

235 2788 558 2859 episcopum
587 2785 663 2840 ita
693 2785 958 2856 explanat,
991 2777 1394 2858 dicens‘(epist.
1425 2784 1518 2856 20)
1552 2803 1565 2839 :
1603 2784 1838 2840 «Revol-

234 2885 426 2932 ventcs
458 2875 642 2946 itaque
670 2873 1044 2930 auctoritatem
1075 2873 1310 2930 Nicaente
1338 2873 1552 2946 synodi,
1585 2890 1705 2946 quae
1733 2889 1840 2928 una

234 2965 480 3020 omnium
511 2979 613 3034 per
653 2963 847 3019 orbem
890 2971 1159 3018 terrarum
1204 2971 1442 3018 mentem
1485 2961 1716 3034 explicat
1744 2977 1839 3017 sa-

235 3054 543 3118 cerdotum,
605 3069 728 3123 qua:
781 3051 992 3108 censuit
1054 3051 1124 3107 de
1176 3052 1516 3108 Antiochena
1568 3051 1836 3118 Ecclesia,

237 3143 445 3200 cunctis
476 3140 750 3208 fidelibus,
783 3157 852 3196 ne
880 3140 1112 3196 dixerim
1157 3141 1551 3206 sacerdotibus,
1593 3157 1717 3196 esse
1747 3156 1843 3196 ne-

235 3231 540 3288 cessarium
569 3229 869 3297 custodire,
898 3245 1005 3301 qua
1025 3246 1192 3301 super
1212 3229 1496 3286 dioecesim
1526 3245 1680 3285 suam
1708 3245 1842 3300 prte-

236 3319 428 3376 dictam
461 3318 791 3386 Ecclesium,
825 3333 933 3373 non
963 3335 1127 3389 super
1155 3318 1390 3390 aliquam
1421 3317 1582 3374 aliam
1612 3318 1840 3389 provin-

238 3409 366 3465 ciam
426 3407 878 3481 recognoscimus
933 3406 1298 3463 constitutam.
1338 3429 1360 3457 ι
1408 3409 1478 3462 Et
1535 3407 1842 3462 Bonifacius

235 3515 372 3570 papa
401 3497 656 3554 scribens
683 3497 754 3551 ad
785 3495 1047 3552 Hilarium
1075 3497 1492 3552 Narbonensem
1523 3495 1839 3568 episcopum

238 3589 417 3660 (epist.
455 3587 513 3656 3)
547 3603 562 3640 :
600 3607 622 3634 ι
659 3585 945 3652 Convenit,
976 3585 1165 3657 inquit,
1199 3601 1302 3641 nos
1329 3593 1680 3656 paternarum
1710 3600 1840 3640 san-

238 3675 473 3731 ctionum
503 3673 798 3746 diligentes
827 3689 951 3728 esse
980 3673 1254 3729 custodes.
1288 3673 1437 3729 Nulli
1467 3673 1666 3730 etenim
1695 3673 1840 3728 vide-

234 3771 319 3818 tur
359 3762 649 3834 incognita
687 3761 882 3834 synodi
927 3761 1238 3818 constitutio
1292 3763 1551 3832 Nicaeum,
1606 3778 1729 3835 quae
1771 3761 1842 3816 ita

237 3851 502 3924 praecipit,
553 3859 613 3905 ut
653 3851 850 3906 eadem
895 3851 1117 3922 proprie
1170 3851 1333 3906 verba
1389 3867 1680 3923 ponamus,
1736 3851 1843 3906 Per

237 3955 683 4013 unamquamque
711 3938 1047 4011 provinciam
1070 3939 1162 4009 jus
1181 3939 1628 4012 metropolitanos
1651 3939 1842 4013 singu-

228 4029 303 4084 los
345 4031 564 4084 habere
611 4028 832 4095 debere,
885 4043 986 4084 nec
1017 4028 1270 4101 cuiquam
1317 4029 1454 4084 duas
1521 4045 1644 4089 esse
1675 4045 1842 4100 posse

237 4119 530 4188 subjectas.
567 4115 727 4186 Quod
757 4115 853 4183 illi,
886 4117 1009 4188 quia
1038 4117 1198 4172 aliter
1235 4117 1565 4173 credendum
1594 4133 1705 4173 non
1735 4126 1841 4187 est,

240 4207 575 4262 servandum
603 4213 793 4260 sancto
824 4204 1027 4276 Spiritu
1055 4214 1386 4278 suggerente
1433 4205 1669 4271 sibimet,
1704 4221 1841 4262 cen-

242 4302 484 4351 suerunt.
516 4315 547 4348 in
579 4295 646 4349 Et
691 4301 818 4364 post
863 4293 1142 4366 aliquanta
1175 4312 1188 4349 :
1227 4315 1248 4344 ε
1285 4293 1446 4364 Quod
1475 4294 1680 4350 idcirco
1708 4295 1844 4350 dici-

241 4399 376 4450 mus,
425 4392 486 4438 ut
529 4383 780 4439 advertat
827 4383 1068 4438 charitas
1107 4391 1196 4438 tua
1252 4385 1390 4440 adeo
1434 4399 1536 4438 nos
1574 4398 1842 4440 canonum

1943 1816 2161 1870 Patrum
2203 1815 2376 1886 possit
2419 1816 2628 1886 regulis
2671 1815 2914 1871 obviare.
2962 1814 3096 1882 Quae
3140 1815 3283 1869 enim
3327 1828 3359 1868 a
3387 1813 3548 1869 nobis

1941 1919 2030 1958 res
2062 1903 2231 1975 digna
2269 1904 2598 1973 servabitur,
2632 1904 2679 1958 si
2707 1903 3061 1959 decretalium
3101 1917 3296 1958 norma
3338 1901 3549 1958 consti-

1941 2000 2176 2047 tutorum
2205 2009 2303 2064 pro
2333 1993 2642 2064 aliquorum
2685 1992 2858 2057 libitu,
2908 1991 3131 2048 licentia
3179 1990 3394 2062 populis
3418 2006 3549 2061 per—

1940 2081 2112 2136 missa
2150 2079 2428 2154 frangatur
2455 2082 2484 2136 ?
2516 2103 2537 2130 ι
2574 2082 2643 2135 Et
2671 2088 2892 2136 sanctus
2932 2081 3041 2134 Leo
3085 2079 3154 2133 ad
3199 2079 3548 2134 Theodorum

1939 2169 2368 2238 Forojuliensem
2400 2170 2717 2240 episcopum
2739 2169 2925 2242 (epist.
2951 2168 3042 2238 92)
3063 2185 3078 2222 :
3103 2189 3125 2218 «
3153 2165 3549 2223 Sollicitudinis

1941 2257 2159 2329 quidem
2193 2267 2299 2314 tute
2325 2257 2373 2312 is
2402 2259 2535 2313 ordo
2564 2273 2689 2313 esse
2719 2257 3006 2326 debuerat,
3039 2264 3097 2311 ut
3127 2271 3250 2312 cum
3279 2262 3550 2326 metropo-

1938 2343 2106 2402 litano
2134 2354 2228 2402 tuo
2256 2346 2502 2418 primitus
2533 2346 2603 2402 de
2631 2363 2696 2402 eo
2733 2346 2880 2417 quod
2925 2345 3277 2418 quaerendum
3319 2343 3549 2400 videba-

1940 2443 2025 2490 tur
2049 2451 2175 2492 esse
2207 2435 2510 2500 conferres,
2543 2450 2609 2492 ac
2641 2435 2689 2491 si
2717 2434 2773 2490 id
2815 2434 2961 2506 quod
3005 2434 3290 2507 ignorabat
3335 2432 3556 2489 dilectio
3613 2503 3618 2510 _

1942 2533 2052 2590 tua,
2086 2525 2248 2580 etiam
2278 2524 2399 2595 ipse
2429 2523 2686 2591 nesciret,
2737 2522 2936 2578 instrui
2981 2538 3081 2579 vos
3124 2522 3327 2592 pariter
3351 2537 3554 2593 posce-

1940 2614 2095 2680 retis,
2130 2614 2256 2686 quia
2285 2614 2342 2668 in
2371 2613 2574 2682 causis,
2626 2629 2747 2684 qua:
2775 2611 2842 2666 ad
2892 2611 3209 2684 generalem
3255 2611 3553 2666 observan-

1940 2702 2072 2757 tiam
2133 2702 2408 2774 pertinent
2451 2701 2696 2757 omnium
2742 2699 2962 2756 Domini
3002 2699 3371 2766 sacerdotum,
3431 2699 3550 2754 sine

1935 2790 2262 2863 primatibus
2287 2789 2421 2846 nihil
2449 2797 2673 2861 oportet
2709 2788 2934 2860 inquiri.
2972 2809 2994 2838 ι

2009 2880 2101 2934 IV.
2131 2880 2199 2934 Et
2227 2879 2358 2950 quia
2385 2887 2575 2934 sancta
2605 2879 2853 2935 Romana
2899 2876 3167 2943 Ecclesia,
3220 2875 3308 2932 cui
3335 2875 3549 2933 sollici-

1939 2968 2071 3024 tudo
2100 2967 2346 3024 omnium
2395 2967 2768 3023 Ecclesiarum
2798 2967 2854 3022 in
2884 2967 3044 3022 beato
3093 2966 3255 3022 Petro
3299 2965 3551 3036 principe

1944 3057 2318 3128 apostolorum
2347 3065 2432 3112 est
2458 3057 2769 3122 commissa,
2801 3056 2986 3127 plures
3021 3055 3469 3127 metropolitanos
3497 3053 3554 3109 in

1945 3145 2170 3217 speciali
2201 3161 2298 3201 sua
2328 3145 2554 3202 dimcesi
2601 3145 2786 3212 habet,
2831 3145 2970 3201 sicut
3011 3151 3236 3202 sanctus
3273 3145 3382 3200 Leo
3411 3143 3553 3214 apud

1942 3235 2286 3290 Anastasium
2333 3234 2878 3290 Thessalonicensem
2925 3233 3243 3305 episcopum
3283 3238 3554 3288 monstrat

1943 3323 2130 3396 (epist.
2165 3326 2276 3393 88),
2311 3323 2562 3378 similiter
2591 3331 2644 3378 et
2671 3323 3038 3378 Alexandrina
3081 3321 3332 3378 Ecclesia
3360 3321 3417 3376 in
3447 3334 3548 3375 sua

1942 3412 2169 3468 dioecesi
2193 3431 2206 3478 ;
2237 3411 2336 3468 sed
2363 3419 2418 3466 et
2445 3411 2786 3467 Antiochena
2815 3411 2976 3466 sedes
3006 3409 3298 3466 nonnullos
3340 3415 3548 3463 metro-

1941 3499 2212 3572 politanos
2239 3499 2297 3554 in
2325 3515 2423 3554 sua
2446 3499 2674 3555 dioecesi
2702 3499 2884 3566 habet,
2928 3497 3069 3554 sicut
3116 3504 3336 3553 sanctus
3379 3498 3548 3552 Inno-

1942 3587 2152 3644 centius
2205 3589 2276 3643 ad
2323 3588 2694 3644 Alexandrum
2737 3586 2982 3656 ejusdem
3025 3585 3172 3642 sedis
3224 3584 3545 3656 episcopum

1944 3675 2134 3732 scribit
2178 3676 2368 3749 (epist.
2416 3677 2530 3746 20),
2583 3683 2636 3731 et
2679 3676 2735 3730 in
2779 3673 3170 3732 ecclesiasticis
3213 3673 3454 3729 historiis
3481 3688 3549 3730 ac

1942 3764 2294 3838 synodalibus
2314 3765 2486 3839 gestis
2505 3763 2834 3831 invenimus,
2862 3763 3073 3819 eisdem
3095 3762 3256 3820 etiam
3278 3769 3552 3834 metropo-

1941 3855 2144 3922 litanis,
2179 3871 2316 3928 quos
2347 3854 2460 3910 suis
2489 3853 2708 3910 vicariis
2751 3861 2936 3909 sancta
2981 3853 3231 3909 Romana
3275 3851 3552 3908 commisit

1943 3943 2210 4012 Ecclesia,
2245 3943 2541 4000 secundum
2569 3943 2823 3998 Nicaenos
2843 3947 3031 3998 sacros
3047 3955 3285 3998 canones
3307 3956 3407 3996 sua
3421 3940 3550 4010 jura

1939 4033 2180 4090 decrevit
2234 4031 2461 4099 servari,
2528 4031 2694 4088 veluti
2745 4031 2814 4086 ad
2870 4031 3123 4086 eumdem
3198 4030 3549 4086 Anastasium

1943 4121 2090 4177 idem
2121 4121 2312 4176 beatus
2340 4121 2450 4176 Leo
2497 4121 2743 4178 scribens
2771 4121 2961 4192 (epist.
2999 4121 3090 4190 88)
3125 4137 3139 4174 :
3177 4144 3200 4168 ι
3233 4119 3425 4192 Igitur,
3458 4119 3547 4174 in-

1943 4209 2078 4282 quit,
2111 4209 2412 4266 secundum
2450 4217 2768 4265 sanctorum
2799 4209 3020 4264 Patrum
3063 4223 3324 4278 canones,
3359 4207 3550 4279 spiritu

1944 4298 2044 4354 Dei
2072 4298 2340 4364 conditos,
2373 4305 2427 4352 et
2456 4297 2621 4353 totius
2658 4296 2848 4351 mundi
2891 4295 3199 4352 reverentia
3247 4311 3548 4353 consecra-

1942 4395 2046 4452 tos,
2089 4385 2539 4457 metropolitanos
2589 4383 2930 4457 singularum
2973 4383 3379 4455 provinciarum
3426 4382 3548 4453 epi-

240 4479 516 4544 praecepta
565 4487 803 4537 servare,
833 4478 892 4526 ut
920 4471 991 4527 ita
1037 4471 1347 4528 constitutio
1391 4488 1609 4544 quoque
1651 4467 1907 4528 nostraD
1938 4490 2155 4547 scopos,
2205 4474 2402 4546 quibus
2447 4489 2513 4528 ex
2559 4473 2904 4544 delegatione
2946 4479 3136 4528 nostra
3193 4469 3546 4526 fraternitatis

239 4560 479 4630 difiiniat,
541 4567 807 4632 quatenus
861 4559 1262 4632 metropolitani
1337 4560 1420 4615 sui
1492 4576 1836 4633 unaquaeque

239 4650 515 4718 provincia
562 4649 620 4704 in
671 4647 923 4704 omnibus
978 4648 1139 4704 rebus
1182 4649 1577 4726 ordinationem
1623 4665 1840 4722 semper

239 4746 529 4809 exspectet.
572 4757 594 4787 ι

308 4828 398 4882 lll.
432 4827 504 4882 Et
533 4835 721 4881 sancta
765 4827 1010 4898 synodus
1058 4827 1440 4898 episcoporum
1480 4826 1676 4885 Africae
1703 4843 1838 4899 pro-

238 4915 426 4972 vinciae
473 4915 722 4972 scribens
767 4915 839 4970 ad
869 4917 927 4972 S.
981 4915 1331 4972 Caelestinum
1368 4931 1569 4988 papam
1609 4917 1693 4989 (in
1725 4917 1839 4987 ﬁne

239 5005 438 5075 synodi
469 5005 783 5076 Africana)
817 5022 830 5058 :
867 5025 890 5055 ι
925 5005 1172 5073 Decreta,
1217 5004 1408 5077 inquit,
1450 5005 1691 5073 Nicaena,
1724 5006 1840 5061 sive

240 5091 513 5149 inferioris
536 5093 745 5166 gradus
774 5092 1022 5160 clericos,
1059 5093 1172 5150 sive
1203 5093 1492 5165 episcOpos
1521 5095 1692 5166 ipsos,
1727 5095 1841 5150 suis

238 5182 668 5254 metropolitanis
699 5181 1039 5253 apertissime
1068 5183 1472 5238 commiserunt.
1518 5183 1840 5239 Prudentis-

241 5269 374 5325 sime
430 5271 579 5326 enim
633 5269 1046 5342 justissimeque
1100 5270 1459 5342 providerunt
1504 5287 1841 5344 qumcunque

238 5359 456 5430 negotia
485 5360 540 5414 iu
568 5359 688 5414 suis
721 5357 859 5414 locis
887 5358 979 5414 ubi
1009 5367 1129 5415 orta
1159 5368 1285 5414 sunt
1313 5359 1570 5430 finienda,
1600 5377 1702 5417 nec
1724 5361 1842 5416 uni-

242 5447 430 5519 cuique
455 5448 758 5520 provincize
789 5447 1018 5520 gratiam
1047 5449 1220 5506 sancti
1247 5449 1478 5521 Spiritus
1515 5448 1840 5518 defuturam,

1939 4573 2044 4620 tuae
2091 4579 2221 4619 cura
2269 4561 2645 4634 praetenditur,
2691 4561 2782 4631 jus
2825 4561 3032 4617 traditae
3090 4559 3194 4615 sibi
3254 4559 3545 4631 antiquitus

1936 4651 2216 4724 dignitatis
2262 4651 2637 4706 intemeratum
2688 4650 2898 4705 habera
2953 4647 3320 4713 decrevimus,
3367 4647 3442 4702 ita
3485 4654 3544 4702 ut

1938 4757 1970 4795 a
1998 4739 2203 4814 regulis
2238 4740 2562 4812 praestitutis
2592 4739 2742 4794 nulla
2771 4746 2862 4793 aut
2894 4735 3250 4809 negligentia,
3281 4743 3372 4791 aut
3401 4751 3544 4806 prae-

1940 4829 2244 4902 sumptione
2275 4829 2592 4894 discedant.
2630 4849 2653 4877 ι
2715 4824 3119 4882 Attendendum
3177 4831 3260 4878 est
3293 4823 3460 4896 igitur
3498 4823 3545 4879 si

1939 4919 2240 4991 apostolica
2272 4919 2434 4974 sedes
2464 4913 2898 4986 metropolitanis
2930 4929 3044 4968 suae
3073 4912 3330 4984 specialis
3348 4912 3548 4968 dicace-

1940 5023 2085 5073 seos,
2121 5008 2259 5064 sicut
2288 5007 2346 5061 in
2379 5004 2625 5077 epistolis
2655 5001 2799 5057 beati
2831 5001 3093 5075 Gregorii
3122 5018 3188 5057 ex
3218 5001 3544 5074 Regestole-

1941 5096 2140 5168 gimus,
2201 5111 2340 5167 quos
2394 5100 2620 5164 propter
2688 5089 3142 5162 longinquitatem
3211 5105 3337 5146 suas
3391 5090 3542 5147 vices

1941 5184 2228 5256 agentibus
2274 5181 2562 5253 delegavit,
2610 5194 2709 5235 sua
2729 5180 2850 5248 jura
2881 5179 3181 5236 secundum
3224 5193 3410 5234 sacros
3436 5177 3539 5232 Ni-

1941 5289 2123 5330 cenos
2151 5286 2389 5328 canones
2419 5267 2629 5324 servari
2671 5267 2952 5339 praecepit,
2985 5267 3124 5324 sicut
3145 5273 3198 5322 et
3226 5265 3280 5320 in
3310 5265 3541 5336 epistola

1942 5360 2154 5434 prmfati
2210 5356 2406 5414 Leonis
2457 5356 2524 5411 ad
2579 5355 2902 5428 praedictum
2955 5353 3302 5410 Anastasium
3342 5353 3542 5410 dicitur

1942 5450 2130 5522 (epist.
2154 5447 2348 5504 eadem
2377 5453 2501 5500 ante
2532 5444 2834 5516 superiora)
2869 5460 2883 5500 :
2927 5464 2948 5497 ι
2977 5442 3034 5499 Si
3064 5441 3193 5514 quid
3223 5457 3416 5514 grave,
3449 5443 3539 5498 in-

244 5551 350 5606 qua
400 5538 629 5610 aequitas
669 5553 700 5592 a
751 5535 951 5593 Christi
1009 5538 1399 5609 sacerdotibus,
1453 5547 1504 5596 et
1543 5539 1844 5612 prudenter
1945 5537 2158 5611 quiens,
2204 5533 2714 5606 intolerandumque
2757 5531 3021 5606 gessisset
3065 5530 3535 5604 metropolitanus,
