4004 6176
342 272 438 325 {Si

1232 266 1576 324 HINCMARI
1602 264 2004 323 RHEMENSIS
2061 264 2615 323 ARCHIEPISCOPI.

3512 276 3518 283 ’
3548 270 3652 326 192

343 401 529 451 nostra
560 400 679 450 erat
709 394 1076 465 exspectanda
1100 408 1353 459 censura,
1386 401 1443 446 ut
1472 391 1604 446 nihil
1641 391 1793 463 prius
1823 390 1941 461 ipse
1970 390 2026 451 A
2048 405 2229 457 cuum,
2282 392 2545 466 quidquid
2589 394 2661 450 ab
2690 394 2905 449 illorum
2954 391 3115 447 fuerit
3151 391 3532 448 constitutione
3560 392 3651 447 di-

339 482 691 549 decerneres,
724 498 889 553 quam
920 482 1058 554 quid
1104 482 1262 537 nobis
1301 481 1561 552 placeret,
1589 495 1940 552 agnosceres.

338 571 502 628 Vices
548 570 695 627 enim
743 579 960 627 nostras
1000 571 1075 625 ita
1119 578 1225 625 tua;
1281 569 1615 625 credidimus
1670 567 1938 638 charitati,

340 668 397 715 ut
426 660 481 715 in
511 667 721 731 partem
768 659 844 713 sis
890 667 1113 715 vocatus
1156 658 1553 727 sollicitudinis,
1595 672 1705 712 non
1733 656 1790 711 in
1820 655 1942 729 ple-

341 748 642 805 nitudinem
670 748 975 819 potestatis.
1022 768 1045 797 ι

415 837 481 893 V.
515 836 628 892 Illis
654 835 1079 907 metropolitanis
1108 835 1227 907 (qui
1268 843 1322 891 et
1368 835 1631 907 primates
1668 832 1941 889 multoties

339 926 396 982 in
427 926 594 984 sacris
640 926 936 983 canonibus
966 924 1323 996 appellantur,
1371 924 1574 995 quique
1602 923 1658 977 in
1686 922 1807 978 loco
1837 922 1939 977 de-

340 1014 644 1070 functorum
705 1013 1238 1085 archiepiscOporum
1292 1020 1346 1068 et
1395 1011 1939 1082 metrOpolitanorum

340 1104 409 1158 ab
440 1102 711 1175 episcopis
739 1102 1165 1173 uniuscujusque
1214 1100 1509 1171 provincia:
1552 1100 1670 1154 sine
1699 1099 1938 1153 interro-

341 1192 561 1265 gatione
590 1191 813 1247 alterius
859 1190 1107 1261 primatis
1154 1188 1450 1260 praevalent
1493 1187 1759 1254 ordinari,
1791 1194 1844 1242 et
1872 1203 1937 1242 ex

338 1280 570 1352 antiquae
617 1278 1024 1336 consuetudinis
1071 1278 1214 1350 lege,
1247 1293 1280 1332 a
1311 1277 1441 1333 sede
1488 1275 1808 1348 apostolica,
1848 1276 1937 1332 cui

339 1368 646 1425 sollicitudo
675 1375 729 1424 et
752 1367 1001 1438 praelatio
1041 1367 1283 1423 omnium
1330 1353 1697 1422 Ecclesiarum
1733 1364 1790 1420 in
1816 1364 1936 1436 pri-

336 1464 486 1512 matu
515 1465 600 1512 est
626 1456 799 1512 sancti
829 1455 973 1511 Petri
1003 1454 1217 1523 collata,
1267 1455 1414 1527 pallii
1452 1454 1629 1510 solent
1658 1453 1823 1527 genio
1853 1453 1935 1507 in-

339 1544 550 1618 signiri,
599 1552 654 1600 et
682 1544 737 1599 in
772 1544 893 1600 loco
940 1542 1315 1599 decedentium
1361 1543 1761 1615 episcOporum,
1816 1543 1934 1597 sine

339 1633 589 1690 consultu
634 1632 722 1688 vel
766 1632 989 1689 licentia
1023 1632 1271 1703 primatis
1309 1631 1551 1699 alterius,
1587 1631 1642 1686 in
1672 1648 1770 1687 sua
1797 1648 1932 1704 pro-

338 1721 516 1777 vincia
544 1721 744 1793 quique
770 1728 1000 1792 possunt
1037 1721 1323 1791 episcopos
1360 1720 1658 1790 ordinare),
1691 1736 1789 1776 sua
1812 1722 1933 1790 jura

339 1810 541 1866 debent
592 1810 771 1866 modis
826 1809 1079 1865 omnibus
1122 1809 1420 1865 secundum
1464 1809 1686 1864 eosdem
1744 1824 1931 1866 sacros

338 1898 594 1954 Nicasnos
622 1913 860 1955 canones
896 1897 1209 1954 conservari
1240 1913 1253 1953 :
1285 1896 1377 1969 qui
1418 1896 1804 1954 inviolabiliter
1830 1898 1931 1953 de-

339 1996 648 2056 creverunt,
696 1995 754 2042 ut
796 1987 933 2042 sicut
978 1986 1359 2043 Alexandrinae
1399 1985 1682 2053 Ecclesiae,
1730 1987 1852 2058 quia
1880 1995 1935 2043 et

339 2076 491 2131 urbis
535 2076 723 2132 Romaa
769 2075 1028 2146 episcopo
1074 2074 1262 2147 parilis
1303 2090 1423 2129 mos
1461 2082 1561 2139 est,
1606 2075 1853 2132 similiter
1882 2084 1935 2130 et

341 2164 487 2235 apud
534 2164 896 2229 Antiochiam,
946 2171 1284 2235 caeterasque
1330 2162 1638 2233 provincias
1677 2163 1787 2219 suis
1817 2163 1935 2234 pri-

341 2253 540 2326 vilegia
569 2260 858 2310 serventur
902 2252 1185 2308 Ecclesiis.
1217 2253 1297 2307 De
1325 2252 1520 2323 quibus
1569 2252 1741 2308 sacris
1767 2268 1935 2308 cano-

340 2337 501 2393 nibus
532 2336 786 2407 praefatus
818 2344 1035 2391 sanctus
1065 2337 1175 2390 Leo
1199 2336 1268 2390 ad
1298 2336 1608 2391 Anatolium
1636 2336 1943 2391 Constanti-

341 2425 713 2496 nopolitanum
743 2424 1059 2496 episcopum
1090 2424 1164 2478 ita
1193 2424 1397 2495 passim
1427 2424 1559 2479 dicit
1586 2424 1773 2497 (epist.
1807 2428 1897 2494 56)
1923 2440 1936 2479 ε

345 2538 367 2561 ε
402 2515 528 2569 Post
570 2514 1041 2571 consecrationem
1104 2512 1427 2591 Antiocheni
1471 2512 1731 2584 episcOpi,
1778 2530 1941 2586 quam

343 2602 554 2659 tibimet
580 2611 767 2659 contra
796 2602 1110 2657 canonicam
1158 2601 1406 2673 regulam
1443 2601 1747 2670 vindicasti,
1780 2602 1941 2658 doleo

344 2691 508 2747 etiam
533 2691 591 2746 in
617 2692 721 2748 hoc
762 2691 1106 2747 dilectionem
1156 2698 1300 2746 tuam
1350 2706 1473 2747 esse
1520 2691 1854 2763 prolapsam,
1885 2699 1944 2747 ut

343 2781 748 2837 sacratissimas
800 2780 1149 2836 Nicaznorum
1206 2794 1475 2836 canonum
1531 2779 1943 2836 constitutiones

342 2870 620 2926 conareris
648 2868 968 2942 infringere,
999 2876 1257 2941 tanquam
1286 2875 1590 2939 opportune
1624 2885 1683 2925 se
1716 2869 1810 2923 tibi
1841 2870 1943 2924 hoc

2045 496 2285 535 versum.
2315 501 2338 531 ι
2372 482 2441 538 Et
2470 484 2636 553 paulo
2665 490 2789 555 post
2816 501 2829 537 :
2858 504 2880 531 α
2903 481 3090 538 Sancti
3117 481 3195 536 illi
3225 490 3279 537 et
3309 481 3652 536 venerabiles

2046 569 2253 639 Patres,
2286 571 2377 642 qui
2406 573 2460 626 in
2492 574 2630 629 urbe
2659 572 2902 638 Nicena,
2937 571 3211 643 sacrilego
3242 570 3373 626 Ario
3394 586 3521 627 cum
3552 586 3651 625 sua

2043 657 2316 728 impietate
2346 660 2621 725 damnato,
2656 675 2944 715 mansuras
2974 675 3147 729 usque
3177 660 3233 712 in
3263 658 3430 713 finem
3459 658 3650 713 mundi

2041 746 2194 819 leges
2225 747 2714 806 ecclesiasticorum
2737 764 3004 805 canonum
3025 747 3408 813 condiderunt,
3429 754 3483 801 et
3502 748 3650 818 apud

2042 851 2143 891 nos
2174 835 2230 890 in
2258 844 2370 893 toto
2414 840 2550 893 orbe
2598 846 2867 894 terrarum
2917 837 2972 891 in
3012 836 3135 903 suis
3171 835 3650 892 constitutionibus

2045 923 2249 1009 vivunt,
2280 934 2333 979 et
2364 926 2409 981 si
2439 927 2568 999 quid
2616 942 2847 998 usquam
2891 925 3051 980 aliter
3093 940 3257 996 quam
3298 924 3376 978 illi
3406 932 3651 980 statuere

2040 1012 2403 1082 praesumitur,
2438 1015 2557 1071 sine
2594 1015 2936 1071 cunctatione
2985 1022 3254 1079 cassatur,
3304 1021 3363 1067 ut
3411 1028 3532 1084 quae
3574 1013 3651 1068 ad

2039 1109 2358 1172 perpetuam
2388 1104 2673 1159 utilitatem
2705 1101 3035 1176 generaliter
3062 1101 3302 1156 instituta
3332 1108 3474 1169 sunt,
3499 1099 3653 1155 nulla

2038 1191 2530 1247 communicatione
2561 1191 2858 1258 varientur,
2892 1206 2994 1246 nec
3023 1190 3092 1244 ad
3122 1190 3390 1261 privatum
3421 1189 3650 1244 trahan-

2037 1285 2122 1332 tur
2150 1280 2517 1346 commodum,
2554 1296 2675 1353 qua;
2704 1281 2772 1336 ad
2804 1281 3006 1335 bonum
3038 1286 3158 1333 sunt
3189 1293 3478 1334 commune
3506 1293 3647 1348 pras-

2036 1364 2141 1422 ﬁxa
2174 1385 2186 1421 :
2220 1377 2272 1423 et
2311 1368 2659 1424 manentibus
2688 1368 2931 1423 terminis
2961 1382 3098 1439 quos
3129 1366 3528 1423 constituerunt
3556 1365 3657 1419 Pa-

2036 1463 2164 1524 tres,
2216 1472 2377 1513 nemo
2423 1457 2479 1513 in
2503 1458 2593 1527 jus
2641 1457 2827 1513 tendat
2874 1456 3135 1524 alienum,
3189 1455 3286 1510 sed
3331 1454 3476 1509 intra
3505 1453 3652 1508 ﬁnes

2032 1545 2285 1616 prOprios
2312 1554 2473 1618 atque
2500 1546 2797 1620 legitimos,
2831 1552 2994 1616 prout
3039 1544 3160 1617 quis
3190 1543 3441 1609 valuerit,
3471 1542 3529 1597 in
3557 1542 3652 1597 la-

2034 1632 2259 1689 titudine
2306 1634 2585 1690 charitatis
2636 1652 2695 1690 se
2746 1640 3019 1708 exerceat.
3060 1652 3081 1681 ι
3116 1631 3277 1687 Aliud
3326 1631 3470 1686 enim
3519 1638 3654 1685 sunt

1961 1747 2016 1808 B
2037 1723 2219 1793 sedes,
2248 1719 2392 1777 aliud
2437 1723 2816 1795 praesidentes,
2851 1731 2904 1778 et
2932 1737 3165 1793 magnus
3216 1720 3509 1791 unicuique
3540 1720 3649 1774 ho-

2036 1828 2138 1866 nor
2166 1820 2249 1866 est
2277 1812 2567 1885 integritas
2600 1828 2717 1868 sua.

2111 1902 2227 1955 VII.
2261 1902 2327 1956 Et
2373 1901 2499 1956 item
2548 1901 2693 1955 idem
2723 1902 2795 1956 ad
2822 1901 3093 1972 synodum
3142 1898 3651 1954 Chalcedonensem

2034 1989 2277 2045 scribens
2308 1990 2497 2063 (epist.
2533 1993 2623 2059 65)
2658 2008 2671 2044 :
2713 2011 2734 2039 ι
2765 1990 2843 2044 De
2874 1987 3264 2055 custodiendis,
3297 1986 3488 2059 inquit,
3526 2000 3652 2041 san-

2033 2086 2240 2134 ctorum
2270 2079 2487 2133 Patrum
2532 2078 2763 2145 statutis,
2812 2093 2934 2149 quae
2963 2078 3018 2131 in
3050 2077 3260 2147 synodo
3294 2074 3522 2131 Nicaeus.
3553 2074 3647 2129 in-

2034 2167 2379 2223 violabilibus
2408 2174 2532 2222 sunt
2562 2165 2668 2221 ﬁxa
2705 2166 2958 2233 decretis,
3013 2164 3410 2221 observantiam
3437 2170 3641 2219 vestra:

2038 2255 2337 2311 sanctitatis
2390 2254 2680 2323 adm'oneo,
2713 2262 2769 2309 ut
2812 2255 2938 2323 jura
2978 2253 3373 2318 Ecclesiarum,
3405 2252 3547 2307 sicut
3574 2252 3646 2306 ab

2038 2343 2146 2398 illis
2173 2352 2389 2400 centum
2438 2344 2628 2400 decem
2660 2350 2713 2399 et
2743 2352 2863 2399 octo
2894 2343 3142 2397 Patribus
3181 2340 3437 2395 divinitus
3466 2340 3647 2411 inspi-

2038 2433 2171 2488 ratis
2200 2441 2324 2487 sunt
2360 2432 2599 2489 ordinata
2643 2439 3013 2503 permaneant.
3060 2429 3205 2485 Nihil
3248 2429 3485 2484 alienum
3533 2429 3646 2484 im-

2038 2522 2246 2593 probus
2277 2521 2513 2577 ambitus
2542 2520 2908 2591 concupiscat,
2942 2534 3043 2575 nec
3072 2535 3173 2589 per
3200 2517 3423 2573 alterius
3455 2517 3644 2573 immi-

2041 2610 2317 2665 nutionem
2345 2626 2503 2665 suum
2550 2609 2745 2682 aliquis
2787 2614 2995 2680 quaerat
3041 2613 3414 2679 augmentum.
3449 2604 3646 2674 Quan-

2041 2686 2290 2754 tumlibet
2321 2698 2465 2754 enim
2509 2697 2729 2753 extortis
2779 2695 3234 2752 assentationibus
3265 2710 3389 2750 sese
3417 2693 3651 2749 instruat

2042 2787 2294 2844 vanitatis
2333 2787 2515 2852 elatio,
2546 2794 2599 2841 et
2628 2785 2901 2857 appetitus
2931 2799 3059 2840 suos
3105 2781 3463 2838 conciliorum
3491 2781 3648 2838 aesti-

2041 2883 2151 2929 met
2206 2875 2425 2931 nomine
2485 2874 2845 2937 roborandos,
2902 2871 3178 2927 inﬁrmum
3220 2878 3381 2942 atque
3427 2870 3648 2926 irritum

342 2967 556 3029 tempus
594 2956 866 3023 obtulerit,
914 2973 1020 3029 quo
1069 2957 1293 3012 secundi
1332 2957 1555 3012 honoris
1600 2957 1946 3030 privilegium
2045 2964 2149 3018 erit
2177 2963 2440 3035 quidquid
2470 2978 2501 3017 a
2530 2963 2920 3033 praedictorum
2965 2962 3174 3015 Patrum
3224 2958 3526 3014 canonibus
3555 2959 3647 3014 di-

340 3047 501 3104 sedes
531 3045 895 3102 Alexandrina
923 3046 1242 3117 perdiderit.
1277 3053 1329 3100 et
1358 3044 1697 3101 Antiochena
1736 3045 1935 3101 Eccle-

340 3135 423 3191 sia
450 3134 836 3207 proprietatem
884 3134 1054 3191 tertiae
1100 3133 1380 3207 dignitatis
1424 3133 1684 3202 amiserit,
1743 3142 1798 3189 ut
1852 3134 1935 3188 his

340 3225 477 3281 locis
497 3225 607 3294 juri
633 3231 726 3279 tuo
759 3224 1009 3289 subditis,
1040 3239 1232 3279 omnes
1267 3222 1666 3294 Metropolitani
1695 3223 1939 3294 episcopi

341 3313 566 3385 proprio
591 3314 798 3368 honore
827 3312 1124 3385 priventur.
1177 3311 1386 3381 Quibus
1427 3312 1684 3367 inauditis
1716 3319 1767 3367 et
1793 3328 1937 3367 nun-

341 3417 505 3474 quam
561 3410 683 3457 ante
738 3401 954 3458 tentatis
1007 3402 1081 3457 ita
1135 3400 1451 3473 praeveniris
1501 3401 1833 3469 excessibus,
1882 3409 1941 3456 ut

339 3499 581 3549 sanctam
610 3491 898 3563 synodum,
932 3491 1003 3546 ad
1032 3491 1487 3564 exstinguendam
1533 3489 1710 3545 solum
1757 3492 1937 3546 hatre-

337 3580 460 3648 sim,
494 3588 547 3636 et
574 3579 1043 3637 conﬁrmationem
1073 3578 1201 3635 ﬁdei
1230 3580 1531 3647 catholicae,
1566 3578 1744 3635 studio
1774 3578 1938 3634 Chri-

338 3668 654 3725 stianissimi
709 3669 974 3740 principis
1030 3677 1440 3741 congregatam,
1491 3667 1549 3722 in
1592 3667 1938 3723 occasionem

339 3758 574 3813 ambitus
604 3758 809 3824 trahas,
860 3765 913 3813 et
940 3766 997 3812 ut
1038 3756 1438 3813 conniventiam
1464 3770 1619 3810 suam
1650 3755 1743 3811 tibi
1776 3755 1940 3810 dedat

338 3846 607 3918 impellas,
668 3855 926 3917 tanquam
985 3844 1211 3900 refutari
1266 3852 1503 3915 nequeat
1556 3843 1704 3915 quod
1754 3843 1940 3901 illicite

339 3935 569 3991 voluerit
595 3934 898 3989 multitudo.
938 3954 961 3984 ι

410 4032 503 4088 Vl.
553 4031 808 4086 Consona
848 4030 933 4086 his
980 4038 1035 4085 et
1081 4031 1137 4085 in
1194 4029 1315 4085 aliis
1356 4030 1590 4086 dccretis
1629 4029 1965 4100 apostolicae,

339 4121 501 4176 sedes
529 4120 803 4175 habentur
835 4137 848 4174 :
884 4142 907 4170 ι
944 4119 1104 4188 Quod
1153 4118 1199 4174 si
1227 4128 1279 4174 et
1309 4134 1498 4175 omnes
1546 4120 1857 4175 sacerdotes
1889 4127 1941 4174 et

336 4210 572 4264 mundus
600 4209 880 4277 assentiat,
925 4208 1198 4264 damnatio
1246 4207 1649 4264 consentientes
1691 4207 1935 4273 involvit,

340 4314 448 4354 non
478 4298 971 4370 praevaricationem
1015 4313 1317 4354 consensus
1357 4297 1606 4352 absolvit.
1640 4297 1761 4352 Non
1795 4297 1940 4352 enim

338 4388 549 4445 crimen
576 4387 851 4457 minuitur,
885 4387 983 4442 sed
1012 4387 1297 4453 accrescit,
1342 4404 1463 4442 cum
1503 4386 1760 4457 generale
1788 4385 1843 4441 ﬁt
1873 4402 1937 4441 ex

2044 3052 2317 3122 screparit.
2378 3050 2621 3120 Quorum
2674 3050 2879 3122 regulis
2934 3048 3231 3121 apostolica
3277 3047 3440 3103 sedes
3480 3064 3646 3119 quam

2044 3150 2359 3196 reverenter
2431 3148 2629 3206 utatur,
2710 3139 3035 3209 scriptorum
3103 3153 3372 3203 meorum,
3448 3136 3648 3209 quibus

2040 3228 2619 3299 ConstantinOpolitani
2666 3227 2917 3283 antistitis
2958 3234 3185 3283 conatus
3215 3226 3408 3297 repuli,
3442 3225 3648 3295 poterit

2040 3318 2294 3373 sanctitas
2343 3325 2523 3373 vestra
2570 3316 2801 3372 lectione
2846 3331 3203 3387 cognoscere,
3252 3322 3439 3379 etme,
3486 3313 3645 3367 auxi-

2038 3406 2199 3461 liante
2233 3407 2464 3461 Domino
2502 3415 2706 3474 nostro,
2744 3414 2795 3460 et
2824 3404 3104 3460 catholicae
3146 3402 3274 3458 ﬁdei
3303 3410 3355 3457 et
3384 3409 3645 3472 paterna-

2038 3512 2161 3549 rum
2189 3494 2542 3549 traditionum
2572 3510 2694 3549 esse
2724 3493 3025 3547 custodem.
3066 3513 3087 3541 ι
3122 3492 3187 3545 Et
3216 3491 3285 3546 ad
3317 3490 3644 3544 Martianum

2039 3586 2344 3656 Augustum
2373 3585 2561 3656 (epist.
2595 3581 2722 3653 57):
2752 3603 2773 3632 «
2796 3580 3088 3653 Privilegia
3117 3579 3491 3636 Ecclesiarum
3523 3594 3648 3633 san-

2040 3681 2246 3729 ctorum
2296 3673 2513 3727 Patrum
2560 3671 2858 3727 canonibus
2902 3670 3165 3735 instituta,
3217 3676 3270 3723 et
3315 3666 3644 3723 venerabilis

2038 3761 2274 3818 Niczenae
2304 3760 2499 3832 synodi
2528 3761 2633 3815 tixa
2679 3759 2933 3827 decretis,
2986 3758 3134 3812 nulla
3176 3764 3403 3828 possunt
3432 3756 3643 3826 impro-

2040 3850 2204 3905 bitate
2232 3849 2483 3914 convelli,
2517 3849 2663 3903 nulla
2694 3848 2933 3903 novitate
2974 3846 3191 3902 mutari.
3226 3847 3283 3900 In
3316 3861 3422 3917 quo
3450 3848 3651 3916 opere,‘

2040 3939 2327 3994 auxiliante
2359 3939 2575 3993 Christo
2620 3936 2852 3992 ﬁdeliter
2900 3935 3270 4007 exsequendo,
3303 3949 3531 3989 necesse
3562 3941 3647 3987 est

2038 4044 2126 4083 me
2182 4035 2619 4098 perseverantem
2668 4026 2925 4081 exhibere
2986 4024 3323 4091 famulatum,
3383 4022 3645 4094 quoniam

2039 4116 2370 4187 dispensatio
2427 4116 2557 4169 mihi
2614 4115 2821 4170 credita
2875 4121 2976 4183 est,
3037 4121 3091 4168 et
3140 4112 3207 4166 ad
3252 4126 3432 4166 meum
3474 4111 3646 4166 tendit

2039 4214 2270 4269 reatum,
2304 4206 2351 4259 si
2370 4212 2710 4275 paternarum
2732 4202 2936 4274 regula:
2958 4201 3317 4265 sanctionum,
3341 4216 3462 4272 qua:
3484 4199 3537 4253 in
3561 4216 3650 4271 sy-

2037 4295 2184 4350 nodo
2212 4294 2452 4360 Nicznna,
2486 4294 2554 4347 ad
2587 4292 2747 4348 totius
2771 4291 3034 4347 Ecclesiae
3055 4291 3305 4362 regimen
3326 4288 3519 4359 spiritu
3541 4287 3646 4343 Dei

2038 4384 2338 4438 instruente
2372 4391 2496 4436 sunt
2528 4381 2781 4447 condita),
2817 4398 2924 4449 me,
2958 4380 3103 4452 quod
3130 4378 3286 4448 absit,
3319 4377 3645 4433 connivente

338 4476 572 4549 privato.
637 4477 750 4532 Hoc
810 4475 956 4531 enim
1010 4477 1157 4531 Deus
1212 4475 1454 4531 omnium
1510 4474 1783 4543 indicavit,
1846 4474 1937 4546 qui
1967 4467 2018 4525 D
2042 4472 2329 4537 violentur,
2365 4479 2417 4525 et
2443 4471 2616 4539 major
2637 4470 2699 4523 sit
2720 4469 2864 4540 apud
2886 4484 2973 4522 me
2992 4467 3152 4522 unius
3169 4466 3346 4521 fratris
3366 4465 3639 4531 voluntas,

338 4567 596 4622 mundum
648 4574 970 4637 peccantem
1027 4564 1267 4637 generali
1323 4564 1527 4619 diluvio
1585 4564 1871 4619 interemit.
1913 4584 1934 4612 ι

343 4656 409 4713 Et
439 4656 566 4710 item
597 4656 655 4711 S.
689 4656 797 4710 Leo
827 4655 894 4709 ad
933 4652 1220 4725 praefatum
1264 4652 1573 4707 Anatolium
1606 4654 1783 4724 (ibid.,
1817 4656 1943 4725 post

342 4744 658 4815 superiora)
690 4763 708 4799 :
741 4764 761 4794 ι
791 4743 908 4810 Illa,
942 4743 1130 4815 inquit,
1164 4742 1514 4797 Nieaanorum
1544 4756 1811 4797 canonum
1840 4757 1942 4812 per

341 4839 587 4887 sanctum
634 4847 763 4885 vere
822 4832 1083 4901 Spiritum
1135 4830 1383 4887 ordinata
1431 4829 1669 4885 conditio
1712 4830 1768 4884 in
1795 4829 1942 4883 nulla

340 4934 582 4991 unquam
611 4926 765 4989 parte
795 4927 877 4973 est
908 4920 1171 4975 solubilis.
1203 4919 1369 4975 Nulla
1400 4918 1615 4973 sibimet
1645 4918 1715 4973 de
1752 4917 1940 4972 multi-

340 5007 629 5081 plicatione
675 5009 1117 5079 congregationis
1166 5008 1449 5081 synodalia
1507 5007 1736 5064 concilia
1779 5006 1931 5061 blan-

344 5098 583 5165 diantur,
615 5111 796 5166 neque
825 5097 1081 5151 trecentis
1110 5098 1215 5151 illis
1244 5099 1456 5163 decem,
1491 5105 1653 5168 atque
1681 5104 1803 5152 octo
1833 5094 1945 5166 epi-

343 5188 525 5258 scopis
552 5184 950 5260 quantumlibet
994 5186 1265 5255 copiosior
1311 5203 1568 5242 numerus
1596 5185 1941 5241 sacerdotum

342 5290 667 5346 comparare
702 5290 761 5330 se
791 5274 985 5329 audeat
1030 5274 1115 5329 vel
1158 5274 1433 5345 praeferre,
1470 5291 1591 5331 cum
1620 5284 1769 5330 tanto
1798 5273 1940 5330 divi-

342 5363 485 5418 nitus
530 5364 817 5435 privilegio
859 5363 1085 5419 Nicaana
1117 5362 1186 5418 sit
1228 5364 1468 5434 synodus
1510 5371 1851 5430 consecrata,
1886 5370 1943 5417 ut

344 5452 460 5508 sive
490 5468 588 5522 per
613 5452 921 5522 pauciores,
955 5452 1071 5509 sive
1101 5468 1203 5523 per
1229 5452 1416 5522 plures
1455 5453 1823 5508 ecclesiastica
1847 5452 1941 5520 ju-

342 5540 487 5598 dicia
533 5540 897 5612 celebrentur,
941 5542 1089 5598 omni
1135 5541 1353 5614 penitus
1400 5543 1717 5599 auctoritate
1747 5541 1815 5598 sit
1844 5556 1941 5597 va-

2044 4576 2202 4632 quam
2235 4560 2502 4615 universa:
2532 4560 2725 4614 domus
2758 4557 2972 4612 Domini
3008 4555 3312 4612 communis
3341 4554 3566 4608 utilitas.
3615 4574 3638 4603 ι

2116 4651 2254 4703 VllI.
2307 4649 2377 4703 Et
2419 4649 2488 4702 ad
2534 4646 2872 4703 Pulcheriam
2919 4649 3219 4718 Augustam
3264 4645 3449 4715 (epist.
3498 4642 3641 4711 58):

2047 4760 2069 4790 α
2114 4738 2313 4793 Contra
2361 4745 2559 4791 statuta
2602 4744 2947 4807 paternorum
3009 4749 3297 4801 canonum,
3345 4748 3466 4803 quas
3514 4739 3643 4785 ante

2041 4827 2374 4899 longissima:
2403 4825 2577 4881 aetatis
2622 4840 2794 4878 annos
2824 4824 2879 4876 in
2908 4823 3039 4877 urbe
3069 4822 3292 4877 Nicaena
3341 4819 3643 4891 spirituali-

2042 4916 2145 4970 bus
2175 4923 2297 4970 sunt
2327 4914 2543 4969 fundata
2572 4912 2825 4976 decretis,
2858 4912 2990 4965 nihil
3035 4911 3232 4982 cuique
3271 4909 3470 4964 audere
3501 4924 3642 4963 con-

2043 5004 2253 5061 ceditur
2285 5021 2298 5057 :
2330 5003 2401 5058 ita
2429 5011 2487 5058 ut
2516 5002 2562 5056 si
2605 5001 2726 5072 quis
2775 5000 3047 5055 diversum
3092 4998 3292 5071 aliquid
3339 4998 3643 5052 decernere

2042 5094 2191 5159 velit,
2224 5110 2282 5147 se
2313 5091 2489 5163 potius
2527 5091 2747 5155 minuat,
2799 5106 2959 5161 quam
3006 5088 3095 5142 illa
3143 5092 3471 5156 corrumpat.
3506 5084 3645 5153 Quae

2043 5183 2090 5238 si
2118 5190 2175 5236 ut
2204 5188 2415 5252 Oportet
2442 5196 2475 5235 a
2505 5179 2715 5235 cunctis
2761 5177 3107 5249 pontiﬁcibus
3155 5177 3470 5230 intemerata
3517 5190 3643 5227 ser-

2041 5279 2253 5335 ventur,
2287 5286 2383 5341 per
2411 5269 2694 5323 universas
2740 5266 3019 5323 Ecclesias
3066 5264 3357 5336 tranquilla
3403 5262 3507 5317 erit
3536 5277 3645 5333 pax

2044 5368 2096 5416 et
2125 5359 2281 5413 ﬁrma
2308 5357 2617 5422 concordia,
2661 5356 2823 5412 nulla:
2866 5356 2933 5409 de
2979 5352 3251 5409 mensuris
3291 5353 3484 5406 harum
3514 5350 3638 5405 dis-

2043 5448 2347 5513 sensiones,
2389 5446 2551 5501 nulla:
2598 5446 2667 5501 de
2710 5443 3138 5501 ordinationibus
3185 5441 3328 5506 lites,
3370 5439 3534 5494 nulla:
3572 5439 3644 5494 de

2043 5538 2347 5611 privilegiis
2375 5535 2772 5608 ambiguitates,
2806 5534 2952 5590 nulla
2999 5539 3156 5587 erunt
3184 5529 3253 5587 de
3282 5529 3446 5586 alieni
3473 5544 3645 5584 usur-
