4004 6176
285 223 386 277 193

1781 217 2160 287 ΕΡΙΞΤΟΙΛΕ,

3491 207 3596 274 ιρι

279 345 502 416 patione
531 344 849 412 certamina,
894 344 994 399 sed
1023 360 1086 400 ea
1116 361 1238 417 quae
1263 345 1385 414 jure
1411 343 1686 401 charitatis
1725 345 1896 400 ratio-
1912 345 1968 406 A
1993 343 2324 417 transgredi,
2359 351 2412 399 et
2437 343 2508 398 ad
2551 341 2952 414 promotionem
2979 340 3264 397 ministerii
3293 341 3506 414 aliquos
3535 343 3592 398 in

277 433 479 488 nubilis
508 441 593 490 est
620 442 674 488 et
705 450 918 488 morum
947 442 998 489 et
1025 432 1330 490 ofﬁciorum
1360 433 1665 489 servabitur
1693 433 1886 488 unani-

281 522 461 577 mitas.
513 523 585 576 Et
627 523 719 578 ille
767 539 898 578 vere
944 523 1046 578 erit
1091 539 1344 596 magnus,
1395 523 1487 593 qui
1529 521 1694 578 fuerit
1724 523 1886 578 totius

281 609 594 666 ambitionis
649 610 879 675 alienus,
941 611 1155 667 dicente
1215 611 1448 666 Domino
1507 629 1520 664 :
1562 611 1888 685 Quicunque

283 701 529 755 voluerit
559 701 715 755 inter
743 716 834 756 vos
864 703 1046 772 major
1071 700 1220 768 ﬁeri,
1243 702 1355 756 erit
1376 704 1558 756 vester
1587 701 1889 767 minister;

283 792 338 844 ct
363 790 688 860 quicunque
715 789 957 844 voluerit
983 789 1138 844 inter
1157 805 1248 846 vos
1266 791 1488 860 primus
1509 805 1648 854 esse,
1668 791 1778 845 erit
1800 805 1888 844 ve-

281 880 402 932 ster
431 893 648 932 servus.
687 879 846 934 Sicut
875 877 1030 946 ﬁlius
1061 878 1310 933 hominis
1343 895 1459 934 non
1496 880 1652 933 venit
1688 879 1889 934 minis-

284 967 454 1031 trari,
486 966 585 1021 sed
614 967 948 1022 ministrare
979 966 1202 1036 (Matth.
1235 981 1346 1031 xx;
1383 967 1551 1022 Marc.
1585 967 1660 1036 κ).
1703 967 1772 1020 Et
1799 973 1887 1021 ta-

282 1069 409 1106 men
443 1054 566 1108 haec
607 1053 714 1107 illis
765 1061 890 1109 tunc
945 1053 1379 1119 insinuabantur,
1439 1055 1532 1126 qui
1577 1055 1646 1109 de
1690 1053 1888 1125 pusillo

283 1141 547 1196 volebant
575 1157 848 1210 crescere,
881 1150 933 1196 et
952 1141 1021 1196 de
1041 1141 1238 1196 infimis
1259 1143 1326 1196 ad
1344 1158 1558 1198 summa
1577 1143 1828 1198 transire.
1861 1163 1883 1194 ν

282 1230 349 1284 Et
377 1231 452 1284 ad
483 1230 774 1286 Maximum
795 1229 1191 1286 Antiochenum
1211 1231 1530 1302 episcopum
1548 1232 1735 1304 (epist.
1761 1235 1886 1303 66):

288 1340 310 1368 ι
340 1319 518 1373 Tanta
545 1319 694 1390 apud
719 1335 808 1374 me
837 1327 920 1374 est
949 1319 1295 1375 Nicaeum-um
1327 1335 1596 1376 canonum
1628 1336 1888 1375 reveren-

286 1407 376 1472 tia,
409 1415 470 1462 ut
499 1423 566 1462 ea
615 1424 737 1478 qua:
783 1416 906 1462 sunt
950 1424 982 1462 a
1033 1408 1235 1464 sanctis
1301 1409 1546 1480 patribus
1598 1409 1889 1464 constituta

285 1511 388 1552 nec
418 1495 785 1566 permiserim,
833 1512 936 1552 nec
973 1497 1152 1567 patiar
1194 1497 1371 1568 aliqua
1412 1497 1647 1553 novitate
1677 1497 1885 1553 violari.

283 1583 403 1638 Etsi
433 1584 584 1640 enim
611 1584 827 1639 diversa
857 1600 1243 1657 nonnunquam
1292 1594 1416 1640 sunt
1460 1585 1649 1641 merita
1678 1601 1890 1657 praesu-

1984 433 2248 490 Ecclesiis
2278 433 2558 498 ordinare,
2592 432 2724 488 licet
2767 447 3098 488 consensum
3123 431 3414 486 videantur
3450 448 3593 502 prae-

1988 521 2118 577 bere
2148 521 2412 587 nonnulli,
2444 521 2549 575 nisi
2577 521 2774 576 litteris
2813 529 2923 575 tam
2968 519 3395 590 metropolitani,
3429 536 3591 592 quam

1989 620 2311 666 caeterorum
2339 609 2582 682 quicum
2631 626 2698 665 eo
2743 617 2867 664 sunt
2914 609 3318 680 episcoporum,
3369 615 3593 681 rogatus

1988 699 2260 766 adveniat,
2315 708 2366 754 et
2409 699 2488 754 sic
2539 699 2608 754 ad
2647 699 2918 754 actionem
2944 697 3218 753 ordinatio
3257 697 3504 753 accedat.
3538 696 3597 753 Si

1989 803 2121 843 vero
2175 787 2325 842 nullo
2371 795 2600 843 vocante
2665 788 2973 842 inordinata
3031 801 3184 841 more
3243 785 3590 857 deprOperet,

1989 891 2155 946 super
2209 876 2480 947 aliquibus
2536 875 3013 942 ordinationibus,
3095 882 3150 929 et
3207 873 3596 930 ecclesiasticis

1989 965 2421 1020 ordinationibus
2466 965 2537 1019 ad
2584 981 2706 1019 eum
2749 981 2860 1019 non
2910 963 3310 1035 pertinentibus
3363 979 3592 1034 compo-

1991 1053 2204 1120 nendis,
2236 1053 2392 1108 irrita
2419 1053 2639 1124 quidem
2667 1069 2788 1124 quae
2837 1053 2905 1108 ab
2939 1068 3005 1108 eo
3035 1060 3298 1124 geruntur
3335 1051 3590 1120 existant,

1989 1143 2108 1212 ipse
2151 1158 2286 1198 vero
2335 1141 2681 1213 incompositi
2733 1148 2911 1197 motus
2961 1142 3060 1207 sui,
3114 1149 3165 1197 et
3211 1140 3596 1196 irrationabilis

1989 1231 2232 1286 audacia:
2264 1231 2459 1286 subeat
2506 1230 2789 1297 ultionem,
2841 1246 2909 1285 ex
2954 1231 3059 1286 hoc
3096 1230 3207 1300 jam
3242 1230 3534 1285 damnatus
3563 1245 3600 1284 a

1991 1328 2180 1375 sancto
2211 1319 2460 1375 concilio.
2501 1340 2524 1369 ι
2577 1321 2641 1374 Et
2692 1327 2932 1375 consona
2979 1319 3103 1374 huic
3145 1319 3275 1374 dicit
3317 1319 3372 1373 in
3420 1319 3597 1390 capite

1991 1407 2251 1464 vicesimo
2300 1409 2541 1464 secundo
2585 1408 2738 1477 cujus
2793 1407 3071 1463 conclusio
3123 1407 3244 1462 talis
3293 1415 3418 1463 est:
3477 1429 3500 1459 ε
3539 1407 3597 1463 Si

1990 1496 2247 1552 ordinare
2275 1513 2384 1552 non
2414 1497 2668 1568 potuerit,
2703 1497 3012 1552 nullatenus
3035 1495 3324 1566 judicabit.
3369 1516 3392 1546 ι

2062 1606 2134 1662 Χ.
2169 1608 2236 1661 Et
2264 1607 2392 1663 hinc
2425 1615 2643 1663 sanctus
2673 1606 2924 1662 Gelasius
2955 1606 3012 1660 in
3041 1606 3276 1662 decretis
3304 1607 3373 1661 ad
3403 1613 3595 1664 omnes

183 1675 188 1678 ’
281 1672 411 1738 lum:
465 1679 654 1728 tamen
703 1673 831 1768 illm
885 1683 1207 1768 Ρθτιξιαῐξθηί
1263 1674 1493 1768 δεδίξῆων
1555 1675 1750 1768 qui?“
1789 1675 1891 1768 είξί
1924 1695 2279 1766 Bepiscopos
2335 1697 2404 1752 de
2471 1695 2733 1751 lnstitutis
2800 1695 3186 1752 ecclesiasticis
3245 1698 3431 1768 (epist.
3483 1697 3538 1766 6)
3581 1713 3596 1750 :

283 1769 514 1832 possunt
570 1761 751 1817 aemuli
808 1762 1273 1833 perturbationem
1349 1763 1592 1835 aliquam
1649 1762 1892 1818 fortassis

283 1849 508 1915 inferre,
568 1865 678 1906 non
725 1858 907 1906 tamen
953 1861 1182 1921 possunt
1241 1851 1489 1907 minuere
1548 1852 1892 1926 dignitatem.

278 1939 437 1995 Nunc
467 1947 654 1994 autem
684 1939 755 1994 ad
783 1939 967 1994 omnia
997 1940 1329 2010 generaliter
1361 1941 1719 2012 pronuntiare
1749 1941 1895 1996 suffi-

283 2027 410 2093 ciat,
445 2027 599 2099 quod
643 2028 690 2082 si
737 2028 867 2100 quid
914 2043 948 2082 a
994 2043 1270 2100 quoquam
1318 2038 1510 2084 contra
1545 2029 1894 2086 Nicaanorum

286 2131 561 2172 canonum
592 2123 793 2171 statuta
821 2116 875 2171 in
915 2132 1241 2188 quacunque
1273 2119 1483 2188 synodo
1512 2118 1600 2174 vel
1630 2126 1895 2174 tentatum

287 2212 387 2274 est,
420 2205 513 2261 vel
542 2205 614 2260 ad
643 2213 858 2276 tempus
888 2205 1104 2261 videtur
1133 2214 1424 2272 extortum,
1471 2207 1602 2262 nihil
1632 2207 1893 2278 prwjudi-

283 2293 350 2350 cii
379 2301 564 2365 potest
599 2293 1004 2349 inviolabilibus
1043 2294 1244 2350 inferre
1288 2295 1542 2351 decretis.
1584 2297 1654 2351 Et
1683 2295 1894 2352 facilius

285 2383 385 2437 erit
452 2382 821 2454 quarumlibet
884 2383 1305 2439 consensionum
1367 2392 1588 2455 pactum
1643 2384 1890 2452 dissolvi,

287 2485 452 2542 quam
497 2471 870 2542 predictorum
915 2487 1186 2528 canonum
1233 2472 1458 2544 regulas
1505 2489 1572 2528 ex
1601 2473 1713 2529 ulla
1737 2481 1894 2545 parte

282 2561 584 2630 corrumpi.
625 2581 646 2610 ι
697 2559 969 2630 Quoniam
1015 2561 1280 2617 universae
1322 2561 1478 2632 pacis
1533 2561 1894 2634 tranquillitas

285 2664 390 2703 non
422 2647 589 2703 aliter
605 2648 802 2719 poterit
833 2649 1114 2715 custodiri,
1168 2649 1274 2704 nisi
1321 2666 1419 2704 sua
1465 2651 1770 2707 canonibus
1799 2667 1894 2706 re-

285 2736 531 2792 verentia
557 2735 884 2792 intemerata
911 2745 1178 2793 servetur.
1212 2736 1491 2810 Quidquid
1519 2739 1666 2795 enim
1693 2747 1896 2810 praeter

287 2820 557 2891 speciales
586 2836 784 2876 causas
805 2820 1149 2892 synodalium
1171 2821 1540 2878 Conciliorum
1565 2821 1636 2878 ad
1665 2839 1894 2878 examen

283 2908 616 2980 Episcopale
645 2907 904 2977 defertur,
950 2917 1129 2980 potest
1157 2909 1393 2982 aliquam
1421 2911 1759 2980 dijudicandi
1785 2913 1891 2967 ha-

288 2997 418 3052 bere
448 2997 739 3067 rationem,
773 2998 820 3052 si
847 2997 978 3052 nihil
1025 2998 1095 3054 de
1125 3015 1191 3055 eo
1231 3007 1314 3054 est
1359 3014 1394 3056 a
1420 3001 1623 3056 sanctis
1651 3001 1894 3072 patribus

281 3086 422 3157 apud
479 3086 724 3142 Nicaeam
781 3085 1087 3142 diﬂinitum.
1147 3087 1290 3142 Nam
1347 3088 1494 3161 quod
1549 3089 1620 3144 ab
1675 3089 1892 3146 illorum

283 3174 490 3246 regulis
519 3183 573 3230 et
615 3175 997 3231 constitutione
1041 3175 1336 3244 discordat,
1389 3177 1702 3249 apostolica:
1745 3179 1892 3234 sedis

287 3279 569 3336 nunquam
599 3263 800 3335 poterit
826 3264 1073 3320 obtinere
1109 3279 1458 3321 consensum.

355 3363 451 3418 IX.
486 3364 557 3418 Et
589 3370 811 3418 sanctus
839 3378 982 3435 papa
1011 3363 1231 3418 Hilarus
1277 3363 1349 3418 ad
1377 3364 1680 3432 Leontium,
1715 3365 1890 3420 Vera-

281 3467 411 3506 num
441 3460 496 3507 et
528 3451 832 3508 Victorium
861 3451 1168 3523 episcopos,
1203 3453 1344 3508 inter
1381 3461 1580 3509 caetera
1609 3453 1681 3508 ad
1707 3453 1890 3509 locum

276 3543 467 3614 (epist.
505 3541 560 3612 4)
590 3559 605 3595 :
637 3541 721 3596 Ita
749 3548 947 3597 vestrae
975 3541 1226 3598 charitati
1267 3541 1635 3614 cognitionem
1661 3541 1890 3598 adnexae

278 3629 642 3702 querimoniae
669 3629 1010 3702 delegamus,
1043 3639 1100 3685 ut
1129 3629 1263 3684 nihil
1293 3631 1586 3686 adversum
1615 3646 1889 3687 veneran-

280 3717 379 3774 dos
409 3735 679 3788 canones,
721 3717 856 3774 nihil
905 3726 1094 3774 contra
1139 3728 1340 3776 sancta
1383 3719 1664 3776 memoria;
1689 3720 1890 3776 deces-

281 3807 422 3863 soris
450 3807 568 3862 mei
592 3805 861 3877 judicium
888 3808 1094 3878 valeat,
1130 3808 1391 3880 quidquid
1413 3809 1700 3880 obreptum
1730 3809 1890 3866 nobis

285 3911 404 3952 esse
423 3896 754 3953 constiterit.
777 3895 1042 3952 Nolumus
1063 3911 1320 3970 namque,
1343 3896 1543 3954 fratres
1563 3897 1886 3965 charissimi,

281 3984 662 4041 Ecclesiarum
689 3984 1001 4058 privilegia,
1051 4003 1173 4057 quae
1221 4002 1440 4057 semper
1469 3994 1592 4041 sunt
1621 3987 1891 4043 servanda

282 4073 564 4140 confundi,
598 4089 701 4129 nec
729 4074 788 4128 in
833 4073 1058 4129 alterius
1104 4075 1386 4146 provincia
1424 4075 1726 4132 sacerdotis
1753 4075 1890 4132 alte-

201 4210 217 4224 ,
279 4179 397 4218 rum
418 4163 514 4233 jus
543 4163 751 4218 habere
771 4163 1150 4234 permittimus,
1173 4165 1302 4236 quia
1330 4179 1428 4236 per
1445 4166 1551 4221 hoc
1571 4180 1679 4220 non
1709 4165 1890 4221 minus

277 4251 329 4305 in
380 4259 698 4308 sanctarum
747 4251 1099 4307 traditionum
1157 4252 1491 4324 delinquitur
1547 4254 1884 4322 sanctiones,

282 4355 441 4411 quam
487 4339 548 4395 in
595 4339 852 4410 injuriam
903 4340 1074 4412 ipsius
1121 4341 1341 4396 Domini
1395 4341 1702 4414 prosilitur,
1763 4359 1889 4399 cum

1999 1805 2021 1834 ε
2058 1784 2322 1855 Cumque,
2356 1784 2544 1856 inquit,
2575 1785 2732 1840 nobis
2767 1797 2958 1840 contra
2986 1783 3306 1840 salutarium
3333 1800 3598 1840 reveren-

1995 1870 2125 1926 tiam
2173 1872 2482 1944 regularum
2534 1873 2818 1944 cupiamus
2864 1880 3067 1928 temere
3107 1872 3240 1928 nihil
3289 1872 3486 1940 licere,
3546 1880 3602 1928 et

1994 1977 2117 2016 cum
2155 1961 2316 2016 sedes
2348 1960 2644 2032 apostolica
2677 1960 2944 2032 superior,
2967 1961 3051 2016 his
3081 1961 3354 2028 omnibus,
3386 1961 3600 2018 favente

1996 2049 2248 2118 Domino,
2301 2067 2424 2122 quas
2467 2050 2710 2121 paternis
2756 2049 3058 2106 canonibus
3106 2058 3231 2105 sunt
3258 2048 3480 2122 praefixa
3505 2049 3600 2121 pio

1996 2138 2302 2210 devotoque
2337 2139 2555 2194 studeat
2583 2146 2772 2194 tenere
2816 2138 3120 2211 proposito,
3153 2137 3282 2193 satis
3311 2137 3598 2211 indignum

1995 2233 2080 2282 est
2101 2243 2435 2300 quemquam
2483 2227 2571 2284 vel
2615 2227 2934 2299 pontiﬁcum
2981 2227 3069 2284 vel
3115 2227 3372 2284 ordinum
3399 2227 3599 2283 subse-

1995 2317 2294 2388 quentium,
2346 2317 2482 2372 hanc
2527 2316 2928 2373 observantiam
2971 2316 3232 2384 refutare,
3265 2332 3430 2390 quam
3456 2315 3600 2372 beati

1995 2405 2138 2460 Petri
2169 2406 2356 2461 sedem
2386 2414 2440 2461 et
2467 2407 2621 2479 sequi
2649 2406 2829 2462 videat
2861 2415 2914 2462 et
2943 2407 3164 2474 docere,
3199 2406 3439 2479 satisque
3469 2418 3600 2464 con-

1995 2493 2223 2550 veniens
2261 2495 2350 2566 sit,
2384 2503 2442 2550 ut
2469 2503 2642 2552 totum
2681 2511 2880 2568 corpus
2928 2495 3192 2553 Ecclesia:
3237 2496 3294 2550 in
3331 2496 3434 2552 hac
3460 2494 3600 2550 sibi-

1994 2591 2107 2639 met
2135 2584 2520 2640 observatione
2549 2586 2864 2651 concordet,
2911 2601 3073 2656 quam
3101 2584 3213 2641 illic
3241 2584 3430 2658 vigere
3461 2599 3600 2642 con-

1995 2671 2206 2742 spiciat,
2239 2673 2330 2727 ubi
2361 2673 2627 2729 Dominus
2655 2673 2818 2729 totius
2863 2673 3126 2730 Ecclesiae
3169 2673 3350 2745 posuit
3390 2673 3599 2744 princi-

1995 2769 2196 2830 patum.
2253 2781 2276 2810 ι
2339 2762 2697 2818 Attendenda:
2753 2777 3096 2832 summopere
3162 2770 3282 2817 sunt
3347 2761 3598 2818 omnibus

1994 2849 2328 2904 nostratibus
2375 2850 2516 2906 inter
2558 2858 2794 2908 caeteros
2841 2851 3113 2923 praecipue
3142 2852 3335 2907 horum
3363 2851 3596 2907 duorum

1995 2937 2225 3039 hegoum
2257 2939 2558 3005 sententiae,
2592 2939 2789 2996 Leonis
2819 2948 2868 2996 et
2910 2939 3136 3008 Gelasii,
3169 2955 3238 2995 ne
3265 2947 3598 3012 praesumant

1994 3027 2252 3103 discipuli
2301 3028 2448 3100 quod
2493 3028 2661 3085 licere
2712 3029 2814 3084 sibi
2851 3028 3097 3102 magistri
3135 3043 3244 3085 non
3286 3029 3594 3097 voluerunt,

1994 3123 2044 3171 et
2076 3116 2120 3170 si
2151 3117 2220 3171 ad
2249 3116 2381 3172 tanti
2409 3117 3040 3192 tonitrui-magnivocum
3087 3118 3322 3174 sonitum
3361 3125 3598 3174 tremunt

1993 3205 2164 3273 cedri,
2227 3205 2356 3277 quid
2417 3205 2726 3263 faciendum
2785 3207 2854 3262 sit
2907 3207 3126 3262 tabulis.
3169 3206 3256 3262 Ait
3302 3205 3449 3262 enim
3486 3207 3595 3263 Leo

1993 3292 2183 3366 (epist.
2217 3297 2306 3360 56,
2331 3294 2404 3350 ad
2422 3295 2794 3366 Anatolium),
2833 3315 2855 3346 ι
2890 3295 3034 3367 quod
3064 3295 3406 3352 Nicamorum
3435 3310 3598 3351 cano-

1991 3397 2124 3436 num
2150 3398 2250 3452 per
2277 3389 2526 3438 sanctum
2555 3399 2686 3439 vere
2717 3381 2972 3454 Spiritum
3007 3382 3250 3438 ordinata
3279 3382 3516 3439 conditio
3538 3381 3593 3438 in

1991 3469 2138 3524 nulla
2167 3470 2419 3541 cuiquam
2449 3471 2519 3526 sit
2547 3479 2700 3542 parte
2725 3469 2989 3526 solubilis.
3025 3491 3048 3521 ι
3096 3471 3156 3524 In
3200 3487 3306 3543 qua
3327 3469 3594 3526 sententia

1991 3556 2142 3612 nulla
2170 3573 2400 3629 persona
2430 3557 2700 3629 excipitur
2721 3603 2734 3625 ,
2768 3574 3115 3630 quacumque
3143 3559 3374 3630 praedita
3401 3567 3592 3630 potes-

1991 3652 2102 3701 tate
2132 3647 2220 3702 vel
2250 3647 2537 3720 dignitate.
2569 3648 2638 3702 Et
2661 3647 2915 3702 Gelasius
2935 3648 3124 3720 (epist.
3149 3647 3205 3720 6)
3230 3664 3244 3702 :
3280 3669 3302 3699 ι
3325 3648 3589 3720 Cumque,

1991 3733 2184 3806 inquit,
2217 3735 2374 3791 nobis
2405 3744 2597 3791 contra
2625 3735 2946 3792 salutarium
2980 3736 3340 3792 reverentiam
3371 3736 3592 3809 regula-

1991 3839 2112 3878 rum
2142 3823 2423 3895 cupiamus
2451 3832 2652 3880 temere
2677 3823 2810 3878 nihil
2838 3824 3024 3893 licere,
3049 3825 3178 3880 satis
3198 3824 3485 3899 indignum
3509 3835 3594 3881 est

1992 3928 2318 3984 quemquam
2343 3914 2484 3970 hanc
2513 3913 2911 3970 observantiam
2956 3912 3207 3982 refutare,
3255 3930 3420 3987 quam
3445 3913 3592 3970 beati

1990 4001 2134 4056 Petri
2163 4002 2353 4058 sedem
2384 4011 2438 4058 et
2467 4003 2622 4076 sequi
2651 4002 2832 4060 videat
2876 4010 2929 4059 et
2970 4003 3190 4070 docere,
3225 4025 3248 4052 »
3290 4003 3430 4060 Hinc
3459 4019 3594 4059 san-

1990 4099 2110 4146 ctus
2137 4092 2494 4164 Augustinus,
2545 4100 2794 4164 tempore
2836 4092 3000 4164 prior,
3049 4093 3171 4149 loco
3199 4092 3490 4165 posterior,
3522 4093 3591 4148 ab

1989 4179 2244 4235 omnibus
2273 4181 2420 4236 sedis
2463 4181 2776 4253 apostolicae
2820 4180 3167 4252 pontificibus
3211 4181 3269 4236 in
3311 4197 3410 4238 suo
3447 4189 3591 4238 tem-

1989 4284 2140 4340 pore,
2192 4284 2254 4325 ac
2284 4277 2407 4340 post
2436 4286 2596 4324 suum
2637 4269 2864 4336 obitum,
2906 4269 3016 4325 imo
3031 4277 3090 4325 et
3120 4284 3154 4324 a
3177 4277 3370 4326 cuncta
3399 4271 3589 4326 catho-

1987 4357 2092 4414 lica
2120 4358 2371 4414 Ecclesia
2397 4358 2538 4413 inter
2567 4357 2864 4429 magistros
2884 4358 3119 4429 optimos
3151 4357 3584 4428 receptissimus.

282 4427 621 4519 exspectatis
664 4428 870 4519 fructus
919 4429 1092 4486 nostri
1133 4429 1442 4500 ministerii.
1481 4451 1504 4482 θ
1535 4447 1646 4487 non
1690 4431 1746 4486 in
1800 4428 1960 4490 re-D
1987 4445 2042 4500 in
2073 4446 2213 4502 libro
2241 4448 2310 4502 de
2338 4447 2480 4502 Vera
2508 4427 2794 4519 Religione
2825 4427 2972 4519 (cap.
3004 4446 3098 4518 21)
3132 4445 3264 4502 dicit
3283 4427 3310 4502 i:
3349 4467 3372 4497 α
3407 4445 3586 4517 Spiri-

278 4517 497 4588 gionum
525 4516 837 4584 latitudine,
889 4519 986 4574 sed
1027 4519 1083 4574 in
1111 4519 1472 4591 acquisitione
1517 4520 1735 4592 ponitur
1761 4521 1886 4576 ani-

280 4621 505 4661 marum.
549 4627 574 4656 ι
627 4606 699 4660 Et
727 4606 858 4661 item
901 4607 1049 4663 idem
1089 4608 1160 4663 ad
1203 4609 1493 4680 episcopos
1543 4608 1886 4666 diversarum

281 4695 686 4764 provinciarum
737 4695 928 4767 (epist.
989 4696 1078 4767 10)
1125 4714 1138 4750 :
1195 4718 1218 4747 ι
1261 4697 1392 4752 Haec
1447 4696 1518 4752 ad
1575 4697 1886 4754 universam

280 4783 598 4839 charitatem
629 4790 873 4838 vestram
902 4791 954 4838 et
983 4783 1095 4853 jam
1125 4800 1223 4856 per
1249 4785 1475 4841 fratrem
1513 4793 1567 4842 et
1595 4785 1885 4858 coepisco-

283 4887 408 4942 pum
435 4881 688 4928 nostrum
730 4872 1024 4928 Antonium
1066 4873 1269 4944 scripta
1311 4873 1630 4930 direximus.
1674 4874 1884 4944 Quibus

283 4959 540 5017 admoniti
587 4961 895 5018 communis
951 4962 1192 5018 omnium
1247 4962 1554 5020 sollicitudo
1609 4971 1879 5035 procuret,

279 5039 344 5103 ne
373 5051 666 5122 quisquam
697 5049 868 5106 frater
895 5049 950 5106 in
989 5050 1211 5106 alterius
1240 5060 1604 5123 prorupturus
1632 5053 1882 5122 injuriam

280 5139 592 5194 trascendat
637 5138 904 5194 terminos
951 5141 1280 5196 venerandis
1329 5141 1577 5197 Patribus
1621 5142 1881 5198 constitu-

283 5234 382 5308 tos.
416 5249 439 5278 ι
472 5229 556 5285 De
602 5229 804 5301 quibus
841 5229 1090 5285 terminis
1136 5231 1535 5287 Antiochenum
1563 5231 1877 5300 concilium,

281 5313 334 5368 in
361 5333 560 5389 magna
586 5317 802 5390 synodo
832 5318 1262 5375 Chalcedonensi
1283 5320 1670 5386 collaudatum,
1704 5321 1880 5392 capite

283 5401 492 5462 decimo
520 5406 684 5463 tertio
705 5407 836 5463 dicit
865 5407 1044 5478 (conc.
1069 5409 1354 5476 Antioch.,
1377 5425 1506 5466 can.
1533 5409 1622 5480 13)
1646 5425 1660 5465 :
1689 5430 1712 5460 ι
1746 5409 1882 5465 Nul-

283 5498 367 5556 lus
420 5503 716 5576 episcopus
754 5519 823 5560 ex
875 5503 980 5560 alia
1034 5505 1318 5577 provincia
1364 5506 1566 5564 audeat
1607 5506 1678 5562 ad
1718 5507 1879 5564 aliam

1986 4535 2147 4590 tualis
2195 4536 2360 4591 homo
2405 4535 2614 4606 judicat
2653 4535 2856 4602 omnia,
2899 4535 3016 4607 ipse
3067 4541 3247 4590 autem
3293 4550 3324 4588 a
3369 4533 3586 4590 nemine

1981 4624 2274 4694 judicatur,
2307 4625 2362 4680 id
2391 4632 2474 4680 est
2520 4640 2554 4679 a
2599 4624 2749 4680 nulio
2795 4623 3035 4694 homine,
3085 4623 3184 4678 sed
3229 4638 3264 4678 a
3305 4621 3424 4676 sola
3466 4622 3588 4694 ipsa

1985 4707 2128 4779 lege,
2172 4709 2474 4766 secundum
2521 4725 2686 4782 quam
2723 4698 2931 4778 judicat
2975 4707 3177 4773 omnia,
3229 4704 3488 4778 quoniam
3534 4714 3590 4762 et

1985 4795 2118 4852 illud
2172 4799 2460 4854 verissime
2516 4797 2722 4854 dictum
2775 4806 2858 4852 est
2899 4813 2913 4851 :
2955 4795 3184 4866 Oportet
3237 4810 3338 4852 nos
3395 4809 3588 4852 omnes

1985 4885 2233 4943 exhiberi
2261 4887 2643 4942 antetribunal
2683 4885 2902 4941 Christi.
2952 4883 3152 4940 Omnia
3199 4899 3334 4958 ergo
3357 4883 3583 4954 judicat,

1985 4975 2110 5047 quia
2139 4991 2306 5046 super
2335 4975 2515 5032 omnia
2547 4982 2630 5030 est
2660 4973 2876 5045 quando
2900 4989 3024 5029 cum
3045 4974 3162 5030 Deo
3191 4981 3307 5042 est;
3340 4989 3464 5031 cum
3494 4973 3588 5030 illo

1985 5071 2169 5120 autem
2197 5072 2298 5132 est,
2332 5063 2552 5136 quando
2601 5061 2894 5134 purissime
2925 5062 3198 5138 intelligit,
3231 5071 3284 5119 et
3313 5070 3424 5118 tota
3451 5063 3586 5120 cha-

1983 5153 2143 5210 ritate
2175 5153 2320 5226 quod
2350 5149 2603 5222 intelligit
2627 5149 2822 5224 diligit.
2873 5151 2956 5208 Ita
2995 5151 3158 5208 etiam
3197 5159 3460 5224 quantum
3485 5167 3585 5222 po-

1983 5246 2107 5304 test,
2161 5239 2248 5292 lex
2303 5237 2424 5308 ipsa
2477 5235 2640 5292 etiam
2696 5234 2776 5303 ﬁt,
2833 5237 3134 5294 secundum
3181 5251 3346 5308 quam
3377 5233 3588 5304 judicat

1981 5327 2182 5392 omnia,
2217 5333 2271 5380 et
2313 5326 2382 5381 de
2427 5341 2536 5398 qua
2571 5325 2816 5395 judicare
2863 5327 3042 5382 nullus
3085 5331 3311 5398 potest:
3343 5323 3482 5380 sicut
3527 5323 3585 5380 in

1980 5415 2097 5470 istis
2125 5413 2516 5486 temporalibus
2546 5413 2778 5488 legibus,
2831 5429 3142 5488 quanquam
3189 5413 3260 5469 de
3285 5412 3371 5468 his
3397 5413 3580 5469 homi-

1979 5520 2080 5561 nes
2101 5503 2346 5574 judicent
2372 5519 2497 5561 cum
2542 5517 2636 5562 eas
2663 5503 2966 5574 instituunt,
3017 5510 3201 5561 tamen
3228 5519 3354 5562 cum
3380 5501 3582 5560 fuerint
