4088 6180
439 232 544 286 195

1447 232 1790 290 amoma!
1815 229 2220 290 RHEMENSIS
2247 211 2799 290 ARCHIEPISCOPI.

3625 231 3728 286 196

440 353 702 410 institutae
730 361 894 428 atque
923 353 1170 422 ﬁrmatae,
1223 372 1332 412 non
1375 356 1560 413 licebit
1603 356 1773 426 judici
1811 357 1880 412 de
1906 356 2040 431 ipsis
2067 356 2124 417 A
2143 363 2225 410 tes
2246 365 2463 413 nostras
2483 357 2728 428 ejusdem
2749 354 2992 412 remedio
3012 353 3443 426 dispensationis
3463 354 3745 410 excubias.

432 443 703 513 judicare,
728 443 826 499 sed
848 444 1147 500 secundum
1167 445 1618 517 ipsastonditor
1639 453 1821 502 tamen
1854 445 2040 518 legum

438 532 846 604 temporalium,
879 533 925 588 si
951 533 1034 590 vir
1052 535 1228 590 bonus
1249 542 1332 590 est
1353 542 1404 589 et
1427 534 1666 605 sapiens,
1695 535 1846 590 illam
1867 535 2040 606 ipsam

444 621 677 678 consulit
697 630 980 688 aeternam,
1004 623 1072 678 de
1094 639 1202 695 qua
1221 623 1356 678 nulli
1377 623 1574 678 animae
1587 623 1838 693 judicare
1853 625 2041 679 datum

441 718 543 776 est,
574 718 633 764 ut
662 711 962 766 secundum
991 711 1111 781 ejus
1132 711 1604 768 incommutabiles
1635 712 1874 784 regulas,
1910 712 2040 784 quid

437 799 506 853 sit
535 815 636 870 pro
687 805 928 870 tempore
969 800 1274 869 jubendum
1308 801 1710 873 vetandumque
1739 801 2038 857 discernat.

438 888 713 943 Eternam
742 888 907 959 igitur
934 888 1118 962 legem
1146 889 1364 945 mundis
1386 889 1582 945 animis
1614 889 1693 944 fas
1723 898 1806 946 est
1835 905 2042 964 cogno-

436 989 614 1043 scere,
638 976 882 1045 judicare
911 993 1021 1033 non
1050 978 1133 1033 fas
1163 987 1266 1034 est.
1307 1000 1330 1029 ι

503 1065 601 1119 XI.
633 1065 798 1135 Cujus
837 1067 1166 1131 sententiam
1211 1075 1264 1122 et
1311 1067 1502 1123 beatus
1555 1066 1805 1123 Gelasius
1836 1067 2042 1124 conﬁr-

431 1161 543 1209 mat
570 1153 628 1208 in
655 1155 892 1211 decretis
922 1155 992 1210 ad
1021 1156 1311 1226 episcopos
1341 1173 1442 1227 per
1473 1157 1807 1212 Dardaniam
1836 1158 2043 1214 consti-

435 1251 598 1310 tutos,
632 1243 822 1299 dicens
849 1244 1038 1316 (epist,
1070 1249 1124 1310 2,
1159 1245 1261 1298 sub
1301 1245 1538 1316 initium)
1573 1262 1586 1301 :
1625 1267 1647 1297 ι
1683 1245 2040 1312 Conﬁdimus,

430 1332 581 1404 quod
643 1332 825 1387 nullus
883 1333 1000 1402 jam
1062 1333 1332 1389 veraciter
1401 1334 1739 1400 Christianus
1805 1335 2041 1408 ignoret,

429 1421 592 1475 unius
623 1421 887 1492 cujusque
919 1422 1114 1492 synodi
1137 1422 1509 1490 constitutum,
1537 1423 1684 1495 quod
1713 1423 2045 1479 universalis

432 1507 695 1564 Ecclesia;
739 1509 992 1579 probavit
1037 1526 1316 1577 assensus,
1370 1511 1580 1566 nullam
1611 1513 1790 1586 magis
1820 1511 2049 1584 exsequi

431 1597 623 1652 sedem
669 1613 784 1668 pra:
832 1598 1045 1653 caeteris
1090 1607 1348 1670 oportere
1387 1616 1553 1672 quam
1618 1601 1875 1672 primam,
1929 1617 2052 1673 quae

2141 446 2209 499 Et
2237 445 2362 500 licet
2386 445 2456 500 de
2487 445 2717 519 singulis
2747 461 2856 500 non
2885 443 3136 517 indigeas
3163 443 3404 510 edoceri,
3437 457 3470 497 a
3498 459 3607 514 quo
3630 443 3748 512 jam

2141 533 2491 604 probavimus
2520 533 2728 591 acutius
2771 533 3028 588 universa
3066 531 3292 602 servari,
3325 531 3534 604 gratius
3564 539 3748 586 tamen

2144 638 2267 677 esse
2298 623 2453 688 solet,
2490 622 2535 678 si
2565 622 2719 677 ituris
2748 629 2948 678 trames
2978 621 3302 688 ostenditur,
3334 628 3387 676 et
3416 619 3745 675 laboraturis

2143 710 2365 780 injuncti
2405 711 2589 782 operis
2635 709 2816 766 forma
2862 717 3214 766 monstratur.
3267 711 3528 765 Paternas
3574 707 3746 779 igitur

2144 799 2386 873 regulas,
2420 807 2473 856 et
2501 800 2726 856 decreta
2755 799 3114 856 sanctissimis
3141 797 3366 854 diﬁinita
3395 797 3642 854 conciliis
3672 797 3742 852 ab

2143 889 2396 943 omnibus
2445 889 2716 944 servanda
2756 889 3094 944 mandamus.
3144 889 3205 942 In
3265 887 3349 942 his
3398 885 3742 960 vigilantiam

2144 986 2312 1046 tuam,
2346 977 2399 1032 in
2431 977 2516 1032 his
2544 994 2733 1034 curam
2763 985 2816 1033 et
2846 977 3096 1032 fraternae
3117 975 3320 1032 monita
3348 975 3745 1031 exhortationis

2143 1066 2499 1122 ostendimus.
2534 1066 2629 1122 His
2659 1082 2744 1132 ea,
2797 1073 2999 1138 quanta
3045 1065 3269 1137 dignum
3299 1072 3400 1129 est,
3433 1063 3745 1119 reverentia

2145 1155 2448 1226 custoditis,
2509 1155 2718 1210 nullum
2777 1155 3029 1227 relinquit
3085 1154 3260 1225 culpae
3300 1153 3480 1210 locum
3539 1159 3750 1208 sancta

2146 1243 2544 1300 observationis
2591 1243 2950 1300 obstaculum.
3009 1243 3089 1297 Ibi
3139 1242 3222 1298 fas
3275 1240 3539 1314 nefasque
3594 1257 3748 1312 pra:-

2148 1333 2412 1404 scriptum
2441 1341 2544 1399 est,
2578 1333 2650 1388 ibi
2675 1333 3030 1404 prohibitum,
3063 1332 3132 1387 ad
3163 1331 3309 1404 quod
3335 1330 3514 1386 nullus
3545 1329 3749 1386 audeat

2149 1423 2393 1493 aspirare
2419 1464 2432 1488 ,
2490 1421 2564 1477 ibi
2621 1437 2942 1478 concessum
3001 1420 3130 1493 quid
3187 1419 3383 1475 debeat
3436 1435 3592 1475 mens
3631 1419 3749 1474 Deo

2150 1511 2420 1583 placitura
2449 1527 2803 1582 praesumere.
2837 1510 3062 1580 Quoties
3108 1510 3378 1565 universae
3406 1508 3578 1580 poscit
3608 1508 3750 1564 reli-

2150 1599 2330 1674 gionis
2359 1615 2528 1656 causa
2575 1599 2884 1665 concilium,
2932 1607 2984 1654 te
3031 1598 3209 1656 cuncti
3241 1597 3440 1653 fratres
3484 1605 3750 1654 evocante

435 1701 874 1758 unamquamque
914 1687 1184 1758 synodum
1222 1696 1277 1742 et
1315 1703 1414 1744 sua
1453 1689 1781 1746 auctoritate
1838 1689 2042 1746 conﬁr-
2071 1713 2126 1774 B
2152 1689 2478 1746 conveniant
2511 1707 2524 1744 :
2555 1697 2607 1746 et
2634 1689 2680 1744 si
2710 1705 2848 1761 quos
2880 1705 3069 1744 eorum
3108 1687 3357 1760 specialis
3386 1687 3590 1758 negotii
3619 1685 3750 1758 pul-

435 1781 568 1840 mat,
619 1782 672 1830 et
721 1775 1032 1832 continuata
1077 1777 1450 1834 moderatione
1489 1779 1760 1848 custodit,
1803 1797 1904 1852 pro
1943 1797 2044 1836 suo

436 1863 644 1920 scilicet
683 1864 1013 1936 principatu,
1056 1883 1220 1938 quem
1267 1867 1459 1922 beatus
1516 1869 1710 1924 Petrus
1765 1869 2046 1941 apostolus

436 1952 654 2007 Domini
686 1968 821 2009 voce
851 1961 1191 2026 perceptum,
1241 1955 1488 2012 Ecclesia
1518 1957 1872 2014 nihilominus
1918 1959 2046 2013 sub-

437 2049 722 2112 sequente,
757 2049 809 2098 et
840 2042 1011 2098 tenuit
1040 2060 1278 2115 semper,
1298 2052 1352 2100 et
1380 2045 1600 2102 retinet.
1642 2067 1664 2096 »
1689 2049 1757 2102 Et
1788 2047 2045 2118 Symma-

435 2129 570 2185 chus
625 2145 771 2202 papa
831 2131 900 2186 ad
955 2132 1253 2188 Caesarium
1305 2135 1680 2190 Arelatensem
1727 2135 2048 2208 episcopum

435 2221 622 2291 (epist.
659 2221 838 2291 11);«
880 2221 1222 2276 Rationabile
1261 2231 1343 2278 est
1383 2231 1440 2277 ut
1480 2231 1672 2279 sancta
1708 2225 2047 2280 Arelatensis

431 2307 685 2363 Ecclesia
719 2309 960 2380 propriis
980 2309 1283 2382 privilegiis
1309 2311 1648 2382 perfruatur,
1683 2321 1734 2367 et
1769 2314 1918 2385 quod
1947 2331 2045 2370 ve-

431 2403 604 2450 tustas
625 2396 894 2466 praestitit,
931 2405 982 2452 et
1004 2398 1223 2454 Patrum
1244 2400 1540 2456 auctoritas
1564 2400 1860 2468 roboravit,
1903 2418 2047 2459 nova

433 2499 542 2540 non
571 2484 736 2540 debet
763 2485 970 2542 violare
1017 2488 1370 2560 praesumptio
1396 2507 1408 2546 :
1435 2489 1514 2546 sic
1551 2499 1754 2557 tamen,
1789 2499 1847 2546 ut
1877 2500 2045 2548 caete-

431 2580 612 2628 tarum
647 2574 1020 2631 Ecclesiarum
1066 2576 1356 2651 privilegia
1406 2579 1744 2650 temporibus
1773 2579 2044 2650 acquisita

431 2678 544 2717 non
571 2662 819 2732 titubent,
851 2663 981 2736 quia
1011 2681 1122 2720 non
1152 2675 1332 2736 potest
1359 2684 1426 2722 ex
1455 2675 1612 2738 parte
1646 2667 1864 2724 ﬁrmum
1897 2685 2041 2736 esse,

433 2751 581 2823 quod
612 2752 986 2824 generalitatis
1008 2753 1180 2827 tangit
1203 2754 1474 2824 injuriam.
1501 2757 1846 2812 Manentibus
1876 2758 2046 2830 siqui-

433 2839 563 2895 dem
581 2840 670 2895 his
689 2858 812 2913 qua:
833 2842 1054 2897 Patrum
1075 2843 1366 2899 constituta
1384 2843 1617 2917 singulis
1638 2846 1899 2902 Ecclesiis
1920 2863 2050 2902 con-

431 2936 735 2996 cesserunt,
771 2929 1114 2986 decernimus
1147 2940 1205 2986 ut
1226 2932 1370 2988 circa
1399 2949 1485 2999 ea,
1508 2950 1630 3004 qua:
1657 2941 1766 2989 tam
1788 2935 1844 2990 in
1867 2935 2046 3004 Gglia

435 3033 598 3088 quam
659 3017 712 3072 in
764 3018 1027 3090 Hispania
1073 3020 1369 3091 provinciis
1415 3023 1484 3077 de
1543 3037 1710 3078 causa
1755 3017 2038 3096 religidﬁis

2148 1786 2232 1834 sat
2262 1778 2506 1846 intentio,
2533 1777 2718 1850 jurgia
2748 1777 2890 1832 inter
2933 1793 3030 1833 eos
3072 1777 3267 1832 oborta
3306 1791 3614 1847 compesce,
3657 1774 3752 1830 di-

2147 1883 2334 1922 scussa
2363 1882 2521 1923 sacra
2550 1867 2673 1939 lege
2694 1865 3110 1922 determinando
3129 1864 3446 1922 certamina.
3471 1863 3753 1935 Quidquid

2146 1963 2328 2011 autem
2375 1955 2487 2011 illic
2540 1971 2639 2027 pro
2694 1954 2800 2010 ﬁde
2859 1963 2912 2009 et
2967 1954 3189 2010 veritate
3244 1955 3612 2018 constitutum,
3663 1966 3754 2020 ve]

2145 2044 2368 2116 provida
2397 2043 2804 2115 dispensatione
2845 2051 3199 2114 praeceptum,
3251 2042 3337 2098 vel
3367 2057 3614 2113 personae
3642 2055 3752 2096 no-

2147 2141 2275 2190 strae
2329 2133 2646 2190 auctoritate
2700 2131 2863 2188 tuerit
2925 2131 3302 2188 conﬁrmatum
3337 2175 3350 2196 ,
3411 2139 3618 2198 totum,
3674 2129 3751 2185 ad

2147 2222 2432 2278 scientiam
2499 2229 2744 2278 nostram
2829 2222 3092 2277 instructa
3158 2219 3439 2275 relationis
3523 2226 3755 2273 attesta-

2145 2311 2292 2366 tione
2329 2311 2632 2382 perveniat.
2682 2312 2764 2366 Eo
2817 2309 2875 2364 ﬁt
2921 2318 2978 2364 ut
3023 2318 3076 2364 et
3113 2317 3300 2364 noster
3337 2308 3551 2363 animus
3589 2306 3756 2364 oﬁicii

2147 2399 2416 2456 charitate
2446 2399 2560 2454 dati
2582 2443 2595 2466 ,
2628 2407 2682 2454 et
2710 2407 2835 2454 tuus
2857 2398 3150 2454 securitate
3179 2396 3491 2469 perfruatur
3519 2395 3756 2467 accepti.

2147 2489 2294 2544 Deus
2323 2497 2376 2544 te
2406 2488 2734 2545 incolumem
2764 2487 3052 2554 custodiat,
3087 2485 3257 2543 frater
3286 2485 3629 2542 charissime.
3668 2506 3691 2534 ι

2216 2577 2339 2631 XII.
2371 2577 2439 2632 Et
2471 2585 2691 2633 sanctus
2739 2576 3038 2648 Gregorius
3083 2576 3139 2631 in
3184 2574 3416 2646 epistola
3462 2574 3532 2629 ad
3559 2573 3752 2646 Virgi-

2145 2665 2276 2720 lium
2321 2665 2698 2721 Arelatensem
2747 2665 3062 2737 episcopum
3107 2666 3226 2737 (lib.
3279 2680 3353 2727 tv,
3406 2665 3572 2736 epist.
3605 2663 3696 2733 52)
3734 2679 3750 2716 :

2152 2776 2173 2804 α
2209 2753 2555 2809 Fraternitati
2585 2763 2710 2820 tuae,
2760 2754 2952 2826 inquit,
3006 2754 3156 2810 vices
3199 2759 3418 2809 nostras
3461 2752 3515 2806 in
3547 2749 3750 2807 Eccle-

2146 2842 2242 2897 siis
2275 2859 2398 2914 quae
2429 2843 2530 2898 sub
2561 2859 2736 2916 regno
2766 2851 2891 2898 sunt
2932 2840 3420 2914 praecellentissimi
3448 2838 3544 2895 ﬁlii
3571 2839 3751 2895 nostri

2146 2931 2498 2998 Childeberti,
2544 2932 2696 3000 juxta
2741 2931 3021 3003 antiquum
3103 2946 3314 2986 morem
3367 2931 3482 2985 Deo
3520 2937 3749 2986 auctore

2145 3020 2552 3076 committimus.
2588 3019 2830 3093 Singulis
2859 3019 3129 3092 siquidem
3155 3017 3515 3090 metropolitis
3545 3033 3746 3074 secun-

453 3072 468 3088 .
861 3072 966 3090 ,κ
999 3072 1023 3074 -ν
1073 3072 1161 3091 τη
1189 3072 1364 3076 -ν--π-
1421 3072 1480 3077 ν-
1547 3072 1709 3078 σηη
1755 3072 1854 3079 ----
1898 3072 2037 3080 -τ--υ
2589 3072 2824 3093 --ηοννη
2859 3072 3128 3092 “mw—mm
3157 3072 3190 3074 π
3439 3072 3442 3073 ν
3501 3072 3504 3073 ν
3669 3072 3672 3073 ν

433 3105 796 3174 emerserint,
851 3107 1074 3164 solertia
1124 3116 1232 3164 tuae
1289 3108 1642 3166 fraternitatis
1696 3072 1960 3185 invigilet.
2009 3135 2032 3164 ι
2067 3072 2117 3137 C
2140 3109 2270 3165 dum
2297 3109 2540 3181 priscam
2569 3109 3021 3165 consuetudinem
3050 3108 3273 3180 proprio
3307 3109 3516 3163 honore
3547 3121 3748 3162 serva-

430 3194 498 3249 Et
540 3201 664 3264 post
699 3194 980 3267 aliquanta
1022 3214 1036 3251 :
1083 3219 1106 3248 «
1151 3198 1325 3271 Igitur
1371 3200 1833 3271 quemadmodum
1873 3218 2038 3274 supra

430 3281 683 3350 diximus,
713 3299 813 3354 per
849 3284 1095 3358 singulas
1126 3285 1406 3343 Ecclesias
1441 3287 1727 3357 beneﬁcia,
1759 3307 1882 3362 quae
1913 3299 2039 3346 sunt

431 3369 523 3426 diu
556 3372 844 3439 custodita,
880 3383 1190 3431 serventur.
1220 3396 1243 3426 ι
1269 3377 1335 3431 Et
1355 3377 1482 3434 hinc
1505 3385 1728 3435 sanctus
1748 3379 2038 3435 llormisda

429 3456 486 3512 in
515 3459 747 3531 epistola
795 3461 865 3516 ad
911 3462 1132 3518 beatum
1179 3465 1489 3536 Remigium
1537 3467 1870 3522 Rhemorum
1917 3469 2038 3539 epi-

432 3563 662 3619 sc0pum
691 3549 927 3622 scripsit,
961 3551 1150 3607 dicens
1176 3568 1188 3608 :
1215 3575 1236 3602 ι
1272 3553 1640 3611 Dilectissimo
1669 3554 1826 3612 fratri
1857 3556 2038 3612 Remi-

433 3635 528 3709 gio
565 3638 872 3695 Hormisda.
927 3639 1298 3712 Suscipientes
1337 3642 1496 3714 plena
1532 3642 1888 3700 fraternitatis
1933 3653 2039 3702 tua,

433 3727 907 3799 congratulatione
937 3729 1210 3802 colloquia
1235 3772 1248 3797 ,
1285 3731 1482 3802 quibus
1511 3749 1613 3787 nos
1645 3749 1928 3805 germanae
1956 3749 2043 3788 sa-

430 3814 562 3871 lutis
591 3823 696 3871 tua:
725 3815 1017 3872 laetiﬁcavit
1063 3817 1264 3874 indicio
1313 3820 1586 3890 corporali
1615 3837 1737 3875 cum
1781 3821 2040 3892 spiritua-

431 3903 575 3959 libus
607 3901 803 3960 ofﬁciis
846 3903 1218 3961 incolumitate
1266 3907 1534 3975 subnixis,
1583 3924 1888 3980 congruum
1917 3926 2041 3967 esse

435 3991 814 4063 perspeximus
843 3993 984 4049 hanc
1013 3993 1192 4065 ipsam
1212 4011 1374 4068 quam
1394 4004 1572 4052 mente
1593 3997 1836 4070 gerimus
1857 3999 2042 4054 verbis

432 4079 648 4152 aperire
674 4080 936 4136 laetitiam.
978 4081 1114 4154 Agis
1147 4083 1292 4138 enim
1323 4085 1521 4140 summi
1547 4085 1876 4144 documenta
1897 4105 2040 4160 pon-

431 4166 609 4236 tiﬁcis,
669 4169 800 4224 dum
847 4178 901 4226 et
943 4171 1295 4242 praedicanda
1350 4172 1505 4240 facis,
1558 4182 1612 4230 et
1643 4191 1709 4231 ea
1760 4175 2040 4234 insinuare

433 4271 544 4312 non
571 4255 780 4314 differs.
815 4259 1242 4333 Praerogativam
1280 4261 1445 4336 igitur
1490 4263 1559 4319 de
1588 4264 1762 4320 nostri
1799 4265 2041 4338 sumpsi-

432 4361 556 4400 mus
586 4345 853 4403 electione
902 4347 1108 4415 indicii,
1159 4351 1380 4421 quando
1425 4351 1480 4406 id
1508 4361 1790 4424 operatum
1837 4361 1889 4409 te
1917 4370 2042 4410 esse

2137 3207 2212 3266 to,
2252 3199 2478 3271 pallium
2509 3214 2728 3270 quoque
2777 3197 3229 3253 transmissimus.
3269 3218 3292 3247 »
3335 3197 3402 3251 Ei
3430 3196 3486 3252 in
3518 3195 3760 3267 epistola

2137 3289 2208 3343 ad
2283 3288 2626 3344 Dominicum
2695 3287 3184 3358 Carthaginensem
3268 3285 3748 3356 archiepiscopum

2139 3377 2258 3448 (lib.
2294 3391 2368 3444 χι,
2400 3378 2566 3448 epist.
2599 3375 2690 3448 39)
2725 3393 2738 3430 :
2771 3377 2852 3431 De
2881 3373 3292 3443 ecclesiasticis,
3325 3373 3534 3445 inquit,
3567 3372 3748 3445 privi-

2139 3465 2300 3539 legiis
2329 3465 2476 3538 quod
2506 3473 2688 3522 vestra
2713 3464 3030 3520 fraternitas
3067 3465 3270 3529 scribit,
3301 3464 3407 3518 hoc
3440 3463 3747 3534 postposita

2138 3555 2472 3612 dubitatione
2521 3562 2721 3619 teneat,
2770 3553 2916 3624 quia,
2969 3553 3109 3609 sicut
3138 3559 3322 3608 nostra
3360 3550 3743 3620 defendimus,

2140 3643 2215 3698 ita
2244 3643 2474 3717 singulis
2505 3643 2812 3716 quibusque
2841 3641 3104 3698 Ecclesiis
3151 3659 3247 3697 sua
3281 3641 3408 3710 jura
3435 3656 3744 3696 servamus.

2132 3729 2248 3784 Nec
2281 3727 2505 3783 cuilibet
2575 3726 2790 3783 favente
2849 3726 3030 3798 gratia
3055 3754 3060 3764 ι
3087 3725 3229 3782 ultra
3289 3740 3453 3796 quam
3499 3733 3748 3780 meretur

2141 3814 2442 3886 impartior,
2493 3831 2593 3871 nec
2629 3815 2725 3870 ulli
2769 3816 2870 3870 hoc
2916 3814 3065 3886 quod
3105 3813 3188 3869 sui
3221 3811 3360 3882 juris
3407 3820 3490 3870 est
3537 3812 3747 3868 ambitu

2142 3902 2450 3958 stimulante
2505 3903 2718 3976 derogo
2777 3922 2790 3957 :
2851 3904 2948 3958 sed
2985 3901 3183 3958 fratres
3234 3920 3385 3960 meos
3423 3919 3522 3975 per
3559 3902 3748 3957 omnia

2142 3992 2414 4048 honorare
2443 3991 2624 4062 cupio,
2659 3989 2846 4064 sicque
2877 3992 3070 4047 studeo
3096 3992 3306 4048 honore
3337 3991 3585 4065 singulos
3613 3990 3747 4046 sub-'-

2140 4079 2284 4145 vebi,
2317 4081 2613 4136 dummodo
2658 4097 2768 4136 non
2799 4081 2867 4136 sit
2913 4081 3062 4152 quod
3111 4080 3268 4136 alteri
3299 4081 3423 4150 jure
3469 4080 3540 4135 ab
3569 4079 3746 4136 altero

2140 4168 2313 4240 possit
2341 4169 2563 4240 opponi.
2602 4189 2624 4220 ι
2667 4171 2731 4224 Ει
2761 4170 2832 4225 ad
2861 4169 3114 4224 Natalem
3137 4169 3509 4225 Salonitanum
3538 4168 3748 4240 episco-

2140 4275 2270 4329 pum
2299 4259 2421 4328 (ιῶ,
2455 4258 2598 4325 eod.,
2626 4261 2792 4332 epist.
2827 4258 2952 4331 37):
2981 4279 3004 4308 ι
3030 4257 3210 4327 Quod,
3231 4257 3425 4331 inquit,
3447 4257 3624 4313 dicitis
3644 4272 3749 4312 no-

2143 4346 2270 4402 stris
2300 4347 2642 4418 temporibus
2674 4347 2880 4403 debere
2911 4347 3144 4414 servari,
3176 4362 3344 4419 quaea
3368 4346 3505 4403 meis
3525 4361 3748 4418 quoque

433 4433 741 4502 didicimus,
767 4437 917 4508 quod
953 4437 1168 4494 caeteris
1205 4439 1484 4512 agendum
1514 4441 1764 4497 obnixius
1791 4441 2038 4515 impera-
2067 4429 2122 4491 D
2144 4436 2644 4506 praedecessoribus
2689 4435 2891 4492 tradita
2931 4443 3095 4508 atque
3123 4437 3389 4492 custodita
3419 4443 3563 4502 sunt,
3600 4433 3748 4490 absit

435 4539 577 4590 mus,
612 4531 670 4580 ut
699 4525 756 4579 in
794 4525 1094 4598 provinciis
1125 4535 1274 4582 tanta
1305 4527 1702 4602 longinquitate
1730 4531 2038 4602 disjunctis,

434 4618 487 4668 et
517 4612 835 4685 apostolica:
873 4615 1022 4670 sedis
1049 4615 1403 4687 vigorem,.et
1431 4619 1655 4674 Patrum
1691 4620 1901 4693 regulis
1923 4629 2043 4676 stu-

435 4699 570 4757 deas
611 4701 874 4758 adhibere
913 4703 1240 4761 custodiam.
1271 4705 1453 4762 ‘Vices
1498 4707 1677 4780 itaque
1704 4716 1920 4764 nostras
1946 4725 2045 4781 per

434 4805 596 4846 omne
624 4806 858 4864 regnum
887 4791 1074 4850 dilecti
1111 4801 1164 4848 et
1195 4793 1494 4866 spiritualis
1514 4794 1610 4851 ﬁlii
1640 4797 1814 4852 nostri
1845 4797 2046 4853 Clodo-

431 4878 541 4945 vei,
611 4895 776 4950 quem
832 4896 1008 4952 nuper
1071 4882 1496 4940 adminiculante
1561 4901 1800 4956 superna
1863 4885 2044 4959 gratia

433 4965 704 5038 plurimis,
737 4976 792 5024 et
835 4969 1208 5040 apostolorum
1239 4973 1575 5044 temporibus
1615 4973 2040 5046 aequiparandis,

434 5055 723 5128 signorum
807 5056 1088 5113 miraculis
1171 5059 1618 5130 prmdicationem
1707 5060 2044 5118 salutiferam

435 5143 842 5215 comitantibus,
876 5145 947 5201 ad
995 5144 1156 5203 ﬁdem
1189 5135 1314 5205 cum
1357 5157 1521 5222 gente
1550 5149 1766 5222 integra
1804 5165 2042 5206 conver-

432 5233 592 5301 tistis,
627 5242 680 5290 et
728 5234 872 5290 sacri
913 5235 1060 5291 dono
1089 5237 1431 5310 baptismatis
1469 5237 1828 5306 consecrasti,
1874 5237 2046 5294 salvis

432 5322 758 5394 privilegiis,
793 5341 914 5396 quae
955 5325 1390 5396 metropolitanis
1437 5325 1681 5381 decrevit
1723 5325 2038 5400 antiquitas,

433 5411 692 5482 praesenti
735 5413 1055 5470 auctoritate
1105 5413 1495 5470 committimus
1529 5431 1543 5470 :
1575 5423 1841 5488 augentes
1882 5414 2046 5472 studii

431 5498 591 5569 hujus
620 5501 1033 5575 participatione
1077 5501 1363 5559 ministerii
1410 5501 1754 5577 dignitatem,
1787 5503 2042 5563 relevan-

2142 4526 2247 4582 hoc
2277 4541 2310 4580 a
2337 4541 2446 4592 me,
2480 4533 2538 4581 ut
2568 4533 2764 4580 statuta
2783 4525 3055 4594 majorum
3085 4525 3574 4582 consacerdotibus
3603 4523 3748 4580 meis

2141 4613 2198 4669 in
2225 4613 2467 4685 qualibet
2503 4614 2751 4670 Ecclesia
2797 4613 3112 4686 infringam,
3161 4614 3292 4686 quia
3317 4613 3448 4669 mihi
3489 4612 3746 4682 injuriam

2142 4701 2304 4771 facio,
2338 4701 2384 4758 si
2414 4701 2640 4757 fratrum
2671 4719 2917 4759 meorum
2939 4703 3064 4772 jura
3090 4703 3374 4774 perturbo.
3412 4721 3435 4753 ι

2212 4791 2358 4848 XIII.
2391 4792 2519 4847 Haec
2550 4789 2640 4856 ita,
2673 4799 2732 4846 ut
2772 4807 2940 4862 supra
2967 4798 3246 4848 ostensum
3275 4798 3376 4860 est,
3423 4789 3491 4846 de
3519 4789 3744 4862 antiquo

2137 4879 2256 4948 jure
2313 4878 2546 4952 singulis
2601 4879 3030 4950 metrOpolitauis
3083 4880 3375 4950 servando,
3449 4887 3503 4934 et
3541 4879 3743 4935 subse-

2141 4974 2368 5040 quentes
2433 4981 2650 5023 sacram
2711 4967 2987 5024 Nicmnam
3053 4969 3320 5041 synodum
3383 4967 3744 5024 conciliorum

2141 5071 2381 5112 canones
2438 5062 2760 5112 statuerunt.
2831 5056 3016 5112 Silicet
3079 5056 3434 5125 Antiocheni,
3496 5056 3742 5113 dicentes

2142 5145 2275 5217 (can
2291 5185 2304 5199 .
2329 5144 2385 5216 9)
2418 5161 2431 5198 :
2455 5164 2478 5194 ι
2503 5144 2604 5200 Per
2626 5144 2870 5218 singulas
2889 5145 3147 5218 regiones
3169 5147 3457 5218 episcopos
3485 5144 3746 5202 convenit

2141 5249 2306 5289 nosse
2369 5233 2845 5305 metrOpolitanum
2927 5234 3240 5305 episcopum
3313 5233 3740 5291 sollicitudinem

2141 5321 2307 5378 totius
2336 5321 2635 5393 provinciae
2663 5339 2886 5396 gerere.
2924 5323 3152 5394 Propter
3178 5323 3323 5394 quod
3353 5324 3424 5378 ad
3452 5331 3738 5394 metropo-

2143 5410 2236 5464 lim
2279 5425 2471 5466 omnes
2507 5410 2747 5482 undique
2771 5454 2784 5478 ,
2843 5411 2938 5484 qui
2986 5411 3207 5484 negotia
3252 5411 3502 5467 videntur
3537 5411 3744 5468 habere

2142 5513 2472 5565 concurrant
2496 5549 2510 5574 ,
2570 5513 2624 5562 et
2677 5506 2913 5580 reliqua.
2965 5528 2988 5558 ι
3047 5509 3117 5564 Et
3161 5507 3741 5581 Constantinopolitani
