  <div class='ocr_page' id='page_1' title='image "/cluster/home/n/w/nwhite01/storage/ocr_20150623/126/hvd.32044052819513/104.png"; bbox 0 0 4004 6176; ppageno 0'>
   <div class='ocr_carea' id='block_1_1' title="bbox 275 233 375 289">
    <p class='ocr_par' dir='ltr' id='par_1_1' title="bbox 275 233 375 289">
     <span class='ocr_line' id='line_1_1' title="bbox 275 233 375 289; baseline -0.02 0"><span class='ocrx_word' id='word_1_1' title='bbox 275 233 375 289; x_wconf 69' lang='grc'>197</span> 
     </span>
    </p>
   </div>
   <div class='ocr_carea' id='block_1_2' title="bbox 1767 222 2145 281">
    <p class='ocr_par' dir='ltr' id='par_1_2' title="bbox 1767 222 2145 281">
     <span class='ocr_line' id='line_1_2' title="bbox 1767 222 2145 281; baseline -0.003 -1"><span class='ocrx_word' id='word_1_2' title='bbox 1767 222 2121 281; x_wconf 69' lang='lat' dir='ltr'>EPISTOLE</span> <span class='ocrx_word' id='word_1_3' title='bbox 2132 265 2145 279; x_wconf 97' lang='lat'>.</span> 
     </span>
    </p>
   </div>
   <div class='ocr_carea' id='block_1_3' title="bbox 3473 230 3573 282">
    <p class='ocr_par' dir='ltr' id='par_1_3' title="bbox 3473 230 3573 282">
     <span class='ocr_line' id='line_1_3' title="bbox 3473 230 3573 282; baseline 0.01 -1"><span class='ocrx_word' id='word_1_4' title='bbox 3473 230 3573 282; x_wconf 82' lang='grc'>198</span> 
     </span>
    </p>
   </div>
   <div class='ocr_carea' id='block_1_4' title="bbox 273 348 3574 424">
    <p class='ocr_par' dir='ltr' id='par_1_4' title="bbox 273 348 3574 424">
     <span class='ocr_line' id='line_1_4' title="bbox 273 348 3574 424; baseline -0.002 -11"><span class='ocrx_word' id='word_1_5' title='bbox 273 373 511 414; x_wconf 83' lang='lat' dir='ltr'>canones</span> <span class='ocrx_word' id='word_1_6' title='bbox 541 356 902 412; x_wconf 90' lang='lat' dir='ltr'>decreverunt</span> <span class='ocrx_word' id='word_1_7' title='bbox 943 355 1095 423; x_wconf 81' lang='lat' dir='ltr'>(can.</span> <span class='ocrx_word' id='word_1_8' title='bbox 1128 352 1206 423; x_wconf 82' lang='grc'>2),</span> <span class='ocrx_word' id='word_1_9' title='bbox 1239 360 1296 408; x_wconf 93' lang='lat' dir='ltr'>ut</span> <span class='ocrx_word' id='word_1_10' title='bbox 1325 351 1417 408; x_wconf 90' lang='lat' dir='ltr'>illa</span> <span class='ocrx_word' id='word_1_11' title='bbox 1453 368 1575 424; x_wconf 86' lang='lat' dir='ltr'>qua</span> <span class='ocrx_word' id='word_1_12' title='bbox 1613 357 1735 406; x_wconf 91' lang='lat' dir='ltr'>sunt</span> <span class='ocrx_word' id='word_1_13' title='bbox 1776 366 1876 422; x_wconf 89' lang='lat' dir='ltr'>per</span> <span class='ocrx_word' id='word_1_14' title='bbox 1906 348 1955 410; x_wconf 84' lang='lat' dir='ltr'>A</span> <span class='ocrx_word' id='word_1_15' title='bbox 1985 373 2006 397; x_wconf 78' lang='grc' dir='ltr'>ιι</span> <span class='ocrx_word' id='word_1_16' title='bbox 2044 351 2105 404; x_wconf 88' lang='lat' dir='ltr'>In</span> <span class='ocrx_word' id='word_1_17' title='bbox 2139 348 2461 418; x_wconf 84' lang='lat' dir='ltr'>Galliarum,</span> <span class='ocrx_word' id='word_1_18' title='bbox 2487 348 2679 421; x_wconf 84' lang='lat' dir='ltr'>inquit,</span> <span class='ocrx_word' id='word_1_19' title='bbox 2712 348 3003 421; x_wconf 86' lang='lat' dir='ltr'>episcopis,</span> <span class='ocrx_word' id='word_1_20' title='bbox 3036 348 3240 405; x_wconf 88' lang='lat' dir='ltr'>nullam</span> <span class='ocrx_word' id='word_1_21' title='bbox 3270 348 3368 405; x_wconf 94' lang='lat' dir='ltr'>tibi</span> <span class='ocrx_word' id='word_1_22' title='bbox 3392 358 3574 406; x_wconf 88' lang='lat' dir='ltr'>aucto-</span> 
     </span>
    </p>
   </div>
   <div class='ocr_carea' id='block_1_5' title="bbox 273 438 1881 517">
    <p class='ocr_par' dir='ltr' id='par_1_5' title="bbox 273 438 1881 517">
     <span class='ocr_line' id='line_1_5' title="bbox 273 438 1881 517; baseline -0.005 -17"><span class='ocrx_word' id='word_1_23' title='bbox 273 461 712 517; x_wconf 87' lang='lat' dir='ltr'>unamquamque</span> <span class='ocrx_word' id='word_1_24' title='bbox 740 443 1083 515; x_wconf 84' lang='lat' dir='ltr'>provinciam</span> <span class='ocrx_word' id='word_1_25' title='bbox 1112 441 1285 514; x_wconf 88' lang='lat' dir='ltr'>ipsius</span> <span class='ocrx_word' id='word_1_26' title='bbox 1312 440 1607 512; x_wconf 88' lang='lat' dir='ltr'>provincia</span> <span class='ocrx_word' id='word_1_27' title='bbox 1637 438 1881 511; x_wconf 83' lang='lat' dir='ltr'>synodus</span> 
     </span>
    </p>
   </div>
   <div class='ocr_carea' id='block_1_6' title="bbox 273 531 1879 605">
    <p class='ocr_par' dir='ltr' id='par_1_6' title="bbox 273 531 1879 605">
     <span class='ocr_line' id='line_1_6' title="bbox 273 531 1879 605; baseline -0.004 -16"><span class='ocrx_word' id='word_1_28' title='bbox 273 534 570 605; x_wconf 82' lang='lat' dir='ltr'>dispenset,</span> <span class='ocrx_word' id='word_1_29' title='bbox 601 533 744 589; x_wconf 91' lang='lat' dir='ltr'>sicut</span> <span class='ocrx_word' id='word_1_30' title='bbox 773 532 1000 588; x_wconf 86' lang='lat' dir='ltr'>Nicano</span> <span class='ocrx_word' id='word_1_31' title='bbox 1031 539 1241 587; x_wconf 89' lang='lat' dir='ltr'>constat</span> <span class='ocrx_word' id='word_1_32' title='bbox 1278 531 1560 586; x_wconf 90' lang='lat' dir='ltr'>decretum</span> <span class='ocrx_word' id='word_1_33' title='bbox 1588 545 1711 584; x_wconf 89' lang='lat' dir='ltr'>esse</span> <span class='ocrx_word' id='word_1_34' title='bbox 1742 543 1879 583; x_wconf 91' lang='lat' dir='ltr'>con-</span> 
     </span>
    </p>
   </div>
   <div class='ocr_carea' id='block_1_7' title="bbox 271 615 1881 678">
    <p class='ocr_par' dir='ltr' id='par_1_7' title="bbox 271 615 1881 678">
     <span class='ocr_line' id='line_1_7' title="bbox 271 615 1881 678; baseline -0.006 0"><span class='ocrx_word' id='word_1_35' title='bbox 271 622 409 678; x_wconf 89' lang='lat' dir='ltr'>cilio.</span> <span class='ocrx_word' id='word_1_36' title='bbox 452 623 523 678; x_wconf 87' lang='lat' dir='ltr'>Et</span> <span class='ocrx_word' id='word_1_37' title='bbox 561 621 880 677; x_wconf 81' lang='lat' dir='ltr'>universale</span> <span class='ocrx_word' id='word_1_38' title='bbox 930 619 1380 676; x_wconf 87' lang='lat' dir='ltr'>Chalcedonense</span> <span class='ocrx_word' id='word_1_39' title='bbox 1428 617 1720 675; x_wconf 88' lang='lat' dir='ltr'>concilium</span> <span class='ocrx_word' id='word_1_40' title='bbox 1750 615 1881 673; x_wconf 92' lang='lat' dir='ltr'>dicit</span> 
     </span>
    </p>
   </div>
   <div class='ocr_carea' id='block_1_8' title="bbox 273 707 1881 781">
    <p class='ocr_par' dir='ltr' id='par_1_8' title="bbox 273 707 1881 781">
     <span class='ocr_line' id='line_1_8' title="bbox 273 707 1881 781; baseline -0.004 -15"><span class='ocrx_word' id='word_1_41' title='bbox 273 711 420 779; x_wconf 75' lang='lat' dir='ltr'>(can.</span> <span class='ocrx_word' id='word_1_42' title='bbox 447 712 502 779; x_wconf 83' lang='grc'>1)</span> <span class='ocrx_word' id='word_1_43' title='bbox 527 728 541 765; x_wconf 89' lang='lat'><strong>:</strong></span> <span class='ocrx_word' id='word_1_44' title='bbox 571 731 594 761; x_wconf 84' lang='grc'><strong>«</strong></span> <span class='ocrx_word' id='word_1_45' title='bbox 621 709 881 781; x_wconf 80' lang='lat' dir='ltr'>Regulas,</span> <span class='ocrx_word' id='word_1_46' title='bbox 913 708 1188 780; x_wconf 88' lang='lat' dir='ltr'>inquiens,</span> <span class='ocrx_word' id='word_1_47' title='bbox 1215 715 1528 764; x_wconf 89' lang='lat' dir='ltr'>sanctorum</span> <span class='ocrx_word' id='word_1_48' title='bbox 1548 707 1763 761; x_wconf 83' lang='lat' dir='ltr'>Patrum</span> <span class='ocrx_word' id='word_1_49' title='bbox 1781 720 1881 776; x_wconf 91' lang='lat' dir='ltr'>per</span> 
     </span>
    </p>
   </div>
   <div class='ocr_carea' id='block_1_9' title="bbox 272 794 1881 870">
    <p class='ocr_par' dir='ltr' id='par_1_9' title="bbox 272 794 1881 870">
     <span class='ocr_line' id='line_1_9' title="bbox 272 794 1881 870; baseline -0.005 -15"><span class='ocrx_word' id='word_1_50' title='bbox 272 799 488 870; x_wconf 80' lang='lat' dir='ltr'>singula</span> <span class='ocrx_word' id='word_1_51' title='bbox 539 814 688 854; x_wconf 92' lang='lat' dir='ltr'>nunc</span> <span class='ocrx_word' id='word_1_52' title='bbox 736 814 909 870; x_wconf 89' lang='lat' dir='ltr'>usque</span> <span class='ocrx_word' id='word_1_53' title='bbox 956 798 1187 853; x_wconf 88' lang='lat' dir='ltr'>concilia</span> <span class='ocrx_word' id='word_1_54' title='bbox 1235 796 1557 853; x_wconf 87' lang='lat' dir='ltr'>constitutas</span> <span class='ocrx_word' id='word_1_55' title='bbox 1600 794 1881 867; x_wconf 90' lang='lat' dir='ltr'>proprium</span> 
     </span>
    </p>
   </div>
   <div class='ocr_carea' id='block_1_10' title="bbox 273 885 1877 953">
    <p class='ocr_par' dir='ltr' id='par_1_10' title="bbox 273 885 1877 953">
     <span class='ocr_line' id='line_1_10' title="bbox 273 885 1877 953; baseline -0.005 -10"><span class='ocrx_word' id='word_1_56' title='bbox 273 888 437 943; x_wconf 88' lang='lat' dir='ltr'>robur</span> <span class='ocrx_word' id='word_1_57' title='bbox 457 888 708 943; x_wconf 85' lang='lat' dir='ltr'>obtinere</span> <span class='ocrx_word' id='word_1_58' title='bbox 729 886 1095 943; x_wconf 80' lang='lat' dir='ltr'>decrevimus.</span> <span class='ocrx_word' id='word_1_59' title='bbox 1126 907 1147 936; x_wconf 63' lang='lat' dir='ltr'>n</span> <span class='ocrx_word' id='word_1_60' title='bbox 1172 886 1241 941; x_wconf 92' lang='lat' dir='ltr'>Et</span> <span class='ocrx_word' id='word_1_61' title='bbox 1262 886 1391 941; x_wconf 91' lang='lat' dir='ltr'>item</span> <span class='ocrx_word' id='word_1_62' title='bbox 1411 885 1555 940; x_wconf 91' lang='lat' dir='ltr'>idem</span> <span class='ocrx_word' id='word_1_63' title='bbox 1578 886 1727 953; x_wconf 87' lang='lat' dir='ltr'>(can.</span> <span class='ocrx_word' id='word_1_64' title='bbox 1756 885 1877 953; x_wconf 81' lang='lat' dir='ltr'>l9):</span> 
     </span>
    </p>
   </div>
   <div class='ocr_carea' id='block_1_11' title="bbox 276 973 1883 1048">
    <p class='ocr_par' dir='ltr' id='par_1_11' title="bbox 276 973 1883 1048">
     <span class='ocr_line' id='line_1_11' title="bbox 276 973 1883 1048; baseline -0.002 -20"><span class='ocrx_word' id='word_1_65' title='bbox 276 997 297 1028; x_wconf 75' lang='grc' dir='ltr'>ι</span> <span class='ocrx_word' id='word_1_66' title='bbox 327 977 587 1033; x_wconf 85' lang='lat' dir='ltr'>Decrevit</span> <span class='ocrx_word' id='word_1_67' title='bbox 614 976 798 1048; x_wconf 83' lang='lat' dir='ltr'>itaque</span> <span class='ocrx_word' id='word_1_68' title='bbox 830 983 1023 1031; x_wconf 88' lang='lat' dir='ltr'>sancta</span> <span class='ocrx_word' id='word_1_69' title='bbox 1054 975 1295 1047; x_wconf 84' lang='lat' dir='ltr'>synodus</span> <span class='ocrx_word' id='word_1_70' title='bbox 1327 973 1628 1030; x_wconf 90' lang='lat' dir='ltr'>secundum</span> <span class='ocrx_word' id='word_1_71' title='bbox 1659 973 1883 1027; x_wconf 80' lang='lat' dir='ltr'>Patrum</span> 
     </span>
    </p>
   </div>
   <div class='ocr_carea' id='block_1_12' title="bbox 271 1061 1881 1134">
    <p class='ocr_par' dir='ltr' id='par_1_12' title="bbox 271 1061 1881 1134">
     <span class='ocr_line' id='line_1_12' title="bbox 271 1061 1881 1134; baseline -0.004 -13"><span class='ocrx_word' id='word_1_72' title='bbox 271 1080 515 1122; x_wconf 82' lang='lat' dir='ltr'>canones</span> <span class='ocrx_word' id='word_1_73' title='bbox 544 1065 630 1119; x_wconf 90' lang='lat' dir='ltr'>bis</span> <span class='ocrx_word' id='word_1_74' title='bbox 672 1064 727 1118; x_wconf 92' lang='lat' dir='ltr'>in</span> <span class='ocrx_word' id='word_1_75' title='bbox 773 1079 916 1119; x_wconf 91' lang='lat' dir='ltr'>anno</span> <span class='ocrx_word' id='word_1_76' title='bbox 959 1063 1250 1134; x_wconf 91' lang='lat' dir='ltr'>episcopos</span> <span class='ocrx_word' id='word_1_77' title='bbox 1280 1063 1336 1117; x_wconf 91' lang='lat' dir='ltr'>in</span> <span class='ocrx_word' id='word_1_78' title='bbox 1363 1062 1419 1118; x_wconf 91' lang='lat' dir='ltr'>id</span> <span class='ocrx_word' id='word_1_79' title='bbox 1448 1062 1627 1133; x_wconf 91' lang='lat' dir='ltr'>ipsum</span> <span class='ocrx_word' id='word_1_80' title='bbox 1656 1061 1711 1115; x_wconf 89' lang='lat' dir='ltr'>in</span> <span class='ocrx_word' id='word_1_81' title='bbox 1740 1075 1881 1115; x_wconf 90' lang='lat' dir='ltr'>una-</span> 
     </span>
    </p>
   </div>
   <div class='ocr_carea' id='block_1_13' title="bbox 271 1149 1884 1226">
    <p class='ocr_par' dir='ltr' id='par_1_13' title="bbox 271 1149 1884 1226">
     <span class='ocr_line' id='line_1_13' title="bbox 271 1149 1884 1226; baseline -0.004 -17"><span class='ocrx_word' id='word_1_82' title='bbox 271 1170 491 1226; x_wconf 88' lang='lat' dir='ltr'>quaque</span> <span class='ocrx_word' id='word_1_83' title='bbox 541 1153 828 1225; x_wconf 84' lang='lat' dir='ltr'>provincia</span> <span class='ocrx_word' id='word_1_84' title='bbox 885 1152 1209 1217; x_wconf 88' lang='lat' dir='ltr'>convenire,</span> <span class='ocrx_word' id='word_1_85' title='bbox 1269 1167 1378 1223; x_wconf 92' lang='lat' dir='ltr'>quo</span> <span class='ocrx_word' id='word_1_86' title='bbox 1431 1149 1884 1222; x_wconf 89' lang='lat' dir='ltr'>metropolitanus</span> 
     </span>
    </p>
   </div>
   <div class='ocr_carea' id='block_1_14' title="bbox 271 1237 1884 1313">
    <p class='ocr_par' dir='ltr' id='par_1_14' title="bbox 271 1237 1884 1313">
     <span class='ocr_line' id='line_1_14' title="bbox 271 1237 1884 1313; baseline -0.003 -16"><span class='ocrx_word' id='word_1_87' title='bbox 271 1242 501 1298; x_wconf 83' lang='lat' dir='ltr'>antistes</span> <span class='ocrx_word' id='word_1_88' title='bbox 528 1241 867 1313; x_wconf 85' lang='lat' dir='ltr'>probaverit,</span> <span class='ocrx_word' id='word_1_89' title='bbox 893 1249 945 1297; x_wconf 91' lang='lat' dir='ltr'>et</span> <span class='ocrx_word' id='word_1_90' title='bbox 968 1241 1251 1312; x_wconf 79' lang='lat' dir='ltr'>corrigere</span> <span class='ocrx_word' id='word_1_91' title='bbox 1282 1240 1516 1311; x_wconf 84' lang='lat' dir='ltr'>singula,</span> <span class='ocrx_word' id='word_1_92' title='bbox 1551 1239 1598 1293; x_wconf 89' lang='lat' dir='ltr'>si</span> <span class='ocrx_word' id='word_1_93' title='bbox 1627 1254 1747 1310; x_wconf 89' lang='lat' dir='ltr'>qua</span> <span class='ocrx_word' id='word_1_94' title='bbox 1772 1237 1884 1292; x_wconf 87' lang='lat' dir='ltr'>for-</span> 
     </span>
    </p>
   </div>
   <div class='ocr_carea' id='block_1_15' title="bbox 272 1330 876 1407">
    <p class='ocr_par' dir='ltr' id='par_1_15' title="bbox 272 1330 876 1407">
     <span class='ocr_line' id='line_1_15' title="bbox 272 1330 876 1407; baseline -0.003 -21"><span class='ocrx_word' id='word_1_95' title='bbox 272 1331 428 1387; x_wconf 88' lang='lat' dir='ltr'>tassis</span> <span class='ocrx_word' id='word_1_96' title='bbox 457 1330 814 1407; x_wconf 67' lang='lat' dir='ltr'>emerserint.</span> <span class='ocrx_word' id='word_1_97' title='bbox 856 1354 876 1377; x_wconf 83' lang='lat'><strong>»</strong></span> 
     </span>
    </p>
   </div>
   <div class='ocr_carea' id='block_1_16' title="bbox 336 1415 1883 1491">
    <p class='ocr_par' dir='ltr' id='par_1_16' title="bbox 336 1415 1883 1491">
     <span class='ocr_line' id='line_1_16' title="bbox 336 1415 1883 1491; baseline -0.002 -17"><span class='ocrx_word' id='word_1_98' title='bbox 336 1421 491 1476; x_wconf 79' lang='lat' dir='ltr'>XIV.</span> <span class='ocrx_word' id='word_1_99' title='bbox 523 1419 615 1476; x_wconf 89' lang='lat' dir='ltr'>Sic</span> <span class='ocrx_word' id='word_1_100' title='bbox 645 1427 698 1475; x_wconf 90' lang='lat' dir='ltr'>et</span> <span class='ocrx_word' id='word_1_101' title='bbox 728 1418 923 1474; x_wconf 83' lang='lat' dir='ltr'>Africa</span> <span class='ocrx_word' id='word_1_102' title='bbox 951 1418 1249 1491; x_wconf 89' lang='lat' dir='ltr'>provincia</span> <span class='ocrx_word' id='word_1_103' title='bbox 1293 1425 1483 1473; x_wconf 90' lang='lat' dir='ltr'>sancta</span> <span class='ocrx_word' id='word_1_104' title='bbox 1521 1415 1752 1472; x_wconf 88' lang='lat' dir='ltr'>concilia</span> <span class='ocrx_word' id='word_1_105' title='bbox 1780 1416 1883 1471; x_wconf 90' lang='lat' dir='ltr'>de-</span> 
     </span>
    </p>
   </div>
   <div class='ocr_carea' id='block_1_17' title="bbox 272 1506 1885 1579">
    <p class='ocr_par' dir='ltr' id='par_1_17' title="bbox 272 1506 1885 1579">
     <span class='ocr_line' id='line_1_17' title="bbox 272 1506 1885 1579; baseline -0.006 -12"><span class='ocrx_word' id='word_1_106' title='bbox 272 1517 587 1577; x_wconf 86' lang='lat' dir='ltr'>creverunt,</span> <span class='ocrx_word' id='word_1_107' title='bbox 617 1517 678 1564; x_wconf 90' lang='lat' dir='ltr'>ut</span> <span class='ocrx_word' id='word_1_108' title='bbox 706 1524 828 1579; x_wconf 88' lang='lat' dir='ltr'>qua</span> <span class='ocrx_word' id='word_1_109' title='bbox 867 1507 923 1562; x_wconf 91' lang='lat' dir='ltr'>in</span> <span class='ocrx_word' id='word_1_110' title='bbox 967 1507 1192 1563; x_wconf 85' lang='lat' dir='ltr'>Nicano</span> <span class='ocrx_word' id='word_1_111' title='bbox 1241 1506 1471 1562; x_wconf 92' lang='lat' dir='ltr'>concilio</span> <span class='ocrx_word' id='word_1_112' title='bbox 1517 1512 1711 1560; x_wconf 89' lang='lat' dir='ltr'>statuta</span> <span class='ocrx_word' id='word_1_113' title='bbox 1762 1513 1885 1559; x_wconf 91' lang='lat' dir='ltr'>sunt</span> 
     </span>
    </p>
   </div>
   <div class='ocr_carea' id='block_1_18' title="bbox 273 1593 1884 1667">
    <p class='ocr_par' dir='ltr' id='par_1_18' title="bbox 273 1593 1884 1667">
     <span class='ocr_line' id='line_1_18' title="bbox 273 1593 1884 1667; baseline -0.005 -13"><span class='ocrx_word' id='word_1_114' title='bbox 273 1599 417 1654; x_wconf 90' lang='lat' dir='ltr'>omni</span> <span class='ocrx_word' id='word_1_115' title='bbox 449 1598 619 1653; x_wconf 88' lang='lat' dir='ltr'>modo</span> <span class='ocrx_word' id='word_1_116' title='bbox 648 1604 1060 1660; x_wconf 86' lang='lat' dir='ltr'>conserventur,</span> <span class='ocrx_word' id='word_1_117' title='bbox 1085 1602 1138 1651; x_wconf 89' lang='lat' dir='ltr'>et</span> <span class='ocrx_word' id='word_1_118' title='bbox 1157 1603 1215 1651; x_wconf 91' lang='lat' dir='ltr'>ut</span> <span class='ocrx_word' id='word_1_119' title='bbox 1237 1595 1329 1667; x_wconf 90' lang='lat' dir='ltr'>qui</span> <span class='ocrx_word' id='word_1_120' title='bbox 1348 1594 1618 1666; x_wconf 87' lang='lat' dir='ltr'>posterius</span> <span class='ocrx_word' id='word_1_121' title='bbox 1648 1593 1884 1650; x_wconf 86' lang='lat' dir='ltr'>ordinati</span> 
     </span>
    </p>
   </div>
   <div class='ocr_carea' id='block_1_19' title="bbox 275 1683 1885 1758">
    <p class='ocr_par' dir='ltr' id='par_1_19' title="bbox 275 1683 1885 1758">
     <span class='ocr_line' id='line_1_19' title="bbox 275 1683 1885 1758; baseline -0.004 -17"><span class='ocrx_word' id='word_1_122' title='bbox 275 1695 397 1743; x_wconf 91' lang='lat' dir='ltr'>sunt</span> <span class='ocrx_word' id='word_1_123' title='bbox 425 1686 712 1758; x_wconf 88' lang='lat' dir='ltr'>prioribus</span> <span class='ocrx_word' id='word_1_124' title='bbox 743 1701 804 1741; x_wconf 91' lang='lat' dir='ltr'>se</span> <span class='ocrx_word' id='word_1_125' title='bbox 828 1700 937 1740; x_wconf 91' lang='lat' dir='ltr'>non</span> <span class='ocrx_word' id='word_1_126' title='bbox 967 1684 1202 1740; x_wconf 81' lang='lat' dir='ltr'>audeant</span> <span class='ocrx_word' id='word_1_127' title='bbox 1230 1684 1523 1739; x_wconf 84' lang='lat' dir='ltr'>anteferre.</span> <span class='ocrx_word' id='word_1_128' title='bbox 1559 1683 1713 1739; x_wconf 90' lang='lat' dir='ltr'>Unde</span> <span class='ocrx_word' id='word_1_129' title='bbox 1744 1683 1885 1736; x_wconf 86' lang='lat' dir='ltr'>inter</span> 
     </span>
    </p>
   </div>
   <div class='ocr_carea' id='block_1_20' title="bbox 274 1772 1888 1844">
    <p class='ocr_par' dir='ltr' id='par_1_20' title="bbox 274 1772 1888 1844">
     <span class='ocr_line' id='line_1_20' title="bbox 274 1772 1888 1844; baseline -0.003 -13"><span class='ocrx_word' id='word_1_130' title='bbox 274 1784 475 1832; x_wconf 84' lang='lat' dir='ltr'>catera</span> <span class='ocrx_word' id='word_1_131' title='bbox 517 1775 589 1829; x_wconf 89' lang='lat' dir='ltr'>ad</span> <span class='ocrx_word' id='word_1_132' title='bbox 636 1774 816 1830; x_wconf 90' lang='lat' dir='ltr'>locum</span> <span class='ocrx_word' id='word_1_133' title='bbox 863 1773 994 1830; x_wconf 84' lang='lat' dir='ltr'>dicit</span> <span class='ocrx_word' id='word_1_134' title='bbox 1040 1772 1294 1829; x_wconf 81' lang='lat' dir='ltr'>Aurelius</span> <span class='ocrx_word' id='word_1_135' title='bbox 1341 1772 1485 1844; x_wconf 86' lang='lat' dir='ltr'>(cap.</span> <span class='ocrx_word' id='word_1_136' title='bbox 1529 1772 1666 1843; x_wconf 83' lang='lat'>53):</span> <span class='ocrx_word' id='word_1_137' title='bbox 1706 1793 1728 1822; x_wconf 75' lang='grc' dir='ltr'>ι</span> <span class='ocrx_word' id='word_1_138' title='bbox 1764 1772 1888 1826; x_wconf 84' lang='lat' dir='ltr'>Non</span> 
     </span>
    </p>
   </div>
   <div class='ocr_carea' id='block_1_21' title="bbox 273 1859 1889 1935">
    <p class='ocr_par' dir='ltr' id='par_1_21' title="bbox 273 1859 1889 1935">
     <span class='ocr_line' id='line_1_21' title="bbox 273 1859 1889 1935; baseline -0.004 -14"><span class='ocrx_word' id='word_1_139' title='bbox 273 1866 555 1931; x_wconf 88' lang='lat' dir='ltr'>decuerat,</span> <span class='ocrx_word' id='word_1_140' title='bbox 607 1863 880 1935; x_wconf 85' lang='lat' dir='ltr'>inquiens,</span> <span class='ocrx_word' id='word_1_141' title='bbox 914 1870 972 1917; x_wconf 92' lang='lat' dir='ltr'>ut</span> <span class='ocrx_word' id='word_1_142' title='bbox 999 1863 1114 1919; x_wconf 86' lang='lat' dir='ltr'>hac</span> <span class='ocrx_word' id='word_1_143' title='bbox 1166 1870 1560 1933; x_wconf 87' lang='lat' dir='ltr'>repeteremus,</span> <span class='ocrx_word' id='word_1_144' title='bbox 1601 1860 1707 1915; x_wconf 91' lang='lat' dir='ltr'>nisi</span> <span class='ocrx_word' id='word_1_145' title='bbox 1751 1859 1889 1915; x_wconf 84' lang='lat' dir='ltr'>forte</span> 
     </span>
    </p>
   </div>
   <div class='ocr_carea' id='block_1_22' title="bbox 274 1936 1889 2021">
    <p class='ocr_par' dir='ltr' id='par_1_22' title="bbox 274 1936 1889 2021">
     <span class='ocr_line' id='line_1_22' title="bbox 274 1936 1889 2021; baseline -0.004 -12"><span class='ocrx_word' id='word_1_146' title='bbox 274 1954 573 2009; x_wconf 81' lang='lat' dir='ltr'>existerent</span> <span class='ocrx_word' id='word_1_147' title='bbox 623 1951 1041 2007; x_wconf 86' lang='lat' dir='ltr'>inconsiderata</span> <span class='ocrx_word' id='word_1_148' title='bbox 1089 1958 1303 2005; x_wconf 89' lang='lat' dir='ltr'>mentes</span> <span class='ocrx_word' id='word_1_149' title='bbox 1346 1936 1741 2021; x_wconf 54' lang='lat' dir='ltr'>quorumdam,</span> <span class='ocrx_word' id='word_1_150' title='bbox 1768 1965 1889 2020; x_wconf 91' lang='lat' dir='ltr'>qua</span> 
     </span>
    </p>
   </div>
   <div class='ocr_carea' id='block_1_23' title="bbox 274 2037 1890 2097">
    <p class='ocr_par' dir='ltr' id='par_1_23' title="bbox 274 2037 1890 2097">
     <span class='ocr_line' id='line_1_23' title="bbox 274 2037 1890 2097; baseline -0.004 1"><span class='ocrx_word' id='word_1_151' title='bbox 274 2043 337 2097; x_wconf 87' lang='lat' dir='ltr'>ad</span> <span class='ocrx_word' id='word_1_152' title='bbox 396 2044 525 2097; x_wconf 81' lang='lat' dir='ltr'>hac</span> <span class='ocrx_word' id='word_1_153' title='bbox 587 2039 873 2095; x_wconf 88' lang='lat' dir='ltr'>statuenda</span> <span class='ocrx_word' id='word_1_154' title='bbox 927 2047 1145 2095; x_wconf 89' lang='lat' dir='ltr'>nostros</span> <span class='ocrx_word' id='word_1_155' title='bbox 1201 2046 1461 2095; x_wconf 88' lang='lat' dir='ltr'>acuerent</span> <span class='ocrx_word' id='word_1_156' title='bbox 1518 2053 1733 2093; x_wconf 88' lang='lat' dir='ltr'>sensus.</span> <span class='ocrx_word' id='word_1_157' title='bbox 1782 2037 1890 2092; x_wconf 88' lang='lat' dir='ltr'>Sed</span> 
     </span>
    </p>
   </div>
   <div class='ocr_carea' id='block_1_24' title="bbox 273 2125 1891 2199">
    <p class='ocr_par' dir='ltr' id='par_1_24' title="bbox 273 2125 1891 2199">
     <span class='ocr_line' id='line_1_24' title="bbox 273 2125 1891 2199; baseline -0.004 -13"><span class='ocrx_word' id='word_1_158' title='bbox 273 2129 587 2186; x_wconf 89' lang='lat' dir='ltr'>communis</span> <span class='ocrx_word' id='word_1_159' title='bbox 617 2130 733 2185; x_wconf 85' lang='lat' dir='ltr'>hac</span> <span class='ocrx_word' id='word_1_160' title='bbox 764 2144 932 2184; x_wconf 83' lang='lat' dir='ltr'>causa</span> <span class='ocrx_word' id='word_1_161' title='bbox 960 2137 1064 2194; x_wconf 92' lang='lat' dir='ltr'>est,</span> <span class='ocrx_word' id='word_1_162' title='bbox 1114 2143 1277 2199; x_wconf 91' lang='lat' dir='ltr'>quam</span> <span class='ocrx_word' id='word_1_163' title='bbox 1323 2127 1617 2183; x_wconf 88' lang='lat' dir='ltr'>insinuavit</span> <span class='ocrx_word' id='word_1_164' title='bbox 1644 2125 1811 2182; x_wconf 89' lang='lat' dir='ltr'>frater</span> <span class='ocrx_word' id='word_1_165' title='bbox 1839 2133 1891 2180; x_wconf 91' lang='lat' dir='ltr'>et</span> 
     </span>
    </p>
   </div>
   <div class='ocr_carea' id='block_1_25' title="bbox 274 2214 1892 2286">
    <p class='ocr_par' dir='ltr' id='par_1_25' title="bbox 274 2214 1892 2286">
     <span class='ocr_line' id='line_1_25' title="bbox 274 2214 1892 2286; baseline -0.004 -12"><span class='ocrx_word' id='word_1_166' title='bbox 274 2219 650 2274; x_wconf 86' lang='lat' dir='ltr'>consacerdos</span> <span class='ocrx_word' id='word_1_167' title='bbox 714 2224 904 2271; x_wconf 88' lang='lat' dir='ltr'>noster</span> <span class='ocrx_word' id='word_1_168' title='bbox 968 2216 1285 2271; x_wconf 85' lang='lat' dir='ltr'>Valentinus</span> <span class='ocrx_word' id='word_1_169' title='bbox 1318 2258 1332 2283; x_wconf 92' lang='lat'>,</span> <span class='ocrx_word' id='word_1_170' title='bbox 1397 2222 1456 2270; x_wconf 91' lang='lat' dir='ltr'>ut</span> <span class='ocrx_word' id='word_1_171' title='bbox 1521 2214 1892 2286; x_wconf 89' lang='lat' dir='ltr'>unusquisque</span> 
     </span>
    </p>
   </div>
   <div class='ocr_carea' id='block_1_26' title="bbox 275 2305 1892 2376">
    <p class='ocr_par' dir='ltr' id='par_1_26' title="bbox 275 2305 1892 2376">
     <span class='ocr_line' id='line_1_26' title="bbox 275 2305 1892 2376; baseline -0.004 -14"><span class='ocrx_word' id='word_1_172' title='bbox 275 2317 523 2363; x_wconf 87' lang='lat' dir='ltr'>nostrum</span> <span class='ocrx_word' id='word_1_173' title='bbox 556 2306 809 2362; x_wconf 89' lang='lat' dir='ltr'>ordinem</span> <span class='ocrx_word' id='word_1_174' title='bbox 843 2305 944 2361; x_wconf 91' lang='lat' dir='ltr'>sibi</span> <span class='ocrx_word' id='word_1_175' title='bbox 973 2306 1250 2360; x_wconf 90' lang='lat' dir='ltr'>decretum</span> <span class='ocrx_word' id='word_1_176' title='bbox 1280 2319 1312 2358; x_wconf 93' lang='lat' dir='ltr'>a</span> <span class='ocrx_word' id='word_1_177' title='bbox 1343 2306 1460 2360; x_wconf 90' lang='lat' dir='ltr'>Deo</span> <span class='ocrx_word' id='word_1_178' title='bbox 1484 2311 1806 2376; x_wconf 82' lang='lat' dir='ltr'>cognoscat,</span> <span class='ocrx_word' id='word_1_179' title='bbox 1839 2310 1892 2357; x_wconf 87' lang='lat' dir='ltr'>et</span> 
     </span>
    </p>
   </div>
   <div class='ocr_carea' id='block_1_27' title="bbox 274 2391 1892 2467">
    <p class='ocr_par' dir='ltr' id='par_1_27' title="bbox 274 2391 1892 2467">
     <span class='ocr_line' id='line_1_27' title="bbox 274 2391 1892 2467; baseline -0.004 -15"><span class='ocrx_word' id='word_1_180' title='bbox 274 2396 619 2467; x_wconf 85' lang='lat' dir='ltr'>posteriores</span> <span class='ocrx_word' id='word_1_181' title='bbox 660 2394 1021 2450; x_wconf 89' lang='lat' dir='ltr'>anterioribus</span> <span class='ocrx_word' id='word_1_182' title='bbox 1069 2393 1337 2457; x_wconf 89' lang='lat' dir='ltr'>deferant,</span> <span class='ocrx_word' id='word_1_183' title='bbox 1371 2408 1475 2448; x_wconf 91' lang='lat' dir='ltr'>nec</span> <span class='ocrx_word' id='word_1_184' title='bbox 1504 2393 1584 2447; x_wconf 91' lang='lat' dir='ltr'>eis</span> <span class='ocrx_word' id='word_1_185' title='bbox 1610 2391 1892 2448; x_wconf 87' lang='lat' dir='ltr'>inconsul-</span> 
     </span>
    </p>
   </div>
   <div class='ocr_carea' id='block_1_28' title="bbox 273 2481 1895 2557">
    <p class='ocr_par' dir='ltr' id='par_1_28' title="bbox 273 2481 1895 2557">
     <span class='ocr_line' id='line_1_28' title="bbox 273 2481 1895 2557; baseline -0.002 -19"><span class='ocrx_word' id='word_1_186' title='bbox 273 2486 337 2540; x_wconf 90' lang='lat' dir='ltr'>tis</span> <span class='ocrx_word' id='word_1_187' title='bbox 366 2484 587 2557; x_wconf 87' lang='lat' dir='ltr'>aliquid</span> <span class='ocrx_word' id='word_1_188' title='bbox 631 2499 799 2556; x_wconf 82' lang='lat' dir='ltr'>agere</span> <span class='ocrx_word' id='word_1_189' title='bbox 842 2489 1187 2555; x_wconf 90' lang='lat' dir='ltr'>prasumant.</span> <span class='ocrx_word' id='word_1_190' title='bbox 1222 2481 1343 2551; x_wconf 90' lang='lat' dir='ltr'>Qua</span> <span class='ocrx_word' id='word_1_191' title='bbox 1370 2483 1439 2537; x_wconf 91' lang='lat' dir='ltr'>de</span> <span class='ocrx_word' id='word_1_192' title='bbox 1469 2498 1530 2537; x_wconf 89' lang='lat' dir='ltr'>re</span> <span class='ocrx_word' id='word_1_193' title='bbox 1556 2482 1700 2547; x_wconf 91' lang='lat' dir='ltr'>dico,</span> <span class='ocrx_word' id='word_1_194' title='bbox 1734 2486 1895 2551; x_wconf 90' lang='lat' dir='ltr'>prout</span> 
     </span>
    </p>
   </div>
   <div class='ocr_carea' id='block_1_29' title="bbox 275 2567 1894 2645">
    <p class='ocr_par' dir='ltr' id='par_1_29' title="bbox 275 2567 1894 2645">
     <span class='ocr_line' id='line_1_29' title="bbox 275 2567 1894 2645; baseline -0.002 -18"><span class='ocrx_word' id='word_1_195' title='bbox 275 2582 471 2645; x_wconf 90' lang='lat' dir='ltr'>captus</span> <span class='ocrx_word' id='word_1_196' title='bbox 505 2572 675 2627; x_wconf 90' lang='lat' dir='ltr'>animi</span> <span class='ocrx_word' id='word_1_197' title='bbox 702 2571 810 2627; x_wconf 91' lang='lat' dir='ltr'>mei</span> <span class='ocrx_word' id='word_1_198' title='bbox 841 2572 1055 2637; x_wconf 90' lang='lat' dir='ltr'>retinet,</span> <span class='ocrx_word' id='word_1_199' title='bbox 1086 2587 1183 2627; x_wconf 92' lang='lat' dir='ltr'>eos</span> <span class='ocrx_word' id='word_1_200' title='bbox 1226 2570 1318 2643; x_wconf 89' lang='lat' dir='ltr'>qui</span> <span class='ocrx_word' id='word_1_201' title='bbox 1359 2570 1666 2641; x_wconf 87' lang='lat' dir='ltr'>putaverint</span> <span class='ocrx_word' id='word_1_202' title='bbox 1697 2567 1894 2640; x_wconf 89' lang='lat' dir='ltr'>spretis</span> 
     </span>
    </p>
   </div>
   <div class='ocr_carea' id='block_1_30' title="bbox 276 2656 1892 2727">
    <p class='ocr_par' dir='ltr' id='par_1_30' title="bbox 276 2656 1892 2727">
     <span class='ocr_line' id='line_1_30' title="bbox 276 2656 1892 2727; baseline -0.003 -15"><span class='ocrx_word' id='word_1_203' title='bbox 276 2658 581 2726; x_wconf 87' lang='lat' dir='ltr'>majoribus</span> <span class='ocrx_word' id='word_1_204' title='bbox 609 2656 813 2727; x_wconf 89' lang='lat' dir='ltr'>aliquid</span> <span class='ocrx_word' id='word_1_205' title='bbox 855 2656 1313 2727; x_wconf 84' lang='lat' dir='ltr'>prasumendum,</span> <span class='ocrx_word' id='word_1_206' title='bbox 1360 2661 1731 2726; x_wconf 89' lang='lat' dir='ltr'>competenter</span> <span class='ocrx_word' id='word_1_207' title='bbox 1767 2669 1892 2708; x_wconf 90' lang='lat' dir='ltr'>esse</span> 
     </span>
    </p>
   </div>
   <div class='ocr_carea' id='block_1_31' title="bbox 277 2743 1894 2814">
    <p class='ocr_par' dir='ltr' id='par_1_31' title="bbox 277 2743 1894 2814">
     <span class='ocr_line' id='line_1_31' title="bbox 277 2743 1894 2814; baseline -0.004 -13"><span class='ocrx_word' id='word_1_208' title='bbox 277 2747 340 2801; x_wconf 87' lang='lat' dir='ltr'>ab</span> <span class='ocrx_word' id='word_1_209' title='bbox 369 2746 528 2802; x_wconf 92' lang='lat' dir='ltr'>omni</span> <span class='ocrx_word' id='word_1_210' title='bbox 558 2744 793 2801; x_wconf 87' lang='lat' dir='ltr'>concilio</span> <span class='ocrx_word' id='word_1_211' title='bbox 842 2745 1198 2800; x_wconf 90' lang='lat' dir='ltr'>coercendos.</span> <span class='ocrx_word' id='word_1_212' title='bbox 1247 2743 1557 2814; x_wconf 89' lang='lat' dir='ltr'>Xantippus</span> <span class='ocrx_word' id='word_1_213' title='bbox 1602 2743 1894 2814; x_wconf 91' lang='lat' dir='ltr'>episcopus</span> 
     </span>
    </p>
   </div>
   <div class='ocr_carea' id='block_1_32' title="bbox 277 2828 1894 2905">
    <p class='ocr_par' dir='ltr' id='par_1_32' title="bbox 277 2828 1894 2905">
     <span class='ocr_line' id='line_1_32' title="bbox 277 2828 1894 2905; baseline -0.004 -15"><span class='ocrx_word' id='word_1_214' title='bbox 277 2835 473 2905; x_wconf 86' lang='lat' dir='ltr'>prima</span> <span class='ocrx_word' id='word_1_215' title='bbox 523 2834 676 2889; x_wconf 88' lang='lat' dir='ltr'>sedis</span> <span class='ocrx_word' id='word_1_216' title='bbox 720 2832 994 2888; x_wconf 86' lang='lat' dir='ltr'>Numidia</span> <span class='ocrx_word' id='word_1_217' title='bbox 1036 2832 1170 2887; x_wconf 84' lang='lat' dir='ltr'>dixit</span> <span class='ocrx_word' id='word_1_218' title='bbox 1203 2850 1216 2886; x_wconf 94' lang='lat'>:</span> <span class='ocrx_word' id='word_1_219' title='bbox 1252 2831 1469 2888; x_wconf 83' lang='lat' dir='ltr'>Audivit</span> <span class='ocrx_word' id='word_1_220' title='bbox 1497 2832 1740 2887; x_wconf 90' lang='lat' dir='ltr'>omnium</span> <span class='ocrx_word' id='word_1_221' title='bbox 1780 2828 1894 2885; x_wconf 87' lang='lat' dir='ltr'>fra-</span> 
     </span>
    </p>
   </div>
   <div class='ocr_carea' id='block_1_33' title="bbox 277 2920 1894 2995">
    <p class='ocr_par' dir='ltr' id='par_1_33' title="bbox 277 2920 1894 2995">
     <span class='ocr_line' id='line_1_33' title="bbox 277 2920 1894 2995; baseline -0.003 -17"><span class='ocrx_word' id='word_1_222' title='bbox 277 2932 418 2979; x_wconf 87' lang='lat' dir='ltr'>trum</span> <span class='ocrx_word' id='word_1_223' title='bbox 473 2922 774 2995; x_wconf 82' lang='lat' dir='ltr'>prasentia</span> <span class='ocrx_word' id='word_1_224' title='bbox 816 2921 1259 2992; x_wconf 90' lang='lat' dir='ltr'>prosecutionem</span> <span class='ocrx_word' id='word_1_225' title='bbox 1303 2920 1486 2977; x_wconf 82' lang='lat' dir='ltr'>fratris</span> <span class='ocrx_word' id='word_1_226' title='bbox 1516 2928 1569 2975; x_wconf 92' lang='lat' dir='ltr'>et</span> <span class='ocrx_word' id='word_1_227' title='bbox 1598 2935 1894 2977; x_wconf 89' lang='lat' dir='ltr'>consacer-</span> 
     </span>
    </p>
   </div>
   <div class='ocr_carea' id='block_1_34' title="bbox 275 3009 1893 3083">
    <p class='ocr_par' dir='ltr' id='par_1_34' title="bbox 275 3009 1893 3083">
     <span class='ocr_line' id='line_1_34' title="bbox 275 3009 1893 3083; baseline -0.002 -15"><span class='ocrx_word' id='word_1_228' title='bbox 275 3013 419 3069; x_wconf 86' lang='lat' dir='ltr'>dotis</span> <span class='ocrx_word' id='word_1_229' title='bbox 450 3012 630 3068; x_wconf 89' lang='lat' dir='ltr'>nostri</span> <span class='ocrx_word' id='word_1_230' title='bbox 659 3011 889 3076; x_wconf 81' lang='lat' dir='ltr'>Aurelii,</span> <span class='ocrx_word' id='word_1_231' title='bbox 922 3010 1050 3083; x_wconf 89' lang='lat' dir='ltr'>quid</span> <span class='ocrx_word' id='word_1_232' title='bbox 1073 3010 1141 3065; x_wconf 89' lang='lat' dir='ltr'>ad</span> <span class='ocrx_word' id='word_1_233' title='bbox 1161 3011 1278 3065; x_wconf 83' lang='lat' dir='ltr'>hac</span> <span class='ocrx_word' id='word_1_234' title='bbox 1307 3009 1680 3081; x_wconf 84' lang='lat' dir='ltr'>respondent?</span> <span class='ocrx_word' id='word_1_235' title='bbox 1710 3009 1893 3064; x_wconf 90' lang='lat' dir='ltr'>Datia-</span> 
     </span>
    </p>
   </div>
   <div class='ocr_carea' id='block_1_35' title="bbox 1978 433 3576 507">
    <p class='ocr_par' dir='ltr' id='par_1_35' title="bbox 1978 433 3576 507">
     <span class='ocr_line' id='line_1_35' title="bbox 1978 433 3576 507; baseline 0.001 -19"><span class='ocrx_word' id='word_1_236' title='bbox 1978 434 2195 489; x_wconf 87' lang='lat' dir='ltr'>ritatem</span> <span class='ocrx_word' id='word_1_237' title='bbox 2238 435 2544 503; x_wconf 86' lang='lat' dir='ltr'>tribuimus,</span> <span class='ocrx_word' id='word_1_238' title='bbox 2576 434 2702 507; x_wconf 87' lang='lat' dir='ltr'>quia</span> <span class='ocrx_word' id='word_1_239' title='bbox 2728 434 2799 490; x_wconf 91' lang='lat' dir='ltr'>ab</span> <span class='ocrx_word' id='word_1_240' title='bbox 2828 434 3063 506; x_wconf 89' lang='lat' dir='ltr'>antiquis</span> <span class='ocrx_word' id='word_1_241' title='bbox 3109 433 3576 506; x_wconf 86' lang='lat' dir='ltr'>pradecessorum</span> 
     </span>
    </p>
   </div>
   <div class='ocr_carea' id='block_1_36' title="bbox 1978 523 3578 596">
    <p class='ocr_par' dir='ltr' id='par_1_36' title="bbox 1978 523 3578 596">
     <span class='ocr_line' id='line_1_36' title="bbox 1978 523 3578 596; baseline 0.002 -19"><span class='ocrx_word' id='word_1_242' title='bbox 1978 539 2230 578; x_wconf 89' lang='lat' dir='ltr'>meorum</span> <span class='ocrx_word' id='word_1_243' title='bbox 2258 524 2596 595; x_wconf 89' lang='lat' dir='ltr'>temporibus</span> <span class='ocrx_word' id='word_1_244' title='bbox 2635 524 2863 595; x_wconf 89' lang='lat' dir='ltr'>pallium</span> <span class='ocrx_word' id='word_1_245' title='bbox 2907 523 3247 579; x_wconf 81' lang='lat' dir='ltr'>Arelatensis</span> <span class='ocrx_word' id='word_1_246' title='bbox 3290 523 3578 596; x_wconf 89' lang='lat' dir='ltr'>episcopus</span> 
     </span>
    </p>
   </div>
   <div class='ocr_carea' id='block_1_37' title="bbox 1981 612 3579 685">
    <p class='ocr_par' dir='ltr' id='par_1_37' title="bbox 1981 612 3579 685">
     <span class='ocr_line' id='line_1_37' title="bbox 1981 612 3579 685; baseline 0 -18"><span class='ocrx_word' id='word_1_247' title='bbox 1981 612 2209 684; x_wconf 90' lang='lat' dir='ltr'>accepit,</span> <span class='ocrx_word' id='word_1_248' title='bbox 2243 629 2405 684; x_wconf 87' lang='lat' dir='ltr'>quem</span> <span class='ocrx_word' id='word_1_249' title='bbox 2432 629 2534 669; x_wconf 90' lang='lat' dir='ltr'>nos</span> <span class='ocrx_word' id='word_1_250' title='bbox 2563 613 2778 684; x_wconf 87' lang='lat' dir='ltr'>privare</span> <span class='ocrx_word' id='word_1_251' title='bbox 2820 613 3145 670; x_wconf 89' lang='lat' dir='ltr'>auctoritate</span> <span class='ocrx_word' id='word_1_252' title='bbox 3184 621 3442 685; x_wconf 88' lang='lat' dir='ltr'>percepta</span> <span class='ocrx_word' id='word_1_253' title='bbox 3470 612 3579 667; x_wconf 85' lang='lat' dir='ltr'>mi-</span> 
     </span>
    </p>
   </div>
   <div class='ocr_carea' id='block_1_38' title="bbox 1980 700 3582 774">
    <p class='ocr_par' dir='ltr' id='par_1_38' title="bbox 1980 700 3582 774">
     <span class='ocr_line' id='line_1_38' title="bbox 1980 700 3582 774; baseline 0.002 -19"><span class='ocrx_word' id='word_1_254' title='bbox 1980 700 2125 757; x_wconf 88' lang='lat' dir='ltr'>nime</span> <span class='ocrx_word' id='word_1_255' title='bbox 2156 701 2438 757; x_wconf 91' lang='lat' dir='ltr'>debemus.</span> <span class='ocrx_word' id='word_1_256' title='bbox 2478 723 2500 751; x_wconf 72' lang='grc' dir='ltr'>ι</span> <span class='ocrx_word' id='word_1_257' title='bbox 2534 702 2605 756; x_wconf 88' lang='lat' dir='ltr'>Et</span> <span class='ocrx_word' id='word_1_258' title='bbox 2634 711 2756 773; x_wconf 90' lang='lat' dir='ltr'>post</span> <span class='ocrx_word' id='word_1_259' title='bbox 2783 702 3051 774; x_wconf 89' lang='lat' dir='ltr'>aliquanta</span> <span class='ocrx_word' id='word_1_260' title='bbox 3084 720 3098 755; x_wconf 90' lang='lat'><strong>:</strong></span> <span class='ocrx_word' id='word_1_261' title='bbox 3135 724 3158 753; x_wconf 74' lang='grc' dir='ltr'><strong>ε</strong></span> <span class='ocrx_word' id='word_1_262' title='bbox 3191 704 3314 773; x_wconf 84' lang='lat' dir='ltr'>Ipse</span> <span class='ocrx_word' id='word_1_263' title='bbox 3342 703 3582 761; x_wconf 89' lang='lat' dir='ltr'>auctori-</span> 
     </span>
    </p>
   </div>
   <div class='ocr_carea' id='block_1_39' title="bbox 1981 790 3584 866">
    <p class='ocr_par' dir='ltr' id='par_1_39' title="bbox 1981 790 3584 866">
     <span class='ocr_line' id='line_1_39' title="bbox 1981 790 3584 866; baseline 0.004 -22"><span class='ocrx_word' id='word_1_264' title='bbox 1981 798 2091 845; x_wconf 88' lang='lat' dir='ltr'>tate</span> <span class='ocrx_word' id='word_1_265' title='bbox 2121 790 2345 861; x_wconf 88' lang='lat' dir='ltr'>propria</span> <span class='ocrx_word' id='word_1_266' title='bbox 2374 791 2662 863; x_wconf 83' lang='lat' dir='ltr'>episcOpos</span> <span class='ocrx_word' id='word_1_267' title='bbox 2693 792 2991 847; x_wconf 87' lang='lat' dir='ltr'>Galliarum</span> <span class='ocrx_word' id='word_1_268' title='bbox 3012 794 3257 863; x_wconf 86' lang='lat' dir='ltr'>judicare</span> <span class='ocrx_word' id='word_1_269' title='bbox 3287 810 3397 850; x_wconf 91' lang='lat' dir='ltr'>non</span> <span class='ocrx_word' id='word_1_270' title='bbox 3423 802 3584 866; x_wconf 90' lang='lat' dir='ltr'>pote-</span> 
     </span>
    </p>
   </div>
   <div class='ocr_carea' id='block_1_40' title="bbox 1981 880 3584 956">
    <p class='ocr_par' dir='ltr' id='par_1_40' title="bbox 1981 880 3584 956">
     <span class='ocr_line' id='line_1_40' title="bbox 1981 880 3584 956; baseline 0.004 -22"><span class='ocrx_word' id='word_1_271' title='bbox 1981 880 2075 947; x_wconf 89' lang='lat' dir='ltr'>ris,</span> <span class='ocrx_word' id='word_1_272' title='bbox 2110 880 2209 935; x_wconf 92' lang='lat' dir='ltr'>sed</span> <span class='ocrx_word' id='word_1_273' title='bbox 2238 880 2538 943; x_wconf 87' lang='lat' dir='ltr'>suadendo,</span> <span class='ocrx_word' id='word_1_274' title='bbox 2571 880 2920 949; x_wconf 90' lang='lat' dir='ltr'>blandiendo,</span> <span class='ocrx_word' id='word_1_275' title='bbox 2966 882 3108 937; x_wconf 91' lang='lat' dir='ltr'>bona</span> <span class='ocrx_word' id='word_1_276' title='bbox 3150 899 3367 956; x_wconf 90' lang='lat' dir='ltr'>quoque</span> <span class='ocrx_word' id='word_1_277' title='bbox 3411 900 3584 955; x_wconf 89' lang='lat' dir='ltr'>opera</span> 
     </span>
    </p>
   </div>
   <div class='ocr_carea' id='block_1_41' title="bbox 1983 967 3585 1042">
    <p class='ocr_par' dir='ltr' id='par_1_41' title="bbox 1983 967 3585 1042">
     <span class='ocr_line' id='line_1_41' title="bbox 1983 967 3585 1042; baseline 0.003 -20"><span class='ocrx_word' id='word_1_278' title='bbox 1983 975 2076 1023; x_wconf 89' lang='lat' dir='ltr'>tua</span> <span class='ocrx_word' id='word_1_279' title='bbox 2107 967 2186 1023; x_wconf 91' lang='lat' dir='ltr'>eis</span> <span class='ocrx_word' id='word_1_280' title='bbox 2214 967 2476 1023; x_wconf 89' lang='lat' dir='ltr'>imitanda</span> <span class='ocrx_word' id='word_1_281' title='bbox 2520 970 2894 1037; x_wconf 89' lang='lat' dir='ltr'>monstrando,</span> <span class='ocrx_word' id='word_1_282' title='bbox 2940 987 3231 1042; x_wconf 89' lang='lat' dir='ltr'>pravorum</span> <span class='ocrx_word' id='word_1_283' title='bbox 3272 979 3484 1028; x_wconf 91' lang='lat' dir='ltr'>mentes</span> <span class='ocrx_word' id='word_1_284' title='bbox 3515 973 3585 1027; x_wconf 89' lang='lat' dir='ltr'>ad</span> 
     </span>
    </p>
   </div>
   <div class='ocr_carea' id='block_1_42' title="bbox 1985 1057 3584 1133">
    <p class='ocr_par' dir='ltr' id='par_1_42' title="bbox 1985 1057 3584 1133">
     <span class='ocr_line' id='line_1_42' title="bbox 1985 1057 3584 1133; baseline 0.003 -22"><span class='ocrx_word' id='word_1_285' title='bbox 1985 1057 2288 1113; x_wconf 87' lang='lat' dir='ltr'>sanctitatis</span> <span class='ocrx_word' id='word_1_286' title='bbox 2338 1057 2577 1111; x_wconf 90' lang='lat' dir='ltr'>studium</span> <span class='ocrx_word' id='word_1_287' title='bbox 2620 1058 2871 1125; x_wconf 86' lang='lat' dir='ltr'>reforma,</span> <span class='ocrx_word' id='word_1_288' title='bbox 2920 1060 3048 1131; x_wconf 87' lang='lat' dir='ltr'>quia</span> <span class='ocrx_word' id='word_1_289' title='bbox 3093 1061 3354 1133; x_wconf 91' lang='lat' dir='ltr'>scriptum</span> <span class='ocrx_word' id='word_1_290' title='bbox 3400 1070 3481 1117; x_wconf 91' lang='lat' dir='ltr'>est</span> <span class='ocrx_word' id='word_1_291' title='bbox 3529 1062 3584 1116; x_wconf 92' lang='lat' dir='ltr'>in</span> 
     </span>
    </p>
   </div>
   <div class='ocr_carea' id='block_1_43' title="bbox 1984 1145 3585 1219">
    <p class='ocr_par' dir='ltr' id='par_1_43' title="bbox 1984 1145 3585 1219">
     <span class='ocr_line' id='line_1_43' title="bbox 1984 1145 3585 1219; baseline 0.002 -18"><span class='ocrx_word' id='word_1_292' title='bbox 1984 1145 2109 1219; x_wconf 84' lang='lat' dir='ltr'>lege</span> <span class='ocrx_word' id='word_1_293' title='bbox 2138 1163 2151 1200; x_wconf 89' lang='lat'><strong>:</strong></span> <span class='ocrx_word' id='word_1_294' title='bbox 2186 1146 2288 1203; x_wconf 91' lang='lat' dir='ltr'>Per</span> <span class='ocrx_word' id='word_1_295' title='bbox 2313 1146 2550 1201; x_wconf 88' lang='lat' dir='ltr'>alienam</span> <span class='ocrx_word' id='word_1_296' title='bbox 2579 1163 2815 1202; x_wconf 88' lang='lat' dir='ltr'>messem</span> <span class='ocrx_word' id='word_1_297' title='bbox 2844 1148 3113 1203; x_wconf 90' lang='lat' dir='ltr'>transiens</span> <span class='ocrx_word' id='word_1_298' title='bbox 3142 1148 3338 1205; x_wconf 78' lang='lat' dir='ltr'>falcem</span> <span class='ocrx_word' id='word_1_299' title='bbox 3368 1149 3585 1205; x_wconf 89' lang='lat' dir='ltr'>mittere</span> 
     </span>
    </p>
   </div>
   <div class='ocr_carea' id='block_1_44' title="bbox 1986 1235 3587 1307">
    <p class='ocr_par' dir='ltr' id='par_1_44' title="bbox 1986 1235 3587 1307">
     <span class='ocr_line' id='line_1_44' title="bbox 1986 1235 3587 1307; baseline 0.003 -18"><span class='ocrx_word' id='word_1_300' title='bbox 1986 1250 2092 1289; x_wconf 91' lang='lat' dir='ltr'>non</span> <span class='ocrx_word' id='word_1_301' title='bbox 2141 1235 2329 1301; x_wconf 88' lang='lat' dir='ltr'>debes,</span> <span class='ocrx_word' id='word_1_302' title='bbox 2384 1235 2482 1290; x_wconf 83' lang='lat' dir='ltr'>sed</span> <span class='ocrx_word' id='word_1_303' title='bbox 2522 1250 2687 1289; x_wconf 89' lang='lat' dir='ltr'>manu</span> <span class='ocrx_word' id='word_1_304' title='bbox 2734 1235 2912 1307; x_wconf 91' lang='lat' dir='ltr'>spicas</span> <span class='ocrx_word' id='word_1_305' title='bbox 2959 1245 3242 1293; x_wconf 88' lang='lat' dir='ltr'>conterere</span> <span class='ocrx_word' id='word_1_306' title='bbox 3272 1246 3324 1294; x_wconf 92' lang='lat' dir='ltr'>et</span> <span class='ocrx_word' id='word_1_307' title='bbox 3352 1239 3587 1294; x_wconf 89' lang='lat' dir='ltr'>mandu-</span> 
     </span>
    </p>
   </div>
   <div class='ocr_carea' id='block_1_45' title="bbox 1986 1324 3585 1395">
    <p class='ocr_par' dir='ltr' id='par_1_45' title="bbox 1986 1324 3585 1395">
     <span class='ocr_line' id='line_1_45' title="bbox 1986 1324 3585 1395; baseline 0.003 -16"><span class='ocrx_word' id='word_1_308' title='bbox 1986 1338 2112 1379; x_wconf 87' lang='lat' dir='ltr'>care</span> <span class='ocrx_word' id='word_1_309' title='bbox 2141 1325 2329 1395; x_wconf 82' lang='lat' dir='ltr'>(Deut.</span> <span class='ocrx_word' id='word_1_310' title='bbox 2363 1339 2532 1390; x_wconf 63' lang='grc' dir='ltr'>χχιιι,</span> <span class='ocrx_word' id='word_1_311' title='bbox 2566 1324 2676 1395; x_wconf 79' lang='grc'>25).</span> <span class='ocrx_word' id='word_1_312' title='bbox 2712 1324 2929 1379; x_wconf 87' lang='lat' dir='ltr'>Falcem</span> <span class='ocrx_word' id='word_1_313' title='bbox 2960 1326 3104 1380; x_wconf 91' lang='lat' dir='ltr'>enim</span> <span class='ocrx_word' id='word_1_314' title='bbox 3141 1326 3329 1395; x_wconf 90' lang='lat' dir='ltr'>judicii</span> <span class='ocrx_word' id='word_1_315' title='bbox 3370 1327 3585 1385; x_wconf 90' lang='lat' dir='ltr'>mittere</span> 
     </span>
    </p>
   </div>
   <div class='ocr_carea' id='block_1_46' title="bbox 1985 1412 3588 1487">
    <p class='ocr_par' dir='ltr' id='par_1_46' title="bbox 1985 1412 3588 1487">
     <span class='ocr_line' id='line_1_46' title="bbox 1985 1412 3588 1487; baseline 0.004 -21"><span class='ocrx_word' id='word_1_316' title='bbox 1985 1428 2095 1467; x_wconf 90' lang='lat' dir='ltr'>non</span> <span class='ocrx_word' id='word_1_317' title='bbox 2124 1420 2281 1483; x_wconf 89' lang='lat' dir='ltr'>potes</span> <span class='ocrx_word' id='word_1_318' title='bbox 2309 1412 2365 1466; x_wconf 92' lang='lat' dir='ltr'>in</span> <span class='ocrx_word' id='word_1_319' title='bbox 2396 1429 2458 1467; x_wconf 88' lang='lat' dir='ltr'>ea</span> <span class='ocrx_word' id='word_1_320' title='bbox 2489 1421 2696 1487; x_wconf 83' lang='lat' dir='ltr'>segete,</span> <span class='ocrx_word' id='word_1_321' title='bbox 2722 1430 2843 1484; x_wconf 87' lang='lat' dir='ltr'>qua</span> <span class='ocrx_word' id='word_1_322' title='bbox 2863 1414 3018 1468; x_wconf 89' lang='lat' dir='ltr'>alteri</span> <span class='ocrx_word' id='word_1_323' title='bbox 3046 1414 3260 1469; x_wconf 89' lang='lat' dir='ltr'>videtur</span> <span class='ocrx_word' id='word_1_324' title='bbox 3288 1431 3410 1470; x_wconf 88' lang='lat' dir='ltr'>esse</span> <span class='ocrx_word' id='word_1_325' title='bbox 3439 1431 3588 1472; x_wconf 90' lang='lat' dir='ltr'>com-</span> 
     </span>
    </p>
   </div>
   <div class='ocr_carea' id='block_1_47' title="bbox 1986 1500 3588 1573">
    <p class='ocr_par' dir='ltr' id='par_1_47' title="bbox 1986 1500 3588 1573">
     <span class='ocr_line' id='line_1_47' title="bbox 1986 1500 3588 1573; baseline 0.004 -19"><span class='ocrx_word' id='word_1_326' title='bbox 1986 1501 2175 1570; x_wconf 89' lang='lat' dir='ltr'>missa,</span> <span class='ocrx_word' id='word_1_327' title='bbox 2207 1501 2304 1555; x_wconf 88' lang='lat' dir='ltr'>sed</span> <span class='ocrx_word' id='word_1_328' title='bbox 2335 1518 2431 1572; x_wconf 90' lang='lat' dir='ltr'>per</span> <span class='ocrx_word' id='word_1_329' title='bbox 2474 1500 2727 1557; x_wconf 67' lang='lat' dir='ltr'>effectum</span> <span class='ocrx_word' id='word_1_330' title='bbox 2776 1502 2905 1558; x_wconf 88' lang='lat' dir='ltr'>boni</span> <span class='ocrx_word' id='word_1_331' title='bbox 2950 1501 3130 1573; x_wconf 85' lang='lat' dir='ltr'>operis</span> <span class='ocrx_word' id='word_1_332' title='bbox 3178 1502 3442 1560; x_wconf 91' lang='lat' dir='ltr'>frumenta</span> <span class='ocrx_word' id='word_1_333' title='bbox 3472 1506 3588 1561; x_wconf 92' lang='lat' dir='ltr'>Do-</span> 
     </span>
    </p>
   </div>
   <div class='ocr_carea' id='block_1_48' title="bbox 1987 1589 3591 1664">
    <p class='ocr_par' dir='ltr' id='par_1_48' title="bbox 1987 1589 3591 1664">
     <span class='ocr_line' id='line_1_48' title="bbox 1987 1589 3591 1664; baseline 0.004 -21"><span class='ocrx_word' id='word_1_334' title='bbox 1987 1589 2184 1645; x_wconf 77' lang='lat' dir='ltr'>minica</span> <span class='ocrx_word' id='word_1_335' title='bbox 2211 1590 2467 1645; x_wconf 90' lang='lat' dir='ltr'>vitiorum</span> <span class='ocrx_word' id='word_1_336' title='bbox 2498 1607 2723 1646; x_wconf 89' lang='lat' dir='ltr'>suorum</span> <span class='ocrx_word' id='word_1_337' title='bbox 2751 1591 2924 1662; x_wconf 85' lang='lat' dir='ltr'>paleis</span> <span class='ocrx_word' id='word_1_338' title='bbox 2956 1592 3219 1664; x_wconf 88' lang='lat' dir='ltr'>exspolia,</span> <span class='ocrx_word' id='word_1_339' title='bbox 3253 1601 3305 1648; x_wconf 91' lang='lat' dir='ltr'>et</span> <span class='ocrx_word' id='word_1_340' title='bbox 3336 1595 3389 1647; x_wconf 91' lang='lat' dir='ltr'>in</span> <span class='ocrx_word' id='word_1_341' title='bbox 3409 1593 3591 1651; x_wconf 86' lang='lat' dir='ltr'>Eccle-</span> 
     </span>
    </p>
   </div>
   <div class='ocr_carea' id='block_1_49' title="bbox 1915 1678 3590 1767">
    <p class='ocr_par' dir='ltr' id='par_1_49' title="bbox 1915 1678 3590 1767">
     <span class='ocr_line' id='line_1_49' title="bbox 1915 1678 3590 1767; baseline 0.004 -35"><span class='ocrx_word' id='word_1_342' title='bbox 1915 1708 1968 1767; x_wconf 76' lang='grc' dir='ltr'>Β</span> <span class='ocrx_word' id='word_1_343' title='bbox 1990 1678 2084 1733; x_wconf 88' lang='lat' dir='ltr'>sia</span> <span class='ocrx_word' id='word_1_344' title='bbox 2105 1695 2301 1749; x_wconf 88' lang='lat' dir='ltr'>corpus</span> <span class='ocrx_word' id='word_1_345' title='bbox 2322 1680 2596 1735; x_wconf 89' lang='lat' dir='ltr'>monendo</span> <span class='ocrx_word' id='word_1_346' title='bbox 2617 1687 2670 1734; x_wconf 90' lang='lat' dir='ltr'>et</span> <span class='ocrx_word' id='word_1_347' title='bbox 2689 1681 3084 1751; x_wconf 89' lang='lat' dir='ltr'>persuadendo,</span> <span class='ocrx_word' id='word_1_348' title='bbox 3107 1681 3264 1753; x_wconf 90' lang='lat' dir='ltr'>quasi</span> <span class='ocrx_word' id='word_1_349' title='bbox 3280 1682 3590 1739; x_wconf 88' lang='lat' dir='ltr'>mandendo</span> 
     </span>
    </p>
   </div>
   <div class='ocr_carea' id='block_1_50' title="bbox 1991 1766 3589 1843">
    <p class='ocr_par' dir='ltr' id='par_1_50' title="bbox 1991 1766 3589 1843">
     <span class='ocr_line' id='line_1_50' title="bbox 1991 1766 3589 1843; baseline 0.003 -21"><span class='ocrx_word' id='word_1_350' title='bbox 1991 1776 2267 1823; x_wconf 87' lang='lat' dir='ltr'>converte.</span> <span class='ocrx_word' id='word_1_351' title='bbox 2315 1766 2474 1836; x_wconf 89' lang='lat' dir='ltr'>Quod</span> <span class='ocrx_word' id='word_1_352' title='bbox 2511 1784 2643 1823; x_wconf 86' lang='lat' dir='ltr'>vero</span> <span class='ocrx_word' id='word_1_353' title='bbox 2691 1786 2757 1823; x_wconf 85' lang='lat' dir='ltr'>ex</span> <span class='ocrx_word' id='word_1_354' title='bbox 2804 1770 3119 1825; x_wconf 87' lang='lat' dir='ltr'>auctoritate</span> <span class='ocrx_word' id='word_1_355' title='bbox 3161 1771 3436 1843; x_wconf 80' lang='lat' dir='ltr'>agendum</span> <span class='ocrx_word' id='word_1_356' title='bbox 3486 1780 3589 1839; x_wconf 88' lang='lat' dir='ltr'>est,</span> 
     </span>
    </p>
   </div>
   <div class='ocr_carea' id='block_1_51' title="bbox 1989 1856 3591 1931">
    <p class='ocr_par' dir='ltr' id='par_1_51' title="bbox 1989 1856 3591 1931">
     <span class='ocr_line' id='line_1_51' title="bbox 1989 1856 3591 1931; baseline 0.004 -20"><span class='ocrx_word' id='word_1_357' title='bbox 1989 1871 2111 1911; x_wconf 92' lang='lat' dir='ltr'>cum</span> <span class='ocrx_word' id='word_1_358' title='bbox 2139 1856 2396 1926; x_wconf 81' lang='lat' dir='ltr'>pradicto</span> <span class='ocrx_word' id='word_1_359' title='bbox 2444 1856 2754 1912; x_wconf 82' lang='lat' dir='ltr'>Arelatensi</span> <span class='ocrx_word' id='word_1_360' title='bbox 2802 1857 3058 1929; x_wconf 89' lang='lat' dir='ltr'>episcopo</span> <span class='ocrx_word' id='word_1_361' title='bbox 3104 1868 3317 1931; x_wconf 81' lang='lat' dir='ltr'>agatur,</span> <span class='ocrx_word' id='word_1_362' title='bbox 3350 1876 3418 1915; x_wconf 92' lang='lat' dir='ltr'>ne</span> <span class='ocrx_word' id='word_1_363' title='bbox 3446 1877 3591 1931; x_wconf 86' lang='lat' dir='ltr'>pra-</span> 
     </span>
    </p>
   </div>
   <div class='ocr_carea' id='block_1_52' title="bbox 1988 1944 3592 2019">
    <p class='ocr_par' dir='ltr' id='par_1_52' title="bbox 1988 1944 3592 2019">
     <span class='ocr_line' id='line_1_52' title="bbox 1988 1944 3592 2019; baseline 0.004 -20"><span class='ocrx_word' id='word_1_364' title='bbox 1988 1944 2213 2000; x_wconf 90' lang='lat' dir='ltr'>termitti</span> <span class='ocrx_word' id='word_1_365' title='bbox 2242 1946 2413 2016; x_wconf 91' lang='lat' dir='ltr'>possit</span> <span class='ocrx_word' id='word_1_366' title='bbox 2457 1946 2562 2002; x_wconf 90' lang='lat' dir='ltr'>hoc</span> <span class='ocrx_word' id='word_1_367' title='bbox 2612 1947 2757 2018; x_wconf 91' lang='lat' dir='ltr'>quod</span> <span class='ocrx_word' id='word_1_368' title='bbox 2805 1948 3029 2019; x_wconf 90' lang='lat' dir='ltr'>antiqua</span> <span class='ocrx_word' id='word_1_369' title='bbox 3070 1948 3290 2003; x_wconf 87' lang='lat' dir='ltr'>Patrum</span> <span class='ocrx_word' id='word_1_370' title='bbox 3333 1949 3592 2005; x_wconf 88' lang='lat' dir='ltr'>institutio</span> 
     </span>
    </p>
   </div>
   <div class='ocr_carea' id='block_1_53' title="bbox 1990 2032 2275 2089">
    <p class='ocr_par' dir='ltr' id='par_1_53' title="bbox 1990 2032 2275 2089">
     <span class='ocr_line' id='line_1_53' title="bbox 1990 2032 2275 2089; baseline 0 -1"><span class='ocrx_word' id='word_1_371' title='bbox 1990 2032 2213 2089; x_wconf 89' lang='lat' dir='ltr'>invenit.</span> <span class='ocrx_word' id='word_1_372' title='bbox 2254 2058 2275 2079; x_wconf 75' lang='grc' dir='ltr'>ι</span> 
     </span>
    </p>
   </div>
   <div class='ocr_carea' id='block_1_54' title="bbox 2061 2122 3592 2198">
    <p class='ocr_par' dir='ltr' id='par_1_54' title="bbox 2061 2122 3592 2198">
     <span class='ocr_line' id='line_1_54' title="bbox 2061 2122 3592 2198; baseline 0.002 -20"><span class='ocrx_word' id='word_1_373' title='bbox 2061 2122 2206 2178; x_wconf 82' lang='grc' dir='ltr'>Χνι.</span> <span class='ocrx_word' id='word_1_374' title='bbox 2241 2122 2307 2178; x_wconf 91' lang='lat' dir='ltr'>Et</span> <span class='ocrx_word' id='word_1_375' title='bbox 2338 2124 2483 2194; x_wconf 92' lang='lat' dir='ltr'>quod</span> <span class='ocrx_word' id='word_1_376' title='bbox 2513 2123 2581 2178; x_wconf 91' lang='lat' dir='ltr'>de</span> <span class='ocrx_word' id='word_1_377' title='bbox 2612 2140 2720 2179; x_wconf 91' lang='lat' dir='ltr'>uno</span> <span class='ocrx_word' id='word_1_378' title='bbox 2746 2126 2850 2180; x_wconf 84' lang='lat' dir='ltr'>hoc</span> <span class='ocrx_word' id='word_1_379' title='bbox 2888 2124 3116 2195; x_wconf 89' lang='lat' dir='ltr'>primate</span> <span class='ocrx_word' id='word_1_380' title='bbox 3160 2125 3464 2193; x_wconf 91' lang='lat' dir='ltr'>Gallicano,</span> <span class='ocrx_word' id='word_1_381' title='bbox 3498 2125 3592 2198; x_wconf 91' lang='lat' dir='ltr'>qui</span> 
     </span>
    </p>
   </div>
   <div class='ocr_carea' id='block_1_55' title="bbox 1991 2211 3594 2285">
    <p class='ocr_par' dir='ltr' id='par_1_55' title="bbox 1991 2211 3594 2285">
     <span class='ocr_line' id='line_1_55' title="bbox 1991 2211 3594 2285; baseline 0.002 -20"><span class='ocrx_word' id='word_1_382' title='bbox 1991 2226 2023 2265; x_wconf 90' lang='lat' dir='ltr'>a</span> <span class='ocrx_word' id='word_1_383' title='bbox 2053 2211 2183 2266; x_wconf 88' lang='lat' dir='ltr'>sede</span> <span class='ocrx_word' id='word_1_384' title='bbox 2235 2212 2531 2283; x_wconf 91' lang='lat' dir='ltr'>apostolica</span> <span class='ocrx_word' id='word_1_385' title='bbox 2576 2212 2799 2283; x_wconf 89' lang='lat' dir='ltr'>pallium</span> <span class='ocrx_word' id='word_1_386' title='bbox 2846 2221 3154 2285; x_wconf 89' lang='lat' dir='ltr'>acceperat,</span> <span class='ocrx_word' id='word_1_387' title='bbox 3202 2214 3354 2280; x_wconf 89' lang='lat' dir='ltr'>dixit,</span> <span class='ocrx_word' id='word_1_388' title='bbox 3404 2215 3510 2270; x_wconf 88' lang='lat' dir='ltr'>hoc</span> <span class='ocrx_word' id='word_1_389' title='bbox 3541 2223 3594 2270; x_wconf 86' lang='lat' dir='ltr'>et</span> 
     </span>
    </p>
   </div>
   <div class='ocr_carea' id='block_1_56' title="bbox 1991 2296 3592 2374">
    <p class='ocr_par' dir='ltr' id='par_1_56' title="bbox 1991 2296 3592 2374">
     <span class='ocr_line' id='line_1_56' title="bbox 1991 2296 3592 2374; baseline 0.003 -20"><span class='ocrx_word' id='word_1_390' title='bbox 1991 2296 2060 2356; x_wconf 81' lang='lat' dir='ltr'>de</span> <span class='ocrx_word' id='word_1_391' title='bbox 2090 2299 2313 2372; x_wconf 90' lang='lat' dir='ltr'>reliquis</span> <span class='ocrx_word' id='word_1_392' title='bbox 2345 2300 2751 2357; x_wconf 89' lang='lat' dir='ltr'>Gallicanorum</span> <span class='ocrx_word' id='word_1_393' title='bbox 2782 2311 2835 2357; x_wconf 91' lang='lat' dir='ltr'>et</span> <span class='ocrx_word' id='word_1_394' title='bbox 2864 2302 3208 2374; x_wconf 84' lang='lat' dir='ltr'>Belgicorum</span> <span class='ocrx_word' id='word_1_395' title='bbox 3238 2311 3399 2374; x_wconf 90' lang='lat' dir='ltr'>atque</span> <span class='ocrx_word' id='word_1_396' title='bbox 3446 2304 3592 2359; x_wconf 90' lang='lat' dir='ltr'>Ger-</span> 
     </span>
    </p>
   </div>
   <div class='ocr_carea' id='block_1_57' title="bbox 1991 2389 3591 2464">
    <p class='ocr_par' dir='ltr' id='par_1_57' title="bbox 1991 2389 3591 2464">
     <span class='ocr_line' id='line_1_57' title="bbox 1991 2389 3591 2464; baseline 0.003 -20"><span class='ocrx_word' id='word_1_397' title='bbox 1991 2389 2330 2445; x_wconf 89' lang='lat' dir='ltr'>manicorum</span> <span class='ocrx_word' id='word_1_398' title='bbox 2395 2390 2714 2461; x_wconf 88' lang='lat' dir='ltr'>primatibus</span> <span class='ocrx_word' id='word_1_399' title='bbox 2771 2400 2853 2447; x_wconf 86' lang='lat' dir='ltr'>est</span> <span class='ocrx_word' id='word_1_400' title='bbox 2906 2391 3091 2463; x_wconf 89' lang='lat' dir='ltr'>utique</span> <span class='ocrx_word' id='word_1_401' title='bbox 3157 2391 3591 2464; x_wconf 88' lang='lat' dir='ltr'>intelligendum.</span> 
     </span>
    </p>
   </div>
   <div class='ocr_carea' id='block_1_58' title="bbox 1991 2477 3594 2552">
    <p class='ocr_par' dir='ltr' id='par_1_58' title="bbox 1991 2477 3594 2552">
     <span class='ocr_line' id='line_1_58' title="bbox 1991 2477 3594 2552; baseline 0.002 -20"><span class='ocrx_word' id='word_1_402' title='bbox 1991 2477 2140 2533; x_wconf 88' lang='lat' dir='ltr'>Inter</span> <span class='ocrx_word' id='word_1_403' title='bbox 2169 2494 2327 2549; x_wconf 91' lang='lat' dir='ltr'>quos,</span> <span class='ocrx_word' id='word_1_404' title='bbox 2378 2479 2519 2535; x_wconf 87' lang='lat' dir='ltr'>sicut</span> <span class='ocrx_word' id='word_1_405' title='bbox 2567 2487 2620 2533; x_wconf 92' lang='lat' dir='ltr'>et</span> <span class='ocrx_word' id='word_1_406' title='bbox 2662 2479 2804 2534; x_wconf 84' lang='lat' dir='ltr'>inter</span> <span class='ocrx_word' id='word_1_407' title='bbox 2849 2479 3088 2551; x_wconf 90' lang='lat' dir='ltr'>reliquos</span> <span class='ocrx_word' id='word_1_408' title='bbox 3137 2480 3444 2552; x_wconf 89' lang='lat' dir='ltr'>episcopos,</span> <span class='ocrx_word' id='word_1_409' title='bbox 3477 2482 3594 2537; x_wconf 87' lang='lat' dir='ltr'>hac</span> 
     </span>
    </p>
   </div>
   <div class='ocr_carea' id='block_1_59' title="bbox 1991 2566 3595 2640">
    <p class='ocr_par' dir='ltr' id='par_1_59' title="bbox 1991 2566 3595 2640">
     <span class='ocr_line' id='line_1_59' title="bbox 1991 2566 3595 2640; baseline 0.001 -18"><span class='ocrx_word' id='word_1_410' title='bbox 1991 2566 2229 2622; x_wconf 87' lang='lat' dir='ltr'>conditio</span> <span class='ocrx_word' id='word_1_411' title='bbox 2271 2568 2540 2638; x_wconf 83' lang='lat' dir='ltr'>regularis</span> <span class='ocrx_word' id='word_1_412' title='bbox 2570 2577 2836 2637; x_wconf 89' lang='lat' dir='ltr'>servatur,</span> <span class='ocrx_word' id='word_1_413' title='bbox 2871 2577 2929 2623; x_wconf 90' lang='lat' dir='ltr'>ut</span> <span class='ocrx_word' id='word_1_414' title='bbox 2959 2569 3050 2640; x_wconf 91' lang='lat' dir='ltr'>qui</span> <span class='ocrx_word' id='word_1_415' title='bbox 3096 2569 3250 2640; x_wconf 90' lang='lat' dir='ltr'>prius</span> <span class='ocrx_word' id='word_1_416' title='bbox 3298 2568 3454 2625; x_wconf 86' lang='lat' dir='ltr'>fuerit</span> <span class='ocrx_word' id='word_1_417' title='bbox 3502 2586 3595 2626; x_wconf 90' lang='lat' dir='ltr'>or-</span> 
     </span>
    </p>
   </div>
   <div class='ocr_carea' id='block_1_60' title="bbox 1993 2655 3593 2731">
    <p class='ocr_par' dir='ltr' id='par_1_60' title="bbox 1993 2655 3593 2731">
     <span class='ocr_line' id='line_1_60' title="bbox 1993 2655 3593 2731; baseline 0.003 -22"><span class='ocrx_word' id='word_1_418' title='bbox 1993 2655 2228 2721; x_wconf 88' lang='lat' dir='ltr'>dinatus,</span> <span class='ocrx_word' id='word_1_419' title='bbox 2272 2657 2417 2726; x_wconf 90' lang='lat' dir='ltr'>prior</span> <span class='ocrx_word' id='word_1_420' title='bbox 2458 2657 2741 2726; x_wconf 86' lang='lat' dir='ltr'>habeatur,</span> <span class='ocrx_word' id='word_1_421' title='bbox 2793 2657 2937 2712; x_wconf 88' lang='lat' dir='ltr'>velut</span> <span class='ocrx_word' id='word_1_422' title='bbox 2985 2658 3128 2713; x_wconf 88' lang='lat' dir='ltr'>idem</span> <span class='ocrx_word' id='word_1_423' title='bbox 3177 2658 3233 2713; x_wconf 92' lang='lat' dir='ltr'>S.</span> <span class='ocrx_word' id='word_1_424' title='bbox 3287 2658 3593 2731; x_wconf 82' lang='lat' dir='ltr'>Gregorius</span> 
     </span>
    </p>
   </div>
   <div class='ocr_carea' id='block_1_61' title="bbox 1992 2743 3595 2818">
    <p class='ocr_par' dir='ltr' id='par_1_61' title="bbox 1992 2743 3595 2818">
     <span class='ocr_line' id='line_1_61' title="bbox 1992 2743 3595 2818; baseline 0.003 -21"><span class='ocrx_word' id='word_1_425' title='bbox 1992 2743 2048 2797; x_wconf 91' lang='lat' dir='ltr'>in</span> <span class='ocrx_word' id='word_1_426' title='bbox 2077 2744 2178 2797; x_wconf 91' lang='lat' dir='ltr'>alia</span> <span class='ocrx_word' id='word_1_427' title='bbox 2223 2743 2453 2814; x_wconf 88' lang='lat' dir='ltr'>epistola</span> <span class='ocrx_word' id='word_1_428' title='bbox 2500 2744 2567 2799; x_wconf 92' lang='lat' dir='ltr'>ad</span> <span class='ocrx_word' id='word_1_429' title='bbox 2610 2744 2894 2816; x_wconf 87' lang='lat' dir='ltr'>prafatum</span> <span class='ocrx_word' id='word_1_430' title='bbox 2943 2745 3304 2818; x_wconf 81' lang='lat' dir='ltr'>Augustinum</span> <span class='ocrx_word' id='word_1_431' title='bbox 3348 2755 3595 2818; x_wconf 89' lang='lat' dir='ltr'>patenter</span> 
     </span>
    </p>
   </div>
   <div class='ocr_carea' id='block_1_62' title="bbox 1993 2832 3597 2905">
    <p class='ocr_par' dir='ltr' id='par_1_62' title="bbox 1993 2832 3597 2905">
     <span class='ocr_line' id='line_1_62' title="bbox 1993 2832 3597 2905; baseline 0.002 -18"><span class='ocrx_word' id='word_1_432' title='bbox 1993 2832 2246 2887; x_wconf 90' lang='lat' dir='ltr'>ostendit.</span> <span class='ocrx_word' id='word_1_433' title='bbox 2280 2833 2359 2889; x_wconf 91' lang='lat' dir='ltr'>De</span> <span class='ocrx_word' id='word_1_434' title='bbox 2387 2833 2583 2905; x_wconf 91' lang='lat' dir='ltr'>quibus</span> <span class='ocrx_word' id='word_1_435' title='bbox 2613 2834 2937 2905; x_wconf 87' lang='lat' dir='ltr'>primatibus</span> <span class='ocrx_word' id='word_1_436' title='bbox 2985 2834 3152 2890; x_wconf 91' lang='lat' dir='ltr'>iidem</span> <span class='ocrx_word' id='word_1_437' title='bbox 3183 2835 3326 2890; x_wconf 87' lang='lat' dir='ltr'>sacri</span> <span class='ocrx_word' id='word_1_438' title='bbox 3356 2851 3597 2893; x_wconf 88' lang='lat' dir='ltr'>canones</span> 
     </span>
    </p>
   </div>
   <div class='ocr_carea' id='block_1_63' title="bbox 1993 2920 3597 2997">
    <p class='ocr_par' dir='ltr' id='par_1_63' title="bbox 1993 2920 3597 2997">
     <span class='ocr_line' id='line_1_63' title="bbox 1993 2920 3597 2997; baseline 0.004 -23"><span class='ocrx_word' id='word_1_439' title='bbox 1993 2920 2195 2989; x_wconf 90' lang='lat' dir='ltr'>dicunt,</span> <span class='ocrx_word' id='word_1_440' title='bbox 2229 2929 2286 2976; x_wconf 91' lang='lat' dir='ltr'>ut</span> <span class='ocrx_word' id='word_1_441' title='bbox 2316 2922 2564 2995; x_wconf 89' lang='lat' dir='ltr'>quisquis</span> <span class='ocrx_word' id='word_1_442' title='bbox 2612 2922 2994 2995; x_wconf 89' lang='lat' dir='ltr'>episcoporum</span> <span class='ocrx_word' id='word_1_443' title='bbox 3042 2931 3348 2990; x_wconf 88' lang='lat' dir='ltr'>accusatur,</span> <span class='ocrx_word' id='word_1_444' title='bbox 3380 2924 3447 2979; x_wconf 90' lang='lat' dir='ltr'>ad</span> <span class='ocrx_word' id='word_1_445' title='bbox 3474 2924 3597 2997; x_wconf 91' lang='lat' dir='ltr'>pri-</span> 
     </span>
    </p>
   </div>
   <div class='ocr_carea' id='block_1_64' title="bbox 1992 3011 3593 3082">
    <p class='ocr_par' dir='ltr' id='par_1_64' title="bbox 1992 3011 3593 3082">
     <span class='ocr_line' id='line_1_64' title="bbox 1992 3011 3593 3082; baseline 0.003 -18"><span class='ocrx_word' id='word_1_446' title='bbox 1992 3017 2191 3064; x_wconf 90' lang='lat' dir='ltr'>matem</span> <span class='ocrx_word' id='word_1_447' title='bbox 2221 3011 2516 3081; x_wconf 89' lang='lat' dir='ltr'>provincia</span> <span class='ocrx_word' id='word_1_448' title='bbox 2545 3011 2716 3082; x_wconf 90' lang='lat' dir='ltr'>ipsius</span> <span class='ocrx_word' id='word_1_449' title='bbox 2766 3027 2988 3067; x_wconf 84' lang='lat' dir='ltr'>causam</span> <span class='ocrx_word' id='word_1_450' title='bbox 3032 3011 3241 3068; x_wconf 87' lang='lat' dir='ltr'>deferat</span> <span class='ocrx_word' id='word_1_451' title='bbox 3284 3023 3593 3070; x_wconf 87' lang='lat' dir='ltr'>accusator.</span> 
     </span>
    </p>
   </div>
   <div class='ocr_carea' id='block_1_65' title="bbox 275 3073 3598 3173">
    <p class='ocr_par' dir='ltr' id='par_1_65' title="bbox 275 3073 3598 3173">
     <span class='ocr_line' id='line_1_65' title="bbox 275 3073 3598 3173; baseline 0 -16"><span class='ocrx_word' id='word_1_452' title='bbox 275 3119 375 3157; x_wconf 89' lang='lat' dir='ltr'>nus</span> <span class='ocrx_word' id='word_1_453' title='bbox 425 3102 727 3173; x_wconf 88' lang='lat' dir='ltr'>episcopus</span> <span class='ocrx_word' id='word_1_454' title='bbox 772 3073 908 3155; x_wconf 85' lang='lat' dir='ltr'>dixit</span> <span class='ocrx_word' id='word_1_455' title='bbox 940 3073 1121 3168; x_wconf 85' lang='lat' dir='ltr'>Qua</span> <span class='ocrx_word' id='word_1_456' title='bbox 1166 3073 1434 3167; x_wconf 81' lang='lat' dir='ltr'>majorum</span> <span class='ocrx_word' id='word_1_457' title='bbox 1476 3098 1717 3154; x_wconf 86' lang='lat' dir='ltr'>decrevit</span> <span class='ocrx_word' id='word_1_458' title='bbox 1760 3114 1892 3153; x_wconf 91' lang='lat' dir='ltr'>sen-</span> <span class='ocrx_word' id='word_1_459' title='bbox 1924 3073 2065 3153; x_wconf 80' lang='lat' dir='ltr'>CEt</span> <span class='ocrx_word' id='word_1_460' title='bbox 2095 3098 2187 3170; x_wconf 88' lang='lat' dir='ltr'>qui</span> <span class='ocrx_word' id='word_1_461' title='bbox 2217 3073 2629 3170; x_wconf 75' lang='lat' dir='ltr'>provocandum</span> <span class='ocrx_word' id='word_1_462' title='bbox 2670 3101 2996 3171; x_wconf 87' lang='lat' dir='ltr'>putaverint,</span> <span class='ocrx_word' id='word_1_463' title='bbox 3046 3102 3116 3155; x_wconf 89' lang='lat' dir='ltr'>ad</span> <span class='ocrx_word' id='word_1_464' title='bbox 3160 3102 3415 3172; x_wconf 88' lang='lat' dir='ltr'>primates</span> <span class='ocrx_word' id='word_1_465' title='bbox 3464 3118 3598 3158; x_wconf 86' lang='lat' dir='ltr'>sua-</span> 
     </span>
    </p>
   </div>
   <div class='ocr_carea' id='block_1_66' title="bbox 278 3187 1893 3259">
    <p class='ocr_par' dir='ltr' id='par_1_66' title="bbox 278 3187 1893 3259">
     <span class='ocr_line' id='line_1_66' title="bbox 278 3187 1893 3259; baseline -0.002 -13"><span class='ocrx_word' id='word_1_466' title='bbox 278 3191 441 3246; x_wconf 84' lang='lat' dir='ltr'>tentia</span> <span class='ocrx_word' id='word_1_467' title='bbox 470 3197 663 3245; x_wconf 89' lang='lat' dir='ltr'>nostro</span> <span class='ocrx_word' id='word_1_468' title='bbox 707 3188 959 3244; x_wconf 90' lang='lat' dir='ltr'>assensui</span> <span class='ocrx_word' id='word_1_469' title='bbox 999 3187 1475 3258; x_wconf 85' lang='lat' dir='ltr'>mancipabuntur,</span> <span class='ocrx_word' id='word_1_470' title='bbox 1507 3195 1563 3241; x_wconf 91' lang='lat' dir='ltr'>ut</span> <span class='ocrx_word' id='word_1_471' title='bbox 1594 3203 1716 3259; x_wconf 87' lang='lat' dir='ltr'>qua</span> <span class='ocrx_word' id='word_1_472' title='bbox 1744 3202 1893 3258; x_wconf 88' lang='lat' dir='ltr'>pra-</span> 
     </span>
    </p>
   </div>
   <div class='ocr_carea' id='block_1_67' title="bbox 280 3275 1893 3349">
    <p class='ocr_par' dir='ltr' id='par_1_67' title="bbox 280 3275 1893 3349">
     <span class='ocr_line' id='line_1_67' title="bbox 280 3275 1893 3349; baseline -0.003 -14"><span class='ocrx_word' id='word_1_473' title='bbox 280 3280 573 3335; x_wconf 89' lang='lat' dir='ltr'>teritorum</span> <span class='ocrx_word' id='word_1_474' title='bbox 596 3278 948 3334; x_wconf 89' lang='lat' dir='ltr'>conciliorum</span> <span class='ocrx_word' id='word_1_475' title='bbox 970 3277 1151 3349; x_wconf 82' lang='lat' dir='ltr'>gentis</span> <span class='ocrx_word' id='word_1_476' title='bbox 1172 3284 1423 3331; x_wconf 89' lang='lat' dir='ltr'>tenentur</span> <span class='ocrx_word' id='word_1_477' title='bbox 1442 3275 1893 3348; x_wconf 87' lang='lat' dir='ltr'>Carthaginensis</span> 
     </span>
    </p>
   </div>
   <div class='ocr_carea' id='block_1_68' title="bbox 280 3363 1895 3435">
    <p class='ocr_par' dir='ltr' id='par_1_68' title="bbox 280 3363 1895 3435">
     <span class='ocr_line' id='line_1_68' title="bbox 280 3363 1895 3435; baseline -0.002 -11"><span class='ocrx_word' id='word_1_478' title='bbox 280 3368 547 3425; x_wconf 85' lang='lat' dir='ltr'>Ecclesia</span> <span class='ocrx_word' id='word_1_479' title='bbox 576 3375 762 3422; x_wconf 87' lang='lat' dir='ltr'>nostra</span> <span class='ocrx_word' id='word_1_480' title='bbox 792 3366 1113 3421; x_wconf 87' lang='lat' dir='ltr'>assensione</span> <span class='ocrx_word' id='word_1_481' title='bbox 1141 3365 1303 3435; x_wconf 89' lang='lat' dir='ltr'>plene</span> <span class='ocrx_word' id='word_1_482' title='bbox 1330 3364 1475 3435; x_wconf 88' lang='lat' dir='ltr'>apud</span> <span class='ocrx_word' id='word_1_483' title='bbox 1503 3380 1694 3419; x_wconf 90' lang='lat' dir='ltr'>omnes</span> <span class='ocrx_word' id='word_1_484' title='bbox 1735 3363 1895 3420; x_wconf 83' lang='lat' dir='ltr'>firma</span> 
     </span>
    </p>
   </div>
   <div class='ocr_carea' id='block_1_69' title="bbox 279 3452 1895 3526">
    <p class='ocr_par' dir='ltr' id='par_1_69' title="bbox 279 3452 1895 3526">
     <span class='ocr_line' id='line_1_69' title="bbox 279 3452 1895 3526; baseline -0.002 -16"><span class='ocrx_word' id='word_1_485' title='bbox 279 3465 596 3513; x_wconf 86' lang='lat' dir='ltr'>teneantur.</span> <span class='ocrx_word' id='word_1_486' title='bbox 651 3454 903 3511; x_wconf 89' lang='lat' dir='ltr'>Universi</span> <span class='ocrx_word' id='word_1_487' title='bbox 947 3453 1190 3526; x_wconf 85' lang='lat' dir='ltr'>episcOpi</span> <span class='ocrx_word' id='word_1_488' title='bbox 1227 3453 1480 3508; x_wconf 83' lang='lat' dir='ltr'>dixerunt</span> <span class='ocrx_word' id='word_1_489' title='bbox 1514 3452 1646 3508; x_wconf 86' lang='lat' dir='ltr'>:Hic</span> <span class='ocrx_word' id='word_1_490' title='bbox 1675 3453 1812 3517; x_wconf 86' lang='lat' dir='ltr'>ordo</span> <span class='ocrx_word' id='word_1_491' title='bbox 1841 3460 1895 3508; x_wconf 91' lang='lat' dir='ltr'>et</span> 
     </span>
    </p>
   </div>
   <div class='ocr_carea' id='block_1_70' title="bbox 279 3540 1895 3611">
    <p class='ocr_par' dir='ltr' id='par_1_70' title="bbox 279 3540 1895 3611">
     <span class='ocr_line' id='line_1_70' title="bbox 279 3540 1895 3611; baseline -0.001 -13"><span class='ocrx_word' id='word_1_492' title='bbox 279 3559 309 3598; x_wconf 87' lang='lat' dir='ltr'>a</span> <span class='ocrx_word' id='word_1_493' title='bbox 356 3545 620 3600; x_wconf 87' lang='lat' dir='ltr'>Patribus</span> <span class='ocrx_word' id='word_1_494' title='bbox 664 3552 716 3599; x_wconf 89' lang='lat' dir='ltr'>et</span> <span class='ocrx_word' id='word_1_495' title='bbox 745 3558 779 3597; x_wconf 90' lang='lat' dir='ltr'>a</span> <span class='ocrx_word' id='word_1_496' title='bbox 808 3542 1104 3611; x_wconf 89' lang='lat' dir='ltr'>majoribus</span> <span class='ocrx_word' id='word_1_497' title='bbox 1149 3549 1400 3597; x_wconf 91' lang='lat' dir='ltr'>servatus</span> <span class='ocrx_word' id='word_1_498' title='bbox 1446 3548 1547 3608; x_wconf 90' lang='lat' dir='ltr'>est,</span> <span class='ocrx_word' id='word_1_499' title='bbox 1595 3549 1647 3596; x_wconf 93' lang='lat' dir='ltr'>et</span> <span class='ocrx_word' id='word_1_500' title='bbox 1674 3556 1707 3596; x_wconf 88' lang='lat' dir='ltr'>a</span> <span class='ocrx_word' id='word_1_501' title='bbox 1736 3540 1895 3597; x_wconf 88' lang='lat' dir='ltr'>nobis</span> 
     </span>
    </p>
   </div>
   <div class='ocr_carea' id='block_1_71' title="bbox 280 3629 1895 3704">
    <p class='ocr_par' dir='ltr' id='par_1_71' title="bbox 280 3629 1895 3704">
     <span class='ocr_line' id='line_1_71' title="bbox 280 3629 1895 3704; baseline -0.002 -15"><span class='ocrx_word' id='word_1_502' title='bbox 280 3634 394 3689; x_wconf 88' lang='lat' dir='ltr'>Deo</span> <span class='ocrx_word' id='word_1_503' title='bbox 425 3632 670 3704; x_wconf 82' lang='lat' dir='ltr'>prapitio</span> <span class='ocrx_word' id='word_1_504' title='bbox 715 3630 1038 3699; x_wconf 89' lang='lat' dir='ltr'>servabitur,</span> <span class='ocrx_word' id='word_1_505' title='bbox 1089 3629 1243 3685; x_wconf 87' lang='lat' dir='ltr'>salvo</span> <span class='ocrx_word' id='word_1_506' title='bbox 1289 3630 1450 3685; x_wconf 88' lang='lat' dir='ltr'>etiam</span> <span class='ocrx_word' id='word_1_507' title='bbox 1475 3629 1597 3698; x_wconf 87' lang='lat' dir='ltr'>jure</span> <span class='ocrx_word' id='word_1_508' title='bbox 1627 3630 1895 3702; x_wconf 90' lang='lat' dir='ltr'>primatus</span> 
     </span>
    </p>
   </div>
   <div class='ocr_carea' id='block_1_72' title="bbox 278 3718 1089 3777">
    <p class='ocr_par' dir='ltr' id='par_1_72' title="bbox 278 3718 1089 3777">
     <span class='ocr_line' id='line_1_72' title="bbox 278 3718 1089 3777; baseline -0.012 0"><span class='ocrx_word' id='word_1_509' title='bbox 278 3721 558 3777; x_wconf 79' lang='lat' dir='ltr'>Numidia</span> <span class='ocrx_word' id='word_1_510' title='bbox 589 3729 644 3775; x_wconf 89' lang='lat' dir='ltr'>et</span> <span class='ocrx_word' id='word_1_511' title='bbox 674 3718 1029 3775; x_wconf 81' lang='lat' dir='ltr'>Mauritania.</span> <span class='ocrx_word' id='word_1_512' title='bbox 1067 3739 1089 3767; x_wconf 67' lang='grc' dir='ltr'>ι</span> 
     </span>
    </p>
   </div>
   <div class='ocr_carea' id='block_1_73' title="bbox 344 3824 1891 3896">
    <p class='ocr_par' dir='ltr' id='par_1_73' title="bbox 344 3824 1891 3896">
     <span class='ocr_line' id='line_1_73' title="bbox 344 3824 1891 3896; baseline -0.001 -13"><span class='ocrx_word' id='word_1_513' title='bbox 344 3828 477 3884; x_wconf 82' lang='lat' dir='ltr'>XV.</span> <span class='ocrx_word' id='word_1_514' title='bbox 513 3827 585 3882; x_wconf 87' lang='lat' dir='ltr'>Et</span> <span class='ocrx_word' id='word_1_515' title='bbox 612 3826 741 3881; x_wconf 89' lang='lat' dir='ltr'>item</span> <span class='ocrx_word' id='word_1_516' title='bbox 770 3826 934 3881; x_wconf 90' lang='lat' dir='ltr'>iidem</span> <span class='ocrx_word' id='word_1_517' title='bbox 972 3824 1118 3880; x_wconf 88' lang='lat' dir='ltr'>sacri</span> <span class='ocrx_word' id='word_1_518' title='bbox 1156 3840 1398 3880; x_wconf 91' lang='lat' dir='ltr'>canones</span> <span class='ocrx_word' id='word_1_519' title='bbox 1437 3826 1616 3896; x_wconf 83' lang='lat' dir='ltr'>(conc.</span> <span class='ocrx_word' id='word_1_520' title='bbox 1660 3826 1891 3882; x_wconf 78' lang='lat' dir='ltr'>Milevit.</span> 
     </span>
    </p>
   </div>
   <div class='ocr_carea' id='block_1_74' title="bbox 282 3913 1899 3987">
    <p class='ocr_par' dir='ltr' id='par_1_74' title="bbox 282 3913 1899 3987">
     <span class='ocr_line' id='line_1_74' title="bbox 282 3913 1899 3987; baseline -0.001 -17"><span class='ocrx_word' id='word_1_521' title='bbox 282 3932 329 3971; x_wconf 88' lang='lat' dir='ltr'>c.</span> <span class='ocrx_word' id='word_1_522' title='bbox 362 3917 458 3987; x_wconf 69' lang='grc'>14)</span> <span class='ocrx_word' id='word_1_523' title='bbox 491 3933 506 3971; x_wconf 89' lang='lat'>:</span> <span class='ocrx_word' id='word_1_524' title='bbox 545 3937 569 3966; x_wconf 73' lang='grc' dir='ltr'><strong>α</strong></span> <span class='ocrx_word' id='word_1_525' title='bbox 606 3914 813 3970; x_wconf 88' lang='lat' dir='ltr'>Placuit</span> <span class='ocrx_word' id='word_1_526' title='bbox 842 3922 901 3969; x_wconf 90' lang='lat' dir='ltr'>ut</span> <span class='ocrx_word' id='word_1_527' title='bbox 928 3913 1237 3985; x_wconf 89' lang='lat' dir='ltr'>quicunque</span> <span class='ocrx_word' id='word_1_528' title='bbox 1277 3914 1537 3985; x_wconf 91' lang='lat' dir='ltr'>deinceps</span> <span class='ocrx_word' id='word_1_529' title='bbox 1577 3915 1899 3969; x_wconf 90' lang='lat' dir='ltr'>ordinantur</span> 
     </span>
    </p>
   </div>
   <div class='ocr_carea' id='block_1_75' title="bbox 278 4001 1898 4077">
    <p class='ocr_par' dir='ltr' id='par_1_75' title="bbox 278 4001 1898 4077">
     <span class='ocr_line' id='line_1_75' title="bbox 278 4001 1898 4077; baseline -0.001 -18"><span class='ocrx_word' id='word_1_530' title='bbox 278 4021 378 4076; x_wconf 88' lang='lat' dir='ltr'>per</span> <span class='ocrx_word' id='word_1_531' title='bbox 406 4003 729 4077; x_wconf 85' lang='lat' dir='ltr'>provincias</span> <span class='ocrx_word' id='word_1_532' title='bbox 757 4001 1063 4068; x_wconf 89' lang='lat' dir='ltr'>Africanas,</span> <span class='ocrx_word' id='word_1_533' title='bbox 1106 4001 1314 4057; x_wconf 89' lang='lat' dir='ltr'>litteras</span> <span class='ocrx_word' id='word_1_534' title='bbox 1356 4002 1622 4074; x_wconf 86' lang='lat' dir='ltr'>accipiant</span> <span class='ocrx_word' id='word_1_535' title='bbox 1652 4003 1720 4057; x_wconf 90' lang='lat' dir='ltr'>ab</span> <span class='ocrx_word' id='word_1_536' title='bbox 1749 4003 1898 4058; x_wconf 89' lang='lat' dir='ltr'>ordi-</span> 
     </span>
    </p>
   </div>
   <div class='ocr_carea' id='block_1_76' title="bbox 281 4091 1898 4162">
    <p class='ocr_par' dir='ltr' id='par_1_76' title="bbox 281 4091 1898 4162">
     <span class='ocr_line' id='line_1_76' title="bbox 281 4091 1898 4162; baseline -0.001 -15"><span class='ocrx_word' id='word_1_537' title='bbox 281 4093 572 4149; x_wconf 88' lang='lat' dir='ltr'>natoribus</span> <span class='ocrx_word' id='word_1_538' title='bbox 600 4091 735 4159; x_wconf 90' lang='lat' dir='ltr'>suis,</span> <span class='ocrx_word' id='word_1_539' title='bbox 769 4106 936 4146; x_wconf 89' lang='lat' dir='ltr'>manu</span> <span class='ocrx_word' id='word_1_540' title='bbox 957 4105 1145 4146; x_wconf 88' lang='lat' dir='ltr'>eorum</span> <span class='ocrx_word' id='word_1_541' title='bbox 1167 4091 1525 4162; x_wconf 89' lang='lat' dir='ltr'>conscriptas,</span> <span class='ocrx_word' id='word_1_542' title='bbox 1559 4091 1898 4147; x_wconf 88' lang='lat' dir='ltr'>continentes</span> 
     </span>
    </p>
   </div>
   <div class='ocr_carea' id='block_1_77' title="bbox 283 4178 1899 4250">
    <p class='ocr_par' dir='ltr' id='par_1_77' title="bbox 283 4178 1899 4250">
     <span class='ocr_line' id='line_1_77' title="bbox 283 4178 1899 4250; baseline -0.001 -12"><span class='ocrx_word' id='word_1_543' title='bbox 283 4181 571 4238; x_wconf 88' lang='lat' dir='ltr'>consulem</span> <span class='ocrx_word' id='word_1_544' title='bbox 601 4188 655 4236; x_wconf 89' lang='lat' dir='ltr'>et</span> <span class='ocrx_word' id='word_1_545' title='bbox 676 4181 839 4247; x_wconf 88' lang='lat' dir='ltr'>diem,</span> <span class='ocrx_word' id='word_1_546' title='bbox 864 4187 922 4234; x_wconf 90' lang='lat' dir='ltr'>ut</span> <span class='ocrx_word' id='word_1_547' title='bbox 943 4178 1091 4234; x_wconf 91' lang='lat' dir='ltr'>nulla</span> <span class='ocrx_word' id='word_1_548' title='bbox 1111 4178 1389 4234; x_wconf 88' lang='lat' dir='ltr'>altercatio</span> <span class='ocrx_word' id='word_1_549' title='bbox 1411 4180 1478 4234; x_wconf 91' lang='lat' dir='ltr'>de</span> <span class='ocrx_word' id='word_1_550' title='bbox 1497 4180 1899 4250; x_wconf 89' lang='lat' dir='ltr'>posterioribus</span> 
     </span>
    </p>
   </div>
   <div class='ocr_carea' id='block_1_78' title="bbox 283 4267 1899 4341">
    <p class='ocr_par' dir='ltr' id='par_1_78' title="bbox 283 4267 1899 4341">
     <span class='ocr_line' id='line_1_78' title="bbox 283 4267 1899 4341; baseline 0 -17"><span class='ocrx_word' id='word_1_551' title='bbox 283 4271 366 4325; x_wconf 84' lang='lat' dir='ltr'>vel</span> <span class='ocrx_word' id='word_1_552' title='bbox 397 4268 773 4326; x_wconf 90' lang='lat' dir='ltr'>anterioribus</span> <span class='ocrx_word' id='word_1_553' title='bbox 816 4268 1037 4323; x_wconf 90' lang='lat' dir='ltr'>oriatur.</span> <span class='ocrx_word' id='word_1_554' title='bbox 1089 4267 1243 4323; x_wconf 89' lang='lat' dir='ltr'>Unde</span> <span class='ocrx_word' id='word_1_555' title='bbox 1281 4267 1553 4341; x_wconf 84' lang='lat' dir='ltr'>Pelagius,</span> <span class='ocrx_word' id='word_1_556' title='bbox 1584 4276 1899 4324; x_wconf 85' lang='lat' dir='ltr'>antecessor</span> 
     </span>
    </p>
   </div>
   <div class='ocr_carea' id='block_1_79' title="bbox 283 4356 1898 4430">
    <p class='ocr_par' dir='ltr' id='par_1_79' title="bbox 283 4356 1898 4430">
     <span class='ocr_line' id='line_1_79' title="bbox 283 4356 1898 4430; baseline -0.001 -17"><span class='ocrx_word' id='word_1_557' title='bbox 283 4359 457 4414; x_wconf 87' lang='lat' dir='ltr'>sancti</span> <span class='ocrx_word' id='word_1_558' title='bbox 488 4356 772 4430; x_wconf 83' lang='lat' dir='ltr'>Gregorii,</span> <span class='ocrx_word' id='word_1_559' title='bbox 804 4357 874 4411; x_wconf 89' lang='lat' dir='ltr'>ad</span> <span class='ocrx_word' id='word_1_560' title='bbox 905 4356 1311 4411; x_wconf 90' lang='lat' dir='ltr'>Childebertum</span> <span class='ocrx_word' id='word_1_561' title='bbox 1343 4373 1530 4427; x_wconf 87' lang='lat' dir='ltr'>regem</span> <span class='ocrx_word' id='word_1_562' title='bbox 1563 4356 1898 4413; x_wconf 87' lang='lat' dir='ltr'>Francorum</span> 
     </span>
    </p>
   </div>
   <div class='ocr_carea' id='block_1_80' title="bbox 1997 3187 3597 3261">
    <p class='ocr_par' dir='ltr' id='par_1_80' title="bbox 1997 3187 3597 3261">
     <span class='ocr_line' id='line_1_80' title="bbox 1997 3187 3597 3261; baseline 0.003 -20"><span class='ocrx_word' id='word_1_563' title='bbox 1997 3203 2119 3242; x_wconf 91' lang='lat' dir='ltr'>rum</span> <span class='ocrx_word' id='word_1_564' title='bbox 2147 3187 2569 3257; x_wconf 89' lang='lat' dir='ltr'>provinciarum,</span> <span class='ocrx_word' id='word_1_565' title='bbox 2604 3189 2741 3245; x_wconf 92' lang='lat' dir='ltr'>sicut</span> <span class='ocrx_word' id='word_1_566' title='bbox 2770 3197 2821 3243; x_wconf 90' lang='lat' dir='ltr'>et</span> <span class='ocrx_word' id='word_1_567' title='bbox 2851 3190 2919 3245; x_wconf 88' lang='lat' dir='ltr'>de</span> <span class='ocrx_word' id='word_1_568' title='bbox 2951 3189 3223 3261; x_wconf 91' lang='lat' dir='ltr'>episcopis</span> <span class='ocrx_word' id='word_1_569' title='bbox 3271 3207 3416 3261; x_wconf 84' lang='lat' dir='ltr'>sape</span> <span class='ocrx_word' id='word_1_570' title='bbox 3465 3206 3597 3248; x_wconf 90' lang='lat' dir='ltr'>con-</span> 
     </span>
    </p>
   </div>
   <div class='ocr_carea' id='block_1_81' title="bbox 1997 3276 3598 3351">
    <p class='ocr_par' dir='ltr' id='par_1_81' title="bbox 1997 3276 3598 3351">
     <span class='ocr_line' id='line_1_81' title="bbox 1997 3276 3598 3351; baseline 0.003 -20"><span class='ocrx_word' id='word_1_571' title='bbox 1997 3276 2238 3331; x_wconf 91' lang='lat' dir='ltr'>stitutum</span> <span class='ocrx_word' id='word_1_572' title='bbox 2270 3285 2369 3341; x_wconf 87' lang='lat' dir='ltr'>est,</span> <span class='ocrx_word' id='word_1_573' title='bbox 2405 3286 2723 3348; x_wconf 88' lang='lat' dir='ltr'>provocent.</span> <span class='ocrx_word' id='word_1_574' title='bbox 2758 3278 2826 3332; x_wconf 88' lang='lat' dir='ltr'>Et</span> <span class='ocrx_word' id='word_1_575' title='bbox 2857 3278 3165 3349; x_wconf 90' lang='lat' dir='ltr'>episc0pus,</span> <span class='ocrx_word' id='word_1_576' title='bbox 3199 3278 3289 3351; x_wconf 89' lang='lat' dir='ltr'>qui</span> <span class='ocrx_word' id='word_1_577' title='bbox 3322 3280 3392 3335; x_wconf 89' lang='lat' dir='ltr'>ad</span> <span class='ocrx_word' id='word_1_578' title='bbox 3427 3295 3598 3350; x_wconf 85' lang='lat' dir='ltr'>syno-</span> 
     </span>
    </p>
   </div>
   <div class='ocr_carea' id='block_1_82' title="bbox 1996 3364 3600 3437">
    <p class='ocr_par' dir='ltr' id='par_1_82' title="bbox 1996 3364 3600 3437">
     <span class='ocr_line' id='line_1_82' title="bbox 1996 3364 3600 3437; baseline 0.002 -19"><span class='ocrx_word' id='word_1_579' title='bbox 1996 3364 2128 3419; x_wconf 89' lang='lat' dir='ltr'>dum</span> <span class='ocrx_word' id='word_1_580' title='bbox 2174 3380 2285 3419; x_wconf 92' lang='lat' dir='ltr'><strong>non</strong></span> <span class='ocrx_word' id='word_1_581' title='bbox 2339 3366 2661 3433; x_wconf 89' lang='lat' dir='ltr'>occurrerit,</span> <span class='ocrx_word' id='word_1_582' title='bbox 2712 3366 2781 3421; x_wconf 92' lang='lat' dir='ltr'>ad</span> <span class='ocrx_word' id='word_1_583' title='bbox 2828 3366 3114 3437; x_wconf 89' lang='lat' dir='ltr'>primatem</span> <span class='ocrx_word' id='word_1_584' title='bbox 3169 3383 3329 3422; x_wconf 91' lang='lat' dir='ltr'>suum</span> <span class='ocrx_word' id='word_1_585' title='bbox 3380 3367 3600 3436; x_wconf 89' lang='lat' dir='ltr'>jubetur</span> 
     </span>
    </p>
   </div>
   <div class='ocr_carea' id='block_1_83' title="bbox 1995 3452 3598 3528">
    <p class='ocr_par' dir='ltr' id='par_1_83' title="bbox 1995 3452 3598 3528">
     <span class='ocr_line' id='line_1_83' title="bbox 1995 3452 3598 3528; baseline 0.004 -22"><span class='ocrx_word' id='word_1_586' title='bbox 1995 3452 2261 3507; x_wconf 90' lang='lat' dir='ltr'>rationem</span> <span class='ocrx_word' id='word_1_587' title='bbox 2306 3453 2679 3524; x_wconf 88' lang='lat' dir='ltr'>impedimenti</span> <span class='ocrx_word' id='word_1_588' title='bbox 2724 3454 2806 3509; x_wconf 91' lang='lat' dir='ltr'>sui</span> <span class='ocrx_word' id='word_1_589' title='bbox 2852 3454 3101 3510; x_wconf 90' lang='lat' dir='ltr'>reddere.</span> <span class='ocrx_word' id='word_1_590' title='bbox 3153 3454 3223 3511; x_wconf 91' lang='lat' dir='ltr'>Et</span> <span class='ocrx_word' id='word_1_591' title='bbox 3266 3456 3312 3509; x_wconf 91' lang='lat' dir='ltr'>si</span> <span class='ocrx_word' id='word_1_592' title='bbox 3357 3456 3598 3528; x_wconf 91' lang='lat' dir='ltr'>episcopi</span> 
     </span>
    </p>
   </div>
   <div class='ocr_carea' id='block_1_84' title="bbox 1997 3541 3598 3616">
    <p class='ocr_par' dir='ltr' id='par_1_84' title="bbox 1997 3541 3598 3616">
     <span class='ocr_line' id='line_1_84' title="bbox 1997 3541 3598 3616; baseline 0.003 -21"><span class='ocrx_word' id='word_1_593' title='bbox 1997 3541 2138 3596; x_wconf 92' lang='lat' dir='ltr'>inter</span> <span class='ocrx_word' id='word_1_594' title='bbox 2167 3557 2305 3612; x_wconf 91' lang='lat' dir='ltr'>quos</span> <span class='ocrx_word' id='word_1_595' title='bbox 2330 3557 2494 3598; x_wconf 90' lang='lat' dir='ltr'>causa</span> <span class='ocrx_word' id='word_1_596' title='bbox 2521 3551 2785 3609; x_wconf 90' lang='lat' dir='ltr'>versatur,</span> <span class='ocrx_word' id='word_1_597' title='bbox 2821 3542 3160 3597; x_wconf 88' lang='lat' dir='ltr'>diversarum</span> <span class='ocrx_word' id='word_1_598' title='bbox 3210 3552 3335 3599; x_wconf 89' lang='lat' dir='ltr'>sunt</span> <span class='ocrx_word' id='word_1_599' title='bbox 3375 3545 3598 3616; x_wconf 91' lang='lat' dir='ltr'>provin-</span> 
     </span>
    </p>
   </div>
   <div class='ocr_carea' id='block_1_85' title="bbox 1998 3629 3598 3703">
    <p class='ocr_par' dir='ltr' id='par_1_85' title="bbox 1998 3629 3598 3703">
     <span class='ocr_line' id='line_1_85' title="bbox 1998 3629 3598 3703; baseline 0.003 -19"><span class='ocrx_word' id='word_1_600' title='bbox 1998 3629 2228 3695; x_wconf 88' lang='lat' dir='ltr'>ciarum,</span> <span class='ocrx_word' id='word_1_601' title='bbox 2280 3630 2371 3686; x_wconf 92' lang='lat' dir='ltr'>ille</span> <span class='ocrx_word' id='word_1_602' title='bbox 2417 3630 2621 3701; x_wconf 89' lang='lat' dir='ltr'>primas</span> <span class='ocrx_word' id='word_1_603' title='bbox 2667 3632 2831 3687; x_wconf 89' lang='lat' dir='ltr'>debet</span> <span class='ocrx_word' id='word_1_604' title='bbox 2869 3632 3083 3701; x_wconf 88' lang='lat' dir='ltr'>judices</span> <span class='ocrx_word' id='word_1_605' title='bbox 3130 3632 3283 3700; x_wconf 88' lang='lat' dir='ltr'>dare,</span> <span class='ocrx_word' id='word_1_606' title='bbox 3336 3633 3389 3687; x_wconf 91' lang='lat' dir='ltr'>in</span> <span class='ocrx_word' id='word_1_607' title='bbox 3446 3634 3598 3703; x_wconf 89' lang='lat' dir='ltr'>cujus</span> 
     </span>
    </p>
   </div>
   <div class='ocr_carea' id='block_1_86' title="bbox 1997 3718 3600 3794">
    <p class='ocr_par' dir='ltr' id='par_1_86' title="bbox 1997 3718 3600 3794">
     <span class='ocr_line' id='line_1_86' title="bbox 1997 3718 3600 3794; baseline 0.004 -22"><span class='ocrx_word' id='word_1_608' title='bbox 1997 3718 2279 3789; x_wconf 90' lang='lat' dir='ltr'>provincia</span> <span class='ocrx_word' id='word_1_609' title='bbox 2327 3726 2410 3775; x_wconf 92' lang='lat' dir='ltr'>est</span> <span class='ocrx_word' id='word_1_610' title='bbox 2435 3719 2605 3787; x_wconf 92' lang='lat' dir='ltr'>locus,</span> <span class='ocrx_word' id='word_1_611' title='bbox 2639 3720 2709 3776; x_wconf 92' lang='lat' dir='ltr'>de</span> <span class='ocrx_word' id='word_1_612' title='bbox 2739 3737 2848 3793; x_wconf 92' lang='lat' dir='ltr'>quo</span> <span class='ocrx_word' id='word_1_613' title='bbox 2896 3722 3255 3790; x_wconf 89' lang='lat' dir='ltr'>contenditur,</span> <span class='ocrx_word' id='word_1_614' title='bbox 3286 3731 3342 3777; x_wconf 84' lang='lat' dir='ltr'>et</span> <span class='ocrx_word' id='word_1_615' title='bbox 3370 3723 3600 3794; x_wconf 89' lang='lat' dir='ltr'>quastio</span> 
     </span>
    </p>
   </div>
   <div class='ocr_carea' id='block_1_87' title="bbox 1996 3807 3601 3883">
    <p class='ocr_par' dir='ltr' id='par_1_87' title="bbox 1996 3807 3601 3883">
     <span class='ocr_line' id='line_1_87' title="bbox 1996 3807 3601 3883; baseline 0.003 -22"><span class='ocrx_word' id='word_1_616' title='bbox 1996 3823 2096 3879; x_wconf 89' lang='lat' dir='ltr'>per</span> <span class='ocrx_word' id='word_1_617' title='bbox 2124 3807 2412 3879; x_wconf 90' lang='lat' dir='ltr'>episcopos</span> <span class='ocrx_word' id='word_1_618' title='bbox 2452 3808 2665 3878; x_wconf 91' lang='lat' dir='ltr'>judices</span> <span class='ocrx_word' id='word_1_619' title='bbox 2703 3809 2923 3878; x_wconf 89' lang='lat' dir='ltr'>jubetur</span> <span class='ocrx_word' id='word_1_620' title='bbox 2969 3809 3132 3877; x_wconf 83' lang='lat' dir='ltr'>ﬁniri,</span> <span class='ocrx_word' id='word_1_621' title='bbox 3179 3811 3293 3867; x_wconf 90' lang='lat' dir='ltr'>sive</span> <span class='ocrx_word' id='word_1_622' title='bbox 3321 3827 3458 3882; x_wconf 92' lang='lat' dir='ltr'>quos</span> <span class='ocrx_word' id='word_1_623' title='bbox 3487 3812 3601 3883; x_wconf 90' lang='lat' dir='ltr'>pri-</span> 
     </span>
    </p>
   </div>
   <div class='ocr_carea' id='block_1_88' title="bbox 1998 3897 3600 3973">
    <p class='ocr_par' dir='ltr' id='par_1_88' title="bbox 1998 3897 3600 3973">
     <span class='ocr_line' id='line_1_88' title="bbox 1998 3897 3600 3973; baseline 0.004 -23"><span class='ocrx_word' id='word_1_624' title='bbox 1998 3903 2173 3951; x_wconf 90' lang='lat' dir='ltr'>mates</span> <span class='ocrx_word' id='word_1_625' title='bbox 2201 3897 2471 3965; x_wconf 90' lang='lat' dir='ltr'>dederint,</span> <span class='ocrx_word' id='word_1_626' title='bbox 2505 3899 2621 3954; x_wconf 89' lang='lat' dir='ltr'>sive</span> <span class='ocrx_word' id='word_1_627' title='bbox 2649 3915 2788 3970; x_wconf 91' lang='lat' dir='ltr'>quos</span> <span class='ocrx_word' id='word_1_628' title='bbox 2812 3899 2967 3954; x_wconf 79' lang='lat' dir='ltr'>inter</span> <span class='ocrx_word' id='word_1_629' title='bbox 2993 3916 3053 3955; x_wconf 90' lang='lat' dir='ltr'>se</span> <span class='ocrx_word' id='word_1_630' title='bbox 3083 3909 3483 3973; x_wconf 89' lang='lat' dir='ltr'>conquerentes</span> <span class='ocrx_word' id='word_1_631' title='bbox 3513 3899 3600 3957; x_wconf 90' lang='lat' dir='ltr'>vi-</span> 
     </span>
    </p>
   </div>
   <div class='ocr_carea' id='block_1_89' title="bbox 2000 3984 2902 4059">
    <p class='ocr_par' dir='ltr' id='par_1_89' title="bbox 2000 3984 2902 4059">
     <span class='ocr_line' id='line_1_89' title="bbox 2000 3984 2902 4059; baseline 0.006 -20"><span class='ocrx_word' id='word_1_632' title='bbox 2000 3984 2152 4040; x_wconf 89' lang='lat' dir='ltr'>cinos</span> <span class='ocrx_word' id='word_1_633' title='bbox 2178 4002 2244 4041; x_wconf 84' lang='lat' dir='ltr'>ex</span> <span class='ocrx_word' id='word_1_634' title='bbox 2274 4002 2544 4042; x_wconf 89' lang='lat' dir='ltr'>consensu</span> <span class='ocrx_word' id='word_1_635' title='bbox 2575 3987 2902 4059; x_wconf 76' lang='lat' dir='ltr'>delegerint.</span> 
     </span>
    </p>
   </div>
   <div class='ocr_carea' id='block_1_90' title="bbox 2069 4091 3603 4170">
    <p class='ocr_par' dir='ltr' id='par_1_90' title="bbox 2069 4091 3603 4170">
     <span class='ocr_line' id='line_1_90' title="bbox 2069 4091 3603 4170; baseline 0.005 -23"><span class='ocrx_word' id='word_1_636' title='bbox 2069 4091 2239 4148; x_wconf 86' lang='lat' dir='ltr'><strong>XVII.</strong></span> <span class='ocrx_word' id='word_1_637' title='bbox 2273 4092 2420 4149; x_wconf 90' lang='lat' dir='ltr'>Ordo</span> <span class='ocrx_word' id='word_1_638' title='bbox 2467 4101 2645 4150; x_wconf 90' lang='lat' dir='ltr'>autem</span> <span class='ocrx_word' id='word_1_639' title='bbox 2678 4111 2742 4150; x_wconf 91' lang='lat' dir='ltr'>ac</span> <span class='ocrx_word' id='word_1_640' title='bbox 2772 4094 3138 4170; x_wconf 87' lang='lat' dir='ltr'>prarogativa</span> <span class='ocrx_word' id='word_1_641' title='bbox 3182 4095 3452 4168; x_wconf 88' lang='lat' dir='ltr'>prioratus</span> <span class='ocrx_word' id='word_1_642' title='bbox 3493 4113 3603 4154; x_wconf 90' lang='lat' dir='ltr'>non</span> 
     </span>
    </p>
   </div>
   <div class='ocr_carea' id='block_1_91' title="bbox 1999 4180 3602 4241">
    <p class='ocr_par' dir='ltr' id='par_1_91' title="bbox 1999 4180 3602 4241">
     <span class='ocr_line' id='line_1_91' title="bbox 1999 4180 3602 4241; baseline 0.004 -7"><span class='ocrx_word' id='word_1_643' title='bbox 1999 4180 2177 4234; x_wconf 89' lang='lat' dir='ltr'>solum</span> <span class='ocrx_word' id='word_1_644' title='bbox 2222 4181 2521 4237; x_wconf 90' lang='lat' dir='ltr'>secundum</span> <span class='ocrx_word' id='word_1_645' title='bbox 2579 4198 2765 4238; x_wconf 88' lang='lat' dir='ltr'>sacros</span> <span class='ocrx_word' id='word_1_646' title='bbox 2809 4199 3046 4239; x_wconf 89' lang='lat' dir='ltr'>canones</span> <span class='ocrx_word' id='word_1_647' title='bbox 3093 4191 3145 4239; x_wconf 88' lang='lat' dir='ltr'>et</span> <span class='ocrx_word' id='word_1_648' title='bbox 3190 4184 3409 4240; x_wconf 91' lang='lat' dir='ltr'>decreta</span> <span class='ocrx_word' id='word_1_649' title='bbox 3454 4185 3602 4241; x_wconf 89' lang='lat' dir='ltr'>sedis</span> 
     </span>
    </p>
   </div>
   <div class='ocr_carea' id='block_1_92' title="bbox 1998 4268 3600 4344">
    <p class='ocr_par' dir='ltr' id='par_1_92' title="bbox 1998 4268 3600 4344">
     <span class='ocr_line' id='line_1_92' title="bbox 1998 4268 3600 4344; baseline 0.003 -21"><span class='ocrx_word' id='word_1_650' title='bbox 1998 4268 2257 4324; x_wconf 83' lang='lat' dir='ltr'>Romana</span> <span class='ocrx_word' id='word_1_651' title='bbox 2284 4268 2619 4339; x_wconf 73' lang='lat' dir='ltr'>pontificum,</span> <span class='ocrx_word' id='word_1_652' title='bbox 2653 4270 2796 4325; x_wconf 89' lang='lat' dir='ltr'>inter</span> <span class='ocrx_word' id='word_1_653' title='bbox 2841 4273 3128 4344; x_wconf 88' lang='lat' dir='ltr'>episcopos</span> <span class='ocrx_word' id='word_1_654' title='bbox 3158 4281 3242 4328; x_wconf 90' lang='lat' dir='ltr'>est</span> <span class='ocrx_word' id='word_1_655' title='bbox 3270 4289 3600 4329; x_wconf 89' lang='lat' dir='ltr'>conservan-</span> 
     </span>
    </p>
   </div>
   <div class='ocr_carea' id='block_1_93' title="bbox 1999 4356 3599 4431">
    <p class='ocr_par' dir='ltr' id='par_1_93' title="bbox 1999 4356 3599 4431">
     <span class='ocr_line' id='line_1_93' title="bbox 1999 4356 3599 4431; baseline 0.005 -20"><span class='ocrx_word' id='word_1_656' title='bbox 1999 4356 2122 4423; x_wconf 91' lang='lat' dir='ltr'>dus,</span> <span class='ocrx_word' id='word_1_657' title='bbox 2154 4373 2346 4412; x_wconf 91' lang='lat' dir='ltr'>verum</span> <span class='ocrx_word' id='word_1_658' title='bbox 2374 4366 2426 4413; x_wconf 90' lang='lat' dir='ltr'>et</span> <span class='ocrx_word' id='word_1_659' title='bbox 2456 4358 2599 4413; x_wconf 89' lang='lat' dir='ltr'>inter</span> <span class='ocrx_word' id='word_1_660' title='bbox 2624 4359 2996 4431; x_wconf 83' lang='lat' dir='ltr'>presbyteros,</span> <span class='ocrx_word' id='word_1_661' title='bbox 3045 4360 3185 4416; x_wconf 90' lang='lat' dir='ltr'>sicut</span> <span class='ocrx_word' id='word_1_662' title='bbox 3234 4368 3458 4418; x_wconf 89' lang='lat' dir='ltr'>sanctus</span> <span class='ocrx_word' id='word_1_663' title='bbox 3489 4362 3599 4419; x_wconf 91' lang='lat' dir='ltr'>Leo</span> 
     </span>
    </p>
   </div>
   <div class='ocr_carea' id='block_1_94' title="bbox 283 4439 3599 4518">
    <p class='ocr_par' dir='ltr' id='par_1_94' title="bbox 283 4439 3599 4518">
     <span class='ocr_line' id='line_1_94' title="bbox 283 4439 3599 4518; baseline 0.001 -16"><span class='ocrx_word' id='word_1_664' title='bbox 283 4447 475 4503; x_wconf 84' lang='lat' dir='ltr'>scribit</span> <span class='ocrx_word' id='word_1_665' title='bbox 496 4447 572 4502; x_wconf 90' lang='lat' dir='ltr'>de</span> <span class='ocrx_word' id='word_1_666' title='bbox 594 4445 852 4516; x_wconf 90' lang='lat' dir='ltr'>Sapaudo</span> <span class='ocrx_word' id='word_1_667' title='bbox 870 4444 1177 4499; x_wconf 88' lang='lat' dir='ltr'>Arelatensi</span> <span class='ocrx_word' id='word_1_668' title='bbox 1193 4444 1602 4515; x_wconf 89' lang='lat' dir='ltr'>archiepiscopo</span> <span class='ocrx_word' id='word_1_669' title='bbox 1618 4446 1830 4518; x_wconf 80' lang='lat' dir='ltr'>(Pelag.</span> <span class='ocrx_word' id='word_1_670' title='bbox 1851 4446 1893 4514; x_wconf 85' lang='grc' dir='ltr'>Ι,</span> <span class='ocrx_word' id='word_1_671' title='bbox 1925 4439 1979 4502; x_wconf 92' lang='lat' dir='ltr'>D</span> <span class='ocrx_word' id='word_1_672' title='bbox 2003 4445 2058 4499; x_wconf 92' lang='lat' dir='ltr'>in</span> <span class='ocrx_word' id='word_1_673' title='bbox 2087 4445 2349 4501; x_wconf 87' lang='lat' dir='ltr'>decretali</span> <span class='ocrx_word' id='word_1_674' title='bbox 2381 4462 2478 4501; x_wconf 89' lang='lat' dir='ltr'>sua</span> <span class='ocrx_word' id='word_1_675' title='bbox 2507 4447 2737 4518; x_wconf 85' lang='lat' dir='ltr'>epistola</span> <span class='ocrx_word' id='word_1_676' title='bbox 2765 4449 2836 4503; x_wconf 92' lang='lat' dir='ltr'>ad</span> <span class='ocrx_word' id='word_1_677' title='bbox 2866 4450 3070 4504; x_wconf 89' lang='lat' dir='ltr'>Dorum</span> <span class='ocrx_word' id='word_1_678' title='bbox 3099 4450 3492 4505; x_wconf 90' lang='lat' dir='ltr'>Beneventana</span> <span class='ocrx_word' id='word_1_679' title='bbox 3521 4449 3599 4505; x_wconf 88' lang='lat' dir='ltr'>ci-</span> 
     </span>
    </p>
   </div>
   <div class='ocr_carea' id='block_1_95' title="bbox 282 4533 1894 4607">
    <p class='ocr_par' dir='ltr' id='par_1_95' title="bbox 282 4533 1894 4607">
     <span class='ocr_line' id='line_1_95' title="bbox 282 4533 1894 4607; baseline -0.001 -17"><span class='ocrx_word' id='word_1_680' title='bbox 282 4537 448 4607; x_wconf 78' lang='lat' dir='ltr'>epist.</span> <span class='ocrx_word' id='word_1_681' title='bbox 484 4534 601 4606; x_wconf 76' lang='grc'>11),</span> <span class='ocrx_word' id='word_1_682' title='bbox 635 4533 929 4605; x_wconf 88' lang='lat' dir='ltr'>increpans</span> <span class='ocrx_word' id='word_1_683' title='bbox 973 4549 1118 4601; x_wconf 91' lang='lat' dir='ltr'>eum,</span> <span class='ocrx_word' id='word_1_684' title='bbox 1150 4540 1209 4588; x_wconf 95' lang='lat' dir='ltr'>ut</span> <span class='ocrx_word' id='word_1_685' title='bbox 1240 4533 1409 4604; x_wconf 87' lang='lat' dir='ltr'>ipsius</span> <span class='ocrx_word' id='word_1_686' title='bbox 1438 4533 1621 4589; x_wconf 88' lang='lat' dir='ltr'>verbis</span> <span class='ocrx_word' id='word_1_687' title='bbox 1663 4541 1894 4600; x_wconf 88' lang='lat' dir='ltr'>utamur,</span> 
     </span>
    </p>
   </div>
   <div class='ocr_carea' id='block_1_96' title="bbox 282 4621 1896 4695">
    <p class='ocr_par' dir='ltr' id='par_1_96' title="bbox 282 4621 1896 4695">
     <span class='ocr_line' id='line_1_96' title="bbox 282 4621 1896 4695; baseline -0.002 -15"><span class='ocrx_word' id='word_1_688' title='bbox 282 4623 544 4695; x_wconf 86' lang='lat' dir='ltr'>quoniam</span> <span class='ocrx_word' id='word_1_689' title='bbox 594 4623 667 4678; x_wconf 88' lang='lat' dir='ltr'>ad</span> <span class='ocrx_word' id='word_1_690' title='bbox 705 4622 1024 4693; x_wconf 89' lang='lat' dir='ltr'>petitionem</span> <span class='ocrx_word' id='word_1_691' title='bbox 1070 4621 1313 4692; x_wconf 87' lang='lat' dir='ltr'>episcopi</span> <span class='ocrx_word' id='word_1_692' title='bbox 1346 4621 1416 4675; x_wconf 88' lang='lat' dir='ltr'>ab</span> <span class='ocrx_word' id='word_1_693' title='bbox 1458 4637 1524 4677; x_wconf 91' lang='lat' dir='ltr'>eo</span> <span class='ocrx_word' id='word_1_694' title='bbox 1564 4621 1797 4678; x_wconf 88' lang='lat' dir='ltr'>ordinati</span> <span class='ocrx_word' id='word_1_695' title='bbox 1844 4621 1896 4676; x_wconf 91' lang='lat' dir='ltr'>in</span> 
     </span>
    </p>
   </div>
   <div class='ocr_carea' id='block_1_97' title="bbox 278 4709 1902 4783">
    <p class='ocr_par' dir='ltr' id='par_1_97' title="bbox 278 4709 1902 4783">
     <span class='ocr_line' id='line_1_97' title="bbox 278 4709 1902 4783; baseline -0.001 -16"><span class='ocrx_word' id='word_1_696' title='bbox 278 4713 588 4781; x_wconf 85' lang='lat' dir='ltr'>judicium,</span> <span class='ocrx_word' id='word_1_697' title='bbox 621 4710 905 4782; x_wconf 89' lang='lat' dir='ltr'>sequentis</span> <span class='ocrx_word' id='word_1_698' title='bbox 955 4710 1190 4766; x_wconf 87' lang='lat' dir='ltr'>civitatis</span> <span class='ocrx_word' id='word_1_699' title='bbox 1237 4709 1510 4781; x_wconf 91' lang='lat' dir='ltr'>episcopi,</span> <span class='ocrx_word' id='word_1_700' title='bbox 1563 4710 1706 4783; x_wconf 87' lang='lat' dir='ltr'>quod</span> <span class='ocrx_word' id='word_1_701' title='bbox 1755 4710 1902 4766; x_wconf 89' lang='lat' dir='ltr'>nulla</span> 
     </span>
    </p>
   </div>
   <div class='ocr_carea' id='block_1_98' title="bbox 284 4799 1899 4871">
    <p class='ocr_par' dir='ltr' id='par_1_98' title="bbox 284 4799 1899 4871">
     <span class='ocr_line' id='line_1_98' title="bbox 284 4799 1899 4871; baseline -0.001 -17"><span class='ocrx_word' id='word_1_702' title='bbox 284 4800 667 4858; x_wconf 85' lang='lat' dir='ltr'>ecclesiastica</span> <span class='ocrx_word' id='word_1_703' title='bbox 698 4799 825 4871; x_wconf 86' lang='lat' dir='ltr'>lege</span> <span class='ocrx_word' id='word_1_704' title='bbox 852 4807 906 4855; x_wconf 91' lang='lat' dir='ltr'>et</span> <span class='ocrx_word' id='word_1_705' title='bbox 935 4799 1147 4854; x_wconf 90' lang='lat' dir='ltr'>ratione</span> <span class='ocrx_word' id='word_1_706' title='bbox 1176 4799 1514 4865; x_wconf 89' lang='lat' dir='ltr'>conceditur,</span> <span class='ocrx_word' id='word_1_707' title='bbox 1541 4799 1899 4868; x_wconf 91' lang='lat' dir='ltr'>judicandum</span> 
     </span>
    </p>
   </div>
   <div class='ocr_carea' id='block_1_99' title="bbox 277 4887 1899 4958">
    <p class='ocr_par' dir='ltr' id='par_1_99' title="bbox 277 4887 1899 4958">
     <span class='ocr_line' id='line_1_99' title="bbox 277 4887 1899 4958; baseline 0 -15"><span class='ocrx_word' id='word_1_708' title='bbox 277 4888 552 4957; x_wconf 86' lang='lat' dir='ltr'>jnberetis</span> <span class='ocrx_word' id='word_1_709' title='bbox 600 4903 914 4955; x_wconf 88' lang='lat' dir='ltr'>occurrere,</span> <span class='ocrx_word' id='word_1_710' title='bbox 949 4895 1009 4942; x_wconf 91' lang='lat' dir='ltr'>ut</span> <span class='ocrx_word' id='word_1_711' title='bbox 1038 4887 1158 4958; x_wconf 91' lang='lat' dir='ltr'>ipso</span> <span class='ocrx_word' id='word_1_712' title='bbox 1205 4888 1273 4942; x_wconf 92' lang='lat' dir='ltr'>de</span> <span class='ocrx_word' id='word_1_713' title='bbox 1318 4887 1636 4943; x_wconf 90' lang='lat' dir='ltr'>conculcato</span> <span class='ocrx_word' id='word_1_714' title='bbox 1678 4887 1784 4945; x_wconf 92' lang='lat' dir='ltr'>loci</span> <span class='ocrx_word' id='word_1_715' title='bbox 1814 4888 1899 4944; x_wconf 91' lang='lat' dir='ltr'>sui</span> 
     </span>
    </p>
   </div>
   <div class='ocr_carea' id='block_1_100' title="bbox 282 4975 1899 5049">
    <p class='ocr_par' dir='ltr' id='par_1_100' title="bbox 282 4975 1899 5049">
     <span class='ocr_line' id='line_1_100' title="bbox 282 4975 1899 5049; baseline 0 -18"><span class='ocrx_word' id='word_1_716' title='bbox 282 4976 609 5048; x_wconf 84' lang='lat' dir='ltr'>prajudicio</span> <span class='ocrx_word' id='word_1_717' title='bbox 638 4983 1026 5049; x_wconf 90' lang='lat' dir='ltr'>conquerente,</span> <span class='ocrx_word' id='word_1_718' title='bbox 1049 4975 1201 5032; x_wconf 91' lang='lat' dir='ltr'>illum</span> <span class='ocrx_word' id='word_1_719' title='bbox 1222 4975 1313 5048; x_wconf 90' lang='lat' dir='ltr'>qui</span> <span class='ocrx_word' id='word_1_720' title='bbox 1334 4977 1636 5048; x_wconf 90' lang='lat' dir='ltr'>usurpavit,</span> <span class='ocrx_word' id='word_1_721' title='bbox 1669 4992 1899 5033; x_wconf 91' lang='lat' dir='ltr'>necesse</span> 
     </span>
    </p>
   </div>
   <div class='ocr_carea' id='block_1_101' title="bbox 282 5064 1899 5136">
    <p class='ocr_par' dir='ltr' id='par_1_101' title="bbox 282 5064 1899 5136">
     <span class='ocr_line' id='line_1_101' title="bbox 282 5064 1899 5136; baseline 0.001 -17"><span class='ocrx_word' id='word_1_722' title='bbox 282 5065 353 5120; x_wconf 88' lang='lat' dir='ltr'>sit</span> <span class='ocrx_word' id='word_1_723' title='bbox 399 5065 471 5121; x_wconf 87' lang='lat' dir='ltr'>de</span> <span class='ocrx_word' id='word_1_724' title='bbox 516 5065 708 5122; x_wconf 88' lang='lat' dir='ltr'>illicita</span> <span class='ocrx_word' id='word_1_725' title='bbox 753 5064 1175 5135; x_wconf 89' lang='lat' dir='ltr'>prasumptione</span> <span class='ocrx_word' id='word_1_726' title='bbox 1223 5064 1453 5136; x_wconf 88' lang='lat' dir='ltr'>culpari.</span> <span class='ocrx_word' id='word_1_727' title='bbox 1501 5086 1523 5115; x_wconf 79' lang='grc' dir='ltr'>ι</span> <span class='ocrx_word' id='word_1_728' title='bbox 1564 5064 1636 5121; x_wconf 89' lang='lat' dir='ltr'>Et</span> <span class='ocrx_word' id='word_1_729' title='bbox 1681 5073 1899 5122; x_wconf 89' lang='lat' dir='ltr'>sanctus</span> 
     </span>
    </p>
   </div>
   <div class='ocr_carea' id='block_1_102' title="bbox 282 5152 1899 5227">
    <p class='ocr_par' dir='ltr' id='par_1_102' title="bbox 282 5152 1899 5227">
     <span class='ocr_line' id='line_1_102' title="bbox 282 5152 1899 5227; baseline 0 -16"><span class='ocrx_word' id='word_1_730' title='bbox 282 5153 593 5226; x_wconf 76' lang='lat' dir='ltr'>Gregorius</span> <span class='ocrx_word' id='word_1_731' title='bbox 624 5152 1042 5227; x_wconf 86' lang='lat' dir='ltr'>vigilantissime</span> <span class='ocrx_word' id='word_1_732' title='bbox 1071 5153 1275 5209; x_wconf 88' lang='lat' dir='ltr'>servari</span> <span class='ocrx_word' id='word_1_733' title='bbox 1326 5152 1571 5210; x_wconf 89' lang='lat' dir='ltr'>decrevit</span> <span class='ocrx_word' id='word_1_734' title='bbox 1613 5160 1672 5209; x_wconf 88' lang='lat' dir='ltr'>ut</span> <span class='ocrx_word' id='word_1_735' title='bbox 1716 5162 1899 5226; x_wconf 92' lang='lat' dir='ltr'>poste-</span> 
     </span>
    </p>
   </div>
   <div class='ocr_carea' id='block_1_103' title="bbox 282 5240 1899 5314">
    <p class='ocr_par' dir='ltr' id='par_1_103' title="bbox 282 5240 1899 5314">
     <span class='ocr_line' id='line_1_103' title="bbox 282 5240 1899 5314; baseline 0.001 -18"><span class='ocrx_word' id='word_1_736' title='bbox 282 5243 468 5299; x_wconf 90' lang='lat' dir='ltr'>riores</span> <span class='ocrx_word' id='word_1_737' title='bbox 506 5258 569 5299; x_wconf 89' lang='lat' dir='ltr'>se</span> <span class='ocrx_word' id='word_1_738' title='bbox 596 5242 876 5314; x_wconf 89' lang='lat' dir='ltr'>prioribus</span> <span class='ocrx_word' id='word_1_739' title='bbox 904 5257 1013 5297; x_wconf 90' lang='lat' dir='ltr'>non</span> <span class='ocrx_word' id='word_1_740' title='bbox 1041 5240 1350 5313; x_wconf 83' lang='lat' dir='ltr'>praferant,</span> <span class='ocrx_word' id='word_1_741' title='bbox 1387 5249 1438 5297; x_wconf 89' lang='lat' dir='ltr'>et</span> <span class='ocrx_word' id='word_1_742' title='bbox 1465 5251 1524 5297; x_wconf 93' lang='lat' dir='ltr'>ut</span> <span class='ocrx_word' id='word_1_743' title='bbox 1551 5242 1730 5297; x_wconf 89' lang='lat' dir='ltr'>nullus</span> <span class='ocrx_word' id='word_1_744' title='bbox 1776 5258 1899 5298; x_wconf 89' lang='lat' dir='ltr'>me-</span> 
     </span>
    </p>
   </div>
   <div class='ocr_carea' id='block_1_104' title="bbox 280 5329 1899 5403">
    <p class='ocr_par' dir='ltr' id='par_1_104' title="bbox 280 5329 1899 5403">
     <span class='ocr_line' id='line_1_104' title="bbox 280 5329 1899 5403; baseline -0.001 -15"><span class='ocrx_word' id='word_1_745' title='bbox 280 5332 650 5403; x_wconf 87' lang='lat' dir='ltr'>tropolitanus</span> <span class='ocrx_word' id='word_1_746' title='bbox 678 5330 735 5385; x_wconf 91' lang='lat' dir='ltr'>in</span> <span class='ocrx_word' id='word_1_747' title='bbox 764 5329 991 5386; x_wconf 88' lang='lat' dir='ltr'>alterius</span> <span class='ocrx_word' id='word_1_748' title='bbox 1033 5330 1431 5402; x_wconf 87' lang='lat' dir='ltr'>metropolitani</span> <span class='ocrx_word' id='word_1_749' title='bbox 1475 5330 1775 5402; x_wconf 89' lang='lat' dir='ltr'>provincia,</span> <span class='ocrx_word' id='word_1_750' title='bbox 1808 5331 1899 5387; x_wconf 90' lang='lat' dir='ltr'>in-</span> 
     </span>
    </p>
   </div>
   <div class='ocr_carea' id='block_1_105' title="bbox 282 5419 1900 5491">
    <p class='ocr_par' dir='ltr' id='par_1_105' title="bbox 282 5419 1900 5491">
     <span class='ocr_line' id='line_1_105' title="bbox 282 5419 1900 5491; baseline -0.001 -14"><span class='ocrx_word' id='word_1_751' title='bbox 282 5419 543 5477; x_wconf 85' lang='lat' dir='ltr'>consulto</span> <span class='ocrx_word' id='word_1_752' title='bbox 582 5435 648 5476; x_wconf 92' lang='lat' dir='ltr'>eo</span> <span class='ocrx_word' id='word_1_753' title='bbox 691 5419 955 5491; x_wconf 87' lang='lat' dir='ltr'>quiddam</span> <span class='ocrx_word' id='word_1_754' title='bbox 996 5419 1135 5488; x_wconf 90' lang='lat' dir='ltr'>juris</span> <span class='ocrx_word' id='word_1_755' title='bbox 1174 5426 1490 5491; x_wconf 89' lang='lat' dir='ltr'>prasumat,</span> <span class='ocrx_word' id='word_1_756' title='bbox 1538 5419 1782 5476; x_wconf 85' lang='lat' dir='ltr'>scribens</span> <span class='ocrx_word' id='word_1_757' title='bbox 1830 5419 1900 5476; x_wconf 89' lang='lat' dir='ltr'>ad</span> 
     </span>
    </p>
   </div>
   <div class='ocr_carea' id='block_1_106' title="bbox 280 5507 1895 5584">
    <p class='ocr_par' dir='ltr' id='par_1_106' title="bbox 280 5507 1895 5584">
     <span class='ocr_line' id='line_1_106' title="bbox 280 5507 1895 5584; baseline -0.001 -18"><span class='ocrx_word' id='word_1_758' title='bbox 280 5510 653 5583; x_wconf 81' lang='lat' dir='ltr'>Augustinum</span> <span class='ocrx_word' id='word_1_759' title='bbox 667 5507 976 5581; x_wconf 77' lang='lat' dir='ltr'>Anglorum</span> <span class='ocrx_word' id='word_1_760' title='bbox 991 5507 1309 5582; x_wconf 87' lang='lat' dir='ltr'>episcopum</span> <span class='ocrx_word' id='word_1_761' title='bbox 1323 5508 1859 5584; x_wconf 53' lang='lat' dir='ltr'>(interrogationem</span> <span class='ocrx_word' id='word_1_762' title='bbox 1880 5527 1895 5565; x_wconf 89' lang='lat'><strong>:</strong></span> 
     </span>
    </p>
   </div>
   <div class='ocr_carea' id='block_1_107' title="bbox 2000 4534 3597 4610">
    <p class='ocr_par' dir='ltr' id='par_1_107' title="bbox 2000 4534 3597 4610">
     <span class='ocr_line' id='line_1_107' title="bbox 2000 4534 3597 4610; baseline 0.002 -20"><span class='ocrx_word' id='word_1_763' title='bbox 2000 4534 2180 4590; x_wconf 88' lang='lat' dir='ltr'>vitatis</span> <span class='ocrx_word' id='word_1_764' title='bbox 2206 4534 2545 4606; x_wconf 82' lang='lat' dir='ltr'>episcopum,</span> <span class='ocrx_word' id='word_1_765' title='bbox 2578 4553 2644 4592; x_wconf 83' lang='lat' dir='ltr'>ex</span> <span class='ocrx_word' id='word_1_766' title='bbox 2671 4537 2880 4593; x_wconf 88' lang='lat' dir='ltr'>eisdem</span> <span class='ocrx_word' id='word_1_767' title='bbox 2927 4538 3093 4594; x_wconf 90' lang='lat' dir='ltr'>sacris</span> <span class='ocrx_word' id='word_1_768' title='bbox 3138 4537 3438 4594; x_wconf 89' lang='lat' dir='ltr'>canonibus</span> <span class='ocrx_word' id='word_1_769' title='bbox 3468 4553 3597 4610; x_wconf 86' lang='lat' dir='ltr'>pro-</span> 
     </span>
    </p>
   </div>
   <div class='ocr_carea' id='block_1_108' title="bbox 1998 4622 3599 4697">
    <p class='ocr_par' dir='ltr' id='par_1_108' title="bbox 1998 4622 3599 4697">
     <span class='ocr_line' id='line_1_108' title="bbox 1998 4622 3599 4697; baseline 0.004 -21"><span class='ocrx_word' id='word_1_770' title='bbox 1998 4622 2261 4695; x_wconf 87' lang='lat' dir='ltr'>mulgata,</span> <span class='ocrx_word' id='word_1_771' title='bbox 2295 4623 2437 4679; x_wconf 89' lang='lat' dir='ltr'>inter</span> <span class='ocrx_word' id='word_1_772' title='bbox 2463 4632 2662 4682; x_wconf 83' lang='lat' dir='ltr'>catera</span> <span class='ocrx_word' id='word_1_773' title='bbox 2689 4625 2818 4683; x_wconf 89' lang='lat' dir='ltr'>dicit</span> <span class='ocrx_word' id='word_1_774' title='bbox 2847 4627 2916 4681; x_wconf 90' lang='lat' dir='ltr'>ad</span> <span class='ocrx_word' id='word_1_775' title='bbox 2947 4627 3125 4682; x_wconf 91' lang='lat' dir='ltr'>locum</span> <span class='ocrx_word' id='word_1_776' title='bbox 3153 4626 3342 4697; x_wconf 77' lang='lat' dir='ltr'>(epist.</span> <span class='ocrx_word' id='word_1_777' title='bbox 3368 4625 3424 4697; x_wconf 88' lang='lat'>6)</span> <span class='ocrx_word' id='word_1_778' title='bbox 3449 4643 3462 4680; x_wconf 87' lang='lat'><strong>:</strong></span> <span class='ocrx_word' id='word_1_779' title='bbox 3497 4642 3517 4676; x_wconf 74' lang='grc' dir='ltr'>ι</span> <span class='ocrx_word' id='word_1_780' title='bbox 3540 4625 3599 4682; x_wconf 92' lang='lat' dir='ltr'>Si</span> 
     </span>
    </p>
   </div>
   <div class='ocr_carea' id='block_1_109' title="bbox 1999 4712 3601 4786">
    <p class='ocr_par' dir='ltr' id='par_1_109' title="bbox 1999 4712 3601 4786">
     <span class='ocr_line' id='line_1_109' title="bbox 1999 4712 3601 4786; baseline 0.003 -20"><span class='ocrx_word' id='word_1_781' title='bbox 1999 4712 2287 4768; x_wconf 89' lang='lat' dir='ltr'>ambientis</span> <span class='ocrx_word' id='word_1_782' title='bbox 2316 4712 2561 4783; x_wconf 89' lang='lat' dir='ltr'>intentio,</span> <span class='ocrx_word' id='word_1_783' title='bbox 2594 4722 2689 4771; x_wconf 92' lang='lat' dir='ltr'>aut</span> <span class='ocrx_word' id='word_1_784' title='bbox 2716 4714 2963 4785; x_wconf 90' lang='lat' dir='ltr'>imperita</span> <span class='ocrx_word' id='word_1_785' title='bbox 2992 4713 3284 4770; x_wconf 90' lang='lat' dir='ltr'>faventium</span> <span class='ocrx_word' id='word_1_786' title='bbox 3314 4714 3512 4786; x_wconf 90' lang='lat' dir='ltr'>studia,</span> <span class='ocrx_word' id='word_1_787' title='bbox 3544 4715 3601 4771; x_wconf 90' lang='lat' dir='ltr'>id</span> 
     </span>
    </p>
   </div>
   <div class='ocr_carea' id='block_1_110' title="bbox 2000 4801 3602 4875">
    <p class='ocr_par' dir='ltr' id='par_1_110' title="bbox 2000 4801 3602 4875">
     <span class='ocr_line' id='line_1_110' title="bbox 2000 4801 3602 4875; baseline 0.003 -20"><span class='ocrx_word' id='word_1_788' title='bbox 2000 4801 2149 4872; x_wconf 90' lang='lat' dir='ltr'>quod</span> <span class='ocrx_word' id='word_1_789' title='bbox 2196 4818 2475 4874; x_wconf 89' lang='lat' dir='ltr'>nunquam</span> <span class='ocrx_word' id='word_1_790' title='bbox 2523 4804 2710 4859; x_wconf 88' lang='lat' dir='ltr'>habuit</span> <span class='ocrx_word' id='word_1_791' title='bbox 2756 4802 3128 4870; x_wconf 90' lang='lat' dir='ltr'>consuetudo,</span> <span class='ocrx_word' id='word_1_792' title='bbox 3177 4804 3495 4875; x_wconf 90' lang='lat' dir='ltr'>poscebant,</span> <span class='ocrx_word' id='word_1_793' title='bbox 3543 4812 3602 4860; x_wconf 88' lang='lat' dir='ltr'>ut</span> 
     </span>
    </p>
   </div>
   <div class='ocr_carea' id='block_1_111' title="bbox 1999 4888 3596 4966">
    <p class='ocr_par' dir='ltr' id='par_1_111' title="bbox 1999 4888 3596 4966">
     <span class='ocr_line' id='line_1_111' title="bbox 1999 4888 3596 4966; baseline 0.003 -22"><span class='ocrx_word' id='word_1_794' title='bbox 1999 4888 2266 4961; x_wconf 92' lang='lat' dir='ltr'>incipiens</span> <span class='ocrx_word' id='word_1_795' title='bbox 2296 4891 2542 4957; x_wconf 89' lang='lat' dir='ltr'>imeritis,</span> <span class='ocrx_word' id='word_1_796' title='bbox 2577 4900 2629 4947; x_wconf 87' lang='lat' dir='ltr'>et</span> <span class='ocrx_word' id='word_1_797' title='bbox 2658 4890 2907 4947; x_wconf 90' lang='lat' dir='ltr'>novellus</span> <span class='ocrx_word' id='word_1_798' title='bbox 2942 4890 3292 4961; x_wconf 75' lang='lat' dir='ltr'>praeferretur</span> <span class='ocrx_word' id='word_1_799' title='bbox 3337 4892 3596 4966; x_wconf 89' lang='lat' dir='ltr'>antiquis,</span> 
     </span>
    </p>
   </div>
   <div class='ocr_carea' id='block_1_112' title="bbox 1999 4978 3594 5053">
    <p class='ocr_par' dir='ltr' id='par_1_112' title="bbox 1999 4978 3594 5053">
     <span class='ocr_line' id='line_1_112' title="bbox 1999 4978 3594 5053; baseline 0.004 -21"><span class='ocrx_word' id='word_1_800' title='bbox 1999 4985 2105 5035; x_wconf 89' lang='lat' dir='ltr'>tua</span> <span class='ocrx_word' id='word_1_801' title='bbox 2134 4978 2310 5034; x_wconf 84' lang='lat' dir='ltr'>fuerat</span> <span class='ocrx_word' id='word_1_802' title='bbox 2355 4980 2636 5036; x_wconf 88' lang='lat' dir='ltr'>industria</span> <span class='ocrx_word' id='word_1_803' title='bbox 2663 4987 2822 5052; x_wconf 89' lang='lat' dir='ltr'>atque</span> <span class='ocrx_word' id='word_1_804' title='bbox 2848 4979 3129 5049; x_wconf 86' lang='lat' dir='ltr'>doctrina,</span> <span class='ocrx_word' id='word_1_805' title='bbox 3161 4989 3219 5037; x_wconf 90' lang='lat' dir='ltr'>ut</span> <span class='ocrx_word' id='word_1_806' title='bbox 3248 4982 3445 5052; x_wconf 88' lang='lat' dir='ltr'>injuste</span> <span class='ocrx_word' id='word_1_807' title='bbox 3490 4998 3594 5053; x_wconf 81' lang='lat' dir='ltr'>pe-</span> 
     </span>
    </p>
   </div>
   <div class='ocr_carea' id='block_1_113' title="bbox 1998 5058 3601 5140">
    <p class='ocr_par' dir='ltr' id='par_1_113' title="bbox 1998 5058 3601 5140">
     <span class='ocr_line' id='line_1_113' title="bbox 1998 5058 3601 5140; baseline 0.004 -19"><span class='ocrx_word' id='word_1_808' title='bbox 1998 5067 2225 5123; x_wconf 90' lang='lat' dir='ltr'>tentium</span> <span class='ocrx_word' id='word_1_809' title='bbox 2262 5067 2535 5125; x_wconf 88' lang='lat' dir='ltr'>desideria</span> <span class='ocrx_word' id='word_1_810' title='bbox 2582 5058 2886 5124; x_wconf 79' lang='lat' dir='ltr'>rationabili</span> <span class='ocrx_word' id='word_1_811' title='bbox 2933 5070 3250 5129; x_wconf 89' lang='lat' dir='ltr'>auctoritate</span> <span class='ocrx_word' id='word_1_812' title='bbox 3297 5070 3601 5140; x_wconf 89' lang='lat' dir='ltr'>cohiberes,</span> 
     </span>
    </p>
   </div>
   <div class='ocr_carea' id='block_1_114' title="bbox 2000 5156 3601 5231">
    <p class='ocr_par' dir='ltr' id='par_1_114' title="bbox 2000 5156 3601 5231">
     <span class='ocr_line' id='line_1_114' title="bbox 2000 5156 3601 5231; baseline 0.004 -21"><span class='ocrx_word' id='word_1_813' title='bbox 2000 5172 2069 5211; x_wconf 90' lang='lat' dir='ltr'>ne</span> <span class='ocrx_word' id='word_1_814' title='bbox 2099 5174 2260 5228; x_wconf 89' lang='lat' dir='ltr'>quem</span> <span class='ocrx_word' id='word_1_815' title='bbox 2287 5157 2340 5211; x_wconf 90' lang='lat' dir='ltr'>in</span> <span class='ocrx_word' id='word_1_816' title='bbox 2372 5156 2690 5213; x_wconf 86' lang='lat' dir='ltr'>sacerdotali</span> <span class='ocrx_word' id='word_1_817' title='bbox 2718 5173 2951 5230; x_wconf 89' lang='lat' dir='ltr'>propere</span> <span class='ocrx_word' id='word_1_818' title='bbox 2980 5159 3323 5231; x_wconf 89' lang='lat' dir='ltr'>provehebas</span> <span class='ocrx_word' id='word_1_819' title='bbox 3367 5159 3601 5227; x_wconf 86' lang='lat' dir='ltr'>honore,</span> 
     </span>
    </p>
   </div>
   <div class='ocr_carea' id='block_1_115' title="bbox 2001 5244 3605 5318">
    <p class='ocr_par' dir='ltr' id='par_1_115' title="bbox 2001 5244 3605 5318">
     <span class='ocr_line' id='line_1_115' title="bbox 2001 5244 3605 5318; baseline 0.001 -17"><span class='ocrx_word' id='word_1_820' title='bbox 2001 5244 2070 5301; x_wconf 88' lang='lat' dir='ltr'>ad</span> <span class='ocrx_word' id='word_1_821' title='bbox 2100 5244 2348 5314; x_wconf 90' lang='lat' dir='ltr'>injuriam</span> <span class='ocrx_word' id='word_1_822' title='bbox 2379 5261 2561 5301; x_wconf 91' lang='lat' dir='ltr'>eorum</span> <span class='ocrx_word' id='word_1_823' title='bbox 2593 5245 2790 5318; x_wconf 91' lang='lat' dir='ltr'>quibus</span> <span class='ocrx_word' id='word_1_824' title='bbox 2833 5247 3140 5304; x_wconf 89' lang='lat' dir='ltr'>sociabatur</span> <span class='ocrx_word' id='word_1_825' title='bbox 3179 5247 3463 5317; x_wconf 88' lang='lat' dir='ltr'>inciperet,</span> <span class='ocrx_word' id='word_1_826' title='bbox 3494 5248 3605 5303; x_wconf 87' lang='lat' dir='ltr'>mi-</span> 
     </span>
    </p>
   </div>
   <div class='ocr_carea' id='block_1_116' title="bbox 2001 5332 3603 5406">
    <p class='ocr_par' dir='ltr' id='par_1_116' title="bbox 2001 5332 3603 5406">
     <span class='ocr_line' id='line_1_116' title="bbox 2001 5332 3603 5406; baseline 0.004 -19"><span class='ocrx_word' id='word_1_827' title='bbox 2001 5349 2211 5406; x_wconf 85' lang='lat' dir='ltr'>norque</span> <span class='ocrx_word' id='word_1_828' title='bbox 2243 5350 2302 5387; x_wconf 91' lang='lat' dir='ltr'>se</span> <span class='ocrx_word' id='word_1_829' title='bbox 2332 5332 2506 5398; x_wconf 82' lang='lat' dir='ltr'>fieret,</span> <span class='ocrx_word' id='word_1_830' title='bbox 2541 5335 2670 5391; x_wconf 91' lang='lat' dir='ltr'>dum</span> <span class='ocrx_word' id='word_1_831' title='bbox 2698 5335 2751 5390; x_wconf 88' lang='lat' dir='ltr'>in</span> <span class='ocrx_word' id='word_1_832' title='bbox 2781 5336 2874 5393; x_wconf 93' lang='lat' dir='ltr'>illo</span> <span class='ocrx_word' id='word_1_833' title='bbox 2902 5353 3013 5392; x_wconf 89' lang='lat' dir='ltr'><strong>non</strong></span> <span class='ocrx_word' id='word_1_834' title='bbox 3048 5335 3367 5392; x_wconf 88' lang='lat' dir='ltr'>humilitatis</span> <span class='ocrx_word' id='word_1_835' title='bbox 3412 5336 3603 5406; x_wconf 86' lang='lat' dir='ltr'>virtus,</span> 
     </span>
    </p>
   </div>
   <div class='ocr_carea' id='block_1_117' title="bbox 2001 5420 3605 5499">
    <p class='ocr_par' dir='ltr' id='par_1_117' title="bbox 2001 5420 3605 5499">
     <span class='ocr_line' id='line_1_117' title="bbox 2001 5420 3605 5499; baseline 0.004 -23"><span class='ocrx_word' id='word_1_836' title='bbox 2001 5421 2099 5476; x_wconf 80' lang='lat' dir='ltr'>sed</span> <span class='ocrx_word' id='word_1_837' title='bbox 2130 5420 2380 5476; x_wconf 88' lang='lat' dir='ltr'>elationis</span> <span class='ocrx_word' id='word_1_838' title='bbox 2411 5422 2602 5479; x_wconf 90' lang='lat' dir='ltr'>vitium</span> <span class='ocrx_word' id='word_1_839' title='bbox 2631 5424 2992 5481; x_wconf 90' lang='lat' dir='ltr'>roboraretur.</span> <span class='ocrx_word' id='word_1_840' title='bbox 3023 5425 3216 5497; x_wconf 86' lang='lat' dir='ltr'>Neque</span> <span class='ocrx_word' id='word_1_841' title='bbox 3261 5424 3408 5481; x_wconf 89' lang='lat' dir='ltr'>enim</span> <span class='ocrx_word' id='word_1_842' title='bbox 3443 5427 3605 5499; x_wconf 78' lang='lat' dir='ltr'>igno~</span> 
     </span>
    </p>
   </div>
   <div class='ocr_carea' id='block_1_118' title="bbox 2001 5509 3600 5588">
    <p class='ocr_par' dir='ltr' id='par_1_118' title="bbox 2001 5509 3600 5588">
     <span class='ocr_line' id='line_1_118' title="bbox 2001 5509 3600 5588; baseline 0.003 -22"><span class='ocrx_word' id='word_1_843' title='bbox 2001 5509 2164 5568; x_wconf 89' lang='lat' dir='ltr'>rabas</span> <span class='ocrx_word' id='word_1_844' title='bbox 2191 5509 2396 5569; x_wconf 87' lang='lat' dir='ltr'>dixisse</span> <span class='ocrx_word' id='word_1_845' title='bbox 2423 5512 2737 5585; x_wconf 89' lang='lat' dir='ltr'>Dominum,</span> <span class='ocrx_word' id='word_1_846' title='bbox 2771 5513 2917 5588; x_wconf 91' lang='lat' dir='ltr'>quod</span> <span class='ocrx_word' id='word_1_847' title='bbox 2945 5513 3038 5587; x_wconf 90' lang='lat' dir='ltr'>qui</span> <span class='ocrx_word' id='word_1_848' title='bbox 3067 5528 3128 5571; x_wconf 91' lang='lat' dir='ltr'>se</span> <span class='ocrx_word' id='word_1_849' title='bbox 3159 5515 3406 5572; x_wconf 86' lang='lat' dir='ltr'>humiliat</span> <span class='ocrx_word' id='word_1_850' title='bbox 3452 5516 3600 5572; x_wconf 85' lang='lat' dir='ltr'>exal-</span> 
     </span>
    </p>
   </div>
  </div>
