4004 6176
433 281 535 332 199

1429 277 1772 334 IIINCMARI
1811 275 2212 333 RHEMENSIS
2251 276 2806 334 ARCHIEPISCOPI.

3635 286 3744 339 200

433 403 651 468 tabitur,
687 403 780 474 qui
809 418 940 458 vero
972 419 1030 458 se
1063 402 1282 472 exultat,
1313 404 1703 458 humiliabitur.
1729 402 2032 458 Eumdem-
2059 401 2116 461 A
2138 401 2460 456 inconcusse
2505 403 2661 471 juxta
2707 419 2891 458 sacras
2939 403 3162 476 regulas
3205 405 3565 462 conservatis.
3609 406 3748 476 Quae

433 508 538 563 que
560 491 1144 564 dixisse:Quicu-nque
1166 495 1286 548 vult
1307 493 1462 548 inter
1483 511 1572 550 vos
1593 495 1776 564 major
1794 493 2040 562 ﬁeri,sit
2137 491 2472 560 temporibus
2535 491 2826 546 Theodosii
2893 499 2944 546 et
3007 493 3230 548 Honorii
3313 493 3744 566 imperatorum,

432 585 614 636 vester
639 582 923 647 minister,
950 585 1005 636 et
1031 583 1346 654 quicunque
1369 583 1607 638 voluerit
1630 583 1782 636 inter
1803 599 1892 636 vos
1905 583 2033 654 pri-

432 687 560 725 mus
578 686 715 732 esse,
739 671 848 725 erit
867 687 953 724 ves
963 675 1046 724 ter
1066 687 1258 725 servus
1281 669 1471 740 (Marc.
1497 685 1556 738 Χ,
1585 671 1692 741 43).
1719 670 1831 724 Vos
1851 677 2034 724 autem

433 759 674 829 queritis
706 759 772 812 de
803 758 1000 828 pusillo
1045 774 1294 814 crescere
1341 766 1393 813 et
1435 759 1502 813 de
1545 759 1750 814 honore
1795 758 2032 826 majores

431 864 573 902 esse.
609 849 906 918 Utrumque
948 847 1091 902 enim
1123 847 1512 914 inordinatum,
1557 855 1844 919 utrumque
1887 864 2030 917 pra:—

427 943 708 1006 posterum
758 943 872 1002 est,
926 945 979 991 et
1029 937 1207 992 omnis
1245 937 1495 992 laborum
1528 935 1730 992 fructus
1767 936 2026 1002 aufertur,

426 1023 604 1079 omnis
633 1025 953 1080 meritorum
1001 1043 1256 1081 mensura
1286 1035 1566 1086 vacuatur.
1599 1025 1644 1078 si
1675 1033 1878 1080 tantum
1909 1025 2029 1096 quis

423 1114 730 1185 assequitur
769 1113 1069 1187 dignitatis,
1106 1123 1366 1186 quantum
1410 1114 1732 1169 adulationis
1777 1113 2025 1182 obtinuit,

421 1209 480 1256 ut
508 1202 772 1273 cupiditas
824 1203 1096 1258 eminendi
1128 1219 1237 1258 non
1269 1204 1442 1258 solum
1486 1203 1888 1273 superbientem
1919 1203 2028 1256 mi-

421 1291 698 1360 nuat,'sed
742 1291 906 1346 etiam
951 1291 1350 1347 conniventem.
1389 1291 1444 1347 Si
1475 1307 1625 1358 vero,
1660 1299 1716 1346 ut
1746 1292 2023 1356 asseritur,

417 1379 580 1451 primi
612 1380 950 1451 secundique
983 1380 1286 1451 presbyteri
1317 1381 1460 1436 circa
1491 1381 1844 1452 Epicarpium
1890 1379 2026 1435 sibi-

419 1476 530 1522 met
559 1468 1006 1540 praeponendum,
1033 1476 1138 1522 tam
1167 1469 1293 1524 huic
1323 1469 1614 1524 assentatio
1643 1469 1760 1536 fuit,
1787 1477 1843 1523 ut
1873 1469 2026 1523 illum

419 1571 542 1612 cum
573 1557 656 1610 sui
686 1557 956 1613 dedecore
987 1566 1280 1628 poscerent
1319 1557 1600 1625 honorari,
1630 1573 1732 1613 nec
1763 1559 1866 1612 hoc
1899 1557 2025 1628 qui-

418 1645 544 1700 dem
571 1645 680 1700 illis
701 1646 925 1718 proprio
946 1663 1004 1701 se
1023 1646 1228 1716 judicio
1253 1645 1632 1715 dejicientibus
1655 1645 1818 1700 tribui
1839 1645 2025 1701 debuit

2134 577 2448 648 pontificatu
2507 596 2662 650 papae
2701 580 2936 646 Zosimi,
2993 598 3095 650 per
3143 589 3349 652 septem
3387 585 3702 653 provincias
3727 627 3744 654 ,

2135 667 2342 722 scilicet
2380 667 2744 723 Viennensem
2767 711 2780 736 ,
2822 669 3242 740 Lugdunensem
3271 713 3283 736 ,
3325 672 3746 728 Narbonensem

2132 756 2366 826 primam
2397 765 2450 810 et
2481 757 2778 812 secundam
2801 801 2813 824 ,
2849 765 2902 811 et
2931 758 3182 828 Alpinam
3205 801 3218 828 ,
3267 767 3318 814 et
3345 761 3744 833 Novempopu-

2132 844 2314 899 lanam
2336 887 2348 910 ,
2385 853 2436 900 et
2469 847 2764 901 secundam
2807 847 3184 918 Aquitanicam
3229 849 3534 916 emanavit,
3567 858 3626 904 ut
3673 852 3746 907 de

2131 932 2214 987 his
2252 934 2547 1004 provinciis
2579 935 2826 990 honorati
2871 935 2956 990 vel
3007 953 3377 1006 possessores,
3425 939 3642 1006 judices
3691 948 3746 993 et

2131 1021 2374 1092 episcopi
2407 1023 2760 1094 praefatarum
2790 1025 3215 1094 provinciarum,
3270 1027 3342 1080 ab
3389 1028 3577 1082 Idibus
3625 1033 3744 1082 Au-

2130 1111 2277 1181 gusti
2293 1112 2705 1184 quibuscunque
2729 1113 2922 1168 mediis
2943 1114 3136 1168 diebus
3153 1115 3208 1168 in
3229 1115 3355 1169 ldus
3375 1116 3738 1187 Septembris,

2129 1199 2184 1254 in
2228 1200 2364 1254 urbe
2406 1201 2734 1268 Arelatensi,
2769 1219 2891 1274 quae
2923 1211 2974 1258 et
3006 1203 3358 1258 Constantina
3385 1215 3638 1274 vocatur,
3672 1208 3746 1262 ad

2127 1289 2416 1344 concilium
2479 1289 2696 1346 forense
2745 1291 2832 1346 vel
2877 1291 3308 1348 ecclesiasticum
3358 1295 3740 1351 convenirent.

2127 1378 2202 1431 lta
2241 1387 2298 1432 ut
2337 1379 2404 1432 de
2443 1380 2931 1450 Novempopulana
2983 1388 3036 1434 et
3089 1381 3332 1436 secunda
3383 1383 3740 1454 Aquitanica,

2126 1482 2246 1536 qua:
2302 1467 2595 1538 provincia:
2649 1467 2866 1541 longius
2905 1469 3210 1525 constitutae
3258 1478 3412 1538 sunt,
3462 1471 3510 1526 si
3547 1489 3739 1528 eorum

2116 1554 2332 1622 judices
2361 1563 2414 1611 et
2443 1557 2890 1627 metropolitanos
2935 1559 3222 1628 occupatio
3265 1567 3418 1614 certa
3447 1561 3734 1628 retineret,

2123 1642 2337 1716 legatos
2383 1660 2510 1700 suos
2547 1647 2697 1714 juxta
2745 1647 3194 1702 consuetudinem
3235 1647 3545 1716 mitterent,
3595 1650 3740 1706 sicut

418 1734 562 1805 quod
591 1733 868 1802 volebant,
903 1735 991 1790 cui
1035 1743 1148 1790 tam
1189 1735 1405 1790 miserae
1433 1734 1692 1790 voluntati
1723 1742 1774 1790 te
1804 1735 2022 1808 dignius
2049 1731 2178 1824 Bin
2210 1732 2387 1788 edicto
2431 1733 2778 1804 praefatorum
2823 1734 3234 1806 imperatorum,
3283 1745 3336 1792 et
3383 1737 3439 1792 in
3483 1738 3736 1808 epistolis

417 1821 590 1878 fuerat
639 1823 883 1894 obviare,
937 1839 1100 1895 quam
1151 1823 1369 1880 cedere.
1421 1821 1695 1878 Deformis
1741 1832 1920 1878 autem
1970 1831 2024 1878 et

415 1909 616 1983 ignava
665 1911 930 1982 subjectio
979 1915 1119 1968 bene
1172 1913 1275 1968 sibi
1305 1913 1560 1980 consciis,
1595 1921 1650 1968 et
1675 1929 1786 1968 non
1814 1913 2022 1968 irritam

416 2000 736 2057 facientibus
765 2001 998 2074 gratiam
1027 2002 1146 2070 Dei,
1180 2003 1536 2074 praijudicare
1582 2018 1694 2057 non
1740 2002 1931 2073 potuit,
1966 2010 2024 2056 ut

414 2091 678 2162 primates
709 2107 837 2146 suos
885 2107 1210 2164 quocunque
1259 2091 1590 2148 commercio
1619 2092 1674 2145 in
1703 2091 2022 2146 alterutrum

414 2179 832 2252 transferentes,
869 2181 1316 2252 subsequentium
1349 2196 1570 2236 suorum
1599 2181 1904 2236 minuerent
1932 2181 2020 2235 di-

414 2268 700 2341 gnitatem,
736 2277 788 2324 et
818 2285 979 2340 quem
1019 2269 1268 2324 ultimum
1300 2269 1404 2338 sibi
1434 2265 1874 2340 anteposuerant,
1909 2284 2020 2324 cae-

414 2357 547 2412 teris
601 2357 970 2428 praemineret.
1027 2357 1278 2414 Praedicti
1335 2357 1498 2430 igitur
1549 2357 1876 2428 presbyteri,
1927 2357 2020 2429 qui

411 2443 667 2516 indignos
710 2463 770 2500 se
809 2445 1033 2502 honoris
1073 2446 1156 2500 sui
1192 2445 1382 2501 ordine
1431 2455 1552 2500 sunt
1597 2445 1849 2518 professi,
1895 2445 2022 2502 licet

413 2534 615 2606 privari
663 2533 827 2590 etiam
877 2534 1184 2591 sacerdotio
1229 2543 1589 2599 mererentur,
1622 2543 1802 2590 tamen
1839 2543 1897 2590 ut
1938 2535 2019 2591 eis

409 2639 511 2694 pro
560 2623 874 2694 apostolica:
907 2623 1053 2680 sedis
1083 2624 1287 2695 pietate
1332 2633 1608 2695 parcatur,
1659 2623 1830 2678 ultimi
1875 2624 2018 2679 inter

409 2727 600 2768 omnes
629 2713 892 2770 Ecclesia:
923 2713 1277 2784 presbyteros
1297 2713 1618 2770 habeantur.
1653 2714 1722 2768 Et
1749 2721 1806 2768 ut
1826 2711 2017 2783 judicii

407 2801 492 2857 sui
521 2803 846 2858 sententiam
885 2801 1094 2869 ferant,
1143 2801 1438 2858 inferiores
1475 2803 1642 2858 etiam
1685 2801 1778 2858 illo
1822 2809 2011 2869 erunt,

409 2907 572 2961 quem
611 2889 838 2960 propria
885 2890 1155 2946 sententia
1203 2891 1420 2946 sibimet
1465 2891 1768 2962 praetulere,
1801 2890 2014 2948 caeteris

413 2978 667 3032 omnibus
716 2978 1057 3049 presbyteris
1098 2979 1154 3032 in
1197 2995 1263 3035 eo
1307 2980 1500 3034 ordine
1541 2979 2009 3049 permanentibus,

406 3081 568 3137 quem
602 3065 892 3138 unicuique
931 3057 1288 3122 ordinationis
1336 3084 1449 3124 sua;
1495 3076 1707 3139 tempus
1737 3067 2007 3140 ascripsit.

403 3155 519 3211 Nec
553 3156 839 3228 quisquam
867 3165 1065 3228 praeter
1111 3157 1403 3226 praedictos
1433 3157 1570 3212 duos
1599 3157 1894 3212 imminutae
1922 3157 2010 3211 di-

405 3244 626 3317 gnitatis
684 3245 918 3316 patiatur
974 3245 1229 3315 injuriam
1256 3289 1268 3312 ,
1321 3247 1418 3302 sed
1465 3245 1520 3301 in
1568 3261 1756 3302 eorum
1817 3253 2012 3301 statum

406 3334 782 3390 tantummodo
812 3335 918 3391 hoc
947 3343 1198 3391 recurrat
1242 3335 1614 3406 opprobrium,
1661 3335 1752 3408 qui
1794 3335 2011 3391 novello

403 3431 457 3478 ct
487 3423 775 3479 immature
805 3424 1053 3480 ordinato
1074 3423 1363 3481 inferiores
1385 3424 1502 3480 ﬁeri
1523 3425 1760 3498 elegere,
1785 3432 1844 3478 ut
1861 3425 2010 3480 illam

407 3513 786 3586 evangelicam
833 3513 1160 3570 sententiam
1207 3514 1278 3570 ad
1327 3531 1386 3570 se
1435 3515 1668 3570 sentiant
1710 3513 2004 3586 pertinere,

405 3617 511 3674 qua
548 3603 745 3659 dicitur
779 3619 792 3657 :
825 3601 946 3672 Quo
988 3601 1195 3672 judicio
1240 3602 1634 3672 judicaveritis,
1678 3602 2010 3671 judicabitur

403 3691 472 3746 de
514 3691 704 3758 vobis;
752 3699 806 3745 et
853 3707 960 3764 qua
1007 3707 1266 3748 mensura
1311 3691 1488 3748 mensi
1531 3691 1762 3758 fueritis,
1815 3690 2010 3746 eadem

405 3779 722 3834 remetiatur
750 3778 909 3834 vobis
930 3781 1152 3849 (Matth.
1182 3795 1282 3846 vu,
1305 3780 1383 3850 2).
1407 3779 1604 3834 Paulus
1624 3795 1756 3834 vero
1787 3779 2011 3850 presby-

399 3876 483 3922 ter
511 3867 761 3922 ordinem
792 3883 969 3935 suum,
1020 3868 1089 3922 de
1137 3883 1244 3939 quo
1291 3867 1549 3922 laudabili
1595 3866 1851 3924 ﬁrmitate
1898 3883 2009 3923 non

403 3955 589 4022 cessit,
640 3955 899 4024 obtineat,
948 3972 1052 4012 nec
1099 3956 1322 4012 ulterius
1369 3955 1574 4028 aliquid
1603 3957 1660 4011 in
1688 3957 2006 4030 cujusquam

401 4052 763 4116 praesumetur
791 4043 1059 4114 injuriam.
1102 4066 1123 4094 υ

472 4131 670 4188 XVIII.
715 4133 847 4189 Hazc
893 4133 968 4188 ita
1013 4134 1082 4190 de
1124 4133 1249 4204 jure
1295 4133 1527 4207 singulis
1571 4133 2004 4206 metropolitanis

403 4221 802 4292 conservando,
837 4231 890 4279 et
917 4231 976 4278 ut
1003 4223 1333 4294 posteriores
1361 4239 1420 4278 se
1445 4223 1721 4294 prioribus
1751 4224 1864 4280 suis
1894 4240 2003 4280 non

397 4310 710 4383 praeferant,
745 4312 842 4368 sed
873 4312 1120 4369 ordinem
1151 4312 1254 4368 sibi
1284 4329 1315 4367 a
1347 4313 1463 4368 Deo
1503 4313 1754 4369 traditum
1800 4313 2003 4385 quique

395 4413 726 4458 conservare
773 4409 1090 4472 procurent,
1121 4418 1152 4456 a
1181 4401 1420 4459 Nicaanis
1469 4403 1769 4458 canonibus
1799 4403 2002 4474 Spiritu

2125 1822 2435 1892 apostolicae
2475 1823 2622 1878 sedis
2671 1823 2988 1895 pontiﬁcum
3041 1824 3335 1881 invenitur.
3377 1826 3589 1883 Deinde
3646 1829 3738 1884 hic

2125 1911 2388 1982 primatus
2417 1928 2517 1982 per
2545 1911 2797 1982 praefatas
2843 1912 3155 1984 provincias
3187 1914 3484 1970 Viennensi
3527 1915 3738 1972 civitati

2125 2000 2451 2055 commissus
2480 2007 2580 2066 est,
2614 2001 2849 2072 indeque
2875 2003 3014 2058 hanc
3055 2002 3476 2059 sollicitudinem
3507 2005 3734 2076 episco-

2121 2104 2224 2158 pus
2256 2089 2595 2144 Arelatensis
2625 2090 2848 2160 recepit.

2192 2177 2344 2230 XIX.
2377 2179 2608 2232 Demum
2637 2178 2692 2232 in
2723 2194 2893 2251 regno
2925 2178 3206 2246 Clodovei,
3239 2197 3412 2252 nuper
3443 2196 3566 2237 cum
3599 2183 3738 2240 inte-

2121 2281 2224 2337 gra
2253 2273 2415 2336 gente
2446 2266 2516 2320 ad
2546 2265 2710 2322 ﬁdem
2753 2269 3004 2324 conversi
3033 2285 3131 2339 per
3159 2277 3406 2325 sanctam
3451 2271 3734 2341 praedica-

2120 2353 2324 2410 tionem
2355 2354 2498 2410 beati
2535 2355 2788 2426 Remigii,
2821 2356 3054 2412 Domino
3079 2367 3408 2430 cooperante
3437 2367 3490 2414 et
3523 2375 3734 2416 sermo-

2118 2458 2244 2498 nem
2266 2442 2624 2500 conﬁrmante
2641 2445 2994 2516 sequentibus
3015 2445 3207 2517 signis,
3228 2447 3419 2502 beatus
3433 2449 3731 2504 Hormisda

2118 2531 2266 2606 vices
2297 2547 2423 2586 suas
2465 2532 2640 2588 eidem
2673 2541 2863 2589 sancto
2893 2533 3142 2608 Remigio
3173 2537 3506 2592 Rhemorum
3538 2539 3730 2594 Duro-

2118 2628 2398 2676 cortorum
2427 2621 2662 2692 antiquae
2689 2622 3004 2694 metropolis
3035 2623 3314 2696 episcopo,
3347 2641 3468 2698 qua:
3507 2643 3730 2697 praece-

2116 2709 2366 2765 dentibus
2394 2711 2732 2782 temporibus
2761 2712 2950 2766 habuit
2983 2713 3083 2767 sub
3113 2729 3172 2768 se
3203 2713 3494 2770 duodecim
3529 2715 3728 2772 civita-

2115 2805 2218 2864 tes,
2252 2799 2504 2855 videlicet
2533 2799 2908 2866 Suessionum,
2943 2801 3382 2872 Catalaunorum,
3415 2804 3728 2860 Ver-oman-

2115 2887 2330 2956 dorum,
2365 2887 2702 2956 Atrebatum,
2735 2889 3224 2956 Camaracensium,
3269 2892 3724 2962 Tornacensium,

2115 2976 2498 3045 Silvanectum,
2539 2976 2984 3050 Belgivagorum,
3031 2979 3497 3047 Ambianensium,
3547 2984 3726 3038 Mori-

2112 3081 2260 3132 num,
2285 3065 2340 3120 id
2362 3073 2463 3132 est,
2499 3066 2799 3132 Ponticum,
2823 3068 3266 3134 Bononiensium,
3309 3077 3362 3124 et
3397 3069 3724 3127 Laudunum

2113 3153 2411 3220 Clavatum,
2442 3155 2498 3209 in
2529 3171 2636 3227 quo
2662 3162 2840 3212 castro
2872 3172 2936 3212 ex
2969 3171 3068 3212 sua
3097 3158 3356 3228 parochia
3396 3157 3544 3214 idem
3587 3175 3724 3215 san-

2113 3251 2230 3298 ctus
2275 3243 2556 3316 Remigius
2601 3243 2978 3301 Africanorum
3026 3261 3298 3302 canonum
3327 3255 3384 3304 et
3419 3248 3723 3319 apostolica

2111 3331 2275 3387 fultus
2304 3332 2625 3388 auctoritate
2654 3334 2932 3389 constituit
2976 3335 3312 3406 episcopum,
3343 3351 3443 3406 per
3469 3337 3720 3410 Belgicae

2112 3430 2164 3478 et
2194 3422 2458 3494 quasdam
2505 3422 2811 3492 provincias
2857 3423 3167 3480 Gallicanas
3207 3426 3496 3494 commisit,
3529 3437 3588 3482 ut
3619 3429 3722 3484 Dei

2111 3511 2394 3578 ecclesias,
2429 3527 2563 3582 quas
2593 3511 2788 3567 Franci
2830 3511 3008 3568 adhuc
3053 3513 3254 3585 pagani
3301 3514 3722 3572 devastaverant

2110 3607 2163 3655 et
2207 3600 2560 3656 incenderant
2597 3600 2854 3656 universa
2881 3601 3186 3672 praedantes
3209 3644 3222 3668 ,
3270 3611 3323 3657 et
3375 3619 3716 3678 quaecunque

2108 3703 2397 3759 perperam
2428 3696 2581 3762 gesta
2611 3689 2838 3760 fuerant,
2870 3690 2940 3744 ad
2970 3689 3214 3746 debitum
3241 3699 3444 3746 statum
3489 3693 3720 3750 reduce-

2108 3783 2210 3842 ret,
2243 3784 2497 3832 manente
2543 3777 2830 3849 privilegio
2879 3778 3186 3835 Arelatensi
3229 3779 3492 3837 Ecclesiae
3521 3781 3576 3837 in
3608 3782 3716 3838 sibi

2109 3865 2404 3936 antiquitus
2433 3865 2702 3938 delegatis
2729 3866 3042 3937 provinciis.

2179 3954 2304 4010 XX.
2331 3954 2519 4010 Postea
2541 3971 2693 4022 vero,
2727 3963 2972 4026 tempore
3001 3956 3146 4012 beati
3170 3957 3424 4030 Gregorii
3445 3958 3711 4032 Virgilius

2104 4041 2440 4099 Arelatensis
2471 4043 2778 4116 episcopus,
2811 4051 3028 4115 petente
3078 4045 3423 4102 Childeberto
3467 4064 3624 4120 rege,
3653 4049 3712 4104 in

2103 4147 2276 4203 regno
2306 4129 2496 4202 ipsius,
2529 4131 2668 4188 sicut
2697 4133 3020 4188 decessores
3049 4133 3193 4188 illius
3223 4135 3277 4188 in
3309 4134 3544 4206 praafatis
3571 4153 3676 4208 pro
3697 4167 3710 4178 -

2105 4220 2298 4277 vinciis
2325 4220 2646 4286 habuerant,
2675 4222 2814 4277 hanc
2853 4221 3254 4292 delegationem
3303 4223 3499 4281 eodem
3546 4225 3710 4281 beato

2105 4308 2374 4381 Gregorio
2419 4309 2788 4366 committente
2836 4311 3074 4382 suscepit
3115 4313 3235 4381 (lib.
3269 4327 3346 4382 1v,
3379 4315 3543 4385 epist.
3591 4315 3706 4384 52).
3749 4305 3762 4314 ”

2103 4398 2349 4469 Denique
2377 4406 2620 4469 tempore
2665 4398 2843 4454 Caroli
2885 4399 3166 4470 principis,
3219 4401 3435 4472 quando
3479 4410 3711 4473 propter

397 4490 499 4546 Dei
525 4491 780 4560 conditis,
813 4497 868 4548 et
897 4491 1059 4546 totius
1089 4491 1278 4546 mundi
1307 4493 1617 4546 reverentia
1649 4492 1998 4560 consecratis,
2017 4483 2071 4545 D
2101 4486 2431 4543 discordiam
2462 4495 2514 4543 et
2542 4489 2944 4544 contentionem
2973 4489 3043 4543 de
3072 4488 3372 4560 principatu
3413 4489 3552 4546 inter
3579 4505 3708 4547 eum

395 4580 721 4652 caeterisque
752 4579 922 4635 sacris
953 4579 1249 4636 canonibus
1271 4579 1720 4652 irrefragabiliter
1739 4581 1996 4648 decretis,

395 4684 459 4725 ac
505 4669 852 4740 providentia
882 4677 935 4724 et
965 4668 1282 4725 auctoritate
1329 4667 1644 4740 pontiﬁcum
1689 4669 2000 4740 apostolica:

395 4758 543 4813 sedis
565 4774 632 4812 ex
651 4759 859 4813 eisdem
880 4758 1181 4814 canonibus
1202 4757 1580 4830 promulgatis,
1606 4757 1676 4813 ad
1701 4775 1888 4814 eorum
1908 4757 1998 4830 qui

397 4847 574 4901 sciunt
627 4846 983 4916 memoriam,
1029 4846 1114 4904 vel
1162 4847 1518 4903 nescientium
1571 4847 1710 4902 forte
1753 4847 1998 4904 notitiam

395 4949 832 4990 commemorare
860 4936 1064 4992 debere
1094 4935 1424 5007 putavimus,
1459 4937 1719 5008 quoniam
1745 4936 1801 4990 in
1830 4936 1998 4992 Cisal—

391 5023 534 5096 pinis
579 5023 877 5096 provinciis
924 5025 1192 5097 delegatio
1221 5025 1422 5082 vicium
1470 5025 1783 5097 apostolica:
1827 5025 1993 5094 sedis,

388 5123 612 5186 propter
661 5113 1023 5169 Simoniacam
1054 5113 1306 5170 haeresim
1352 5115 1780 5186 exstirpandam,
1829 5121 1885 5170 et
1929 5114 1998 5168 ad

387 5202 887 5274 praesumptionem,
909 5202 1033 5273 quia
1054 5203 1177 5258 laici
1204 5211 1453 5276 potentes
1483 5212 1709 5275 repente
1739 5211 1996 5258 tonsura-

391 5291 604 5361 bantur,
654 5301 706 5346 et
761 5292 1154 5348 ordinabantur
1223 5291 1500 5364 episcopi,
1574 5291 1994 5364 amputandam,

394 5379 535 5434 sicut
561 5379 618 5434 in
641 5381 953 5451 apostolicae
982 5381 1131 5436 sedis
1160 5379 1476 5452 pontiﬁcum
1501 5422 1514 5450 ,
1550 5381 1786 5436 maxime
1816 5389 1997 5437 autem

387 5468 445 5524 in
477 5467 621 5524 beati
651 5469 906 5540 Gregorii
935 5470 1178 5542 epistolis
1223 5469 1477 5542 legimus,
1510 5469 1608 5526 fuit
1637 5479 1843 5536 exorta,
1877 5471 1995 5542 pri-

388 5555 606 5628 vilegiis
676 5557 1018 5630 singularum
1089 5557 1494 5630 provinciarum
1563 5557 1996 5632 metropolitanis

2101 4583 2152 4631 et
2209 4575 2631 4649 Raganfredum,
2674 4585 2728 4631 et
2774 4576 3080 4648 frequentia
3115 4593 3178 4632 ac
3215 4577 3396 4633 civilia
3432 4578 3544 4634 imo
3580 4579 3708 4650 plus

2101 4681 2262 4736 quam
2292 4665 2491 4734 civilia,
2525 4664 2654 4736 quia
2689 4664 2938 4720 intestina
2967 4673 3021 4720 et
3047 4665 3401 4736 parricidalia
3447 4666 3612 4738 bella,
3649 4669 3706 4724 in

2101 4753 2440 4810 Germanicis
2462 4762 2514 4808 et
2535 4753 2768 4824 Belgicis
2789 4769 2854 4810 ac
2875 4754 3169 4810 Gallicanis
3201 4755 3494 4826 provinciis
3521 4758 3708 4813 omnis

2100 4842 2297 4915 religio
2328 4842 2743 4898 Christianitatis
2775 4859 2910 4914 pene
2933 4842 3031 4897 fuit
3051 4843 3274 4910 abolita,
3307 4843 3380 4898 ita
3409 4851 3467 4899 ut
3495 4845 3706 4915 episco-

2097 4931 2182 5003 pis
2212 4931 2266 4986 in
2297 4931 2487 5002 paucis
2516 4931 2653 4987 locis
2691 4931 2946 4998 residuis,
2981 4931 3260 5002 episcopia
3301 4932 3455 4988 Iaicis
3496 4933 3704 4990 donata

2099 5027 2152 5074 et
2181 5020 2346 5076 rubus
2376 5021 2551 5076 divisa
2577 5019 2794 5084 fuerint,
2818 5021 2956 5076 adeo
2985 5029 3042 5076 ut
3071 5021 3196 5076 Milo
3228 5022 3451 5092 quidam
3477 5029 3704 5077 tonsura

2099 5108 2348 5174 clericus,
2382 5109 2643 5176 moribus,
2675 5109 2882 5178 habitu,
2907 5117 2962 5164 et
2981 5115 3104 5165 actu
3133 5109 3474 5181 irreligiosus
3503 5109 3700 5177 laicus,

2099 5196 2375 5268 episcopia
2403 5197 2737 5253 Rhemorum
2766 5213 2832 5254 ac
2859 5198 3204 5254 Trevirorum
3251 5214 3521 5269 usurpans
3561 5199 3704 5254 insi-

2097 5284 2228 5350 mul,
2261 5301 2360 5354 per
2387 5285 2590 5340 multos
2619 5301 2791 5341 annos
2820 5285 3258 5356 pessumdederit
3279 5303 3292 5339 :
3317 5294 3369 5341 et
3385 5285 3540 5340 multi
3561 5287 3700 5357 jam,

2097 5373 2328 5428 maxime
2355 5373 2410 5428 in
2442 5371 2808 5430 Orientalibus
2838 5375 3174 5446 regionibus,
3209 5373 3357 5430 idola
3385 5375 3696 5443 adorarent,

2097 5469 2150 5516 et
2179 5462 2296 5517 sine
2339 5461 2610 5535 baptismo
2651 5471 2956 5530 manerent,
2994 5462 3294 5536 Gregorius
3321 5480 3352 5516 a
3379 5463 3558 5534 primo
3601 5480 3700 5519 se-

2097 5559 2330 5630 cundus,
2371 5560 2470 5617 sed
2508 5567 2561 5618 et
2597 5560 2791 5619 tertius
2829 5559 3154 5633 Gregorius.
3196 5559 3442 5618 Winfrid
3479 5575 3696 5633 cogno-
