4088 6180
492 257 598 312 203

1450 249 1791 306 HINCMARI
1820 243 2221 303 RHEMENSIS
2247 244 2799 302 ARCHIEPISCOPI.

3687 246 3798 306 204

499 376 799 450 provinciis
849 384 972 447 post
1027 374 1336 448 episcopale
1382 374 1645 443 judicium
1700 371 1974 445 referant,
2035 377 2091 425 ut
2120 369 2285 430 Ame
2315 386 2542 425 servum
2570 372 2685 441 feci
2713 371 2763 441 (Ι
2793 371 2916 427 Cor.
2944 369 3047 441 ix).
3079 371 3201 427 Non
3230 372 3384 427 enim
3422 373 3793 446 nosmetipsos

500 464 765 537 quidquid
796 462 998 536 singuli
1024 462 1428 535 metropolitani
1457 476 1581 517 cum
1602 461 1715 516 suis
1737 458 2095 532 suﬁ'raganeis

498 552 753 611 duxerint
783 552 1209 621 decernendum,
1243 567 1367 607 cum
1394 551 1627 605 relatum
1657 550 1728 604 ad
1754 547 1939 604 sedem
1970 563 2096 618 apo-

499 640 746 697 stolicam
784 638 962 706 fuerit,
1011 640 1148 709 ejus,
1198 646 1256 695 ut
1298 639 1563 695 condecet
1609 645 1662 694 et
1708 652 1938 693 necesse
1987 644 2089 706 est,

495 729 812 786 auctoritate
844 727 1105 793 ﬁrmetur,
1137 735 1225 783 aut
1256 727 1595 783 emendetur.

563 817 740 873 XXV.
792 817 902 874 Sed
944 824 997 872 et
1029 816 1122 890 qui
1169 816 1459 887 vigilanter
1505 815 1753 872 eamdem
1803 813 2089 886 epistolam

494 905 865 972 recensuerit,
919 905 1151 977 reperiet
1199 905 1422 961 beatum
1469 903 1843 960 Innocentium
1892 902 2088 959 decre-

491 996 657 1064 visse,
691 1010 757 1051 ea
788 1010 908 1067 qua:
935 993 989 1049 in
1019 993 1112 1049 illa
1141 994 1337 1064 scripta
1365 1001 1508 1062 sunt,
1555 1000 1606 1048 et
1636 1007 1668 1047 a
1699 991 1905 1048 cunctis
1951 1006 2087 1062 pro-

488 1083 788 1141 vinciarum
818 1082 1141 1155 primatibus
1172 1089 1225 1138 et
1252 1081 1320 1136 ab
1359 1081 1612 1137 omnibus
1662 1079 1935 1152 episcopis
1982 1078 2086 1135 de-

489 1173 622 1230 bere
667 1171 897 1228 servari.
948 1172 1015 1227 Et
1063 1171 1193 1226 item
1240 1169 1296 1225 in
1340 1168 1569 1241 praefato
1616 1169 1759 1224 beati
1808 1167 2086 1224 Benedicti

488 1276 642 1333 papa:
671 1259 961 1333 privilegio
993 1268 1074 1314 est
1104 1258 1385 1313 decretum
1419 1275 1431 1311 :
1469 1280 1490 1305 «
1526 1255 1593 1313 Et
1622 1258 1727 1313 hoc
1764 1256 2083 1329 promulga-

2191 459 2590 530 praedicamus,
2629 460 2724 514 sed
2758 459 2945 515 Jesum
2987 460 3275 515 Christum
3317 461 3622 517 Dominum
3652 479 3792 520 nos-

2194 550 2367 612 trum,
2386 562 2487 603 nos
2500 564 2573 602 au
2582 550 2693 602 tem
2710 563 2893 603 servos
2910 551 3118 603 vestros
3130 564 3231 619 per
3241 548 3431 604 Iesum
3455 550 3533 619 (II
3547 550 3666 605 Cor.
3682 552 3785 622 tv),

2192 633 2339 690 salva
2360 644 2661 691 memorata
2681 636 2991 692 conditione
3003 636 3280 709 privilegii
3300 638 3480 709 gratia
3495 646 3549 692 et
3566 638 3788 694 nomine

2191 722 2490 778 Benedicti.
2551 723 2609 780 Si
2657 731 2843 779 autem
2892 740 3003 779 non
3054 725 3277 780 desierit
3319 725 3551 797 digitum
3593 735 3788 782 exten-

2189 810 2355 878 dere,
2415 818 2469 866 et
2524 810 2675 883 loqui
2734 812 2882 884 quod
2940 827 3050 867 non
3108 812 3366 883 prodest,
3425 814 3607 870 audiet
3659 830 3785 871 cum

2188 899 2450 971 Apostolo
2485 917 2498 954 :
2538 902 2615 956 Tu
2642 902 2766 972 quis
2797 918 2871 967 es,
2893 903 2989 973 qui
2997 902 3224 973 judices
3239 902 3494 959 alienum
3514 920 3742 960 servum
3762 908 3785 959 1'

2187 990 2420 1045 Domino
2449 1005 2548 1044 suo
2578 993 2696 1045 stat
2712 993 2815 1045 aut
2834 990 3004 1045 cadit.
3028 990 3209 1046 Stabit
3224 994 3418 1047 autem
3439 1011 3457 1048 :
3476 996 3675 1064 potens
3696 996 3785 1048 est

2186 1077 2340 1133 enim
2359 1078 2503 1134 Deus
2524 1082 2778 1134 statuere
2798 1078 2967 1133 illum
2988 1078 3164 1148 (Rom.
3189 1093 3308 1148 xxv,
3333 1079 3408 1151 ι);
3431 1087 3511 1135 et:
3528 1080 3662 1137 Mihi
3675 1097 3781 1153 pro

2184 1166 2423 1221 minimo
2451 1169 2554 1232 est;
2576 1167 2855 1222 utavobis
2875 1166 3102 1238 judicer
3120 1167 3172 1237 (I
3200 1168 3322 1224 Cor.
3346 1183 3423 1234 tv,
3457 1169 3534 1240 3);
3565 1184 3634 1225 ne
3661 1168 3775 1236 illa,

2185 1269 2304 1325 qua:
2333 1254 2657 1309 auctoritate
2687 1255 2949 1310 canonica
2977 1263 3137 1326 atque
3167 1255 3467 1327 apostolica
3512 1254 3782 1314 aediﬁcata

486 1365 609 1405 mus
638 1357 799 1420 atque
830 1346 1131 1416 statuimus,
1164 1355 1221 1401 ut
1251 1355 1320 1415 te,
1373 1346 1465 1418 qui
1509 1346 1715 1417 primas
1746 1345 1916 1416 ipsius
1947 1361 2082 1416 pro-
2183 1350 2307 1397 sunt
2334 1342 2389 1397 in
2423 1342 2647 1414 praefato
2674 1342 2986 1415 privilegio,
3019 1359 3141 1399 mea
3170 1344 3519 1400 destruantur
3544 1361 3777 1403 consen-

488 1436 682 1492 vinciae
732 1451 854 1491 esse
911 1434 1286 1505 dignosceris,
1330 1434 1530 1489 nullius
1572 1449 1812 1505 unquam
1857 1432 2083 1490 infesta-
2181 1430 2355 1499 sione,
2389 1431 2603 1488 dicente
2632 1447 2833 1504 magno
2861 1448 3003 1503 papa
3031 1433 3211 1488 Leone
3254 1433 3325 1489 ad
3370 1435 3608 1490 Leonem
3655 1437 3774 1490 Au-

484 1525 630 1581 tione
673 1531 858 1580 contra
898 1522 1164 1580 canonica
1211 1522 1617 1595 apostolicaque
1663 1524 1911 1589 decreta,
1964 1522 2080 1577 sive
2178 1529 2417 1591 gustum,
2453 1536 2576 1576 cum
2606 1529 2883 1591 peteretur
2912 1536 3151 1577 annuere
3179 1538 3301 1593 quae
3331 1522 3409 1577 illi
3427 1522 3509 1577 fas
3527 1538 3637 1579 non
3660 1532 3778 1579 erat

477 1613 684 1683 judicia
714 1611 1085 1668 ecclesiastica
1113 1611 1209 1667 tibi
1249 1611 1556 1680 commissa,
1608 1619 1699 1666 aut
1744 1611 1937 1667 virtute
1986 1618 2079 1666 aut
2179 1609 2486 1665 consentire
2515 1610 2708 1682 (epist.
2751 1611 2841 1680 84)
2875 1628 2888 1664 :
2924 1634 2945 1657 «
2986 1610 3046 1665 Si
3075 1626 3216 1682 quae,
3265 1611 3457 1683 inquit,
3502 1612 3770 1680 destruxi,

483 1701 737 1759 facultate
764 1700 976 1766 nudari,
1016 1700 1103 1756 vel
1134 1708 1259 1756 ante
1300 1699 1629 1756 audientiam
1671 1699 1901 1755 Romani
1940 1713 2078 1770 pon-
2103 1726 2156 1786 B
2178 1698 2295 1753 haec
2322 1696 2552 1764 aediﬁco,
2586 1698 3065 1769 praevaricatorem
3116 1715 3203 1754 me
3252 1700 3539 1767 constituo,
3591 1708 3645 1757 et
3690 1702 3773 1757 eis

482 1788 661 1857 tiﬁcis,
693 1805 728 1846 a.
753 1805 1073 1863 quocunque
1102 1789 1349 1845 damnari
1378 1788 1686 1855 statuimus,
1731 1804 1951 1843 omnem
1982 1788 2074 1857 ju-
2178 1801 2264 1841 me
2295 1786 2559 1842 ultionum
2591 1786 2990 1842 conditionibus
3020 1787 3215 1857 subdo,
3251 1804 3387 1860 quas
3434 1805 3544 1845 non
3589 1790 3769 1846 solum

484 1878 703 1936 dicendi
731 1878 982 1935 ordinem
1007 1877 1438 1949 comprehendit,
1490 1886 1547 1932 ut
1577 1877 1690 1932 suis
1720 1876 1972 1934 videlicet
2002 1876 2073 1931 li-
2175 1875 2465 1931 auctoritas
2505 1875 2675 1930 beatae
2720 1876 2998 1931 memoriae
3042 1876 3306 1948 principis
3347 1877 3615 1943 Martiani,
3666 1879 3767 1936 sed

479 1967 613 2024 bere
659 1974 818 2023 utens
864 1966 1113 2041 legaliter
1157 1981 1223 2022 ac
1262 1965 1610 2039 regulariter,
1659 1966 1707 2020 si
1745 1965 2073 2034 judicandus

481 2063 585 2125 est,
617 2056 688 2111 ad
717 2055 1012 2111 electorum
1036 2054 1301 2124 judicum,
1334 2054 1420 2110 vel
1453 2054 1521 2108 ad
1551 2054 1667 2123 ejus
1696 2054 1905 2123 vicarii,
1947 2069 2071 2110 cum

476 2144 641 2201 fuerit
669 2144 976 2215 specialiter
1010 2143 1079 2198 ad
1108 2144 1214 2200 hoc
1263 2143 1572 2213 deputatus,
1616 2141 1878 2212 judicium
1928 2141 2072 2198 intra

475 2250 589 2290 suae
620 2233 877 2289 terminos
905 2232 1202 2303 provincia:
1230 2239 1561 2301 provocetur
1605 2246 1704 2302 pro
1746 2231 1907 2285 certis
1956 2231 2068 2285 exi-

2174 1962 2337 2018 etiam
2369 1979 2474 2036 ego
2504 1978 2626 2018 mea
2655 1964 3016 2019 consensione
3055 1963 3283 2032 ﬁrmavi,
3324 1966 3469 2037 quia,
3517 1974 3576 2021 ut
3621 1968 3769 2023 idem

2174 2050 2300 2105 alibi
2330 2051 2477 2119 dicit,
2513 2052 2650 2107 sicut
2678 2053 2732 2106 in
2763 2052 2904 2107 mala
2933 2053 3186 2109 suasione
3215 2053 3559 2126 delinquitur,
3608 2056 3681 2111 ita
3712 2065 3769 2112 et

2171 2138 2227 2193 in
2254 2140 2397 2194 mala
2423 2141 2783 2197 consensione
2809 2149 3083 2213 peccatur.
3124 2166 3145 2190 η
3180 2142 3431 2215 Sequitur
3474 2144 3530 2199 in
3568 2145 3765 2202 eodem

2167 2227 2473 2299 privilegio.

2240 2317 2463 2372 XXVII.
2502 2340 2523 2364 α
2551 2318 2621 2373 Ει
2646 2318 2752 2374 hoc
2773 2318 3041 2384 volumus,
3065 2335 3134 2374 ne
3151 2318 3375 2391 quilibet
3395 2336 3461 2375 ex
3478 2322 3764 2392 provincia

2168 2412 2221 2459 et
2250 2405 2473 2461 dioecesi
2502 2406 2791 2476 metropoli
2820 2415 2925 2462 tua:
2959 2407 3166 2479 tibique
3214 2408 3474 2479 subjecta,
3520 2410 3612 2479 jus
3661 2426 3750 2467 se-

474 2319 744 2379 stentibus
772 2320 972 2387 causis,
1013 2320 1208 2391 quibus
1246 2319 1486 2388 majores
1532 2328 1661 2374 natu
1710 2319 1959 2392 legaliter
2001 2334 2067 2375 ac

472 2409 797 2481 regulariter
823 2408 967 2480 apud
997 2408 1289 2464 canonicos
1313 2407 1528 2477 judices
1577 2408 1826 2463 accusari
1864 2406 2062 2477 valent,

472 2496 683 2553 dierum
716 2504 769 2553 et
798 2496 1137 2561 dilationum,
1179 2504 1344 2567 atque
1384 2496 1441 2550 in
1482 2496 1824 2551 discussione
1866 2510 2063 2566 perso-
2164 2494 2403 2549 cundum
2443 2494 2846 2550 ecclesiasticas
2887 2496 3300 2553 constitutiones
3346 2498 3599 2568 primatui
3645 2499 3761 2556 Ec-

471 2601 664 2643 narum
691 2585 1065 2642 accusantium
1097 2592 1149 2640 et
1180 2582 1599 2650 testiﬁcantium,
1622 2591 1801 2639 utrum
1830 2584 2065 2640 debeant
2165 2580 2345 2637 clesiae
2376 2590 2481 2638 tua:
2512 2590 2565 2638 et
2595 2583 2692 2636 tibi
2722 2583 2960 2638 debitum
3001 2599 3217 2656 quoquo
3261 2585 3424 2641 modo
3470 2602 3571 2658 per
3617 2602 3759 2644 con-

468 2675 555 2731 vel
584 2690 693 2730 non
731 2674 965 2730 debeant
1007 2673 1076 2728 ad
1117 2672 1515 2729 accusationem
1561 2672 1646 2728 vel
1693 2673 2061 2729 testimonium
2162 2677 2425 2740 temptum
2456 2670 2786 2738 convellere,
2811 2680 2903 2727 aut
2931 2672 3026 2727 tibi
3054 2672 3141 2728 vel
3160 2672 3422 2730 Ecclesiae
3438 2682 3541 2731 tuae
3562 2691 3759 2747 quam-

468 2763 696 2829 admitti,
730 2763 989 2819 canonica
1018 2770 1069 2817 et
1098 2761 1262 2834 legali
1292 2761 1465 2817 forma
1499 2768 1730 2826 servata,
1768 2769 1821 2815 et
1850 2761 1928 2817 sic
1957 2762 2058 2816 de-
2161 2772 2377 2830 cunque
2407 2758 2741 2829 violentiam,
2765 2768 2958 2816 contra
2976 2761 3168 2816 eadem
3188 2762 3448 2820 canonica
3467 2765 3759 2821 constituta

465 2868 614 2906 mum
642 2851 892 2924 legaliter
918 2850 1005 2906 vel
1034 2850 1361 2921 regulariter
1389 2850 1670 2907 convictus
1719 2849 1807 2904 vel
1844 2849 2061 2905 confes-
2160 2854 2212 2902 et
2269 2847 2487 2903 decreta
2522 2848 2923 2929 .Romanorum
2984 2848 3335 2921 pontiﬁcum,
3402 2853 3755 2923 pertinaciter

466 2956 561 2995 sus
591 2938 875 3009 apostolici
904 2954 1061 3009 papa:
1083 2937 1290 3007 judicio
1320 2938 1522 3009 primas
1562 2939 1893 2993 Rhemorum
1925 2953 2057 3009 pro-
2157 2933 2362 2991 inferre
2392 2944 2703 3006 praesumat,
2750 2952 2872 2993 cum
2920 2939 3275 2994 anathematis
3317 2940 3752 3012 interpositione,

469 3027 656 3083 vincia:
685 3034 1013 3091 reservetur,
1048 3026 1184 3082 sicut
1235 3026 1291 3081 S.
1336 3027 1443 3081 Leo
1489 3026 1559 3081 ad
1589 3027 1939 3082 Anastasium
1968 3027 2057 3083 cui
2080 3076 2126 3101 η
2157 3031 2344 3078 nostra
2374 3023 2670 3095 apostolica
2708 3032 2761 3080 et
2801 3025 2945 3080 beati
2994 3026 3139 3082 Petri
3177 3028 3547 3098 apostolorum
3591 3029 3752 3101 prin-

478 3076 654 3083 .-η-ν-
686 3076 1013 3091 -ν---ην--ν
1048 3076 1183 3082 ----ν
1235 3076 1291 3081 --
1336 3076 1437 3081 -η
1492 3076 1559 3081 η
1589 3076 1939 3082 "nn—"m-
1972 3076 2057 3083 η-
2381 3076 2424 3095 -ι
2715 3076 2759 3080 --
2802 3076 2945 3080 σ--ηη
2994 3076 3014 3080 -
3178 3076 3547 3098 -ικ---ν-υ-η-
3591 3076 3716 3101 ιι...-

466 3116 613 3172 vices
642 3131 771 3170 suas
799 3115 1071 3170 commisit
1099 3115 1167 3170 de
1210 3115 1626 3185 metropolitano
1673 3115 1890 3186 scripsit
1933 3115 2053 3186 epi-
2077 3076 2128 3141 α
2160 3109 2296 3181 cipis
2338 3111 2655 3167 auctoritate
2701 3113 3073 3184 prohibemus.
3126 3114 3391 3186 Optamus
3431 3116 3752 3175 fraternita-

469 3219 636 3274 scopo
664 3203 853 3277 (epist.
883 3205 972 3274 88)
1008 3219 1020 3258 :
1055 3203 1165 3258 Sed
1194 3203 1377 3271 etiam,
1426 3203 1473 3257 si
1521 3202 1651 3274 quid
1696 3219 1863 3275 grave
1908 3204 2055 3261 into-
2157 3206 2265 3255 tem
2294 3208 2441 3255 tuam
2470 3200 2524 3254 in
2552 3201 2766 3257 Christo
2796 3219 2940 3259 nunc
2969 3212 3022 3258 et
3050 3220 3269 3275 semper
3308 3206 3449 3261 bene
3488 3206 3689 3263 valere.
3719 3228 3745 3260 ι

465 3293 861 3365 lerandumque
918 3292 1217 3364 gessisset,
1264 3298 1461 3351 nostra
1514 3299 1633 3347 erat
1687 3293 2056 3364 exspectanda
2157 3286 2290 3355 Quae
2319 3288 2630 3344 constitutio
2660 3298 2921 3362 quantum
2950 3292 3116 3348 sacris
3146 3294 3447 3349 canonibus
3484 3295 3746 3363 Nicaenae,

461 3398 710 3448 censura,
743 3389 801 3435 ut
830 3380 965 3436 nihil
993 3380 1145 3452 prius
1173 3381 1290 3453 ipse
1322 3381 1669 3445 decerneres,
1720 3396 1882 3452 quam
1924 3384 2053 3453 quid
2153 3375 2524 3443 Antiochense,
2559 3377 3039 3449 Chalcedonensis,
3074 3381 3433 3449 Sardicensis,
3467 3390 3519 3439 et
3547 3383 3749 3440 Africae

460 3471 619 3526 nobis
664 3470 905 3541 placeret
945 3486 1297 3543 agnosceres.
1351 3493 1372 3518 n
1426 3470 1581 3526 Unde
1632 3477 1685 3524 et
1732 3469 1787 3523 in
1829 3469 2050 3541 praefato

461 3558 746 3630 privilegio
771 3558 1013 3631 sequitur
1044 3577 1057 3613 :
1095 3580 1117 3610 ε
1154 3559 1264 3615 Sed
1293 3557 1340 3613 si
1377 3558 1732 3629 compellatus
1775 3559 2050 3630 appellare

460 3648 529 3703 ad
569 3648 711 3704 hanc
757 3655 1001 3703 sanctam
1046 3648 1232 3702 sedem
1278 3646 1512 3702 volueris
1563 3646 1846 3716 apostolici
1892 3662 2050 3717 papae

450 3734 655 3804 judicio
683 3735 972 3801 reservari,
1018 3743 1222 3803 nostra,
1273 3734 1383 3788 imo
1428 3734 1571 3789 beati
1612 3734 1752 3788 Petri
1792 3735 2043 3805 apostoli,

453 3825 769 3880 auctoritate
795 3822 1155 3894 praecipimus,
1189 3838 1290 3877 nec
1317 3821 1478 3877 alicui
1521 3822 1891 3894 cujuscunque
1933 3823 2045 3891 juri

451 3911 539 3966 vel
562 3911 766 3980 judicio
795 3919 847 3966 te
871 3910 1082 3979 subjici,
1113 3917 1342 3981 excepta
1369 3917 1636 3980 potestate
1665 3910 1815 3965 sedis
1847 3912 2043 3968 Roma-

448 4015 534 4055 nae
561 3997 897 4068 pontiﬁcum.
939 4022 960 4046 »ι

517 4086 717 4143 XXVI.
769 4087 836 4142 Et
880 4087 935 4140 in
982 4086 1085 4142 hac
1141 4085 1404 4142 sententia
1463 4087 1711 4143 canonici
1766 4087 2039 4161 privilegii

445 4174 630 4230 domni
661 4174 937 4231 Benedicti
964 4175 1223 4241 attendat,
1257 4174 1303 4230 si
1332 4175 1452 4247 quis
1484 4174 1623 4231 forte
1668 4192 1834 4247 supra
1875 4191 2035 4233 men-

445 4279 626 4319 suram
657 4279 811 4319 suam
839 4263 917 4319 ire
946 4263 1197 4330 voluerit,
1232 4271 1283 4319 et
1312 4280 1419 4320 non
1448 4265 1516 4320 de
1548 4265 1631 4320 his
1679 4266 1875 4338 quibus
1904 4266 2037 4323 dicit

2149 3464 2443 3535 provincia:
2473 3466 2718 3536 synodis,
2751 3468 2849 3523 sed
2878 3476 2929 3523 et
2959 3468 3195 3524 decretis
3237 3471 3549 3541 apostolica:
3594 3472 3746 3528 sedis

2149 3552 2463 3623 pontiﬁcum
2509 3570 2573 3611 ac
2630 3556 2798 3611 sacris
2841 3556 3057 3629 legibus
3105 3568 3396 3625 consonet,
3447 3577 3609 3616 nemo
3657 3572 3746 3618 est

2149 3641 2240 3712 qui
2269 3643 2492 3711 dubitat,
2523 3642 2571 3697 si
2599 3659 2787 3700 sacros
2814 3659 3051 3702 canones
3081 3654 3134 3701 et
3178 3648 3404 3704 decreta
3447 3649 3593 3705 sedis
3623 3651 3742 3707 Bo-

2146 3744 2322 3785 manze
2376 3729 2693 3801 pontiﬁcum
2752 3747 2819 3788 ac
2880 3735 3220 3791 venerandas
3276 3736 3431 3809 leges
3490 3739 3741 3811 cognitas

2144 3814 2333 3871 habet.
2375 3817 2509 3885 Quia
2538 3819 2684 3875 enim
2714 3821 2971 3891 scriptum
3010 3832 3093 3878 est
3122 3840 3134 3878 :
3170 3827 3301 3881 Post
3330 3829 3739 3899 concupiscen-

2145 3905 2256 3959 tias
2288 3908 2416 3960 tuas
2446 3923 2560 3964 non
2591 3925 2686 3964 eas
2714 3909 2913 3980 (Eccli.
2946 3912 3133 3983 xvm);
3167 3922 3222 3968 et
3254 3929 3267 3968 :
3300 3915 3515 3970 Altiora
3565 3919 3616 3971 te
3664 3932 3740 3972 ne

2141 3994 2427 4064 quaesieris
2458 3997 2655 4064 (Eccli.
2690 4000 2807 4067 in);
2849 4008 2901 4054 et
2931 3999 3122 4056 beatus
3167 4001 3353 4057 scribit
3394 4003 3684 4059 Hormisda
3722 4023 3735 4061 :

2138 4080 2387 4137 Elevatio
2415 4099 2632 4154 semper
2662 4084 2817 4141 affert
2849 4088 3009 4142 saluti
3053 4089 3377 4160 periculum,
3428 4108 3529 4163 per
3573 4108 3738 4164 quam

2132 4169 2281 4239 psius
2310 4170 2560 4226 inventor
2591 4173 2839 4229 diabolus
2869 4175 3120 4247 angelica
3159 4186 3429 4249 potestate
3472 4180 3727 4249 privatus

2135 4264 2236 4323 est,
2270 4258 2399 4313 satis
2429 4276 2698 4333 superque
2746 4262 2980 4331 suﬂ‘ecit,
3028 4279 3093 4320 ac
3140 4266 3352 4335 sufficit,
3402 4284 3735 4340 semperque

445 4347 706 4403 Dominus
738 4364 752 4401 :
787 4348 924 4404 Ecce
953 4363 1047 4419 ego
1075 4349 1243 4403 mitto
1271 4364 1361 4403 vos
1383 4349 1600 4419 (Matth.
1625 4349 1708 4420 Χ),
1730 4349 1826 4405 sed
1857 4349 1925 4404 de
1945 4349 2030 4405 his
2126 4344 2353 4402 suﬁiciet
2382 4351 2713 4422 praesignato
2758 4352 3089 4408 Rhemorum
3132 4355 3395 4411 Ecclesiae
3443 4357 3726 4425 servienti,

446 4451 568 4490 esse
597 4435 884 4507 delegerit,
914 4436 983 4490 de
1010 4436 1208 4507 quibus
1237 4437 1501 4491 Dominus
1530 4436 1659 4493 dicit
1685 4454 1696 4491 :
1721 4438 1835 4509 Ipsi
1854 4440 2031 4508 ibant,
2065 4432 2117 4492 D
2142 4452 2264 4506 quae
2292 4452 2389 4506 per
2419 4453 2605 4494 sacros
2634 4454 2869 4496 canones
2919 4449 2971 4496 et
3012 4442 3235 4498 decreta
3280 4444 3426 4499 sedis
3470 4446 3734 4502 Romanas

440 4528 500 4580 et
525 4541 619 4596 ego
648 4540 763 4582 non
792 4525 1085 4579 mittebam
1114 4541 1204 4582 eos
1235 4525 1419 4594 (Joan.
1444 4525 1633 4595 XXIII);
1667 4527 1795 4597 quia
1825 4527 2028 4597 primas

438 4611 771 4667 Rhemorum
795 4611 1090 4683 provincia:
1119 4612 1401 4682 apostolici
1426 4628 1579 4683 papae
1604 4614 1808 4681 judicio
1847 4631 2029 4670 reser-

438 4700 556 4755 vari
586 4700 643 4755 B.
677 4700 822 4756 Petri
860 4700 1089 4772 apostoli
1136 4700 1453 4756 auctoritate
1499 4716 1623 4756 cum
1672 4704 2028 4760 anathematis

436 4787 807 4845 interdictione
836 4788 1165 4859 praecipitur,
1209 4796 1262 4844 et
1302 4804 1406 4844 nec
1452 4788 1613 4845 alicui
1659 4791 2027 4864 cujuscunque

429 4875 539 4943 juri
596 4875 683 4930 vel
731 4876 939 4945 judicio
983 4877 1223 4933 submitti
1270 4876 1615 4948 permittitur,
1663 4888 1882 4952 excepta
1930 4896 2027 4953 po-

433 4969 629 5018 testate
676 4963 823 5020 sedis
876 4965 1137 5021 Romanas
1185 4964 1519 5037 pontiﬁcum.
1571 4968 1770 5023 Contra
1813 4985 1935 5040 qua:
1982 4970 2028 5024 si

432 5050 629 5125 aliquis
681 5053 1002 5108 nostratium
1049 5070 1384 5124 praesumere
1447 5070 1557 5111 non
1616 5056 1877 5126 voluerit,
1927 5058 2027 5114 sed

431 5139 738 5195 obaudicns
767 5140 1088 5211 Apostolum
1117 5142 1389 5197 dicentem
1424 5161 1436 5197 :
1468 5144 1624 5200 Nihil
1666 5160 1767 5217 per
1788 5150 2028 5202 conten-

438 5229 665 5296 tionem,
698 5243 875 5302 neque
902 5244 1007 5302 per
1033 5230 1268 5287 inanem
1281 5232 1523 5302 gloriam
1538 5229 1774 5306 (Philip.
1795 5236 1877 5305 tt),
1896 5234 2028 5292 cha-

432 5314 619 5384 ritose,
653 5316 790 5373 sicut
818 5316 984 5373 frater
1012 5333 1045 5373 a
1073 5317 1257 5384 fratre,
1306 5334 1428 5390 quae
1455 5319 1609 5390 pacis
1639 5327 1692 5375 et
1720 5321 2025 5379 dilectionis

436 5410 562 5458 sunt
606 5406 909 5476 expetierit,
960 5406 1143 5463 audiet
1189 5423 1314 5463 cum
1360 5407 1667 5479 Apostolo:
1705 5410 1841 5466 Cum
1888 5411 2027 5468 liber

434 5506 611 5550 essem
641 5508 715 5552 ea:
730 5496 1008 5565 omnibus,
1031 5495 1288 5553 duntaxat
1309 5496 1482 5566 vobis,
1500 5498 1757 5557 omnium
1772 5503 2023 5558 vestrum

2128 4522 2439 4593 pontiﬁcum
2467 4526 2759 4599 unicuique
2789 4537 2915 4584 sunt
2943 4532 3363 4602 metropolitano
3390 4533 3607 4589 collata’.

2199 4612 2450 4669 XXVIII.
2476 4615 2605 4671 Haec
2635 4623 2845 4671 tantum
2871 4626 3098 4690 propter
3131 4620 3408 4676 vitandam
3446 4622 3731 4694 prolixita-

2129 4708 2257 4770 tem,
2292 4701 2420 4773 quia
2450 4703 2575 4759 hinc
2606 4704 2934 4761 sufﬁcienter
2960 4707 3017 4762 in
3045 4710 3345 4765 canonibus
3396 4712 3563 4766 sacris
3593 4720 3648 4767 et
3668 4712 3730 4767 in

2128 4788 2363 4845 decretis
2392 4792 2855 4862 praedecessorum
2889 4811 3105 4851 suorum
3136 4798 3385 4865 habetur,
3436 4800 3503 4854 de
3546 4800 3731 4871 privi-

2128 4876 2271 4949 legio
2328 4878 2514 4933 domui
2569 4881 2884 4949 Benedicti,
2948 4886 3096 4955 quod
3148 4885 3206 4940 in
3263 4888 3465 4943 scrinio
3523 4895 3730 4946 sancta:

2128 4967 2382 5021 Romanae
2413 4967 2675 5023 Ecclesiae
2708 4971 2954 5026 noscitur
2992 4975 3282 5045 contineri,
3329 4983 3383 5032 et
3428 4976 3485 5031 in
3512 4978 3729 5047 synodo

2127 5055 2269 5126 apud
2300 5054 2624 5112 Suessiones
2653 5066 2932 5115 ostensum
2965 5070 3066 5132 est,
3115 5072 3169 5119 et
3202 5064 3251 5118 si
3279 5081 3506 5122 necesse
3536 5064 3724 5134 fuerit,

2126 5142 2303 5199 adhuc
2332 5144 2472 5200 valet
2502 5146 2736 5214 ostendi,
2770 5148 3024 5205 duximus
3052 5155 3531 5209 commemoranda
3567 5172 3581 5209 :
3610 5170 3727 5211 non

2126 5238 2185 5285 ut
2214 5230 2397 5287 domui
2432 5241 2483 5289 et
2522 5234 2699 5290 Patris
2749 5238 2922 5293 nostri
2962 5240 3243 5311 apostolici
3288 5258 3447 5313 papae
3493 5243 3726 5300 Joannis

2124 5321 2401 5377 canonicis
2431 5329 2485 5378 et
2513 5324 2827 5396 apostolicis
2861 5330 3335 5400 praeceptionibus,
3385 5332 3528 5403 quod
3558 5333 3723 5404 absit,

2124 5408 2472 5479 resultemus,
2507 5413 2601 5484 qui
2630 5413 2790 5468 etiam
2831 5424 2955 5472 ante
3000 5425 3052 5472 et
3095 5426 3219 5490 post
3265 5419 3558 5492 privilegia
3601 5422 3725 5479 haec

2124 5505 2343 5580 collata,
2396 5509 2544 5566 sedis
2585 5511 2898 5583 apostolicae
2937 5512 3213 5585 jussione,
3260 5524 3314 5574 et
3354 5517 3542 5575 domni
3591 5527 3726 5578 tunc
