4088 6180
283 301 390 359 205

1781 293 2156 352 EPISTOLE.

3479 303 3586 358 206

281 423 431 496 regis
456 420 656 493 Caroli,
689 435 836 478 nunc
881 428 1064 478 autem
1117 421 1322 494 gratias
1368 421 1485 478 Deo
1539 418 1886 493 imperatoris
1915 419 2110 483 Aesse
2139 436 2259 494 quae
2287 420 2538 494 gesserit.
2591 419 2806 490 Quanta
2853 419 3000 478 enim
3033 420 3247 478 vicariis
3290 422 3589 480 beatissimi

280 511 535 584 Augusti,
567 527 756 566 verum
787 520 839 566 et
867 510 1182 566 invitatione
1212 509 1538 567 confratrum
1570 525 1636 566 ac
1692 509 1882 580 coepi-

281 615 578 671 scoporum
618 607 941 666 nostrorum,
1003 607 1256 671 seqentes
1310 599 1666 671 apostolicam
1719 615 1884 670 regu-

278 687 410 753 lam,
445 704 568 760 quae
597 687 726 744 dicit
768 706 782 743 :
818 691 926 746 Per
971 688 1312 744 charitatem
1366 689 1572 744 servile
1619 688 1880 756 invicem,

279 777 519 848 subjecti
547 778 792 834 invicem
821 779 886 833 in
917 777 1118 833 timore
1181 777 1390 833 Christi
1442 777 1590 846 (Gal.
1652 777 1712 844 v)
1767 791 1886 846 ,per

278 864 498 920 diversa
545 865 669 920 loca
727 865 1078 937 diversasque
1131 863 1460 936 provincias,
1519 864 1590 919 ad
1647 863 1886 934 synodos

279 952 581 1009 convenire
640 953 966 1020 studuimus,
1027 960 1087 1008 et
1135 960 1297 1024 prout
1351 951 1563 1008 dederit
1624 951 1888 1007 Dominus

277 1057 444 1112 posse
476 1041 840 1107 studebimus,
872 1049 930 1096 ut
958 1041 1278 1112 praedictum
1309 1048 1410 1108 est,
1445 1048 1498 1096 et
1526 1056 1672 1112 saepe
1703 1039 1889 1095 dicen-

277 1129 407 1185 dum
437 1137 544 1194 est,
577 1115 668 1202 qui
695 1145 806 1186 non
834 1130 900 1184 ab
927 1146 986 1185 re
1015 1138 1097 1185 est
1136 1129 1334 1202 smpius
1389 1129 1560 1185 verbo
1613 1135 1885 1200 repetere,

275 1219 424 1290 quod
456 1235 678 1289 semper
701 1235 930 1275 necesse
983 1227 1068 1274 est
1124 1219 1305 1274 animo
1361 1218 1616 1285 retinere,
1671 1225 1890 1273 servato

271 1309 399 1377 jure
429 1307 705 1379 privilegii
735 1307 920 1363 domui
949 1307 1244 1374 Benedicti,
1278 1307 1324 1362 si
1355 1323 1455 1362 nos
1483 1306 1724 1361 fraterna
1754 1306 1890 1361 cha-

281 1395 419 1451 ritas
451 1396 782 1462 invitaverit,
816 1395 1106 1468 potiusque
1144 1395 1319 1466 jussio
1360 1395 1676 1466 apostolicae
1721 1395 1886 1462 sedis,

277 1493 332 1540 et
357 1484 661 1557 praeceptio
691 1485 878 1540 domui
920 1484 1091 1540 nostri
1147 1483 1326 1540 Caroli
1372 1483 1717 1556 imperatoris
1773 1485 1891 1538 Au-

280 1574 432 1646 gusti
461 1590 564 1628 nos
611 1574 682 1628 ad
737 1573 1026 1644 synodum,
1085 1572 1222 1629 sicut
1277 1573 1602 1644 praecipiunt
1658 1571 1886 1645 regulae,

277 1678 478 1718 vocare
507 1661 814 1718 decreverit
841 1677 944 1733 pro
976 1661 1188 1728 talibus,
1219 1679 1341 1734 quae
1380 1661 1518 1717 forte
1577 1659 1893 1732 provinciali

283 1751 628 1822 nequiverint
666 1749 914 1806 examine
943 1749 1180 1816 difiiniri,
1215 1750 1451 1806 maxime
1480 1750 1536 1804 in
1565 1765 1731 1806 causa
1765 1749 1893 1805 fidei

276 1839 366 1895 vel
394 1839 678 1912 generalis
707 1837 1006 1912 religionis,
1069 1838 1210 1894 sicut
1261 1843 1320 1892 in
1375 1837 1690 1910 apostolica:
1748 1838 1894 1894 sedis

281 1926 623 1999 pontiﬁcum,
685 1934 739 1983 et
793 1927 849 1982 in
905 1926 1149 1999 epistolis
1209 1927 1445 2000 legimus
1497 1928 1890 2000 Augustorum.

282 2015 556 2084 Quoniam
584 2017 979 2088 imperatorum
1009 2017 1324 2072 auctoritate
1355 2024 1678 2073 convocatas
1726 2032 1894 2088 gene-

279 2105 428 2161 rales
463 2105 727 2176 synodos,
763 2113 815 2160 et
841 2104 898 2160 in
929 2105 1172 2160 historiis
1199 2104 1586 2161 ecclesiasticis
1618 2112 1671 2160 et
1700 2104 1756 2158 in
1788 2103 1896 2174 epi-

281 2193 436 2250 stolis
469 2192 789 2265 apostolicae
819 2193 965 2248 sedis
993 2193 1308 2265 pontificum
1339 2193 1664 2264 reperimus.

351 2283 569 2338 XXIX.
601 2282 671 2336 Et
691 2289 924 2338 sanctus
983 2281 1285 2354 Gregorius
1341 2297 1501 2353 reges
1559 2281 1892 2336 Francorum

279 2372 524 2444 synodos
545 2371 600 2424 in
631 2369 855 2426 Gallicis
884 2377 935 2425 et
965 2369 1202 2442 Belgicis
1240 2369 1538 2441 provinciis
1590 2384 1893 2426 convocare

282 2477 432 2531 saepe
490 2459 842 2516 commonuit.
905 2458 1013 2514 Sed
1072 2458 1348 2530 quoniam,
1410 2465 1468 2514 ut
1524 2459 1633 2514 Leo
1687 2457 1896 2513 monuit

281 2551 475 2622 (epist.
511 2552 582 2604 56
609 2549 682 2604 ad
711 2549 1084 2618 Anatolium),
1145 2563 1300 2602 mens
1330 2546 1582 2618 potentiae
1601 2546 1764 2602 avida
1791 2561 1894 2602 nec

275 2637 514 2692 abstinet
543 2636 746 2705 vetitis,
778 2651 881 2691 nec
909 2635 1112 2706 gaudet
1138 2635 1436 2702 concessis,
1472 2642 1526 2689 et
1553 2633 1770 2690 ditiicile
1811 2640 1894 2689 est

276 2733 337 2780 ut
363 2723 644 2796 cupiditas
673 2723 1041 2795 improborum
1071 2739 1183 2778 non
1213 2723 1417 2796 aliquid
1449 2738 1609 2793 supra
1664 2739 1892 2778 mensu-

274 2829 392 2868 ram
450 2813 712 2868 moliatur
770 2820 1029 2883 appetere
1061 2830 1074 2866 :
1106 2828 1176 2867 ne
1235 2812 1356 2884 quis
1397 2819 1644 2866 nostrum
1694 2811 1891 2866 oblitus

274 2901 664 2974 praeceptionis
691 2899 960 2972 Apostoli,
994 2899 1102 2955 imo
1130 2915 1228 2971 per
1272 2899 1593 2971 Apostolum
1651 2899 1887 2966 Domini,

275 2990 366 3062 qui
394 2990 530 3046 dicit
567 3005 582 3044 :
615 2991 682 3044 In
712 2989 970 3044 omnibus
1000 2989 1370 3045 exhibeamus
1399 3005 1500 3044 nos
1542 2990 1691 3060 ipsos
1742 2989 1896 3044 sicut

274 3080 372 3136 Dei
399 3079 724 3144 ministros,
741 3079 962 3134 nemini
989 3077 1190 3133 dantes
1211 3078 1394 3133 ullam
1421 3076 1803 3148 offensionem,
1825 3079 1892 3132 ut

271 3185 385 3225 non
416 3168 781 3240 vituperetur
809 3167 1198 3222 ministerium
1225 3170 1488 3222 nostrum
1515 3166 1535 3235 (
1567 3167 1620 3220 ΙΙ
1639 3166 1757 3221 Cor.
1783 3164 1884 3236 v1),

272 3264 363 3310 aut
411 3254 791 3326 improbitate,
850 3262 940 3308 aut
997 3253 1364 3310 assentatione
1423 3261 1608 3310 contra
1662 3251 1890 3324 praefata

272 3343 574 3417 privilegia
600 3343 954 3414 pertinaciter
981 3341 1239 3398 moliatur
1267 3341 1576 3414 insurgere,
1627 3349 1682 3397 et
1734 3341 1886 3412 peri-

271 3433 455 3488 culum
499 3432 782 3487 intentata;
837 3431 1200 3486 damnationis
1258 3430 1430 3501 possit
1487 3430 1788 3497 incurrere,
1818 3429 1888 3484 de

269 3527 536 3576 cernente
597 3519 810 3574 Zosimo
856 3535 998 3590 papa
1041 3519 1114 3574 ad
1161 3519 1463 3584 Aurelium,
1498 3525 1550 3573 et
1602 3517 1888 3572 universos

271 3609 567 3680 episcopos
635 3623 734 3678 per
787 3606 1031 3664 Africam
1087 3605 1429 3674 constitutos,
1491 3605 1889 3676 universosque

271 3697 566 3768 episcopos
587 3711 686 3766 per
717 3695 927 3750 Gallias
957 3702 1011 3750 et
1048 3702 1258 3766 septem
1313 3694 1624 3766 provincias
1680 3693 1888 3750 consti-

271 3794 430 3854 tutos,
470 3791 525 3841 et
559 3783 832 3840 universis
862 3783 1134 3856 episcopis
1161 3799 1261 3856 per
1307 3783 1624 3855 Hispaniam
1681 3781 1888 3839 consti-

271 3874 420 3939 tutis,
456 3889 491 3929 a
523 3872 650 3945 pari
682 3873 871 3945 (epist.
908 3873 989 3942 6).
1035 3895 1057 3922 α
1093 3872 1228 3928 Cum
1245 3873 1530 3940 adversus,
1555 3872 1749 3944 inquit,
1775 3879 1889 3926 sta-

271 3971 378 4018 tuta
411 3964 648 4018 Patrum
679 3961 916 4029 venitur,
949 3977 1059 4016 non
1075 3968 1282 4016 tantum
1299 3960 1519 4016 illorum
1537 3961 1892 4033 providentiae

268 4058 428 4124 atque
462 4049 780 4116 sententiae,
824 4049 916 4121 qui
967 4049 1021 4104 in
1077 4066 1252 4105 aevum
1313 4050 1519 4106 victura
1577 4057 1887 4115 sanxerunt,

271 4141 364 4195 sed
391 4140 502 4211 ipsi
534 4138 948 4210 quodammodo
989 4136 1118 4194 fidei
1163 4146 1216 4194 et
1267 4137 1548 4194 catholicae
1591 4136 1892 4209 disciplinae

269 4228 551 4302 irrogatur
574 4225 794 4296 injuria.
823 4247 846 4278 υ
874 4227 942 4281 Et
971 4234 1188 4283 sanctus
1214 4227 1432 4282 Hilarus
1462 4243 1617 4298 papa,
1654 4233 1709 4280 ut
1727 4242 1891 4296 supra

267 4317 628 4379 ostendimus,
663 4315 798 4370 dicit
825 4315 1012 4386 (epist.
1051 4316 1140 4385 11)
1171 4333 1184 4369 :
1222 4335 1245 4365 «
1279 4317 1402 4370 Non
1446 4315 1626 4369 minus
1671 4313 1727 4369 in
1758 4330 1890 4370 san-

268 4413 474 4460 ctarum
503 4403 858 4460 traditionem
887 4402 1213 4475 delinquitur
1253 4402 1581 4469 sanctiones,
1634 4419 1794 4474 quam
1837 4401 1892 4456 in

1982 509 2127 565 Petri
2156 509 2386 580 apostoli
2422 509 2752 579 judicabitur
2803 526 2925 566 esse
2950 511 3274 577 reverentia,
3307 511 3354 566 si
3382 528 3504 583 quae
3531 513 3590 568 in

1985 598 2289 654 sacerdotio
2354 598 2696 671 pracipiunt,
2767 597 2976 655 eisdem
3027 600 3398 655 transentibus
3463 601 3584 656 dis-

1985 685 2312 742 solvantur?
2346 709 2368 738 »
2401 688 2472 744 Et
2501 697 2720 746 sanctus
2749 690 2858 745 Leo
2888 706 3029 762 papa
3065 690 3122 746 in
3176 691 3414 748 decretis
3469 691 3584 746 suis

1985 774 2218 846 praefixit
2249 776 2438 846 (epist.
2474 778 2527 848 1)
2561 795 2575 833 :
2625 799 2648 830 α
2698 778 2815 834 Ηοο
2849 779 3028 850 itaque
3067 779 3362 836 admonitio
3399 787 3588 836 nostra

1985 863 2263 918 denuntiat
2293 866 2438 935 quod
2466 865 2511 920 si
2541 865 2664 938 quis
2694 867 2924 922 fratrum
2943 876 3135 924 contra
3163 869 3280 924 haec
3299 869 3589 924 constituta

1988 952 2218 1019 venerit,
2274 952 2364 1008 vel
2419 953 2606 1011 venire
2650 957 2960 1022 tentaverit,
3011 963 3062 1012 et
3105 957 3378 1028 prohibita
3425 955 3588 1013 fuerit

1989 1057 2153 1095 ausus
2193 1039 2500 1110 admittere,
2545 1057 2579 1098 a
2625 1058 2722 1099 suo
2769 1059 2830 1100 se
2867 1044 3082 1100 novurit
3127 1044 3305 1102 otiicio
3361 1046 3589 1102 submo-

1990 1129 2248 1196 vendum,
2304 1145 2407 1187 nec
2465 1131 2863 1188 communionis
2920 1140 3118 1190 nostra:
3173 1133 3411 1190 futurum
3466 1149 3590 1190 esse

1992 1225 2323 1288 consortem,
2348 1217 2440 1290 qui
2499 1219 2679 1276 socius
2733 1235 2858 1276 esse
2901 1220 3073 1277 noluit
3127 1221 3448 1292 disciplina.
3505 1222 3592 1278 Ne

1992 1305 2122 1376 quid
2171 1321 2302 1362 vero
2359 1306 2448 1376 sit,
2509 1307 2656 1378 quod
2710 1309 3138 1380 praetermissum
3181 1324 3216 1366 a
3241 1310 3400 1366 nobis
3445 1310 3587 1366 forte

1994 1393 2262 1461 credatur,
2309 1393 2494 1450 omnia
2541 1395 2841 1452 decretalia
2895 1397 3207 1465 constituta,
3268 1404 3380 1452 tam
3415 1398 3591 1454 beata:

1993 1481 2386 1538 recordationis
2417 1485 2738 1551 Innocentii,
2770 1500 2935 1555 quam
2965 1484 3206 1542 omnium
3246 1485 3596 1542 decessorum

1993 1579 2324 1642 nostrorum,
2346 1588 2468 1643 qua:
2523 1573 2591 1628 de
2643 1572 3030 1629 ecclesiasticis
3087 1574 3373 1630 ordinibus
3399 1581 3453 1630 et
3508 1591 3598 1630 ca-

1993 1674 2199 1715 nonum
2238 1660 2586 1732 promulgata
2617 1670 2741 1716 sunt
2769 1661 3090 1732 disciplinis,
3121 1663 3196 1719 ita
3224 1678 3255 1717 a
3283 1670 3468 1720 vestra
3515 1663 3603 1718 di-

1921 1773 1976 1836 B
1997 1747 2230 1804 lecttone
2259 1749 2522 1805 custodiri
2553 1749 2757 1806 debere
2801 1750 3139 1818 mandamus,
3191 1759 3251 1807 ut
3296 1753 3342 1806 si
3389 1751 3512 1824 quis
3541 1751 3598 1806 in

1995 1835 2084 1893 illa
2114 1837 2464 1905 commiserit,
2498 1836 2716 1894 veniam
2745 1837 2848 1893 sibi
2880 1839 3141 1910 deinceps
3169 1841 3383 1896 noverit
3419 1841 3595 1896 dene-

1993 1923 2132 1996 gari.
2164 1945 2188 1976 »
2223 1923 2363 1993 Quia
2395 1923 2539 1980 enim
2568 1925 2625 1980 in
2653 1927 2799 1998 Lege
2831 1936 2883 1982 et
2913 1927 2970 1980 in
3012 1927 3318 2001 Evangelio
3361 1929 3598 1984 duorum

1992 2011 2079 2068 vel
2108 2012 2272 2067 trium
2303 2013 2522 2069 testium
2552 2022 2667 2070 rata
2683 2015 2949 2070 sententia
2965 2016 3368 2087 comprobatur,
3392 2025 3596 2088 quanto

1993 2099 2171 2157 studio
2209 2101 2404 2158 horum
2435 2110 2681 2174 quatuor,
2713 2103 2784 2159 de
2813 2103 3067 2176 qualibus
3103 2103 3234 2160 dicit
3280 2105 3546 2160 Dominus
3578 2122 3594 2162 :

1990 2188 2049 2244 Si
2075 2189 2183 2244 duo
2213 2205 2286 2244 ex
2315 2191 2462 2246 vobis
2491 2193 2880 2248 consenserint
2907 2196 3322 2263 superterram,
3359 2195 3425 2250 de
3440 2193 3598 2252 omni

1991 2291 2054 2333 re
2071 2277 2188 2346 ﬁet,
2222 2277 2291 2332 de
2316 2279 2630 2348 pmstitutis
2660 2281 2987 2336 anteriorum
3015 2281 3314 2352 privilegiis
3363 2296 3595 2338 conser-

1992 2365 2190 2434 vandis,
2215 2364 2500 2422 uniformis
2540 2367 2805 2424 sententia
2855 2369 3050 2426 debeat
3093 2369 3434 2437 conservari,
3475 2385 3597 2426 cor-

1991 2453 2150 2509 datus
2179 2453 2418 2526 quisque
2439 2455 2698 2524 attendat,
2731 2465 2784 2513 et
2812 2456 2957 2514 unde
2998 2457 3230 2532 quisque
3271 2457 3594 2516 nostratium

1992 2555 2092 2612 pro
2119 2539 2267 2598 ﬁdeli
2287 2545 2596 2600 reverentia
2642 2561 2709 2602 ac
2737 2546 3152 2602 conservatione
3205 2545 3462 2602 meritum
3491 2547 3598 2602 sibi

1991 2629 2166 2686 beatae
2193 2631 2643 2688 remunerationis
2687 2641 2868 2704 potest
2909 2634 3216 2706 acquirere,
3267 2651 3335 2690 ne
3379 2650 3594 2707 praeva-

1991 2717 2215 2774 ricando
2243 2719 2548 2790 periculum
2584 2720 2842 2790 incurrat,
2872 2737 3207 2794 magnopere
3234 2731 3445 2780 caveat.

2060 2806 2244 2863 XXX.
2268 2807 2512 2864 Tandem
2536 2808 2774 2866 brevites
2800 2824 3226 2867 commemorare
3255 2810 3590 2882 censuimus,

1991 2893 2117 2966 quia
2145 2903 2336 2952 sancto
2381 2904 2437 2952 et
2471 2899 2785 2955 venerando
2829 2898 2946 2956 viro
2982 2899 3260 2956 Bonifacio
3297 2899 3356 2954 in
3409 2899 3589 2956 Frisia

1988 2983 2218 3040 verbum
2247 2984 2463 3041 Domini
2490 2985 2842 3056 praedicante,
2875 3002 3020 3043 anno
3046 2987 3438 3044 Incarnationis
3467 2989 3585 3045 Do-

1989 3070 2204 3128 minicze
2232 3075 2356 3140 754,
2387 3074 2642 3145 martyrio
2691 3084 2970 3144 coronato,
3017 3085 3074 3133 et
3115 3075 3442 3134 Simoniacae
3482 3077 3590 3134 hae-

1989 3159 2128 3216 resis
2163 3161 2446 3232 pravitate,
2494 3171 2546 3218 et
2592 3163 2988 3235 neophytorum
3038 3167 3482 3237 praesumptione,
3516 3179 3583 3222 ac

1987 3249 2202 3304 caeteris
2248 3249 2554 3323 quibusque
2605 3265 2708 3322 pro
2745 3259 3051 3324 temporum
3105 3254 3505 3326 opportunitate
3535 3260 3592 3310 et

1987 3337 2247 3409 qualitate
2275 3337 2610 3410 compositis,
2651 3341 2912 3398 hactenus
2945 3341 3242 3413 provinciae
3271 3341 3584 3413 Cisalpinae,

1988 3424 2323 3496 temporibus
2351 3427 2564 3499 Pippini
2593 3429 2764 3501 regis,
2797 3436 2850 3484 et
2875 3428 3050 3484 Caroli
3079 3444 3143 3486 ac
3190 3429 3450 3486 Ludovici
3477 3429 3588 3486 im-

1987 3521 2319 3584 peratorum,
2353 3515 2472 3570 sine
2513 3516 2618 3572 hoc
2663 3515 2970 3588 primicerio
3020 3517 3107 3574 vel
3143 3517 3369 3590 primate
3397 3519 3586 3575 asede

1987 3600 2288 3674 apostolica
2316 3600 2570 3674 delegato
2588 3617 2760 3659 annos
2787 3605 3006 3661 circiter
3061 3605 3253 3676 viginti
3309 3614 3418 3662 tres
3449 3609 3585 3676 (imo

1989 3707 2168 3748 annos
2203 3693 2542 3764 nonaginta)
2574 3701 2916 3760 manserunt,
2949 3700 3006 3749 et
3035 3695 3462 3766 metropolitanis
3483 3694 3593 3750 sin-

1990 3778 2132 3853 gulis
2165 3795 2262 3836 suo
2283 3780 2408 3848 jure
2446 3787 2676 3848 servate,
2725 3779 3040 3854 apostolica
3095 3782 3246 3838 sedis
3297 3782 3503 3851 favore,
3537 3793 3592 3841 et

1988 3867 2294 3940 principum
2343 3884 2568 3926 suorum
2626 3869 3000 3942 dispositione,
3055 3871 3354 3928 secundum
3401 3886 3590 3930 sacros

1990 3971 2248 4024 canones,
2281 3964 2336 4016 et
2353 3956 2578 4014 decreta
2635 3959 2880 4028 ejusdem
2916 3966 3120 4016 sanctae
3165 3959 3314 4017 sedis
3364 3959 3588 4033 pontifi-

1991 4059 2134 4111 cum,
2171 4061 2400 4118 quaeque
2427 4044 2647 4104 fuerunt
2692 4048 2923 4120 agenda,
2967 4049 3305 4106 venerabiles
3344 4049 3589 4122 episcopi

1989 4149 2090 4205 per
2111 4133 2485 4192 auctoritatem
2514 4149 2785 4192 canonum
2806 4151 3103 4206 sacrorum,
3138 4145 3192 4194 et
3248 4137 3467 4196 decreta
3496 4154 3588 4196 se-

1992 4220 2076 4276 dis
2104 4220 2362 4279 Romanae
2389 4221 2702 4296 pontiﬁcum
2728 4233 3081 4296 peregerunt.

2061 4309 2269 4366 XXXI.
2299 4311 2489 4382 Drogo
2516 4311 2727 4369 interea
2753 4313 3076 4368 Metensium
3105 4314 3416 4386 episcopus,
3449 4315 3592 4372 fastu

1995 4398 2166 4472 regiae
2190 4399 2464 4472 prosapiae
2489 4399 2801 4468 subvectus,
2834 4401 2976 4458 hanc
3003 4401 3378 4472 praelationem
3417 4402 3473 4456 in
3495 4404 3589 4459 Ci-

268 4491 544 4562 imjuriam
577 4491 752 4563 ipsius
785 4491 1001 4546 Domini
1030 4491 1330 4562 prosilitur.
1375 4511 1397 4541 »
1422 4492 1722 4547 Etsanctus
1734 4507 1876 4564 papa
1899 4481 1958 4546 D
1979 4487 2202 4559 salpinis
2215 4487 2549 4559 regionibus,
2567 4495 2726 4545 nacta
2741 4489 2975 4562 quadam
2993 4489 3302 4556 occasione,
3326 4497 3594 4560 temporet

269 4581 638 4653 Syrmnachus
669 4579 741 4634 ad
798 4579 1093 4636 Caesarium
1141 4579 1519 4634 Arelatensem
1567 4579 1887 4652 episcopum

267 4669 396 4726 dicit
415 4671 614 4741 (epist.
651 4668 706 4739 t)
742 4687 808 4724 τις
861 4669 996 4724 Cum
1040 4669 1108 4724 ad
1153 4668 1430 4724 Trinitatis
1486 4667 1677 4736 instar,
1735 4669 1886 4738 cujus

268 4775 373 4812 una
402 4767 488 4814 est
519 4766 690 4829 atque
719 4756 998 4813 individua
1045 4764 1286 4828 potestas
1334 4773 1500 4812 unum
1544 4757 1612 4812 sit
1657 4774 1758 4828 per
1803 4757 1886 4812 di-

269 4863 462 4904 versos
492 4847 771 4902 antistites
795 4846 1184 4914 sacerdotium,
1233 4846 1693 4919 quemadmodum
1735 4845 1884 4917 prio-

267 4953 391 4991 rum
435 4943 642 4992 statuta
693 4953 724 4990 a
771 4935 1126 5008 sequentibus
1172 4935 1423 4992 convenit
1469 4934 1705 4990 violari?
1764 4937 1884 4991 Huc

269 5026 483 5082 accedit
510 5025 662 5097 quod
690 5025 810 5081 haec
839 5024 886 5078 si
925 5024 1140 5080 eveniat
1185 5023 1576 5079 sententiarum
1626 5023 1877 5090 varietas,

265 5115 338 5169 ad
367 5115 546 5186 ipsam
577 5120 986 5171 sacrosanctam
1039 5113 1360 5169 catholicam
1392 5112 1712 5184 religionem
1753 5127 1880 5168 cre-

265 5203 446 5259 dimus
477 5203 781 5274 pertinere,
824 5203 980 5272 cujus
1023 5201 1202 5257 omnis
1249 5209 1490 5272 potestas
1546 5199 1874 5274 infringitur,

267 5290 374 5346 nisi
423 5291 694 5348 universa
748 5307 872 5362 quae
927 5307 960 5346 a
1015 5289 1390 5347 sacerdotibus
1447 5289 1662 5344 Domini
1707 5289 1878 5346 semel

264 5387 577 5437 statuuntur
631 5387 900 5452 perpetua
949 5379 1078 5434 sint.
1162 5378 1321 5448 Quod
1376 5378 1509 5433 alias
1561 5379 1878 5453 contingere

263 5470 483 5538 poterit,
521 5469 568 5524 si
600 5483 896 5525 successor
923 5467 1234 5525 decessoris
1251 5468 1460 5524 actibus
1489 5483 1598 5524 non
1627 5468 1878 5523 tribuerit

271 5554 606 5627 ﬁrmitatem,
640 5565 696 5614 et
723 5557 1032 5615 roborando
1063 5574 1186 5630 quae
1213 5564 1368 5630 gesta
1398 5564 1541 5624 sunt,
1575 5556 1735 5614 faciat
1766 5564 1876 5614 rata

1985 4573 2225 4631 Lotharii
2248 4575 2592 4646 imperatoris
2631 4577 2774 4648 apud
2801 4577 3057 4651 Sergium
3083 4591 3283 4649 papam
3324 4576 3588 4646 obtinuit;

1985 4671 2083 4728 sed
2113 4672 2260 4745 quod
2288 4670 2485 4729 affectu
2515 4673 2718 4741 ambiit,
2752 4673 2952 4732 effectu
2980 4687 3089 4732 non
3117 4673 3336 4742 habuit;
3369 4681 3422 4729 et
3442 4675 3590 4746 quod

1983 4759 2236 4817 efﬁcaciae
2264 4776 2385 4829 usu,
2426 4777 2537 4818 non
2575 4761 3040 4832 consentientibus
3087 4761 3284 4832 quibus
3317 4761 3581 4818 intererat

1983 4849 2229 4904 obtinere
2275 4865 2386 4906 non
2437 4850 2626 4921 potuit,
2675 4849 3064 4922 patientissime
3112 4858 3171 4905 ut
3217 4866 3340 4906 eum
3397 4851 3582 4909 decuit

1981 4937 2252 5008 toleravit,
2285 4954 2357 4996 nc
2388 4939 2710 4995 scandalum
2740 4937 3000 4994 fratribus
3021 4944 3074 4992 et
3093 4939 3575 4996 consacerdotibus

1979 5041 2273 5099 generans,
2307 5026 2548 5082 schisma
2578 5026 2632 5080 in
2663 5033 2910 5081 sanctam
2935 5025 3246 5084 Ecclesiam
3274 5028 3575 5086 introduce«

1978 5122 2076 5172 ret.
2112 5113 2286 5186 Quem
2307 5121 2467 5172 tantae
2513 5113 2898 5186 generositatis
2942 5129 3009 5171 ac
3061 5115 3341 5188 dignitatis
3395 5117 3574 5174 virum

1979 5202 2210 5276 quisque
2239 5212 2482 5262 nostrum
2517 5203 2718 5261 imitari
2752 5203 3035 5274 debuerat,
3071 5204 3396 5262 ncindebite
3413 5221 3578 5278 appe-

1976 5299 2114 5349 teret
2141 5293 2286 5365 quod
2331 5307 2443 5349 non
2499 5292 2714 5360 habeat,
2775 5292 2869 5367 qui
2915 5293 3033 5350 sine
3087 5293 3433 5350 contentione
3459 5308 3571 5352 noa

1975 5381 2199 5453 exsequi
2227 5381 2445 5452 pertulit
2473 5397 2613 5454 quoc
2639 5381 2870 5456 adeptus
2899 5382 3088 5440 fuerat.
3120 5383 3254 5438 Cum
3301 5383 3568 5456 legamus,

1975 5469 2098 5542 quia
2125 5485 2420 5540 pravorum
2447 5472 2818 5545 prasumptio,
2845 5487 2956 5528 non
2983 5469 3159 5526 solum
3189 5485 3254 5527 ex
3301 5487 3402 5526 sua
3448 5480 3569 5530 tor-

1971 5557 2217 5625 titudine,
2265 5573 2458 5614 verum
2505 5560 2666 5616 etiam
2714 5578 2781 5618 ex
2831 5559 3242 5632 comparatione
3270 5567 3558 5632 rectarum,
