4088 6180
505 269 614 326 207

1514 265 1858 322 HINCMARI
1885 261 2288 322 RHEMENSIS
2317 260 2874 318 ARCHIEPISCOPI.

3691 264 3799 320 208

513 404 679 462 quam
707 389 775 444 sit
804 389 1117 444 damnanda
1146 397 1500 456 monstratur,
1525 389 1738 444 dicente
1769 388 2051 459 Scriptura
2085 405 2098 442 :
2133 389 2190 450 Α
2208 400 2378 455 super
2413 386 2783 442 altitudinem
2823 383 3058 440 nubium
3091 387 3114 438 ?
3172 382 3487 438 Pestilentia
3513 391 3568 438 et
3596 383 3810 456 gladius

508 479 747 534 Probata
775 483 971 534 autem
999 481 1180 534 virtus
1209 481 1442 550 corripit
1471 478 1804 551 insipientes
1833 478 1983 547 (Sep.
2019 475 2101 548 ιι).

505 564 882 636 Quantumque
913 566 1207 622 fraternum
1237 566 1574 632 scandalum,
1607 573 1666 619 ut
1695 581 1760 621 ex
1805 564 2104 620 altitudinis

501 671 704 720 nostrae
732 663 943 735 rapina,
980 663 1026 718 si
1055 663 1194 719 forte
1223 663 1418 736 aliquis
1465 671 1706 718 nostrum
1749 663 1856 718 hoc
1907 662 2102 718 morbo

505 751 734 818 laborat,
769 751 1001 806 {ratibus
1033 752 1349 808 scandalum
1379 765 1488 806 non
1532 767 1883 824 generemus,
1929 750 2100 806 vitare

501 839 820 910 debeamus,
852 839 1069 896 Domini
1099 840 1368 895 sententia
1396 840 1726 895 demonstrat
1755 837 1986 894 dicentis
2030 839 2100 893 ad

501 928 738 998 Petrum,
771 937 828 983 ut
855 927 1078 985 vitando
1108 927 1425 985 scandalum
1473 927 1818 1000 exigentibus
1874 942 2100 983 censum

499 1031 600 1086 pro
630 1031 696 1071 eo
725 1025 776 1072 et
804 1032 906 1088 pro
935 1033 995 1072 se
1024 1017 1198 1082 daret,
1231 1033 1395 1088 quem
1419 1032 1530 1070 non
1565 1014 1855 1070 debebant.

567 1105 805 1160 XXXII.
845 1105 914 1160 Et
937 1105 1190 1176 quoniam
1220 1104 1348 1159 anni
1367 1103 1592 1176 triginta
1625 1103 1922 1159 secundum
1943 1102 2096 1175 leges

495 1193 764 1264 publicas,
796 1201 853 1248 ut
881 1201 1066 1248 notum
1090 1200 1190 1258 est,
1223 1200 1277 1247 et
1323 1193 1476 1260 juxta
1531 1191 1970 1248 constitutionem
1999 1206 2095 1247 ec-

495 1281 878 1346 clesiasticam,
908 1289 966 1335 ut
993 1281 1334 1336 demonstrat
1361 1279 1616 1336 Gelasius
1645 1294 1809 1350 papa,
1827 1279 2096 1334 humanas

498 1368 744 1425 adimunt
775 1368 1108 1440 questiones,
1143 1377 1196 1424 et
1223 1367 1523 1423 Justiniana
1561 1367 1706 1440 lege,
1757 1383 1820 1424 ac
1877 1367 2094 1422 decreto

497 1457 642 1513 beati
675 1456 930 1528 Gregorii
961 1473 1027 1511 ex
1057 1456 1248 1514 eadem
1277 1456 1402 1530 lege
1449 1457 1813 1528 promulgato,
1873 1456 2094 1528 negotia

494 1546 634 1601 inter
660 1545 1002 1602 venerabiles
1031 1546 1332 1610 Ecclesias,
1366 1559 1432 1602 ac
1461 1545 1810 1612 monasteria,
1863 1545 2093 1617 locaque

495 1633 756 1706 religiosa
785 1635 912 1689 anni
944 1633 1304 1707 quadraginta
1335 1633 1718 1702 determinant,
1751 1633 1798 1688 si
1827 1634 2092 1704 supersti-

490 1721 662 1778 tiosus
691 1722 962 1794 appetitus
991 1721 1326 1778 excellentiae
1352 1721 1635 1777 avidarum
1675 1722 1938 1776 mentium
1985 1737 2090 1777 no-
2110 1743 2164 1803 Β

494 1817 730 1866 strarum
768 1809 966 1864 suﬁ'ere
1025 1810 1248 1875 valeret,
1297 1827 1406 1864 non
1464 1809 1653 1864 sedem
1711 1809 2087 1880 apostolicam,

494 1898 580 1953 vel
603 1914 765 1954 aures
793 1897 1122 1969 imperiales,
1157 1898 1274 1952 sine
1303 1897 1412 1952 ulla
1441 1914 1583 1954 nova
1607 1899 1955 1964 necessitate,
1989 1913 2090 1968 pro

493 1987 600 2042 hoc
627 1986 867 2042 indebito
898 1985 1189 2057 supercilio
1217 1986 1562 2058 inquietaret,
1609 2002 1735 2040 cum
1791 1985 1945 2058 quies
1975 1987 2088 2057 epi-

495 2090 786 2146 scoporum
827 2075 1229 2145 Cisalpinarum
1273 2073 1696 2146 provinciarum,
1746 2073 1864 2129 sine
1929 2075 2088 2144 hujus

492 2163 881 2235 inquietudinis
910 2163 1171 2218 seandalo
1199 2171 1360 2235 atque
1405 2162 1713 2234 dispendio,
1764 2170 1887 2234 post
1941 2171 2088 2218 tanta

491 2259 733 2322 tempora
762 2267 982 2306 manere
1011 2251 1238 2307 valeret.
1273 2251 1330 2306 Si
1383 2251 1528 2306 enim
1586 2251 1784 2322 quique
1841 2259 2087 2305 nostrum

492 2339 738 2412 regulam
762 2339 1086 2410 pastoralem
1115 2339 1262 2394 beati
1289 2339 1543 2410 Gregorii
1569 2339 1723 2410 sequi
1758 2354 1860 2410 per
1905 2338 2087 2392 omnia

489 2434 547 2482 ut
574 2425 939 2482 debueramus
966 2427 1366 2495 maluissemus,
1399 2435 1572 2482 metas
1593 2434 1794 2482 nostra:
1815 2442 2086 2482 mensurae

489 2531 834 2587 nequaquam
888 2516 1416 2583 transcenderemus,
1449 2523 1502 2570 et
1529 2515 1674 2586 quod
1712 2515 2085 2586 cujuscunque

488 2603 807 2660 nostratium
853 2603 1044 2660 civitas
1097 2620 1338 2676 unquam
1387 2619 1499 2658 non
1549 2603 1766 2670 meruit,
1827 2612 2083 2674 appetere

487 2693 873 2748 deviteramus.
915 2691 1132 2747 Timere
1180 2691 1379 2765 quippe
1432 2707 1495 2747 ac
1543 2706 1740 2748 cavere
1795 2690 2078 2761 debemus,

487 2797 608 2852 quae
635 2781 840 2851 passim
856 2781 1044 2836 beatus
1059 2780 1356 2853 Gregorius
1372 2779 1428 2834 in
1447 2779 1676 2851 epistola
1708 2778 1778 2833 ad
1817 2779 2082 2836 Joannem

486 2864 1139 2936 Constantinopolitanum
1193 2865 1510 2935 episcopum
1567 2863 1738 2920 Roma
1757 2863 1995 2934 scripsit,
2029 2873 2082 2920 et

483 2953 776 3023 unicuique
804 2961 1051 3008 nostrum
1081 2951 1277 3007 altiora
1307 2968 1366 3007 se
1397 2952 1659 3024 quaerenti
1690 2951 1760 3009 de
1790 2951 1930 3008 coelo
1950 2951 2081 3008 dicit

479 3040 599 3111 (lib.
633 3055 693 3108 ιι,
729 3041 892 3110 epist.
927 3041 1017 3111 38)
1051 3057 1064 3094 :
1103 3061 1125 3090 ι
1156 3039 1457 3112 Perpende,
1479 3039 1747 3111 inquiens,
1770 3055 1930 3112 rogo,
1951 3039 2078 3110 quia

478 3126 533 3182 in
563 3127 667 3182 hac
697 3128 1118 3198 praesumptione
1149 3127 1438 3183 temeraria
1469 3142 1576 3198 pax
1621 3128 1780 3183 totius
1823 3127 2071 3183 turbatur

475 3214 758 3284 Ecclesiae,
793 3224 845 3271 et
874 3216 1063 3289 gratiae
1089 3215 1473 3273 contradicitur
1501 3215 1864 3271 communiter
1893 3216 2069 3272 omni-

2105 3090 2154 3153 C

2207 489 2308 545 per
2334 473 2598 529 mundum
2629 473 2800 541 saevit,
2835 471 3331 546 gentesinsurgunt
3360 471 3634 542 gentibus,
3665 481 3813 528 terra

2209 561 2536 629 concutitur,
2585 561 2737 616 orbis
2786 577 2911 616 cum
2967 559 3308 616 habitoribus
3359 560 3474 614 suis
3530 567 3674 616 terra
3703 561 3806 617 de-

2208 649 2450 706 hiscente
2482 649 2748 714 sorbetur,
2795 649 2978 704 omnia
3025 647 3170 704 enim
3202 663 3324 718 quae
3368 648 3630 718 praedicta
3683 657 3808 704 sunt

2203 735 2356 793 fiunt.
2391 739 2504 793 Rex
2551 737 2823 809 superbiae
2866 753 3035 809 prope
3069 745 3171 807 est,
3221 743 3272 791 et
3320 737 3467 808 quod
3525 736 3632 792 dici
3657 737 3808 792 nefas

2203 833 2304 891 est,
2339 825 2679 881 sacerdotum
2710 833 2790 880 est
2819 832 3156 896 praeparatus
3186 824 3476 891 exercitus,
3508 825 3632 896 quia
3677 841 3803 881 cer-

2180 913 2305 969 vici
2335 913 2574 968 militant
2603 913 2869 980 elationis,
2902 913 2993 985 qui
3021 928 3088 968 ac
3118 913 3223 968 hoc
3262 913 3426 983 positi
3479 912 3714 982 fuerant,
3747 921 3805 968 ut

2199 1001 2455 1058 ducatum
2483 1002 2790 1073 praeberent
2811 1001 3265 1056 humilitatis.Sed
3286 1001 3386 1057 hac
3406 1001 3461 1056 in
3484 1018 3567 1068 re,
3589 1001 3803 1057 etiamsi

2199 1098 2389 1145 nostra
2415 1090 2602 1162 lingua
2631 1089 2851 1144 minime
2882 1089 3234 1155 contradicat,
3266 1089 3390 1144 illus
3433 1089 3604 1144 virtus
3660 1105 3798 1146 con-

2199 1186 2280 1232 tra
2338 1177 2625 1234 elationem
2673 1177 2728 1232 in
2777 1177 3038 1234 ultionem
3090 1177 3333 1250 erigitur,
3394 1177 3485 1249 qui
3531 1178 3802 1249 superbiae

2195 1265 2326 1321 vitio
2353 1281 2454 1338 per
2502 1267 2853 1336 semetipsum
2901 1265 3208 1338 specialiter
3260 1265 3602 1322 adversatur.
3660 1267 3799 1323 Hinc

2197 1354 2342 1408 enim
2361 1353 2619 1426 scriptum
2643 1361 2727 1410 est
2759 1370 2772 1409 :
2791 1357 2938 1411 Deus
2957 1355 3208 1424 superbis
3221 1355 3458 1424 resistit,
3484 1355 3796 1412 humilibus

2195 1455 2389 1506 autem
2418 1452 2518 1507 dat
2543 1454 2794 1524 gratiam
2823 1452 2842 1524 (
2872 1454 3083 1520 Jac.iv,
3099 1454 3178 1522 6).
3199 1451 3336 1507 Hinc
3351 1452 3742 1508 rursusdicitur
3780 1471 3794 1508 :

2193 1539 2507 1594 Immundus
2539 1547 2621 1596 est
2635 1540 2777 1611 apud
2809 1540 2982 1595 Deum
3010 1540 3101 1612 qui
3131 1540 3327 1595 exaltal
3356 1556 3486 1608 cor;
3521 1540 3646 1598 hinc
3665 1556 3796 1598 con-

2190 1627 2709 1703 tralsuperbientem
2737 1628 3011 1684 hominem
3045 1628 3302 1700 scriptum
3331 1637 3413 1683 est
3447 1646 3460 1682 :
3495 1628 3638 1697 Quid
3693 1647 3793 1684 su-

2195 1716 2402 1786 perbis,
2423 1723 2566 1771 terra
2583 1723 2633 1772 et
2649 1715 2787 1772 cinis
2809 1717 3002 1786 (Eccli.
3021 1718 3082 1788 x)
3101 1717 3128 1770 ?
3159 1717 3295 1774 Hinc
3314 1733 3412 1788 per
3449 1717 3795 1789 semetipsam

2194 1803 2406 1859 Veritas
2420 1804 2545 1859 dicit
2561 1822 2574 1858 :
2593 1805 2786 1860 Omnis
2799 1807 2896 1878 qui
2915 1821 2973 1860 se
2986 1807 3211 1861 exultat
3222 1805 3620 1862 humiliabitur
3630 1807 3790 1876 (Luc.

2189 1907 2308 1959 xxv,
2345 1892 2454 1962 il’).
2491 1891 2626 1960 Quae
2653 1900 2710 1947 ut
2738 1909 2838 1948 nos
2867 1892 2936 1948 ad
2965 1893 3111 1949 viam
3141 1894 3264 1949 vitae
3310 1910 3408 1964 per
3434 1893 3793 1950 humilitatem

2189 1981 2490 2046 reduceret,
2523 1981 2577 2035 in
2609 1981 2901 2051 semetipsa
2926 1981 3152 2054 dignata
3181 1989 3261 2036 est
3290 1982 3435 2054 quod
3465 1998 3565 2038 nos
3595 1983 3794 2038 admo-

2189 2077 2281 2124 net
2292 2069 2686 2134 demonstrare,
2703 2069 2920 2124 dicens:
2936 2071 3194 2126 Discitea
3217 2087 3304 2126 me
3331 2070 3465 2142 quia
3484 2072 3643 2126 mitis
3663 2087 3792 2127 sum

2188 2161 2244 2212 et
2265 2158 2498 2212 humilis
2519 2158 2680 2213 corde
2702 2158 2918 2226 (Matth.
2951 2173 3031 2223 χι,
3064 2157 3176 2230 29).
3209 2158 3592 2229 Numquidnam
3607 2167 3792 2215 mente

2187 2244 2404 2312 excidit,
2455 2244 2598 2316 quod
2647 2245 2860 2300 Veritas
2907 2245 3036 2300 dicit
3077 2261 3090 2300 :
3156 2247 3261 2314 Qui
3313 2247 3792 2304 scandalizaverit

2185 2349 2369 2388 unum
2386 2333 2454 2388 de
2465 2334 2674 2406 pusilis
2691 2335 2823 2388 istis
2834 2336 2932 2404 qui
2943 2335 3004 2388 in
3016 2350 3104 2390 me
3117 2334 3378 2403 credunt,
3400 2336 3633 2407 expedit
3647 2338 3701 2392 ei
3721 2341 3791 2392 ut

2186 2422 2566 2492 suspendatur
2594 2422 2745 2477 mola
2773 2422 3030 2476 asinaria
3058 2423 3121 2476 in
3149 2423 3291 2479 collo
3319 2425 3459 2495 ejus,
3474 2427 3534 2480 et
3559 2423 3788 2480 demer-

2183 2513 2355 2580 gatur
2381 2510 2443 2564 in
2461 2509 2813 2580 profundum
2833 2510 3034 2582 maris(
3050 2511 3248 2567 Matth.
3268 2511 3473 2583 xvn,6)
3485 2512 3513 2566 ‘?
3525 2511 3686 2581 Quod
3700 2521 3789 2568 ta-

2183 2613 2311 2652 men
2327 2597 2372 2651 si
2384 2596 2737 2652 considerare
2753 2598 3104 2671 negligimus,
3119 2607 3307 2655 contra
3333 2606 3493 2656 tantae
3530 2601 3787 2657 elationis

2181 2692 2453 2740 tumorem
2477 2685 2682 2754 judicia
2711 2701 2948 2756 superna
2977 2686 3295 2760 vigilabunt.
3335 2709 3358 2739 ι

2253 2773 2513 2829 XXXIII.
2535 2773 2632 2829 His
2647 2774 2720 2828 ita
2743 2790 2802 2829 se
2819 2774 3162 2844 habentibus,
3186 2776 3332 2848 quia,
3357 2785 3413 2831 ut
3433 2785 3650 2834 sanctus
3669 2777 3786 2834 Leo

2181 2861 2312 2916 dicit
2338 2861 2526 2934 (epist.
2557 2863 2670 2932 56),
2705 2863 2922 2934 quoties
2949 2863 3018 2918 ob
3048 2873 3398 2920 occurrentes
3426 2881 3620 2921 causas
3671 2883 3782 2936 ge-

2179 2949 2384 3004 neralis
2411 2951 2769 3022 congregatio
2795 2949 2938 3006 facta
2967 2950 3132 3007 fuerit
3161 2953 3523 3020 sacerdotum,
3555 2953 3783 3010 difﬁcile

2181 3045 2264 3093 est
2293 3045 2349 3091 ut
2378 3037 2644 3108 cupiditas
2671 3038 3037 3110 improborum
3066 3056 3177 3095 non
3205 3040 3408 3112 aliquid
3438 3057 3602 3113 supra
3615 3059 3780 3097 men-

2175 3141 2357 3180 suram
2389 3125 2640 3182 moliatur
2668 3135 2947 3198 appetere,
2981 3128 3122 3184 sicut
3153 3144 3296 3200 saepe
3327 3136 3380 3184 et
3402 3129 3638 3185 etiamin
3653 3131 3783 3186 uni-

2167 3214 2470 3269 versalibus
2500 3215 2722 3286 synodis
2751 3215 2984 3288 legimus
3013 3217 3302 3286 accidisse,
3337 3217 3384 3272 si
3415 3219 3542 3288 quid
3581 3219 3636 3273 in
3665 3221 3779 3276 hoc

475 3302 577 3358 bus
607 3301 818 3360 effusae.
857 3305 919 3359 In
948 3321 1052 3376 qua
1107 3303 1360 3360 nimirum
1406 3303 1524 3374 ipse
1569 3311 1779 3358 tantum
1823 3319 2068 3362 crescere
2164 3301 2484 3357 humilitatis
2509 3311 2712 3360 nostrae
2739 3313 3028 3371 conventu,
3076 3305 3306 3360 duorum
3333 3305 3424 3362 vel
3471 3306 3637 3361 trium
3683 3305 3776 3362 fa-

470 3391 694 3462 poteris,
729 3401 988 3464 quantum
1017 3409 1184 3464 penes
1197 3393 1542 3462 temetipsum
1562 3391 1876 3448 decreveris
1909 3401 2067 3448 :tan—
2164 3405 2315 3459 vore,
2346 3407 2411 3446 ac
2439 3406 2736 3461 paucorum
2765 3393 2999 3458 silentio,
3036 3392 3179 3448 fastu
3227 3393 3524 3464 imperialis
3576 3403 3778 3466 poten-

468 3485 632 3552 toque
663 3481 836 3550 major
862 3479 1110 3548 eﬁiceris,
1151 3487 1352 3553 quanto
1383 3489 1434 3536 te
1477 3495 1511 3536 a
1556 3480 1774 3552 superbi
1816 3489 1869 3536 et
1917 3481 2066 3536 stulti
2162 3477 2272 3544 tiae,
2307 3488 2494 3534 contra
2526 3481 2890 3551 suprascripta
2918 3497 3196 3536 sacrorum
3226 3497 3493 3538 canonum
3522 3489 3574 3538 et
3629 3499 3776 3554 apo-

466 3569 720 3624 vocabuli
776 3569 1124 3641 usurpatione
1167 3569 1475 3642 restringis,
1525 3577 1688 3641 atque
1743 3570 1799 3622 in
1858 3577 2062 3625 tantum
2163 3565 2368 3622 stolicae
2400 3567 2546 3622 sedis
2576 3567 2893 3639 pontificum
2939 3570 3164 3625 decreta
3209 3587 3276 3626 ex
3332 3571 3540 3626 eisdem
3593 3572 3775 3628 sacris

465 3654 688 3726 proﬁcis
715 3657 773 3712 in
803 3665 1063 3728 quantum
1094 3657 1191 3712 tibi
1245 3673 1356 3714 non
1411 3657 1684 3712 studueris
1741 3657 2060 3730 derogando
2159 3656 2458 3711 canonibus
2487 3657 2848 3728 promulgata,
2880 3665 3176 3730 contraque
3211 3659 3442 3732 singulis
3489 3667 3772 3731 metropo-

461 3743 724 3800 fratribus
751 3761 1025 3816 arrogare.
1059 3745 1214 3814 Quis,
1247 3761 1402 3817 rogo,
1437 3746 1494 3798 in
1520 3746 1625 3802 hoc
1652 3753 1764 3800 tam
1793 3761 2056 3816 perverso
2155 3743 2335 3797 litanis
2363 3744 2583 3815 antiqua
2613 3744 2926 3818 privilegia,
2954 3747 3122 3802 etiam
3153 3755 3206 3802 et
3235 3764 3336 3817 per
3363 3763 3550 3803 sacras
3586 3748 3768 3821 leges,

460 3833 746 3899 vocabulo,
770 3833 874 3888 nisi
903 3833 994 3887 ille
1025 3833 1095 3887 ad
1123 3833 1442 3888 imitandum
1470 3834 1808 3904 proponitur,
1846 3833 1938 3904 qui
1962 3834 2058 3890 de—

459 3919 660 3990 spectis
689 3920 1006 3991 angelorum
1033 3920 1344 3992 legionibus
1375 3936 1560 3976 secum
1591 3921 1862 3977 socialiter
1919 3938 2055 3978 con-

458 4007 675 4078 stitutis,
707 4008 776 4062 ad
805 4009 1020 4064 culmen
1047 4018 1269 4064 conatus
1300 4017 1383 4064 est
1427 4009 1811 4081 singularitatis
1869 4027 2054 4066 erum-

453 4112 607 4166 pere,
639 4105 692 4150 ut
722 4104 776 4152 et
803 4096 938 4151 nulli
967 4097 1216 4162 subesse,
1249 4105 1303 4153 et
1333 4097 1484 4152 solus
1513 4099 1765 4154 omnibus
1814 4115 2053 4169 praeesse

452 4181 768 4239 videretur?
796 4182 900 4253 Qui
931 4185 1094 4241 etiam
1123 4185 1257 4241 dixit
1288 4203 1303 4240 :
1336 4187 1400 4241 In
1429 4188 1633 4243 caelum
1653 4189 2046 4254 conscendam,

452 4287 623 4342 super
649 4276 806 4329 astra
838 4274 964 4329 coeli
992 4275 1254 4330 exaltabo
1282 4275 1488 4330 solium
1516 4292 1707 4332 meum
1729 4296 1749 4331 :
1778 4277 1968 4332 sedebo
1987 4277 2052 4332 in

450 4364 642 4416 monte
665 4363 1012 4430 testamenti,
1030 4363 1095 4418 in
1115 4364 1384 4420 lateribus
1405 4363 1716 4436 Aquilonis.
1737 4364 2049 4421 Ascendam

2158 3831 2360 3902 quibus
2391 3847 2500 3886 una
2529 3848 2652 3888 cum
2681 3835 3012 3889 venerandis
3042 3835 3340 3890 canonibus
3371 3844 3560 3892 sancta
3580 3837 3776 3894 mode-

2155 3925 2304 3974 ratur
2333 3919 2598 3986 Ecclesia,
2634 3923 3030 3990 conservanda,
3064 3923 3350 3980 immaturo
3378 3932 3538 3996 atque
3573 3925 3768 3980 incon-

2155 4006 2390 4062 siderato
2431 4009 2590 4077 jussu
2637 4017 2721 4064 est
2777 4011 3242 4080 superinductum,
3305 4012 3418 4068 sive
3475 4013 3766 4082 sancitum,

2152 4095 2476 4166 prohibente
2505 4096 2758 4167 Domino,
2793 4106 2989 4153 utnon
3037 4100 3308 4170 plantetur
3359 4117 3552 4156 nemus
3601 4117 3769 4157 secus

2150 4183 2412 4254 templum
2427 4201 2604 4250 suum,
2626 4185 2680 4239 id
2699 4193 2782 4240 est
2805 4202 2874 4241 ne
2909 4187 3280 4254 obumbretur,
3319 4195 3372 4243 et
3423 4189 3771 4245 decoloretur

2149 4279 2278 4342 typo
2308 4273 2505 4327 terreni
2539 4273 2877 4344 principatus
2908 4275 3193 4330 sinceritas
3224 4284 3278 4331 et
3308 4275 3492 4349 fulgor
3537 4278 3764 4333 humili-

2148 4360 2274 4414 tatis
2321 4361 2726 4430 ecclesiasticaa,
2767 4362 2916 4430 juxta
2955 4363 3174 4418 decreta
3229 4364 3476 4436 mystica;
3520 4366 3766 4424 Nicena:

449 4464 622 4520 super
648 4451 1019 4507 altitudinem
1038 4452 1515 4518 nubium,similis
1527 4454 2051 4524 eroAltissimo(Isa.
2085 4445 2143 4507 D
2163 4449 2378 4519 synodi,
2412 4465 2520 4520 quo
2547 4449 2742 4505 dicitur
2774 4467 2787 4504 :
2824 4472 2846 4501 α
2881 4450 2939 4506 Si
2967 4452 3076 4508 duo
3104 4461 3194 4508 aut
3223 4461 3332 4508 tres
3361 4461 3588 4526 propter
3631 4470 3768 4510 con-

450 4551 576 4604 xm,
613 4538 727 4609 14).
769 4538 913 4607 Quid
942 4539 1089 4596 enim
1118 4538 1314 4595 fratres
1342 4541 1440 4606 tui,
1492 4557 1684 4598 omnes
1735 4541 2054 4597 universalis

447 4624 715 4682 Ecclesiae
743 4627 1006 4698 episcopi,
1039 4626 1143 4681 nisi
1172 4636 1319 4682 astra
1350 4629 1475 4684 coeli
1505 4631 1676 4685 sunt?
1699 4646 1929 4701 quorum
1947 4630 2054 4687 vita

449 4712 608 4769 simul
639 4721 692 4770 et
713 4714 917 4787 lingua,
951 4715 1092 4769 inter
1119 4724 1344 4786 peccata
1375 4733 1705 4789 erroresque
1750 4718 2049 4786 hominum,

452 4801 609 4873 quasi
638 4801 778 4858 inter
803 4803 978 4859 noctis
1009 4804 1264 4860 tenebras
1295 4804 1496 4862 lucent.
1530 4804 1740 4875 Quibus
1778 4805 1906 4860 dum
1951 4821 2052 4862 cu-

447 4889 535 4962 pis
554 4889 898 4960 temetipsum
918 4892 1184 4948 vocabulo
1203 4893 1456 4950 elationis
1475 4909 1814 4966 praeponere,
1837 4910 2052 4950 eorum-

455 4994 561 5050 que
592 4994 791 5034 nomen
820 4980 894 5034 tui
925 4982 1334 5053 comparatione
1365 4983 1597 5046 calcare,
1635 4982 1764 5054 quid
1794 4981 1942 5038 aliud
1969 4982 2050 5038 di-

454 5067 552 5132 cis,
568 5066 672 5122 nisi
685 5069 745 5123 in
757 5070 958 5124 coelum
979 5071 1370 5138 conscendam,
1387 5087 1558 5142 super
1567 5075 1726 5127 astra
1737 5071 1864 5126 caeli
1883 5073 2050 5126 exal-

455 5157 578 5212 tabo
609 5158 814 5213 solium
841 5162 1076 5214 meum?
1101 5161 1186 5214 An
1217 5175 1326 5216 non
1343 5159 1582 5215 universi
1601 5158 1846 5232 episcopi
1877 5158 2051 5214 nubes

457 5252 602 5310 sunt,
633 5246 725 5316 qui
754 5253 807 5301 et
833 5246 1012 5302 verbis
1041 5247 1444 5318 praedicationis
1472 5247 1678 5319 pluunt,
1713 5256 1765 5303 et
1785 5248 2050 5305 bonorum

454 5347 682 5402 operum
711 5334 834 5390 luce
854 5334 1190 5390 coruscant?
1208 5334 1358 5403 Quos
1378 5336 1508 5392 dum
1533 5344 1714 5393 vestra
1736 5335 2048 5392 fraternitas

455 5420 764 5490 despiciens
793 5425 896 5478 sub
925 5438 985 5480 se
1012 5439 1262 5495 premere
1289 5433 1529 5491 conatur,
1563 5425 1692 5498 quid
1719 5425 1869 5482 aliud
1898 5426 2045 5495 dicit,

377 5555 384 5564 .
457 5506 563 5566 nisi
591 5509 694 5565 hoc
725 5511 871 5582 quod
895 5511 966 5566 ab
995 5511 1215 5585 antiquo
1270 5511 1428 5568 hoste
1461 5512 1660 5571 dicitur
1690 5531 1704 5568 :
1737 5515 2049 5572 Aseendam

2153 4537 2422 4592 tentiones
2450 4538 2705 4609 proprias
2747 4540 3143 4608 contradicunt,
3197 4541 3434 4598 obtineat
3491 4544 3765 4600 sententia

2153 4625 2528 4696 plurimorum,
2567 4627 2892 4700 spretisque,
2926 4635 2984 4682 ut
3014 4629 3268 4697 diximus,
3301 4630 3353 4684 si
3380 4629 3490 4686 duo
3529 4630 3617 4687 vel
3649 4639 3766 4688 tres

2151 4721 2375 4785 prepter
2401 4715 2819 4772 assentationem
2848 4716 2988 4772 forte
3017 4733 3128 4773 non
3174 4717 3362 4784 corde,
3412 4719 3508 4774 sed
3563 4720 3762 4791 verbo,

2151 4801 2239 4856 vel
2265 4803 2482 4858 silentio
2511 4812 2980 4875 conspiraverunt,
3017 4807 3348 4879 generalitas
3386 4815 3573 4863 nostra
3638 4809 3762 4865 Deo

2152 4898 2372 4946 auctore
2399 4907 2506 4946 non
2529 4891 2736 4962 annuit,
2771 4893 2868 4949 sed
2897 4894 3064 4949 corde
3090 4909 3154 4950 ac
3207 4895 3616 4952 contradicente
3663 4913 3762 4953 ore

2151 4979 2590 5034 constantissime
2627 4980 2832 5048 abnuit,
2866 4989 2920 5036 et
2950 4983 3219 5038 sententia
3257 4983 3616 5054 plurimorum
3659 4985 3762 5041 de-

2151 5065 2321 5121 bitum
2349 5067 2517 5122 robur
2542 5074 2704 5140 atque
2730 5068 2976 5142 vigorem
3005 5071 3251 5136 obtinuit,
3285 5071 3510 5140 obtinet,
3557 5089 3624 5130 ac
3651 5074 3758 5128 ad-

2143 5155 2367 5224 juvante
2408 5155 2644 5212 Domino
2673 5159 2943 5228 perpetim
2973 5159 3260 5215 obtinebit.
3300 5181 3322 5210 »
3358 5159 3518 5230 Quia,
3549 5169 3607 5216 ut
3633 5178 3762 5218 me-

2149 5249 2385 5298 moratus
2438 5252 2660 5301 sanctus
2714 5245 2824 5302 Leo
2879 5248 2952 5302 ad
3015 5249 3309 5304 Maximum
3356 5249 3758 5306 Antiochenam

2149 5331 2466 5403 episcopum
2493 5333 2709 5405 scripsit
2737 5335 2923 5408 (epist.
2949 5336 3040 5408 66)
3073 5354 3086 5391 :
3114 5359 3136 5388 α
3173 5337 3228 5394 Si
3259 5337 3388 5410 quid
3419 5354 3451 5392 a
3480 5354 3761 5411 quoquam

2149 5428 2342 5476 contra
2386 5421 2734 5478 Nicaanorum
2770 5439 3042 5480 canonum
3087 5433 3286 5480 statuta
3331 5426 3388 5482 in
3429 5443 3756 5500 quacunque

2149 5517 2360 5590 synodo
2389 5517 2476 5576 vel
2506 5527 2770 5576 tentatum
2800 5529 2903 5590 est,
2936 5522 3024 5579 vel
3049 5523 3118 5578 ad
3147 5531 3360 5596 tempus
3389 5523 3603 5582 videtur
3649 5541 3756 5582 ex-
