4088 6180
316 281 420 336 209
1507 283 1529 316 κ

1665 268 2040 327 EPISTOLE.

3510 272 3615 327 210

322 410 542 467 tortum,
573 399 709 456 nihil
736 399 1034 472 praejudicii
1061 405 1240 470 potest
1285 395 1688 454 inviolabilihus
1727 393 1932 451 inferre
1961 394 2192 462 Aabsit,
2224 410 2332 456 non
2361 395 2636 451 mediocre
2672 393 2974 468 periculum
3023 400 3122 464 est,
3157 391 3248 466 qui
3275 408 3396 450 cum
3424 408 3619 465 parere

324 488 578 546 decretis.
609 490 678 544 Et
705 487 920 545 facilius
948 489 1051 544 erit
1093 486 1458 559 quarumlibet
1505 483 1926 542 consensionum

326 586 546 650 pactum
567 575 796 632 dissolvi
827 592 991 649 quam
1005 575 1394 648 praedictorum
1411 588 1682 631 canonum
1701 570 1924 645 regulas

327 683 394 723 ex
425 667 532 721 ulla
559 674 718 738 parte
744 665 1041 738 corrumpi.
1081 685 1104 714 ιν

392 807 652 864 XXXIV.
685 807 769 862 De
808 821 875 862 eo
909 813 1090 861 autem
1120 804 1268 876 quod
1295 803 1519 878 quidam
1547 801 1718 858 frater
1745 801 1923 872 impe-

323 897 438 952 riali
465 895 646 951 edicto
675 894 826 950 velut
853 894 979 949 dato
1010 893 1114 949 sibi
1144 893 1399 949 collatum
1428 891 1596 946 fuisse
1617 889 1786 962 (quod
1814 905 1924 944 non

320 985 422 1053 illi,
455 985 554 1039 sed
583 983 742 1038 nobis
770 983 841 1038 de
884 982 998 1048 illo,
1034 981 1175 1037 sicut
1201 980 1448 1036 lectionis
1475 979 1658 1045 auditu
1697 993 1924 1048 compe-

322 1073 518 1138 rimus,
540 1087 572 1126 a
603 1071 732 1126 sede
781 1069 1080 1140 apostolica
1110 1076 1194 1124 est
1238 1069 1502 1124 directum
1525 1108 1541 1134 ,
1573 1066 1770 1138 quibus
1815 1080 1926 1120 non

321 1168 406 1216 est
433 1159 716 1227 donatum)
745 1158 896 1213 visus
913 1165 994 1213 est
1014 1157 1302 1224 exultasse,
1322 1156 1468 1211 idem
1489 1161 1706 1210 sanctus
1725 1155 1832 1209 Leo
1854 1152 1925 1208 ad

318 1248 635 1304 Anatolium
665 1246 1321 1316 Constantinopolitanum
1348 1243 1665 1316 episcopum
1711 1240 1926 1312 scripsit

318 1337 512 1408 (epist.
545 1337 636 1403 54)
669 1351 684 1389 :
720 1357 744 1384 α
774 1334 916 1400 Alia,
967 1333 1160 1405 inquit,
1189 1333 1330 1388 ratio
1360 1339 1444 1387 est
1475 1345 1661 1387 rerum
1691 1329 1924 1385 saecula—

319 1424 498 1489 rium,
552 1423 659 1478 alia
704 1421 1048 1487 divinarum,
1117 1435 1219 1476 nec
1267 1427 1463 1490 praeter
1519 1418 1667 1472 illam
1710 1424 1924 1488 petram

314 1527 483 1584 quam
532 1509 800 1566 Dominus
847 1510 905 1564 in
938 1508 1290 1564 fundamento
1335 1507 1518 1578 posuit
1567 1505 1776 1560 stabilis
1821 1505 1924 1560 erit

316 1599 434 1654 ulla
460 1598 811 1656 constructio.
845 1597 1068 1668 Propria
1097 1596 1296 1667 perdit,
1332 1595 1424 1667 qui
1453 1594 1694 1651 indebita
1715 1609 1923 1649 concu-

317 1688 498 1759 piscit.
538 1708 562 1737 ι
593 1688 665 1741 Ει
691 1695 751 1740 ut
781 1685 1030 1742 Gelasius
1058 1684 1210 1747 dicit,
1243 1697 1522 1756 nunquam
1553 1681 1827 1738 invenitur
1855 1681 1924 1736 de

317 1775 670 1847 pontificibus
717 1773 824 1828 nisi
867 1773 1172 1829 Ecclesiam
1210 1771 1510 1841 judicasse,
1553 1777 1606 1826 et
1646 1785 1756 1824 non
1802 1786 1925 1825 esse

314 1867 675 1920 humanarum
703 1862 912 1936 legum,
943 1863 1014 1917 de
1041 1861 1242 1916 talibus
1273 1859 1416 1916 ferre
1445 1859 1773 1914 sententiam
1805 1859 1930 1914 abs-

315 1965 423 2020 que
465 1947 734 2003 Ecclesiaa
779 1945 1150 2018 principaliter
1197 1941 1508 2001 constitutts
1553 1943 1923 2014 pontificibus,

314 2035 547 2108 obsequi
576 2035 756 2090 solere
785 2033 1060 2105 principes
1107 2033 1446 2088 Christianos
1475 2032 1710 2087 decretis
1739 2030 1928 2086 Eccle-

315 2127 432 2194 siae,
469 2141 582 2179 non
609 2140 766 2178 suam
795 2137 1116 2194 praeponere
1145 2129 1489 2192 potestatem,
1525 2119 1798 2190 episcOpis
1827 2135 1926 2174 ca-

307 2221 406 2286 put
437 2213 680 2268 subdere
704 2211 1010 2282 principem
1060 2210 1275 2266 solitum
1306 2225 1415 2264 non
1451 2210 1520 2265 de
1549 2224 1740 2264 eorum
1771 2207 1924 2278 capi-

312 2302 460 2357 tibus
483 2301 759 2370 judicare.

381 2431 618 2488 XXXV.
648 2432 718 2486 Et
745 2431 804 2485 in
833 2430 956 2503 lege
1004 2429 1378 2496 Valentiniani,
1411 2427 1703 2485 Theodosii
1733 2435 1785 2484 et
1815 2428 1926 2482 Ar-

306 2522 450 2578 cadii
481 2522 769 2576 decretum
797 2527 882 2574 est
909 2519 978 2574 de
1009 2517 1280 2588 episcOpis
1315 2536 1328 2572 :
1367 2539 1389 2568 ε
1413 2517 1624 2572 Habent
1651 2515 1920 2588 inquiunt,

307 2610 388 2664 illi
411 2609 633 2678 judices
655 2623 804 2676 suos,
824 2623 926 2662 nec
957 2605 1256 2678 quidquam
1283 2605 1369 2660 his
1389 2604 1622 2675 publicis
1641 2619 1928 2660 commune

307 2714 435 2754 cum
480 2697 721 2770 legibus,
764 2702 1029 2767 quantum
1059 2695 1130 2747 ad
1181 2709 1375 2750 causas
1431 2701 1613 2748 tamen
1661 2691 1926 2748 ecclesia-

309 2787 478 2842 sticas
542 2783 816 2856 pertinet,
849 2798 981 2854 quas
1047 2781 1210 2837 decet
1249 2781 1546 2852 episcopali
1611 2779 1924 2836 auctoritate

308 2874 548 2931 decidi.»
583 2872 718 2942 Quae
759 2887 871 2926 non
917 2870 1170 2937 dicimus,
1205 2869 1352 2943 quod
1381 2869 1542 2938 absit,
1577 2867 1828 2940 potestati
1859 2883 1925 2924 ac

305 2979 406 3034 per
432 2963 544 3018 hoc
578 2960 677 3016 Dei
723 2959 1046 3016 ordinationi
1095 2959 1412 3014 resistentes
1433 2999 1446 3024 ,
1480 2957 1578 3012 sed
1607 2957 1789 3027 potius
1819 2956 1924 3011 ob-

307 3058 629 3124 sequentes,
661 3048 786 3121 quia
815 3047 951 3104 sicut
978 3046 1244 3104 Dominus
1289 3045 1545 3116 praecepit
1593 3044 1751 3100 reddi
1805 3060 1926 3116 quae

308 3148 436 3196 sunt
466 3137 703 3194 Caesaris
749 3135 970 3203 Caesari,
1019 3143 1073 3192 et
1119 3151 1242 3208 quae
1269 3143 1395 3190 sunt
1425 3133 1525 3188 Dei
1553 3134 1671 3190 Deo
1701 3134 1922 3202 (Matth.

305 3229 478 3298 xxii),
513 3227 594 3280 ita
623 3242 746 3298 qua:
777 3232 902 3280 sunt
933 3223 1280 3294 imperatoris
1311 3221 1572 3293 obsequia
1603 3221 1928 3276 obedienter

306 3317 481 3387 ipsius
524 3314 810 3386 obsequiis
855 3313 1208 3377 exhibemus,
1244 3319 1297 3368 et
1328 3326 1450 3384 qua:
1481 3310 1771 3391 sacqrdotii
1803 3318 1926 3364 sunt

305 3404 488 3458 ordini
556 3400 886 3458 sacerdotali
941 3399 1333 3472 dependimus,
1385 3397 1523 3454 sicut
1589 3406 1926 3454 memoratus

304 3501 530 3547 sanctus
570 3505 718 3562 papa
760 3488 1010 3544 Gelasius
1039 3489 1109 3542 ad
1151 3487 1496 3543 Anastasium
1540 3486 1927 3558 imperatorem

306 3579 574 3636 discrevit
615 3585 778 3650 atque
839 3576 1079 3632 decrevit
1121 3575 1308 3648 (epist.
1358 3575 1447 3645 10)
1481 3593 1494 3628 :
1536 3596 1556 3625 ι
1611 3575 1731 3630 Duo
1777 3582 1921 3640 sunt,

307 3669 588 3740 inquiens,
639 3666 930 3737 imperator
983 3667 1262 3737 Auguste,
1312 3662 1511 3736 quibus
1555 3661 1926 3736 principaliter

306 3757 544 3812 mundus
576 3754 668 3810 hic
697 3755 926 3826 regitur,
972 3751 1268 3808 auctoritas
1314 3766 1472 3806 sacra
1498 3750 1838 3822 pontificum,
1872 3758 1926 3804 et

306 3845 514 3916 regalis
545 3849 808 3914 potestas,
840 3841 896 3894 in
927 3840 1122 3912 quibus
1163 3847 1311 3894 tanto
1341 3839 1566 3912 gravius
1596 3847 1680 3893 est
1707 3838 1924 3910 pondus

304 3933 684 3996 sacerdotum,
706 3937 906 4003 quanto
924 3929 1085 3986 etiam
1105 3943 1206 4000 pro
1233 3927 1369 4000 ipsis
1389 3927 1616 4001 regibus
1642 3927 1922 3982 hominum

305 4023 360 4077 in
407 4020 602 4078 divino
649 4017 908 4074 reddituri
965 4025 1090 4074 sunt
1145 4015 1399 4072 examine
1454 4015 1742 4072 rationem.
1803 4015 1922 4072 No-

307 4111 374 4166 sti
421 4107 630 4168 etenim
653 4149 666 4175 ,
695 4106 772 4162 fili
803 4105 1258 4172 clementissime,
1343 4105 1494 4178 quod
1557 4105 1683 4160 licet
1722 4103 1920 4176 praesi-

309 4200 442 4255 deas
486 4199 737 4252 humano
783 4194 974 4268 generi
1019 4193 1283 4266 dignitate
1305 4236 1318 4260 ,
1353 4209 1538 4250 rerum
1568 4200 1748 4248 tamen
1777 4208 1920 4262 prm-

308 4287 516 4342 sulibus
569 4283 883 4341 divinarum
911 4282 1140 4339 devotus
1174 4281 1313 4337 colla
1343 4281 1611 4348 submitis,
1669 4288 1830 4352 atque
1849 4280 1920 4336 ab

309 4376 386 4432 eis
425 4388 632 4431 causas
673 4381 778 4428 tute
825 4369 1015 4425 salutis
1079 4377 1398 4442 exspectas,
1429 4369 1593 4442 inque
1640 4369 1920 4424 sumendis

1957 3095 2006 3158 C

2023 483 2259 538 debeant
2287 483 2610 556 despiciunt.
2650 507 2672 532 η

2525 605 2868 661 EPISTOLA
2902 606 3110 660 XXXI.

2455 727 2528 767 AD
2565 725 2837 776 QUEMDAM
2874 727 3199 767 EPISCOPUM.

2023 819 2100 874 De
2131 817 3038 890 translationibus,episcoporum,
3080 821 3280 876 contra
3309 817 3620 876 Actardum

2601 889 3058 944 Namne’tensem.

2293 999 2452 1057 (Apud
2473 999 2723 1056 eumdem,
2745 1010 2807 1046 ex
2826 999 2998 1046 codice
3017 999 3354 1055 Virdunensi.)

2098 1087 2301 1154 Servus
2344 1099 2540 1154 Christi
2571 1107 2624 1154 et
2652 1115 2932 1154 servorum
2979 1099 3097 1168 ejus
3139 1099 3336 1155 dilecto
3383 1097 3537 1154 fratri
3567 1107 3621 1155 et

2025 1187 2325 1243 venerabili
2347 1187 2605 1258 episcopo
2635 1187 2882 1242 salutem.

2096 1277 2176 1330 De
2207 1276 2404 1346 quibus
2434 1275 2579 1346 apud
2609 1275 2962 1348 exiguitatem
3005 1291 3182 1330 meam
3210 1275 3498 1344 prudentia
3527 1283 3616 1331 tua

2024 1376 2306 1448 perquirit,
2341 1385 2393 1430 et
2443 1392 2568 1430 mox
2595 1391 2660 1431 ac
2689 1375 2942 1431 festinato
2990 1376 3331 1447 breviterque
3361 1375 3464 1430 sibi
3491 1376 3620 1447 quid

2025 1465 2150 1519 inde
2182 1465 2410 1518 sentiam
2441 1465 2638 1519 obnixe
2681 1464 3000 1536 responderi
3045 1463 3310 1534 deposcit,
3359 1463 3622 1518 obediens

2023 1553 2314 1624 postulanti
2345 1554 2654 1624 respondeo
2671 1553 2757 1608 cui
2776 1569 2980 1626 negare
3001 1552 3132 1607 nihil
3151 1552 3348 1618 habeo,
3373 1551 3500 1622 quia
3523 1567 3626 1608 nec

2025 1641 2218 1706 debeo,
2252 1640 2466 1696 dicente
2499 1641 2778 1711 Scriptura
2812 1659 2825 1695 :
2864 1642 2968 1708 Qui
3011 1640 3300 1696 abscondit
3329 1643 3627 1711 frumenta

1955 1745 2008 1804 Β
2027 1730 2396 1784 maledicit-ur
2425 1731 2487 1784 in
2503 1731 2749 1802 papulis,
2777 1729 3088 1786 benedictio
3115 1733 3310 1784 autem
3337 1745 3507 1800 super
3525 1744 3625 1786 ca-

2027 1821 2130 1889 put
2154 1817 2519 1872 vendentium
2553 1818 2734 1887 (Prov.
2771 1833 2845 1883 χι,
2877 1818 3008 1888 26);
3039 1817 3094 1872 id
3126 1825 3230 1886 est,
3262 1817 3356 1888 qui
3384 1816 3627 1873 scientia:

2026 1905 2256 1960 verbum
2283 1904 2586 1969 abscondit,
2619 1921 2650 1958 a
2679 1905 2914 1960 Domino
2944 1904 3127 1959 audiet
3150 1921 3164 1958 :
3187 1905 3350 1960 Serve
3391 1906 3540 1961 male
3569 1909 3630 1962 et

2025 1995 2204 2064 piger,
2225 2009 2395 2065 quare
2416 2009 2530 2049 non
2545 1993 2750 2048 dedisti
2763 1993 3066 2064 pecuniam
3084 2009 3271 2048 meum
3290 1993 3597 2048 admensus
3613 2035 3626 2059 ,

2027 2085 2082 2135 et
2099 2097 2192 2151 ego
2212 2081 2444 2136 veniens
2461 2083 2794 2153 recepissem
2811 2083 3005 2151 utique
3020 2081 3164 2152 quod
3178 2095 3368 2136 meum
3389 2085 3476 2136 est
3495 2097 3624 2136 cum

2026 2185 2204 2224 usura
2229 2169 2422 2238 ?(Luc.
2449 2184 2571 2238 xxx,
2595 2171 2706 2238 23).
2733 2167 3045 2224 Benedictio
3073 2175 3253 2222 autem
3284 2183 3448 2238 super
3466 2176 3630 2238 caput

2026 2255 2394 2319 vendentium,
2442 2255 2698 2326 quoniam
2727 2255 2821 2326 qui
2850 2256 2944 2310 dat
2984 2254 3266 2310 conservis
3296 2254 3352 2308 in
3383 2263 3626 2326 tempore

2027 2343 2190 2400 tritici
2211 2359 2542 2412 mensuram,
2563 2359 2595 2398 a
2615 2343 2848 2398 Domino
2875 2344 3058 2398 audiet
3083 2360 3095 2398 :
3121 2346 3288 2415 Euge,
3313 2359 3468 2399 serve
3488 2343 3626 2399 bone

2027 2437 2083 2488 et
2093 2433 2295 2502 ﬁdelis,
2322 2434 2454 2505 quia
2465 2449 2635 2504 super
2643 2449 2830 2504 pauca
2849 2433 3020 2502 fuisti
3031 2431 3233 2500 ﬁdelis,
3249 2447 3422 2504 super
3439 2432 3628 2488 multa

2029 2523 2082 2575 te
2113 2523 2462 2576 constituam
2493 2521 2716 2592 (Matth.
2737 2535 2878 2584 xxv,
2903 2520 3016 2591 21).
3051 2521 3116 2574 Et
3145 2519 3362 2591 quidam
3392 2519 3625 2576 catholi-

2026 2623 2124 2664 cus
2152 2608 2344 2663 doctor
2371 2608 2444 2662 ait
2474 2626 2487 2662 :
2519 2607 2742 2664 Invidiae
2789 2607 3062 2680 siquidem
3093 2608 3362 2663 maculam
3405 2607 3474 2662 de
3503 2623 3627 2662 sese

2026 2711 2136 2750 non
2185 2695 2368 2760 abluit,
2411 2696 2501 2766 qui
2548 2695 2703 2750 alteri
2745 2694 3000 2752 conferre
3047 2695 3286 2766 denegat
3324 2696 3430 2750 hoc
3479 2694 3626 2765 quod

2027 2783 2206 2838 sentit.
2267 2783 2436 2854 Igitur
2492 2800 2612 2855 quae
2664 2799 2775 2838 non
2842 2781 3038 2838 suffers
3103 2782 3199 2837 tibi
3253 2799 3354 2854 per
3413 2791 3626 2853 tempus

2025 2871 2241 2942 plenius
2279 2887 2346 2928 ac
2397 2871 2556 2926 latius
2601 2871 2943 2942 responderi,
2994 2871 3236 2927 breviter
3265 2886 3330 2928 ac
3357 2871 3625 2942 capitula-

2025 2960 2141 3026 tim,
2175 2960 2244 3015 ab
2275 2960 2502 3016 exordio
2531 2959 2611 3017 rei
2640 2961 2797 3029 hujus
2839 2959 3127 3031 incipiens,
3177 2960 3248 3015 ad
3290 2959 3628 3032 interrogata

2025 3049 2292 3105 rescribo.

2099 3138 2143 3192 Ι.
2175 3137 2261 3192 Ad
2289 3136 2418 3207 quid
2446 3135 2547 3190 Dei
2578 3135 2741 3191 Filius
2784 3134 3017 3192 formam
3059 3135 3206 3191 servi
3233 3135 3445 3206 accepit
3472 3138 3625 3206 Apo-

2029 3225 2200 3280 stolus
2230 3233 2494 3280 monstrat
2517 3225 2737 3280 dicens:
2763 3227 2870 3280 Per
2894 3241 3078 3280 unum
3108 3224 3394 3280 hominem
3417 3240 3624 3296 pecca-

2028 3317 2152 3369 tum
2173 3315 2416 3369 intravit
2442 3315 2505 3369 in
2527 3312 2820 3378 mundum,
2849 3316 2906 3366 et
2922 3327 3024 3384 per
3047 3317 3347 3384 peccatum
3371 3328 3542 3378 mors,
3567 3316 3622 3366 et

2024 3404 2110 3456 ita
2122 3403 2185 3456 in
2207 3417 2398 3457 omnes
2409 3401 2662 3458 homines
2675 3402 3068 3472 pertransivit,
3087 3401 3150 3455 in
3165 3416 3269 3472 quo
3281 3416 3473 3455 omnes
3491 3414 3624 3471 pec-

2023 3493 2320 3546 caverunt.
2349 3489 2557 3545 Fidelis
2577 3504 2760 3544 sermo
2781 3492 2837 3543 et
2857 3487 3012 3543 omni
3050 3504 3214 3559 accep
3224 3490 3370 3544 tione
3393 3488 3619 3559 dignus,

2024 3579 2292 3651 quoniam
2306 3579 2466 3634 Iesus
2492 3577 2746 3632 Christus
2765 3578 2921 3631 venit
2942 3577 3004 3631 in
3022 3575 3172 3631 hunc
3189 3577 3467 3647 mundum
3481 3591 3619 3648 pec-

2023 3669 2238 3722 catores
2259 3666 2441 3721 salvos
2461 3667 2668 3736 facere.
2706 3665 2908 3720 Omnes
2945 3665 3101 3719 enim
3129 3667 3526 3735 peccaverunt,
3561 3667 3620 3720 et

2023 3757 2186 3824 egent
2216 3753 2395 3823 gloria
2424 3754 2524 3809 Dei
2549 3751 2727 3822 (Rom.
2761 3768 2818 3818 v,
2851 3753 2960 3823 12).

2093 3841 2160 3895 ΙΙ.
2193 3841 2278 3896 Ad
2307 3841 2435 3913 quid
2465 3840 2695 3912 apostoli
2723 3841 2790 3894 ab
2823 3855 2888 3896 eo
2920 3847 3042 3894 sunt
3068 3839 3322 3906 ordinati,
3354 3839 3472 3910 ipse
3497 3855 3618 3894 ma-

2021 3928 2238 3984 nifestat
2257 3929 2475 3986 dicens:
2500 3931 2638 3986 Ecce
2659 3945 2755 4001 ego
2771 3930 2938 3985 mitto
2959 3945 3068 3986 vos.
3092 3930 3192 3996 Ite,
3217 3929 3406 3985 docete
3424 3945 3618 3986 omnes

2019 4022 2232 4090 gentes,
2262 4019 2618 4091 baptizantes
2640 4033 2729 4074 eos
2749 4018 2811 4072 in
2829 4018 3058 4073 nomine
3079 4018 3289 4083 Patris,
3311 4021 3366 4073 et
3385 4017 3539 4088 Filii,
3564 4021 3621 4073 et

2019 4107 2268 4178 Spiritus
2287 4108 2496 4172 sancti,
2517 4106 2774 4162 docentes
2793 4122 2882 4162 eos
2899 4121 3124 4162 scrvare
3141 4105 3333 4162 omnia
3353 4121 3620 4179 quincun-

2019 4211 2122 4268 que
2152 4195 2420 4250 mandavi
2466 4194 2614 4249 vobis
2643 4195 2800 4266 (Luc.
2831 4210 2891 4259 x,
2923 4197 2954 4249 3
2980 4212 2996 4260 ;
3028 4193 3220 4250 Matth.
3263 4208 3468 4260 xxvm,
3502 4195 3613 4264 t9).

2019 4284 2109 4340 Sic
2133 4284 2320 4340 luceat
2349 4283 2454 4338 tua:
2483 4285 2668 4337 vestra
2700 4299 2891 4338 coram
2935 4283 3271 4349 hominibus,
3297 4286 3366 4338 ut
3387 4282 3616 4338 videant

2018 4388 2185 4444 opera
2205 4375 2391 4428 vestra
2411 4373 2569 4436 bona,
2595 4375 2653 4425 et
2663 4371 2982 4442 gloriﬁcent
3001 4372 3232 4426 Patrem
3251 4373 3502 4426 vestrum
3519 4371 3618 4442 qui

307 4463 628 4519 caelestibus
678 4459 1055 4526 sacramentis,
1089 4459 1278 4530 eisque
1335 4466 1393 4512 ut
1437 4457 1696 4527 competit
1724 4457 1917 4527 dispo-
1947 4447 2084 4514 Din
2111 4461 2266 4516 cretis
2295 4463 2380 4515 est
2410 4458 2628 4530 (Matth.
2660 4474 2716 4528 v,
2752 4459 2860 4528 16).

303 4550 516 4618 nendis,
550 4548 713 4604 subdi
748 4556 800 4603 te
847 4547 1052 4604 debere
1097 4546 1390 4620 cognoscis
1419 4545 1701 4616 religionis
1730 4544 1919 4600 ordine

303 4639 484 4710 potius
531 4653 699 4710 quam
746 4651 1007 4708 praeesse.
1059 4635 1217 4692 Nosti
1264 4635 1449 4706 itaque
1496 4634 1637 4688 inter
1689 4634 1808 4689 haec
1853 4649 1920 4688 ex

299 4728 518 4783 illorum
559 4735 614 4781 te
641 4725 886 4797 pendere
925 4723 1151 4792 judicio,
1184 4739 1292 4780 non
1322 4722 1444 4778 illos
1484 4722 1552 4778 ad
1584 4730 1731 4777 tuam
1778 4720 1918 4777 velle

301 4815 478 4890 redigi
533 4813 895 4870 voluntatem.
938 4813 995 4868 Si
1051 4811 1216 4879 enim,
1275 4819 1533 4884 quantum
1563 4811 1633 4866 ad
1665 4810 1918 4866 ordinem

301 4905 539 4976 pertinet
567 4902 802 4974 publica:
841 4901 1162 4972 disciplinae,
1201 4907 1599 4972 cognoscentes
1627 4899 1917 4970 imperium

297 4993 393 5048 tibi
422 5007 664 5064 superna
711 4989 1070 5060 dispositione
1115 4989 1395 5055 collatum,
1429 4987 1646 5060 legibus
1679 4986 1784 5042 tuis
1812 4976 1919 5059 ipsi

296 5097 515 5154 quoque
544 5087 742 5152 parent
770 5077 1052 5151 religionis
1126 5077 1414 5144 antistites,
1444 5093 1514 5131 ne
1559 5076 1647 5132 vel
1663 5075 1720 5130 in
1749 5075 1916 5131 rebus

298 5169 555 5225 humanis
612 5167 855 5242 exclusa
891 5165 1178 5222 videantur
1209 5165 1432 5222 obviare
1465 5164 1770 5232 sententiae,
1805 5178 1914 5237 quo

298 5274 434 5333 rogo
474 5265 530 5314 te
579 5257 740 5314 decet
789 5253 988 5312 affectu
1019 5256 1100 5311 eis
1129 5255 1376 5320 obedire,
1409 5253 1502 5326 qui
1534 5253 1914 5326 praarogandis

294 5346 702 5403 venerabilibus
734 5352 862 5400 sunt
891 5344 1132 5400 attributi
1157 5343 1430 5416 mysteriis
1452 5344 1480 5398 ?
1509 5341 1746 5398 Proinde
1774 5341 1914 5398 sicut

298 5453 409 5492 non
451 5436 577 5493 leve
625 5433 929 5492 discrinem
969 5433 1230 5488 incumbit
1273 5429 1622 5505 pontificibus
1649 5471 1663 5500 ,
1699 5430 1912 5485 siluisse

301 5541 400 5596 pro
451 5523 756 5581 divinitatis
809 5520 958 5579 cultu
1017 5521 1164 5594 quod
1192 5521 1445 5594 congruit
1477 5538 1490 5576 :
1519 5520 1595 5574 ita
1622 5519 1728 5587 his,
1763 5519 1911 5590 quod

2093 4549 2185 4602 III.
2221 4548 2426 4602 Horum
2456 4545 2512 4600 in
2539 4545 2789 4602 Ecclesia
2812 4545 2993 4602 locum
3038 4551 3220 4600 tenent
3247 4543 3508 4617 episcopi,
3542 4545 3611 4600 de

2019 4635 2216 4706 quibus
2244 4634 2399 4706 quasi
2427 4649 2524 4694 ore
2554 4635 2624 4688 ad
2653 4650 2715 4690 os
2744 4633 3028 4706 alloquens
3047 4633 3348 4689 Ecclesium
3369 4649 3470 4703 per
3485 4648 3616 4704 apo-

2021 4724 2188 4778 stolos
2231 4721 2530 4790 fundatam,
2581 4723 2777 4793 Spiritu
2819 4730 3006 4778 sancto
3063 4721 3271 4776 afﬂatus
3328 4721 3610 4776 Psalmista

2017 4812 2300 4884 praecinuit
2329 4811 2517 4868 dicens
2551 4828 2563 4866 :
2596 4815 2702 4868 Pro
2748 4813 3005 4884 patribus
3050 4811 3176 4866 nati
3203 4814 3341 4866 sunt
3373 4811 3472 4866 tibi
3498 4810 3611 4880 ﬁlii

2019 4901 2194 4972 (Psal.
2226 4917 2377 4965 xuv,
2415 4903 2540 4971 1’7);
2573 4901 2666 4971 qui
2693 4898 3006 4955 ordinantur
3052 4898 3272 4970 singuli,
3306 4898 3606 4954 secundum

2017 4989 2370 5061 apostolicam
2416 4988 2778 5053 traditionem,
2821 5003 2919 5056 per
2959 4983 3200 5058 singulas
3237 4985 3503 5054 civitates,
3555 4996 3610 5043 et

2017 5079 2154 5134 sicut
2174 5079 2243 5134 ad
2271 5077 2446 5133 Titum
2479 5075 2664 5131 scribit
2723 5074 3018 5144 Apostolus
3050 5092 3063 5128 :
3099 5077 3290 5148 Hujus,
3332 5075 3602 5148 inquiens,

2014 5169 2102 5222 rei
2118 5168 2304 5238 gratia
2321 5165 2524 5238 reliqui
2547 5168 2598 5219 te
2621 5164 2816 5229 Crctw,
2833 5166 2899 5218 ut
2921 5179 2986 5218 ea
2997 5179 3118 5236 qua:
3129 5163 3336 5220 desunt
3352 5167 3602 5236 corrigas

2014 5259 2069 5310 et
2080 5255 2394 5311 constituas
2402 5252 2770 5326 persingulas
2781 5251 3038 5308 civitates
3052 5253 3397 5324 presbyteros
3408 5253 3427 5322 (
3439 5255 3540 5308 Tit.
3559 5268 3598 5318 1,

2015 5346 2090 5415 ὃ),
2122 5343 2177 5398 id
2206 5351 2290 5398 est
2317 5342 2624 5413 epiSCOpos,
2657 5339 2795 5396 sicut
2841 5341 3005 5411 paulo
3051 5349 3172 5411 post
3214 5341 3550 5397 demonstrat
3587 5361 3601 5397 :

2017 5433 2259 5504 Oportet,
2275 5430 2464 5502 inquit,
2479 5431 2800 5503 episcopum
2813 5432 2935 5486 sine
2947 5430 3187 5486 crimine
3200 5445 3315 5484 esse
3327 5430 3484 5502 (ibid.
3494 5473 3508 5501 ,
3523 5431 3602 5504 7).

2010 5519 2314 5592 Episcopus
2344 5518 2488 5574 enim
2516 5535 2717 5576 nomen
2745 5527 2827 5575 est
2849 5517 3028 5588 officii,
3054 5517 3193 5574 sicut
3211 5518 3500 5590 presbyter
3519 5529 3608 5576 est
