4088 6180
495 235 595 294 211

1506 233 1846 292 HINCMARI
1876 227 2280 288 RHEMENSIS
2310 229 2863 290 ARCHIEPISCOPI.

3692 241 3797 295 212

500 375 704 419 nomen
735 361 930 430 artatis,
981 375 1088 416 non
1119 374 1415 431 corporeae.
1461 360 1558 414 sed
1588 357 1865 428 sapientia;
1895 365 1949 411 et
1976 356 2100 412 vitae
2127 353 2184 415 A
2203 355 2434 412 modum
2452 362 2510 412 et
2523 374 2625 428 pro
2639 359 2865 430 populo,
2885 360 2969 413 ita
2982 359 3155 428 etiam
3173 374 3272 430 pro
3291 362 3590 433 semetipso
3601 361 3798 432 oﬂerre

506 449 885 506 immaculatae.
920 448 1070 504 Sicut
1099 465 1196 520 per
1212 449 1499 520 quemdam
1523 446 1824 517 sapientem
1852 445 2047 501 dicitur
2079 461 2093 498 :

511 541 782 595 Senectus
805 537 1139 594 venerabilis
1184 541 1288 602 est,
1313 553 1428 592 non
1449 535 1747 600 diuturna,
1782 550 1960 606 neque
1989 551 2097 589 nu-

506 643 661 683 mero
681 643 966 683 annorum
987 629 1332 697 computata.
1371 623 1510 678 Cani
1531 626 1667 678 sunt
1689 627 1882 678 autem
1897 637 2097 678 sensus

507 715 835 781 hominis,et
853 718 990 769 tetas
1011 713 1320 769 senectutis
1337 713 1455 767 vita
1475 712 2094 784 immaculata($ap.lv,

498 805 573 875 8).
587 803 724 858 Hinc
737 811 818 857 est
838 818 971 872 ergo
991 801 1134 872 quod
1153 801 1221 856 ad
1240 801 1480 872 Moysem
1502 799 1766 854 Dominus
1780 799 1940 854 dicit:
1960 799 2097 854 Con-

497 909 668 965 grega
704 892 848 946 mihi
887 891 1246 963 septuaginta
1280 891 1426 946 viros
1448 889 1514 943 de
1551 887 1862 944 senioribus
1894 889 2090 953 Israel,

503 997 636 1054 quos
655 985 718 1036 tu
729 980 879 1035 nosti
891 979 1032 1050 quod
1041 993 1202 1034 senes
1218 978 1411 1050 populi
1427 978 1546 1031 sint
1563 977 1752 1047 (Num.
1786 991 1866 1042 χι,
1891 975 1981 1046 16)
2005 995 2018 1042 ;
2044 975 2100 1031 in

504 1069 699 1140 quibus
735 1067 866 1139 quid
895 1066 1041 1122 aliud
1074 1081 1237 1138 quam
1277 1074 1528 1122 senectus
1563 1064 1748 1120 cordis
1769 1064 2094 1135 requiratur,

503 1173 627 1212 cum
661 1156 797 1211 tales
824 1156 1085 1224 jubentur
1105 1154 1233 1226 eligi
1269 1154 1358 1225 qui
1385 1170 1546 1210 senes
1565 1154 1812 1210 sciuntur
1832 1154 1860 1207 ?
1881 1151 1937 1208 Si
1954 1151 2099 1208 enim

501 1252 754 1301 senectus
773 1244 830 1300 in
849 1243 928 1298 eis
949 1242 1197 1314 corporis
1236 1249 1590 1313 quaereretur,
1614 1257 1644 1297 a
1663 1241 1824 1297 tantis
1844 1240 1973 1296 sciri
1992 1257 2096 1312 po-

503 1341 700 1399 terant,
739 1349 770 1386 a
807 1331 1020 1404 quantis
1043 1331 1238 1386 videri.
1279 1332 1418 1386 Dum
1457 1345 1590 1386 vero
1624 1330 1821 1385 dicitur
1849 1346 1982 1402 quos
2034 1334 2098 1384 tu

502 1425 654 1479 nosti
675 1422 818 1494 quod
839 1435 998 1476 senes
1029 1421 1224 1491 populi
1265 1422 1402 1486 sint,
1432 1419 1674 1490 profecto
1692 1419 1860 1490 liquet
1883 1417 2006 1489 quia
2039 1426 2097 1472 ut

499 1519 722 1566 sanctus
751 1509 881 1564 dicit
925 1507 1225 1581 Gregorius
1273 1517 1528 1564 seneCtus
1574 1507 1791 1572 mentis,
1826 1522 1936 1561 non
1966 1521 2094 1562 cor-

496 1597 667 1669 poris,
701 1597 956 1670 eligenda
988 1603 1337 1652 monstratur.
1375 1595 1512 1651 Hinc
1525 1604 1578 1651 ct
1599 1595 1793 1650 Paulus
1812 1593 1880 1650 ad
1905 1595 2094 1650 Timo-

492 1688 676 1742 theum
695 1685 900 1742 scribit:
921 1687 1088 1743 Nemo
1109 1685 1549 1742 adolescentiam
1565 1689 1726 1740 tuam
1741 1687 2087 1749 contemnat,
2113 1705 2166 1766 Β

495 1777 591 1832 sed
631 1776 960 1846 exemplum
994 1779 1112 1830 esto
1152 1775 1407 1843 ﬁdelium
1456 1777 1518 1828 in
1557 1773 1734 1840 verba,
1757 1775 1823 1828 in
1852 1789 2092 1830 conver-

486 1866 729 1931 satione,
761 1867 824 1919 in
853 1865 1152 1932 charitate,
1188 1865 1249 1919 in
1298 1863 1426 1931 ﬁde,
1473 1865 1537 1917 in
1570 1864 1838 1918 castitate
1869 1861 1918 1931 (I
1949 1863 2088 1917 Tim.

488 1969 566 2023 ιν,
593 1953 702 2024 12).
735 1953 886 2008 Hanc
929 1960 1113 2008 autem
1142 1950 1507 2016 traditionem,
1569 1949 1816 2023 singulos
1847 1966 1948 2020 per
1981 1949 2092 2004 sin-

488 2041 645 2112 gulas
674 2041 916 2096 civitates
943 2040 1273 2096 ordinandos
1295 2039 1602 2110 episcopos,
1627 2037 1926 2093 auctoritas
1959 2053 2093 2108 apo-

485 2130 673 2186 stolica
715 2128 1008 2197 constituit,
1044 2128 1182 2184 sicut
1229 2136 1450 2184 sanctus
1493 2125 1768 2194 Clemens,
1801 2141 2092 2184 successor

483 2218 628 2274 beati
659 2218 806 2272 Petri
833 2216 1086 2288 apostoli,
1115 2233 1182 2273 ex
1213 2215 1501 2272 traditione
1522 2215 1690 2286 ipsius
1707 2215 2088 2285 promulgavit,

484 2307 650 2362 veluti
670 2313 887 2363 sanctus
909 2305 1199 2361 Anacletus
1222 2305 1290 2360 ab
1319 2303 1440 2375 ipso
1471 2303 1626 2358 beato
1654 2304 1812 2359 Petro
1841 2301 2090 2372 apostolo

481 2395 772 2467 presbyter
817 2393 1122 2463 ordinatus,
1173 2401 1362 2464 postea
1408 2393 1669 2448 Romanae
1697 2392 1846 2447 sedis
1876 2391 2089 2462 episco-

487 2499 611 2555 pus,
662 2483 717 2538 in
759 2482 991 2553 epistola
1040 2496 1140 2537 sua
1195 2482 1568 2548 demonstrat,
1628 2481 1856 2536 decente
1895 2487 2087 2536 sancto

485 2570 688 2644 Spiritu
718 2588 819 2642 per
847 2571 1177 2642 Prophetam
1210 2588 1224 2624 :
1255 2572 1402 2627 Deus
1434 2571 1654 2626 locutus
1682 2572 1768 2625 est
1798 2569 1862 2624 in
1890 2573 2088 2626 saneto

481 2684 582 2727 suo
597 2669 825 2726 laetabor
846 2673 902 2725 et
919 2669 1174 2742 partibor
1198 2669 1527 2733 Sichi-mam,
1571 2671 1628 2723 et
1660 2667 1974 2724 convallem
2002 2670 2088 2722 ta-

481 2759 917 2816 bernaculorum
946 2759 1214 2814 dimetiar
1232 2757 1408 2828 (Psal.
1441 2771 1555 2826 ux,
1607 2757 1682 2827 8).
1707 2753 1845 2812 Hinc
1865 2761 2086 2812 sanctus

482 2846 713 2903 Basilius
748 2863 764 2901 :
801 2867 825 2898 ι
850 2846 1031 2913 Nunc,
1062 2845 1256 2916 inquit,
1289 2845 1437 2916 quod
1485 2847 1625 2901 hanc
1662 2843 1994 2915 praecipuam
2032 2851 2086 2900 et

477 2934 646 2991 veluti
673 2933 940 3005 privatam
978 2933 1273 3006 quamdam
1301 2933 1674 2988 haereditatem
1703 2931 1889 3003 populi
1919 2932 1976 2987 in
2002 2931 2085 2987 di-

474 3021 746 3080 visionem
767 3021 998 3091 vocabo,
1021 3029 1074 3077 et
1095 3037 1441 3078 communem
1461 3037 1584 3078 cum
1607 3020 1816 3077 caeteris
1829 3020 2081 3076 omnibus

477 3109 694 3168 faciam.
731 3111 867 3167 Cum
906 3117 1084 3166 autem
1115 3109 1352 3166 divisum
1389 3108 1549 3166 fuerit
1595 3116 1977 3166 testamentum
2025 3109 2082 3164 in

477 3215 688 3266 omnes,
723 3207 777 3255 et
805 3206 1003 3256 cuncta
1032 3199 1148 3268 ejus
1176 3197 1376 3253 utilitas
1405 3197 1674 3254 universis
1703 3198 1930 3269 coeperit
1957 3214 2081 3254 esse

473 3288 798 3354 communis,
841 3287 956 3345 Deo
999 3303 1100 3358 pro
1129 3287 1286 3344 nobis
1330 3287 1584 3342 omnibus
1638 3286 1835 3342 melius
1873 3286 2080 3358 aliquid

471 3377 814 3450 providente,
847 3385 976 3434 tunc
1005 3376 1169 3432 etiam
1197 3375 1463 3434 convallis
1494 3374 1965 3432 tabernaculorum
1995 3375 2078 3429 di-

468 3467 741 3536 metietur,
773 3467 880 3523 hoc
921 3474 1005 3523 est
1033 3465 1322 3522 universus
1349 3464 1500 3522 orbis
1528 3473 1820 3532 terrarum,
1845 3463 1938 3537 qui
1964 3463 2078 3520 val-

468 3555 536 3612 lis
566 3554 1046 3612 tabernaculorum
1087 3570 1190 3626 pro
1246 3554 1570 3610 habitaculis
1625 3553 1872 3624 corporis
1901 3553 2077 3609 dictus

464 3652 556 3705 est
583 3645 692 3712 hic,
727 3645 873 3701 velut
899 3644 1131 3718 quadam
1159 3651 1308 3700 sorte
1355 3643 1564 3700 divisus
1593 3649 1754 3714 atque
1795 3641 2076 3697 dimensus

465 3749 564 3806 per
592 3733 810 3807 singula
827 3734 948 3789 loca
967 3731 1338 3788 Ecclesiarum
1359 3731 1457 3785 Dei
1477 3729 1752 3802 parochiis
1801 3738 1854 3784 et
1877 3729 2076 3786 incola-

473 3822 618 3877 tibus
645 3821 1034 3896 distinguetur.
1060 3821 1210 3877 Tunc
1241 3820 1402 3875 etiam
1431 3834 1494 3873 ea
1521 3835 1644 3890 qua:
1672 3817 1848 3872 divisa
1877 3825 1998 3872 sunt
2017 3817 2074 3873 in

466 3909 670 3966 unitate
725 3909 855 3965 ﬁdei
908 3907 1270 3982 congregabit
1299 3907 1392 3963 ille
1433 3906 1525 3978 qui
1551 3905 1795 3976 pacificat
1822 3920 1924 3976 per
1951 3921 2074 3960 san-

469 3999 694 4072 guinem
724 4013 896 4053 suum-
933 4013 1056 4068 quae
1093 3997 1148 4052 in
1177 4003 1318 4052 terra
1347 4002 1491 4061 sunt,
1523 3993 1638 4050 sive
1667 4009 1789 4066 quae
1835 3992 1892 4048 in
1919 3993 2072 4050 coelis

472 4094 525 4143 et
554 4086 647 4158 qui
675 4085 917 4142 medium
961 4083 1225 4157 parietem
1275 4083 1421 4156 scpis
1447 4082 1667 4140 solvens
1695 4081 1820 4140 facit
1841 4090 2071 4156 utraque

473 4191 658 4231 unum.
680 4193 703 4226 ι
1818 4241 1825 4246 _

538 4264 630 4321 IV.
657 4261 998 4320 Ordinantur
1022 4269 1206 4320 autem
1251 4260 1451 4334 singuli
1482 4259 1725 4333 episcopi
1751 4259 1806 4316 in
1833 4259 2068 4317 civitati-

467 4352 572 4409 bus
601 4350 852 4425 singulis,
902 4365 1014 4406 non
1059 4365 1158 4422 pro
1188 4349 1564 4422 temporalium
1607 4350 1878 4406 honorum
1906 4357 2067 4420 pote-

2193 461 2296 516 pro
2329 447 2582 516 peccatis
2613 445 2795 515 (llebr.
2838 461 2890 512 v,
2957 446 3029 516 1).
3065 447 3134 502 Et
3171 445 3302 502 item
3336 448 3484 503 idem
3519 464 3533 504 :
3575 451 3635 505 Si
3677 452 3798 522 quis

2197 532 2585 603 episcopatum
2602 533 2906 603 desiderat,
2921 535 3127 591 bonum
3139 551 3272 605 opus
3291 536 3604 606 desiderat(
3617 539 3644 591 ι
3658 540 3794 594 Tim.

2201 635 2284 690 ιιι,
2320 620 2392 692 1).
2431 640 2452 670 ι
2487 621 2628 691 Ipse,
2665 621 3071 692 inquitsanctus
3091 622 3388 696 Gregorius
3421 627 3559 696 (reg.
3583 629 3729 695 past.
3755 642 3793 693 ι,

2199 723 2321 779 cap,
2357 711 2433 780 8),
2465 709 2568 764 sibi
2599 709 2749 766 testis
2780 719 2882 777 est,
2907 711 3036 782 quia
3057 712 3428 784 episcopatum
3447 729 3557 770 non
3573 714 3793 785 appetit,

2199 796 2290 868 qui
2319 811 2429 852 non
2456 812 2557 868 per
2586 797 2727 853 hunc
2767 799 2896 853 boni
2925 800 3111 870 operis
3163 800 3542 866 ministerium,
3575 801 3672 857 sed
3702 803 3798 860 ho-

2198 884 2352 940 noris
2379 885 2616 956 gloriam
2665 887 2876 958 quaerit.
2938 889 3165 945 Sacrum
3195 889 3395 961 quippe
3423 889 3660 946 oﬁicium
3687 908 3798 950 non

2201 972 2379 1028 solum
2407 987 2518 1028 non
2549 973 2724 1047 diligit
2753 975 2996 1045 omnino,
3019 977 3118 1033 sed
3143 977 3336 1044 nescit,
3371 978 3464 1050 qui
3489 979 3560 1035 ad
3581 980 3799 1037 culmen

2200 1061 2483 1132 regiminis
2505 1062 2790 1130 anhelans,
2820 1065 2878 1120 in
2906 1065 3118 1121 occulta
3145 1066 3490 1122 meditatione
3533 1069 3799 1142 cognitio-

2199 1149 2284 1204 nis
2334 1157 2656 1206 caeterorum
2687 1151 3020 1221 subjectione
3074 1155 3324 1226 pascitur,
3372 1155 3530 1211 laude
3575 1157 3798 1228 propria

2205 1237 2444 1306 laetatur,
2473 1239 2542 1294 ad
2561 1239 2828 1298 honorem
2884 1258 2982 1297 cor
3013 1243 3207 1311 elevat,
3255 1258 3436 1299 rerum
3465 1243 3796 1302 aﬁluentium

2197 1325 2524 1382 abundantia
2551 1329 2776 1384 exultat.
2799 1330 2983 1386 Mundi
3011 1346 3148 1403 ergo
3176 1331 3386 1388 lucrum
3405 1333 3663 1404 quatitur
3696 1335 3796 1390 sub

2199 1415 2315 1483 ejus
2345 1414 2569 1471 honoris
2596 1417 2801 1488 specie,
2833 1433 2942 1490 quo
2972 1419 3160 1474 mundi
3185 1420 3392 1476 destrui
3420 1421 3569 1476 lucra
3597 1421 3798 1478 debue-

2196 1511 2340 1569 runt,
2391 1519 2624 1576 cumque
2654 1521 2810 1562 mens
2854 1507 3172 1564 humilitatis
3219 1509 3436 1565 culmen
3472 1510 3690 1580 eripere
3719 1511 3791 1568 ad

2197 1591 2487 1649 elationem
2529 1593 2753 1668 cogitat,
2801 1595 2948 1667 quod
2988 1595 3120 1652 foris
3147 1598 3373 1670 appetit,
3403 1598 3566 1668 intus,
3598 1597 3795 1654 immu-

2196 1687 2292 1735 tat.
2329 1701 2352 1731 ›
2385 1683 2454 1738 Et
2481 1683 2626 1738 idem
2669 1683 2796 1738 alibi
2825 1685 2893 1740 de
2936 1685 3120 1740 verbis
3150 1686 3368 1743 Domini
3400 1703 3414 1742 :
3446 1687 3606 1744 Sicut
3631 1690 3795 1744 misit

2194 1783 2284 1826 me
2306 1773 2495 1837 Pater,
2545 1774 2606 1828 et
2648 1788 2744 1843 ego
2790 1775 2958 1830 mitto
2978 1789 3070 1830 vos
3118 1776 3301 1846 (Joan.
3327 1791 3420 1844 xx,
3467 1775 3580 1846 21).
3611 1776 3791 1844 Pater,

2192 1856 2366 1929 inquit
2395 1857 2589 1914 Filium
2644 1860 2810 1930 misit,
2843 1862 2936 1934 qui
2987 1863 3131 1919 hunc
3161 1878 3258 1934 pro
3288 1864 3666 1936 redemptione
3694 1881 3794 1940 ge-

2191 1946 2340 2001 neris
2397 1947 2616 2002 humani
2673 1949 2948 2005 incarnari
2995 1951 3270 2006 constituit
3302 1969 3316 2006 :
3350 1967 3508 2024 quem
3540 1954 3795 2011 videlicet

2190 2033 2246 2086 in
2302 2035 2507 2090 mundo
2555 2037 2749 2094 "venire
2805 2039 2872 2092 ad
2919 2039 3230 2113 passionem
3259 2041 3447 2108 voluit,
3479 2041 3576 2098 sed
3607 2051 3796 2099 tamen

2191 2121 2393 2180 amavit
2443 2123 2615 2181 ﬁlium
2670 2141 2834 2198 quem
2891 2127 2961 2182 ad
3000 2128 3315 2199 passionem
3360 2129 3526 2186 misit.
3570 2130 3794 2188 Eiectos

2191 2225 2323 2267 vero
2382 2213 2658 2282 apostolos
2688 2215 2952 2272 Dominus
2995 2232 3105 2271 non
3133 2217 3200 2272 ad
3229 2218 3418 2274 mundi
3445 2219 3656 2291 gaudia,
3691 2221 3793 2276 sed

2190 2298 2330 2354 sicut
2358 2299 2476 2370 ipse
2505 2301 2708 2358 missus
2737 2311 2819 2358 est
2839 2303 2910 2359 ad
2939 2305 3226 2376 passiones
3253 2306 3309 2361 in
3323 2308 3585 2363 mundum
3607 2307 3789 2364 mittit.

2189 2386 2376 2459 Itaque
2408 2387 2608 2446 dicitur
2637 2405 2652 2444 :
2683 2391 2844 2447 Sicut
2863 2393 3023 2449 misit
3065 2411 3155 2450 me
3198 2397 3370 2450 Pater
3407 2399 3466 2451 et
3507 2411 3601 2468 ego
3621 2397 3791 2453 mitto

2188 2490 2301 2542 vos,
2321 2473 2376 2532 id
2406 2485 2508 2542 est,
2532 2491 2600 2533 ea
2628 2493 2727 2536 vos
2768 2481 3028 2536 charitate
3056 2482 3246 2554 diligo,
3277 2496 3404 2540 cum
3460 2483 3602 2540 inter
3628 2499 3794 2541 scan-

2187 2559 2312 2614 dala
2356 2569 2765 2632 persecutorum
2814 2564 2969 2620 mitto
3012 2582 3120 2638 qua
3167 2581 3254 2622 me
3305 2565 3568 2623 charitate
3603 2569 3786 2637 Pater,

2187 2647 2380 2722 diligit,
2413 2665 2578 2721 quem
2598 2651 2787 2710 venire
2815 2653 2885 2708 ad
2916 2653 3227 2710 tolerandas
3255 2655 3544 2727 passiones
3573 2655 3722 2713 fecit.

2260 2817 2322 2873 V.
2344 2816 2619 2877 Ordinatis
2647 2830 2828 2879 autem
2881 2822 3110 2895 singulis
3157 2823 3430 2897 episcopis
3458 2827 3516 2882 in
3543 2825 3786 2883 civitati-

2185 2905 2287 2962 bus
2318 2906 2570 2980 singulis,
2603 2909 2798 2967 nonad
2823 2912 3014 2967 mundi
3033 2912 3286 2983 gloriam,
3317 2915 3417 2970 sed
3449 2915 3587 2971 inter
3615 2932 3788 2973 scan-

2185 2993 2313 3049 dala
2341 3007 2770 3066 persecutorum,
2802 3015 2913 3055 non
2955 3001 3080 3057 licet
3117 3002 3196 3058 eis
3227 3009 3438 3058 mutare
3467 3003 3709 3062 civitates
3731 3005 3792 3062 in

2183 3083 2380 3154 quibus
2419 3093 2545 3140 sunt
2593 3087 2918 3159 regulariter
2965 3089 3235 3156 ordinati,
3266 3105 3370 3147 nec
3399 3091 3674 3149 transferri
3712 3094 3788 3153 de

2180 3170 2397 3228 civitate
2426 3173 2496 3229 ad
2528 3174 2796 3231 civitatem
2826 3192 2929 3247 pro
2975 3185 3192 3234 terrena
3217 3178 3512 3250 cupiditate
3538 3179 3624 3238 vel
3656 3182 3789 3256 glo-

2179 3259 2278 3315 riae
2333 3261 2648 3330 ambitione,
2683 3265 2822 3320 sicut
2880 3273 3100 3324 sanctus
3158 3267 3460 3340 Gregorius
3489 3269 3790 3327 inhomilia

2177 3346 2773 3424 Ezechielis'prophetaa
2789 3355 3182 3412 tractatdicens
3199 3356 3418 3428 (homil.
3439 3359 3496 3429 5)
3523 3375 3538 3413 :
3566 3381 3588 3408 «
3623 3361 3787 3418 Thro-

2176 3451 2288 3494 nus
2325 3442 2464 3512 ejus,
2491 3436 2622 3510 quin
2650 3438 2770 3506 Dei,
2810 3441 3046 3508 ﬂamma
3088 3440 3258 3512 ignis,
3289 3445 3428 3498 rota:
3471 3443 3594 3513 ejus
3633 3443 3787 3514 ignis

2176 3544 2449 3586 accensus
2462 3529 2627 3596 (Dan.
2653 3543 2752 3594 vn,
2785 3528 2861 3597 9).
2895 3527 2962 3584 Hi
2991 3528 3136 3584 enim
3167 3527 3259 3600 qui
3285 3529 3584 3585 animarum
3605 3539 3786 3588 custo-

2175 3616 2274 3672 des
2306 3624 2449 3683 sunt,
2482 3625 2535 3673 et
2562 3615 2821 3688 pascendi
2851 3615 3041 3688 gregis
3071 3631 3242 3672 onera
3270 3627 3644 3690 susceperunt,
3665 3635 3785 3674 mu-

2175 3711 2290 3761 tare
2303 3705 2426 3760 loca
2445 3705 2668 3760 minime
2699 3703 3105 3774 permittuntur.
3139 3704 3248 3761 Sed
3277 3705 3405 3777 quia
3433 3721 3542 3762 uno
3571 3705 3627 3761 in
3654 3706 3782 3764 loco

2171 3793 2335 3866 positi
2362 3792 2669 3848 Divinitatis
2697 3792 2752 3846 in
2783 3807 2844 3848 se
2864 3793 3215 3864 praesentiam
3234 3802 3450 3865 portant
3479 3802 3532 3852 et
3559 3795 3779 3864 ardent,

2173 3882 2403 3938 thronus
2462 3881 2561 3938 Dei
2597 3882 2832 3950 ﬂamma
2886 3882 3039 3952 ignis
3084 3882 3300 3938 dicitur.
3335 3883 3402 3938 Hi
3457 3890 3639 3940 autem
3683 3885 3783 3957 qui

2171 3985 2360 4026 amore
2378 3969 2596 4026 Domini
2625 3969 2680 4024 in
2714 3969 3102 4040 praedicatione
3132 3971 3465 4038 discurrunt,
3497 3979 3633 4028 rota:
3660 3973 3782 4043 ejus

2169 4058 2314 4130 ignis
2359 4059 2558 4116 ardens
2593 4067 2736 4128 sunt,
2761 4058 2890 4134 quia
2945 4074 3070 4116 cum
3099 4075 3165 4114 ex
3223 4059 3341 4128 ejus
3371 4058 3648 4117 desiderio
3675 4077 3782 4134 per

2169 4147 2323 4204 varia
2369 4147 2489 4206 loca
2541 4148 2878 4214 discurrunt,
2911 4149 3056 4203 unde
3094 4147 3200 4219 ipsi
3253 4149 3481 4215 ardent,
3527 4157 3583 4206 et
3639 4149 3782 4206 alios

2167 4237 2523 4293 accendunt.»
2547 4236 2712 4294 Sicut.
2746 4238 2812 4292 B.
2841 4235 3040 4292 Paulus
3071 4236 3314 4309 gentium
3337 4237 3620 4294 ordinatus
3651 4253 3782 4310 apo.

2168 4325 2358 4392 stolus,
2405 4333 2572 4382 totum
2626 4333 2684 4381 ut
2753 4325 2824 4380 ita
2861 4325 3108 4381 dicamus
3159 4325 3420 4381 mundum
3475 4325 3781 4400 Evangelia

469 4412 720 4509 statibus:
749 4412 859 4496 non
886 4457 989 4512 pro
1017 4412 1160 4496 villis
1211 4448 1264 4495 et
1299 4412 1756 4510 possessionibus,
1813 4412 1924 4493 non
1970 4454 2070 4510 pro
2094 4421 2147 4484 D
2170 4412 2367 4471 Chris“
2393 4415 2639 4512 “91"le
2689 4422 2746 4512 θξ
2779 4420 2900 4512 mia
2929 4413 3130 4512 Chii-su
3423 4413 3626 4470 ciVimi
3652 4423 3780 4471 um“

465 4529 778 4587 facultatum
807 4527 1066 4602 propriis,
1117 4545 1249 4600 quas
1279 4535 1463 4584 tamen
1509 4526 1774 4598 episcopi,
1809 4535 2066 4599 suscepto

462 4618 790 4684 ministerio,
820 4616 1119 4674 secundum
1154 4615 1374 4690 regulas
1403 4624 1456 4672 et
1484 4615 1638 4689 leges
1659 4623 1844 4673 sancto
1865 4615 2067 4688 Spiritu

461 4707 866 4780 promulgatas,
940 4720 1276 4763 conservare
1332 4705 1498 4775 juste,
1538 4719 1603 4762 ac
1676 4704 2068 4760 rationabiliter

467 4795 731 4866 ampliare
753 4802 804 4850 et
832 4793 1152 4866 dispensare
1169 4792 1388 4863 debent,
1419 4801 1478 4848 ut
1503 4808 1562 4848 re
1591 4808 1725 4850 vera
1753 4791 1870 4849 Deo
1891 4793 2066 4850 dicata

460 4891 514 4939 et
543 4890 864 4939 consecrata
907 4883 1230 4950 sanctuaria,
1263 4889 1389 4938 vota
1439 4880 1698 4949 fidelium,
1731 4881 1910 4953 pretia
1938 4898 2066 4953 pec-

461 4979 703 5028 catorum
735 4979 789 5026 et
815 4971 1141 5043 patrimonia
1177 4985 1503 5044 pauperum,
1537 4971 1634 5027 sed
1663 4986 1764 5041 pro
1792 4970 2065 5026 lucrandis

457 5059 744 5116 animabus
775 5067 828 5115 et
881 5060 1183 5141 salvandis.
1208 5060 1536 5127 hominibus,
1589 5058 1726 5114 sicut
1756 5057 1887 5114 dicit
1911 5060 2064 5130 Apo-

463 5149 635 5208 stolus
651 5167 664 5204 :
683 5150 878 5206 Omnis
884 5150 1152 5222 pontifex
1164 5165 1237 5205 ea:
1255 5149 1574 5206 hominibus
1595 5151 1941 5220 assumptus,
1962 5164 2064 5220 pro

467 5240 784 5296 hominibus
794 5240 1169 5296 constituitur
1179 5239 1240 5293 in
1261 5238 1348 5294 his
1379 5251 1500 5310 quoe
1518 5240 1656 5292 sunt
1673 5235 1746 5291 ad
1767 5237 1964 5302 Deum,
1998 5241 2062 5291 ut

464 5327 667 5398 offerat
693 5327 839 5384 dona
867 5331 925 5383 et
944 5326 1227 5396 sacriﬁcia
1241 5342 1343 5400 pro
1359 5325 1626 5398 peccatis,
1652 5325 1748 5398 qui
1770 5325 2064 5381 condolere

460 5415 644 5489 possit
663 5414 750 5471 his
771 5418 869 5490 qui
879 5418 1149 5489 ignorant
1170 5419 1226 5471 et
1242 5418 1458 5479 errant,
1477 5414 1741 5486 quoniam
1753 5417 1810 5470 et
1832 5414 1947 5486 ipse
1959 5414 2065 5470 cir-

465 5502 764 5563 cumdatus
781 5509 866 5563 est
883 5505 1210 5574 inﬁmitate,
1227 5507 1284 5560 et
1293 5518 1430 5576 prop
1437 5507 1592 5561 terea
1602 5503 1777 5569 debet,
1805 5503 2063 5576 quemad-

2176 4511 2287 4559 tum
2344 4503 2619 4576 praesedit,
2654 4503 2749 4558 sed
2807 4510 2862 4559 et
2918 4501 3100 4557 multis
3131 4501 3442 4558 civitatibus
3490 4519 3590 4574 per
3618 4518 3780 4559 suam

2173 4593 2515 4664 praesentiam
2571 4590 2984 4664 evangelizavit,
3018 4597 3076 4645 ut
3114 4606 3268 4646 sacra
3321 4599 3503 4646 narrat
3530 4591 3779 4661 historia,

2173 4689 2227 4736 et
2253 4696 2354 4754 per
2383 4696 2508 4737 suas
2535 4679 2806 4751 Epistolas
2854 4677 3213 4736 conﬁrmavit.
3260 4679 3398 4736 Hinc
3427 4687 3481 4736 et
3515 4681 3652 4736 sacri
3685 4697 3780 4737 ca-

2172 4785 2344 4826 nones
2409 4767 2650 4824 Africani
2705 4767 2914 4824 consilii
2944 4767 3306 4824 decreverunt
3360 4777 3418 4822 ut
3446 4783 3557 4824 non
3610 4767 3781 4826 liceat

2171 4857 2290 4915 fieri
2337 4856 2832 4928 rebaptizationem,
2870 4855 3354 4923 reordinationem,
3389 4855 3477 4912 vel
3530 4857 3777 4913 transla-

2170 4946 2373 5002 tionem
2403 4945 2781 5016 episcoporum
2805 4952 2889 5012 ;et
2917 4945 2963 5001 si
2992 4944 3220 5017 quilibet
3243 4944 3613 5018 episcopusde
3647 4945 3781 5002 civi-

2169 5042 2275 5090 tate
2303 5034 2359 5089 in
2387 5051 2491 5106 qua
2520 5035 2801 5089 ordinatus
2839 5032 2936 5090 fuit
2978 5033 3046 5088 ad
3078 5033 3242 5090 aliam
3261 5033 3536 5090 transierit
3575 5034 3777 5091 civita-

2169 5132 2277 5180 tem
2325 5138 2553 5196 eamque
2589 5122 2869 5190 invaserit,
2901 5122 3007 5178 nisi
3059 5123 3126 5179 ad
3182 5122 3466 5195 prepriam
3495 5121 3776 5180 civitatem

2168 5220 2362 5282 sponte
2387 5213 2472 5268 vel
2501 5211 2861 5269 commonitus
2891 5211 3134 5280 redierit,
3167 5210 3401 5269 liberum
3435 5227 3559 5268 esse
3581 5211 3779 5268 adver-

2167 5317 2258 5356 sus
2314 5316 2440 5356 eum
2493 5308 2757 5358 rectorem
2814 5300 2965 5356 adire
3009 5299 3328 5373 provinciae,
3355 5308 3412 5355 ut
3469 5300 3776 5356 secundum

2165 5406 2362 5456 statuta
2385 5397 2914 5472 gloriosissimorum
2941 5398 3250 5472 principum
3277 5398 3598 5457 auctoritate
3621 5399 3777 5468 judi-

2163 5496 2330 5556 ciaria
2372 5498 2621 5570 protinus
2665 5498 3005 5557 excludatur.
3059 5496 3168 5554 Sed
3197 5504 3249 5553 et
3281 5495 3653 5570 colligendum
3685 5504 3772 5553 est
