4004 6176
229 239 290 296 Si
301 239 336 290 3

1675 208 2049 269 EPISTOLE.

3441 190 3549 248 2H

231 371 392 432 quam
423 351 642 426 grande
672 347 854 406 Scelus
889 345 949 402 ﬁt
993 341 1308 414 huiusmOdi
1358 338 1664 432 ῐνειιιεξαιίον
1720 352 1842 432 (ζΰῶ
1869 336 1928 398 Α
1953 357 2034 405 est
2087 343 2476 405 incardinatus.
2539 341 2649 398 Sed
2689 345 2884 411 postea
2935 336 3122 392 sedem
3164 347 3275 389 non
3323 329 3552 388 mutavit

232 426 652 514 rebaptizationi
681 446 734 494 et
770 432 1161 492 reordinationi
1203 429 1575 502 comparando
1629 426 1858 495 conjun-

237 507 400 604 gitur.
447 528 531 582 De
577 521 1007 593 rebaptizatione
1061 525 1264 582 autem,
1316 530 1482 587 quam
1530 511 1743 585 grande
1790 507 1859 564 sit

235 599 533 691 piaculum,
568 613 626 668 in
658 610 837 667 sacris
868 607 1192 672 canonibus,
1227 612 1280 659 et
1309 604 1366 658 in
1393 599 1712 674 pontificum
1743 599 1857 654 Ilo-

235 685 523 762 inanorum
569 699 812 756 decretis
837 740 850 762 ,
903 692 1214 766 specialiter
1273 700 1454 747 autem
1522 689 1580 743 in
1631 685 1860 758 epistola

235 791 428 851 Felicis
457 805 618 862 papae
663 789 734 843 ad
777 785 1066 842 universos
1113 782 1406 853 episcOpos
1453 793 1554 849 per
1604 776 1857 840 diversas

234 880 550 954 provincias
581 875 925 943 constitutos,
957 871 1206 944 quisquis
1229 869 1414 940 legere
1443 865 1681 924 voluerit
1711 864 1862 919 inve-

233 951 348 1026 nire
376 967 612 1023 valebit.
653 967 736 1020 De
765 962 1170 1018 reordinatione
1198 973 1331 1014 vero
1365 957 1422 1012 S.
1457 951 1771 1026 Gregorius
1801 951 1858 1007 iu

235 1056 471 1131 epistola
499 1055 574 1111 ad
600 1056 870 1110 Joannem
899 1052 1310 1106 Ravennensem
1340 1046 1412 1100 ita
1451 1045 1502 1101 ic
1536 1043 1578 1097 it
1631 1043 1750 1112 (lib.
1791 1055 1852 1116 ιι,

233 1127 317 1220 ep.
347 1144 446 1215 33)
471 1160 485 1198 :
515 1165 538 1191 α
561 1142 722 1210 Illud,
743 1139 1016 1210 inquiens,
1040 1136 1188 1208 quod
1207 1133 1408 1200 dicitis,
1431 1141 1488 1188 ut
1517 1131 1564 1186 is
1596 1129 1687 1203 qui
1713 1127 1857 1184 ordi-

235 1241 398 1292 natus
433 1240 520 1288 est
547 1231 744 1285 iterum
773 1227 1077 1291 ordinetur,
1113 1223 1271 1280 valde
1313 1221 1603 1278 ridiculum
1647 1225 1751 1283 est,
1805 1223 1859 1272 et

244 1311 314 1379 ab
365 1319 580 1392 ingenii
634 1317 800 1373 vestri
847 1312 1288 1372 consideratione
1336 1318 1652 1366 extraneum
1696 1324 1709 1360 :
1750 1307 1858 1360 nisi

242 1411 384 1468 forte
412 1409 563 1482 quod
593 1405 904 1476 exemplum
933 1403 1005 1458 ad
1032 1400 1272 1456 medium
1301 1397 1606 1465 deducitur,
1647 1395 1716 1450 de
1746 1409 1854 1466 quo

246 1507 298 1556 et
325 1481 785 1567 illeijudicandus
815 1499 916 1558 est,
949 1489 1044 1562 qui
1071 1489 1175 1544 tale
1203 1486 1407 1558 aliquid
1437 1485 1634 1541 fecisse
1660 1481 1852 1554 perhi-

243 1589 426 1644 betur.
466 1584 628 1640 Absit
663 1582 810 1638 enim
839 1597 872 1633 a
899 1577 1233 1634 fraternitate
1284 1583 1468 1632 vestra
1515 1573 1592 1628 sic
1640 1586 1848 1642 sapere.

1960 438 2100 494 sicut
2128 437 2184 490 in
2227 432 2454 506 epistola
2497 429 2642 486 beati
2691 425 2945 498 Gregorii
2992 424 3085 497 qui
3125 421 3257 494 legit
3305 419 3550 476 invenire

1958 523 2179 582 valebit.
2211 524 2281 578 Et
2308 529 2366 576 ut
2395 518 2765 590 antiquiorum
2790 524 3100 586 temporum
3144 508 3390 580 exempla
3419 521 3552 578 prae-

1957 623 2254 682 tereamus,
2286 617 2526 679 tempore
2556 605 2736 661 Caroli
2765 601 3050 675 principis,
3073 615 3198 657 cum
3219 597 3353 653 ordo
3384 593 3554 651 eccle-

1960 701 2208 756 siasticus
2261 705 2314 754 et
2367 694 2674 751 Christiana
2729 690 2926 764 religio
2985 689 3043 743 in
3092 687 3212 743 istis
3258 681 3550 754 Cisalpinis

1959 783 2279 862 regionibus
2308 801 2447 856 pene
2474 783 2578 838 fuit
2619 781 2836 849 abolita,
2887 776 3134 843 Winfrit,
3181 777 3547 847 cognomento

1959 859 2267 934 Bonifacius
2296 889 2332 930 a
2357 872 2516 928 tertio
2542 887 2678 942 papa
2708 867 2977 940 Gregorio
3022 867 3209 921 Romae
3254 861 3352 918 fuit
3395 859 3546 916 ordi-

1959 975 2116 1022 natus
2162 964 2472 1035 episcopus,
2523 967 2574 1016 et
2619 974 2720 1030 pro
2765 957 3070 1010 animarum
3115 953 3266 1008 lucro
3313 951 3370 1004 in
3416 948 3548 1003 istas

1957 1055 2215 1128 regiones
2244 1052 2507 1106 directus.
2567 1050 2626 1102 In
2662 1045 2858 1118 quibus
2905 1043 3022 1112 ejus
3067 1038 3452 1113 praedicatione
3496 1043 3551 1092 et

1959 1125 2163 1200 sanctae
2193 1135 2624 1197 conversationis
2652 1132 2903 1204 exemplo
2949 1146 3073 1187 cum
3119 1129 3256 1184 ordo
3283 1125 3545 1188 ecclesia-

1958 1232 2124 1288 sticus
2155 1238 2206 1285 et
2235 1227 2430 1298 religio
2459 1223 2624 1295 coepit
2653 1220 2920 1293 reparari,
2955 1217 3266 1290 aliquandiu
3311 1215 3369 1270 in
3407 1213 3547 1270 civi-

1957 1327 2064 1375 tate
2091 1313 2480 1388 Agrippinensi
2508 1310 2730 1367 Colonia
2760 1309 2919 1377 sedit,
2939 1314 2993 1362 et
3022 1311 3333 1376 emergente
3359 1317 3546 1358 neces-

1957 1409 2115 1462 sitate
2145 1415 2305 1476 atque
2334 1401 2559 1457 utilitate
2587 1399 2656 1454 ad
2684 1398 3056 1470 Moguntmam
3074 1391 3345 1448 civitatem
3365 1397 3546 1444 trans-

1955 1497 2118 1564 latus,
2149 1493 2224 1547 ibi
2251 1500 2335 1548 est
2371 1487 2816 1560 archiepiscopus
2865 1481 3190 1554 regulariter
3233 1477 3547 1536 incardina—

1956 1592 2062 1650 tus,
2098 1563 2195 1638 sed
2225 1581 2412 1636 sedem
2443 1584 2634 1650 postea
2663 1589 2769 1630 non
2799 1570 3044 1635 mutavit,
3070 1567 3277 1625 sicutin
3306 1563 3550 1638 epistolis

235 1676 390 1732 Sicut
430 1672 581 1729 enim
626 1669 934 1740 baptizatus
979 1665 1150 1722 Semel
1197 1665 1392 1719 ίίθτυηι
1442 1658 1702 1732 baptizari
1736 1674 1848 1748 ξιοη
1878 1688 1932 1748 Β
1955 1671 2270 1744 apostolicae
2299 1668 2446 1724 sedis
2471 1663 2787 1738 pontificum
2817 1660 3090 1716 studiosus
3123 1659 3294 1714 lector
3335 1668 3548 1726 cogno-

239 1764 424 1828 debet,
460 1763 541 1816 ita
569 1759 665 1830 qui
692 1763 1050 1814 consecratus
1083 1761 1166 1808 est
1193 1751 1384 1818 semel,
1417 1750 1473 1805 in
1515 1749 1708 1805 eodem
1740 1746 1847 1802 ite-

237 1868 360 1907 rum
389 1848 588 1906 ordine
618 1862 730 1902 non
758 1844 905 1901 valet
933 1840 1266 1899 consecrari.
1297 1859 1318 1889 ι
1353 1840 1434 1894 De
1449 1837 1616 1908 lapsis
1644 1843 1844 1900 autem,

239 1940 328 2013 qui
361 1939 438 1994 ad
467 1936 722 1992 ordinem
753 1933 886 1990 cieri
915 1947 1016 2003 per
1052 1928 1418 2003 ignorantiam
1459 1925 1546 1981 vel
1587 1924 1848 1980 ordinan—

239 2011 370 2083 tium
403 2022 906 2080 dissimulationem
935 2019 1176 2084 veniunt,
1205 2025 1258 2072 et
1277 2016 1344 2071 de
1367 2012 1703 2086 presbyteris
1733 2011 1850 2065 sine

241 2111 500 2168 examine
529 2105 824 2180 provectis,
868 2118 1080 2160 sacrum
1108 2102 1389 2157 Nicaenum
1433 2095 1745 2163 concilium,
1798 2102 1851 2149 et

239 2200 469 2256 decreta
502 2195 712 2252 Gelasii
742 2211 810 2249 ex
839 2192 1032 2248 eodem
1061 2188 1405 2261 promulgata
1433 2183 1687 2250 concilio,
1721 2181 1850 2254 quid

245 2288 526 2362 agendum
559 2284 629 2339 sit
655 2289 904 2354 patenter
933 2279 1245 2336 ostendunt.

307 2377 400 2432 VI.
439 2373 502 2429 Si
531 2381 717 2428 autem
748 2384 918 2426 causa
946 2375 1112 2446 certa:
1154 2362 1498 2421 necessitatis
1527 2360 1614 2417 vel
1643 2359 1850 2414 utilita-

199 2517 218 2524 -
241 2465 308 2520 tis
337 2461 596 2534 exegerit
629 2468 686 2515 ut
717 2457 944 2530 quilibet
973 2454 1264 2526 episcopus
1295 2453 1362 2506 de
1392 2450 1609 2507 civitate
1657 2447 1712 2502 in
1743 2461 1854 2518 qua

245 2553 538 2609 ordinatus
569 2556 652 2604 est
677 2547 746 2604 ad
777 2546 938 2602 aliam
967 2544 1240 2600 civitatem
1269 2539 1648 2603 transferatur,
1683 2551 1852 2608 syno-

251 2643 356 2698 dali
385 2636 774 2710 dispositione,
798 2634 886 2690 vel
914 2631 1224 2704 apostolicae
1271 2627 1418 2684 sedis
1467 2625 1850 2690 consensione,

243 2727 602 2802 apertissima
661 2723 868 2779 ratione
925 2719 1274 2775 manifestum
1328 2715 1447 2770 ﬁeri
1494 2714 1682 2780 debet,
1730 2712 1855 2784 quia

246 2799 584 2874 transfertur
614 2813 685 2868 de
714 2811 954 2878 civitate,
1011 2809 1068 2864 in
1125 2821 1234 2878 qua
1287 2803 1571 2860 ordinatus
1619 2800 1736 2866 fuit,
1787 2799 1856 2854 ad

244 2907 407 2963 aliam
444 2903 724 2960 civitatem
753 2914 914 2955 causa
943 2895 1092 2964 ﬁdei,
1119 2910 1228 2950 non
1256 2891 1572 2964 temporalis
1607 2903 1855 2946 commo-

244 2995 317 3062 di,
341 3007 454 3066 pro
483 2989 792 3046 animarum
823 2987 995 3055 lucro,
1041 2999 1152 3038 non
1197 2997 1297 3054 pro
1346 2995 1532 3036 rerum
1575 2987 1856 3049 tempora-

245 3040 317 3062 ’⁸9
342 3040 449 3066 8'"
486 3040 686 3046 """"‘"
706 3040 790 3042 —"'
891 3040 902 3042 '
981 3040 994 3055 σ
1197 3040 1211 3054 Ι
1686 3040 1702 3049 .

245 3083 373 3138 lium
409 3085 651 3152 questu,
693 3091 806 3131 non
841 3090 942 3129 suo
989 3072 1139 3138 vitio,
1189 3071 1288 3128 sed
1340 3068 1569 3145 aliorum
1611 3065 1857 3137 repudio,
1891 3040 1942 3104 C

244 3167 581 3228 necessitate
607 3161 1023 3236 persecutionis,
1061 3175 1171 3215 non
1205 3159 1401 3214 ardore
1433 3154 1748 3212 ambitionis
1776 3147 1865 3209 vel

245 3253 690 3331 presumpsione
721 3249 966 3324 propriae
1009 3247 1346 3314 voluntatis;
1377 3261 1574 3318 neque,
1631 3251 1690 3298 ut
1735 3241 1866 3297 dicit

245 3345 564 3420 Apostolus,
600 3343 897 3416 quisquam
927 3341 1120 3394 sumat
1135 3338 1242 3393 sibi
1263 3337 1530 3394 honorem
1545 3332 1640 3390 sed
1655 3331 1751 3404 qui
1770 3347 1866 3387 υο-

245 3440 412 3493 catur
443 3452 481 3490 a
509 3435 625 3490 Deo
658 3435 939 3500 tanquam
977 3426 1166 3482 Aaron
1219 3424 1370 3494 (Heb.
1417 3437 1474 3491 v,
1506 3421 1583 3492 4).
1637 3419 1788 3476 Sicut
1815 3425 1870 3474 et

251 3524 507 3580 Christus
535 3535 650 3576 non
680 3516 1036 3588 semetipsum
1064 3511 1381 3569 clarificavit
1411 3518 1468 3565 ut
1493 3506 1738 3580 pontifex
1769 3505 1866 3562 fie-

249 3623 350 3681 ret,
387 3611 496 3667 sed
525 3609 620 3682 qui
648 3607 863 3663 locutus
890 3612 972 3660 est
997 3603 1066 3658 ad
1098 3617 1222 3656 eum
1255 3618 1270 3655 :
1306 3602 1383 3656 Tu
1439 3615 1497 3654 es
1517 3597 1773 3654 sacerdos
1802 3598 1868 3651 in

264 3706 553 3758 internum
569 3695 881 3753 secundum
891 3691 1147 3750 ordinem
1167 3685 1863 3755 Melchisedech<Psal.c1x,

248 3793 322 3860 4).
353 3787 546 3844 'Aliud
593 3792 678 3840 est
724 3782 871 3838 enim
916 3787 1130 3835 mutare
1176 3785 1230 3834 et
1274 3776 1422 3831 aliud
1464 3774 1682 3844 mutari,
1727 3773 1868 3828 sicut

245 3877 392 3933 aliud
441 3882 532 3932 est
586 3871 896 3927 ministrare
945 3876 1000 3924 et
1043 3867 1193 3923 aliud
1243 3865 1561 3928 ministrari.
1609 3862 1766 3920 Unde
1815 3869 1870 3916 et

1956 1777 2107 1817 scere
2137 1757 2416 1830 praevalet.

2026 1849 2169 1904 Vill.
2201 1847 2280 1901 De
2311 1860 2376 1900 eo
2405 1841 2674 1914 siquidem
2708 1839 2800 1911 qui
2826 1853 2936 1894 non
2959 1851 3057 1892 suo
3078 1833 3227 1898 vitio,
3251 1832 3350 1888 sed
3369 1830 3550 1888 alieno

1955 1935 2202 2008 repudio,
2239 1933 2307 1988 ad
2335 1931 2495 1987 aliam
2525 1931 2580 1984 in
2611 1943 2717 2000 qua
2745 1925 3026 1983 ordinatus
3055 1938 3165 1978 non
3213 1920 3312 1976 fuit
3353 1919 3544 1976 civita-

1955 2007 2062 2080 tem
2091 2021 2432 2088 transfertur,
2452 2015 2774 2073 Antiocheni
2793 2029 3031 2070 canones
3051 2011 3238 2066 dicunt
3259 2009 3409 2078 (can.
3433 2007 3544 2076 18).

1959 2134 1982 2164 ι
2019 2112 2077 2170 Si
2105 2111 2226 2183 quis
2255 2108 2544 2180 episcopus
2573 2105 2850 2160 ordinatus
2878 2102 2946 2156 ad
2973 2096 3292 2171 parochiam
3326 2093 3549 2150 minime

1955 2200 2044 2257 cui
2073 2180 2158 2254 est
2186 2197 2388 2254 electus
2417 2192 2724 2260 accesserit,
2771 2205 2882 2245 non
2913 2203 3012 2243 suo
3057 2185 3205 2252 vitio,
3251 2183 3349 2238 sed
3401 2180 3548 2253 quod

1955 2305 2079 2345 eum
2119 2293 2208 2341 aut
2234 2283 2468 2356 populus
2497 2281 2648 2346 vitet,
2695 2287 2786 2335 aut
2829 2283 3054 2349 propter
3095 2273 3260 2329 aliam
3301 2284 3544 2335 causam,

1951 2392 2063 2433 non
2117 2383 2298 2430 tamen
2347 2371 2464 2440 ejus
2493 2369 2622 2426 vitio
2649 2373 3033 2438 perpetratam,
3081 2362 3170 2418 hic
3219 2368 3273 2416 et
3316 2357 3543 2414 honoris

1954 2465 2034 2522 sic
2061 2471 2113 2520 et
2139 2460 2428 2518 ministerii
2454 2458 2749 2531 particeps,
2783 2452 3078 2509 dummodo
3123 2449 3256 2505 nihil
3285 2447 3551 2504 molestus

1953 2551 2214 2610 Ecclesiae
2243 2550 2407 2606 rebus
2437 2548 2648 2612 existat,
2688 2543 2780 2600 ubi
2821 2542 3128 2598 ministrare
3177 2535 3546 2610 cognoscitur.

1955 2641 2128 2712 Quem
2159 2639 2319 2694 etiam
2348 2638 2638 2692 observare
2669 2631 2955 2688 conveniet
2998 2627 3262 2701 quidquid
3308 2623 3552 2695 synodus

1953 2710 2199 2802 perfecta
2226 2723 2521 2798 provinciae
2543 2721 2838 2792 judicando
2873 2715 3200 2774 decreverit.
3241 2738 3261 2762 ιι
3309 2714 3376 2768 Et
3422 2710 3550 2765 hinc

1953 2797 2010 2873 in
2037 2821 2326 2888 Aucyrano
2355 2811 2586 2870 concilio
2633 2809 2915 2864 decretum
2963 2813 3045 2862 est
3093 2804 3162 2858 de
3208 2801 3294 2858 his
3342 2798 3434 2872 qui
3481 2797 3551 2853 ad

1955 2887 2327 2978 episcopatum
2353 2899 2598 2974 provecti
2627 2906 2772 2964 sunt,
2821 2911 2924 2952 nec
2971 2891 3178 2964 recepti
3215 2892 3368 2962 (can.
3411 2887 3502 2958 17)
3534 2903 3550 2942 :

1961 2976 2074 3051 «Si
2105 2992 2198 3067 qui
2226 2989 2470 3064 episcopi
2497 2986 2726 3044 ordinati
2756 2993 2900 3051 sunt,
2919 2999 3020 3040 nec
3035 2979 3242 3051 recepti
3261 2978 3332 3035 ab
3353 2976 3442 3032 illa
3459 2990 3553 3047 pa-

1962 3064 2153 3140 rochia
2180 3081 2235 3135 in
2281 3095 2386 3151 qua
2415 3077 2631 3134 fuerant
2658 3071 3010 3137 denominati,
3029 3068 3401 3138 voluerintque
3417 3064 3556 3120 alias

1963 3186 2230 3242 occupare
2256 3167 2561 3240 parochias,
2606 3172 2660 3219 et
2706 3163 2816 3219 vim
2860 3158 3186 3233 praesulibus
3233 3169 3420 3212 earum
3466 3151 3557 3208 in-

1964 3239 2128 3325 ferre,
2164 3239 2460 3314 seditiones
2488 3255 2750 3310 adversus
2779 3266 2876 3306 eos
2904 3247 3209 3312 excitando,
3256 3244 3358 3298 hos
3395 3239 3556 3309 abjici

1963 3347 2182 3420 placuit.
2217 3345 2376 3414 Quod
2401 3343 2448 3398 si
2477 3340 2747 3398 voluerint
2774 3339 2830 3393 in
2859 3333 3187 3408 presbyterii
3214 3330 3426 3398 ordine,
3458 3326 3553 3382 ubi

1963 3416 2118 3508 prius
2145 3435 2380 3496 fuerant,
2411 3438 2470 3486 ut
2497 3427 2802 3501 presbyteri
2831 3425 3092 3490 residere,
3140 3435 3250 3475 non
3287 3416 3554 3486 abjician-

1963 3533 2052 3580 tur
2079 3522 2302 3594 pr0pria
2332 3518 2612 3592 dignitate.
2659 3515 2716 3570 Si
2759 3520 2941 3570 autem
2981 3509 3276 3565 seditiones
3305 3518 3554 3562 commo-

1967 3592 2158 3670 verunt
2183 3592 2386 3664 ibidem
2416 3603 2718 3663 constitutis
2744 3599 3038 3672 episcopis,
3055 3592 3385 3669 presbyterii
3413 3606 3555 3663 quo-

1968 3716 2073 3772 que
2115 3699 2290 3754 honor
2332 3695 2530 3751 talibus
2574 3689 2846 3747 auferatur
2869 3731 2884 3756 ,
2929 3686 3164 3759 fiantque
3207 3680 3558 3739 damnatione

1965 3768 2252 3844 notabiles.
2282 3809 2304 3834 ι»
2338 3784 2480 3841 Dicit
2507 3781 2653 3837 enim
2682 3778 3076 3836 Antiochenam
3097 3772 3410 3846 capitulum,
3430 3768 3559 3840 quia

1966 3875 2170 3950 regulae
2223 3889 2392 3930 sacrae
2446 3869 2796 3943 praecipiunt,
2845 3873 2906 3921 ut
2951 3863 3114 3921 nullis
3168 3859 3350 3917 invitis
3398 3859 3558 3913 detur

245 3964 514 4023 Dominus
560 3962 620 4017 in
667 3957 964 4032 Ενθηεθιίο
1009 3956 1248 4030 loquitur
1289 3955 1483 4011 dicens
1521 3971 1534 4008 ³
1569 3953 1690 4008 Νοη
1733 3955 1870 4009 veni
1969 3945 2278 4036 episcopus,
2299 3961 2433 4018 cleri
2462 3967 2517 4016 et
2540 3957 2718 4030 plebis
2745 3964 2798 4012 et
2825 3953 3033 4012 ordinis
3061 3963 3365 4009 consensus
3381 3953 3433 4002 et
3461 3945 3558 4000 de-

247 4053 602 4117 ministrari,
619 4049 719 4107 sed
738 4049 1070 4104 ministrare
1085 4044 1304 4114 (Matth.
1320 4057 1422 4108 xx,
1438 4043 1552 4112 28).
1568 4041 1691 4096 Non
1704 4055 1859 4114 ergo1

289 4152 296 4153 κ
334 4143 346 4153 -
437 4141 454 4153 -
598 4139 632 4153 ..
781 4151 793 4153 _
1044 4131 1439 4153 --λςηψεψη
1481 4136 1650 4153 μη.-.
1677 4127 1859 4153 “Am

1969 4053 2229 4110 siderium
2274 4049 2581 4122 requiratur
2597 4089 2610 4113 ,
2658 4055 2712 4101 et
2761 4045 2851 4101 ille
2891 4043 3143 4100 omnibus
3181 4042 3554 4113 praeponatur,

2193 4141 2206 4153 ι
2279 4141 2289 4150 -
2361 4139 2372 4153 1
2413 4139 2426 4153 1
2453 4137 2462 4148 ο
2644 4151 2828 4153 μ-ν,-μ-
2846 4149 2932 4153 __-_
2991 4129 3331 4153 --_--_J:4-_
3361 4132 3520 4153 ..Ληθα-
3551 4152 3554 4153 ,

249 4152 304 4198 ut
332 4143 390 4198 in
419 4139 667 4198 decretis
696 4135 1012 4208 apostolica
1039 4133 1187 4190 sedis
1205 4131 1462 4204 legimus,
1481 4136 1655 4184 mutat
1676 4127 1859 4184 sedem

1969 4157 2134 4215 quem
2161 4141 2294 4198 cieri
2322 4137 2605 4212 plebisque
2633 4149 2936 4192 consensus
2983 4129 3331 4188 concorditer
3361 4132 3556 4197 postu-

249 4232 341 4304 qui
371 4245 488 4286 non
517 4236 693 4284 mutat
721 4232 980 4291 mentem,
1030 4223 1085 4276 id
1127 4228 1228 4287 est,
1281 4222 1373 4292 qui
1417 4234 1527 4274 non
1557 4224 1725 4272 mutat
1756 4231 1859 4287 qua

1966 4231 2146 4296 larint,
2179 4245 2248 4284 ne
2277 4227 2466 4284 civitas
2493 4225 2809 4296 episcopum
2851 4238 2962 4277 non
3007 4227 3248 4291 optatum
3290 4222 3380 4271 aut
3417 4228 3555 4269 con-

249 4319 456 4391 suscipi
485 4317 843 4388 episcOpatus
867 4313 1050 4377 debet,
1083 4308 1462 4374 intentionem,
1514 4313 1576 4360 ut
1629 4311 1868 4360 transeat
1966 4325 2200 4378 ιθιηηεη,
2249 4323 2342 4371 aut
2383 4313 2597 4379 oderit,
2643 4319 2696 4368 et
2737 4310 2831 4366 ﬁat
2871 4309 3049 4364 minus
3090 4305 3348 4376 religiosa
3390 4315 3553 4375 quam

249 4409 318 4464 de
345 4408 571 4464 civitate
603 4405 674 4458 ad
716 4401 993 4459 civitatem
1038 4415 1139 4471 per
1181 4395 1530 4469 cupiditatem
1577 4401 1633 4451 et
1681 4393 1857 4448 ambi-

1965 4406 2237 4472 convenit,
2269 4403 2358 4462 cui
2387 4419 2497 4458 non
2525 4399 2737 4456 licuerit
2763 4398 2968 4454 habere
2998 4411 3158 4467 quem
3189 4393 3376 4450 voluit.
3405 4417 3426 4440 »ι

249 4497 456 4553 tionem
469 4537 485 4552 .

321 4595 438 4649 VII.
486 4592 637 4647 Nam
677 4595 736 4643 ut
771 4586 841 4643 de
887 4583 1070 4640 multis
1117 4581 1352 4654 exempli
1389 4581 1565 4654 gratia
1611 4579 1862 4653 quaedam

253 4683 589 4739 devocemus
623 4677 680 4732 in
709 4675 972 4739 medium,
1021 4673 1216 4728 beatus
1265 4671 1456 4725 Petrus
1503 4684 1666 4726 causa
1714 4667 1861 4733 fidei,

254 4771 506 4828 ordinato
557 4783 661 4840 pro
711 4782 772 4820 se
815 4763 1072 4836 episcopo
1118 4761 1175 4816 in
1217 4758 1522 4824 Antiochia,
1571 4757 1864 4828 insequens

255 4876 483 4932 magum
532 4857 834 4918 Simonem,
890 4854 1117 4908 Romam
1147 4848 1316 4916 venit,
1337 4847 1395 4903 in
1421 4863 1529 4919 qua
1547 4863 1648 4918 per
1676 4845 1865 4916 viginti

257 4959 312 5005 et
341 4949 588 5021 quinque
620 4957 797 4999 annos
824 4939 1183 5013 apostolatum
1213 4944 1266 4993 et
1287 4937 1654 5008 episcopatum
1671 4934 1865 5008 gessit.

259 5035 624 5110 Augustinus,
659 5049 694 5088 a
723 5031 883 5087 beato
913 5027 1183 5100 Gregorio
1223 5041 1364 5098 papa
1411 5040 1576 5080 causa
1623 5023 1750 5078 fidei
1797 5021 1868 5078 ad

256 5125 471 5199 Anglos
500 5130 623 5179 rota
656 5119 860 5176 Christi
888 5118 1146 5182 directus,
1175 5123 1465 5188 postquam
1494 5113 1566 5170 ad
1595 5111 1868 5184 pradica-

256 5215 467 5271 tionem
497 5212 619 5282 ejus
646 5224 787 5284 gens
823 5207 914 5263 illa
956 5206 1120 5262 fidem
1167 5205 1393 5276 recepit,
1441 5203 1512 5258 ab
1561 5199 1872 5258 Arelatensi

261 5303 548 5376 episcOpo,
575 5297 826 5370 iussione
853 5295 995 5351 beati
1024 5293 1275 5368 Gregorii
1305 5292 1597 5364 episcopus
1622 5297 1705 5345 est
1723 5288 1872 5345 ordi-

259 5401 439 5459 natus,
470 5387 674 5446 deinde
702 5386 772 5441 ab
799 5385 995 5441 eodem
1036 5384 1196 5439 beato
1241 5380 1508 5452 Gregorio
1553 5379 1610 5434 in
1653 5377 1870 5435 civitate

263 5481 414 5554 regia
439 5477 692 5550 ejusdem
729 5473 912 5548 gentis
940 5479 1165 5544 accepto
1213 5469 1378 5543 pallio
1429 5465 1874 5539 archiepiscoPus

2030 4495 2128 4550 IX.
2161 4495 2242 4549 De
2273 4507 2340 4548 eo
2370 4490 2464 4562 qui
2491 4487 2812 4545 necessitate
2827 4483 3224 4558 persecutionis
3250 4483 3319 4538 de
3336 4481 3556 4538 civitate

1959 4586 2016 4640 in
2045 4599 2154 4656 qua
2181 4581 2465 4638 ordinatus
2493 4578 2592 4634 fuit
2621 4577 2816 4633 transit
2843 4575 2910 4630 ad
2941 4574 3233 4637 civxtatem,
3266 4569 3554 4626 Sardicen-

1962 4689 2052 4729 ses
2078 4686 2319 4728 canones
2346 4668 2533 4724 dicunt
2561 4669 2713 4737 (can.
2739 4663 2866 4736 21):
2895 4684 2917 4714 α
2944 4663 3010 4718 Ut
3027 4661 3087 4726 ,si
3115 4658 3312 4731 aliquis
3341 4657 3554 4728 episco-

1961 4777 2064 4834 pus
2091 4760 2204 4818 vim
2229 4773 2526 4830 perpessus
2557 4764 2658 4822 est,
2691 4762 2744 4808 et
2771 4752 2956 4823 inique
2986 4749 3242 4820 expulsus
3263 4763 3366 4820 pro
3397 4745 3560 4804 disci-

1963 4851 2114 4924 plina
2145 4856 2198 4904 et
2243 4847 2512 4904 catholica
2557 4841 2902 4900 confessione
2947 4838 3036 4893 vel
3086 4853 3190 4910 pro
3239 4835 3571 4892 defensione

1965 4938 2227 5004 veritatis,
2260 4935 2527 5008 effugiens
2556 4929 2820 5003 pericula,
2852 4929 3115 4984 innocens
3145 4934 3198 4982 et
3227 4927 3457 4983 devotus
3487 4927 3558 4982 ad

1966 5028 2130 5084 aliam
2156 5025 2365 5081 venerit
2393 5021 2686 5086 civitatem,
2734 5033 2846 5074 non
2882 5016 3239 5090 prohibeatur
3279 5014 3558 5071 immorari

1969 5116 2206 5189 quandiu
2235 5120 2327 5170 aut
2355 5110 2536 5166 redire
2565 5106 2755 5179 possit,
2789 5113 2882 5162 aut
2901 5105 3097 5174 injuria
3118 5105 3235 5175 ejus
3255 5103 3560 5160 remedium

1969 5203 2260 5275 acceperit,
2293 5199 2414 5273 quia
2447 5198 2644 5253 durum
2682 5204 2768 5252 est
2819 5212 2944 5252 eum
2989 5195 3083 5268 qui
3125 5191 3560 5264 persecutionem

1971 5293 2168 5365 patitur
2194 5305 2302 5345 non
2330 5286 2533 5358 recepi,
2569 5285 2734 5341 etiam
2762 5293 2817 5340 et
2841 5285 3000 5356 larga
3018 5281 3355 5354 benignitate
3374 5280 3562 5334 huma-

1971 5381 2113 5436 nitas
2141 5379 2192 5434 ei
2219 5385 2302 5433 est
2331 5375 2687 5432 exhibenda.»
2715 5376 2780 5430 Et
2800 5373 2924 5428 hinc
2952 5372 3008 5427 S.
3031 5368 3334 5442 Gregorius
3351 5368 3420 5423 ad
3441 5367 3564 5422 uni-

1973 5483 2161 5528 versos
2191 5466 2480 5539 episcOpos
2544 5480 2644 5536 per
2699 5461 2973 5536 Illyricum
3015 5459 3141 5531 (lib.
3179 5473 3219 5526 ι,
3253 5459 3417 5532 epist.
3450 5457 3563 5530 43).
