4088 6180
368 163 381 174 ’
423 187 530 243 215

1403 179 1747 240 HINCMARI
1781 173 2180 235 RHEMENSIS
2217 175 2768 235 ARCHIEPISCOPI.

3621 184 3729 240 216

437 329 460 360 α
499 309 715 365 Fratres
743 307 1212 381 coepiscoposque
1240 313 1478 376 nostros,
1501 320 1639 378 quos
1669 313 1722 362 et
1749 304 2030 377 captivitas
2059 301 2118 362 A
2137 302 2234 370 eis,
2266 319 2364 374 per
2393 319 2529 376 quos
2561 303 2775 359 illorum
2805 311 2888 359 est
2918 303 3284 361 ecclesiastica
3309 305 3611 377 supplenda
3640 322 3732 363 ne-

437 397 888 469 diversarumque
915 397 1302 453 necessitatum
1343 395 1608 468 angustiae
1648 394 2030 465 comprimunt,

435 486 648 542 debetis
704 486 1076 561 consolandos
1136 485 1588 556 convicturosque
1640 483 1922 540 vobiscum
1977 482 2032 536 in

437 574 822 632 ecclesiasticis
883 573 1368 630 sustentationibus
1412 573 1655 628 libenter
1699 571 1974 642 suscipere
2017 587 2030 626 :

436 680 548 720 non
579 664 802 736 quidem
828 670 886 718 ut
913 679 1014 735 per
1043 661 1481 718 communionem
1510 660 1836 733 episcepalis
1851 659 2036 716 throni

439 753 678 826 dignitas
704 752 997 819 dividatur,
1030 751 1127 808 sed
1157 758 1217 806 ut
1243 752 1314 806 ab
1343 749 1593 806 Ecclesia
1615 749 1771 819 juxta
1804 747 2036 820 possibi-

435 841 647 897 litatem
677 840 998 896 sufficientia
1026 840 1264 896 debeant
1310 839 1566 895 alimenta
1591 837 1896 910 percipere.
1947 837 2034 893 Sic

440 938 494 986 et
521 930 824 1001 proximum
853 929 908 984 in
932 929 1050 986 Deo
1089 937 1144 985 et
1186 929 1363 985 Deum
1407 929 1464 982 in
1505 927 1754 998 proximo
1803 925 2035 998 diligere

441 1018 886 1089 comprobamur.
943 1017 1164 1073 Nullam
1211 1017 1410 1088 quippe“
1457 1015 1537 1070 eis
1587 1030 1688 1071 nos
1735 1015 1792 1070 in
1838 1013 2035 1071 vestris

441 1106 706 1196 Ecclesiis
759 1105 1136 1162 auctoritatem
1188 1104 1476 1160 tribuimus
1498 1145 1512 1172 ,
1565 1105 1664 1160 sed
1710 1111 1888 1158 tamen
1939 1116 2035 1158 eos

442 1192 642 1250 vestris
698 1194 908 1250 solatiis
963 1192 1230 1248 contineri
1272 1207 1618 1262 summopere
1663 1192 1968 1247 hortamur.
2009 1211 2031 1240 ι

443 1285 514 1338 Et
544 1285 664 1341 haec
690 1283 990 1339 novissima
1017 1281 1184 1337 verba
1211 1280 1456 1351 epistola:
1502 1281 1662 1349 hujus
1702 1279 2036 1336 concordant

444 1373 728 1445 praemisso
756 1370 969 1426 concilii
1000 1369 1336 1426 Sardicensis
1366 1369 1622 1440 capitulo.

516 1461 589 1515 X.
621 1460 742 1517 Sed
763 1466 815 1514 et
840 1458 1149 1530 persecutio
1178 1473 1279 1528 pro
1312 1473 1415 1528 qua
1459 1457 1746 1528 episcopus
1793 1456 1862 1511 de
1899 1455 2037 1511 civi-

447 1555 555 1604 tate
585 1547 654 1602 ad
683 1546 956 1604 civitatem
987 1546 1224 1602 transire
1254 1546 1426 1616 possit
1453 1545 1540 1601 vel
1578 1545 1794 1620 debeat,
1841 1551 2038 1600 attente

2134 391 2382 459 cessitas,
2413 400 2470 446 ut
2498 401 2591 447 aut
2617 393 2823 463 pariter
2850 392 3052 460 vivant,
3106 400 3197 449 aut
3237 393 3439 465 pariter
3469 395 3731 451 sufferant

2135 481 2281 554 quod
2309 497 2407 537 eos
2435 482 2828 554 paterfamilias
2857 483 3002 538 volet
3030 483 3262 554 perpeti.
3294 482 3452 552 Quod
3483 485 3528 538 si
3557 485 3730 542 conti-

2133 571 2274 644 gerit
2302 578 2359 625 ut
2389 571 2504 626 sive
2530 571 2622 626 alii
2641 571 2842 638 minus,
2867 571 2960 627 alii
2979 571 3176 640 majus,
3201 571 3315 627 sive
3335 587 3528 627 omnes
3545 587 3732 645 aequa-

2134 659 2260 715 liter
2285 659 2579 730 patiantur,
2612 661 2704 732 qui
2734 676 2926 716 eorum
2955 660 3060 715 sint
3091 660 3184 732 qui
3211 676 3313 731 pro
3361 660 3479 716 aliis
3512 661 3732 732 patian-

2135 755 2222 804 tur
2249 757 2532 820 apparent,
2568 748 2646 804 illi
2679 748 2885 804 scilicet
2916 749 3008 822 qui
3037 766 3160 805 cum
3193 765 3252 804 se
3281 759 3507 820 possent
3535 750 3734 806 talibus

2134 837 2292 892 malis
2349 837 2562 910 eripere
2619 837 2912 910 fugiendo,
2965 855 3034 894 ne
3077 838 3302 894 aliorum
3344 839 3733 894 necessitatem

2135 926 2452 982 desererent
2481 943 2698 982 manere
2724 928 3051 982 maluerunt.
3097 927 3232 982 Hinc
3260 927 3496 982 maxime
3527 927 3732 998 proba-

2136 1022 2223 1068 tur
2247 1013 2336 1067 illa
2365 1014 2602 1070 charitas
2632 1031 2796 1086 quam
2824 1016 3064 1070 Joannes
3087 1015 3374 1086 apostolus
3391 1015 3737 1071 commendat

2135 1102 2324 1157 dicens
2355 1119 2369 1158 :
2405 1103 2563 1158 Sicut
2583 1103 2840 1159 Christus
2869 1121 2970 1175 pro
2997 1104 3152 1159 nobis
3180 1105 3436 1159 animam
3454 1121 3619 1160 suam
3636 1120 3736 1176 po-

2135 1193 2272 1255 suit,
2296 1191 2377 1246 sic
2393 1194 2450 1246 et
2465 1207 2565 1247 nos
2586 1192 2845 1247 debemus
2867 1209 2968 1264 pro
2987 1193 3266 1264 fratribus
3285 1194 3511 1247 animas
3525 1207 3737 1264 ponere

2137 1279 2188 1347 (Ι
2213 1281 2372 1336 Joau.
2406 1294 2485 1346 ιιι,
2521 1283 2630 1350 16).
2660 1281 2808 1334 Nam
2830 1280 2922 1351 qui
2955 1279 3188 1353 fugiunt,
3232 1281 3322 1336 vel
3352 1281 3466 1335 suis
3494 1280 3738 1336 devincti

2137 1367 2551 1424 necessitatibus
2580 1367 2773 1439 fugere
2809 1383 2923 1423 non
2962 1376 3214 1438 possunt,
3266 1368 3310 1423 si
3355 1368 3736 1440 comprehensi

2137 1457 2424 1527 patiantur,
2455 1455 2560 1528 ipsi
2587 1473 2697 1512 non
2740 1471 2842 1528 pro
2897 1457 3158 1512 fratribus
3207 1457 3392 1529 utique
3438 1457 3733 1528 patiuntur.

2140 1544 2243 1613 Qui
2273 1561 2402 1600 vero
2425 1551 2715 1617 pr0pterea
2752 1546 3048 1616 patiuntur,
3097 1546 3225 1617 quia
3273 1545 3470 1602 fratres
3516 1546 3607 1617 qui
3653 1545 3734 1602 eis

447 1635 848 1692 consideranda
889 1642 992 1702 est,
1041 1651 1200 1706 quam
1249 1650 1486 1690 canones
1534 1635 1888 1690 Sardicenses
1934 1632 2037 1688 de-
2069 1657 2123 1718 Β
2143 1635 2214 1688 ad
2245 1633 2605 1689 Christianam
2636 1633 2862 1689 salutem
2883 1634 3222 1707 indigebant,
3245 1634 3435 1690 nolunt
3454 1633 3738 1704 deserere,

449 1730 758 1780 monstrant
803 1724 964 1796 (Can.
1005 1724 1116 1795 21).
1174 1746 1196 1770 ‹‹
1251 1722 1308 1778 Si
1354 1723 1550 1794 aliquis
1592 1723 1884 1795 episcopus
1931 1721 2042 1777 vim

450 1827 749 1884 perpessus
777 1818 882 1878 est,
915 1819 968 1866 et
995 1811 1178 1883 inique
1205 1811 1465 1883 expulsus
1511 1825 1614 1882 pro
1659 1811 1946 1882 disciplina
1993 1820 2047 1867 et

453 1899 718 1957 catholica
750 1898 1113 1968 confessione,
1147 1899 1236 1956 vel
1262 1913 1366 1970 pro
1411 1899 1730 1955 defensione
1777 1901 2041 1971 veritatis,

453 1989 722 2062 effugiens
746 1987 1047 2059 periculurn
1082 1988 1346 2045 innocens
1393 1996 1447 2044 et
1493 1988 1722 2044 devotus
1767 1989 1837 2042 ad
1884 1988 2045 2044 aliam

451 2077 664 2133 venerit
691 2077 980 2144 civitatem,
1023 2076 1145 2148 quia
1177 2077 1356 2132 solent
1402 2091 1437 2131 a
1481 2075 1762 2132 catholicis
1807 2077 2046 2134 haeretici

453 2166 541 2221 vel
569 2165 900 2222 Schismatici
930 2181 1026 2222 seu
1057 2165 1337 2222 criminosi
1365 2165 1641 2236 persequi.
1674 2189 1696 2212 »
1728 2165 1798 2220 Et
1826 2174 2046 2222 sanctus

450 2253 788 2330 Augustinus
843 2253 899 2308 in
945 2253 1178 2324 epistola
1225 2253 1296 2309 ad
1343 2253 1681 2309 Honoratum
1729 2253 2048 2326 episcOpum

395 2382 402 2389 υ
453 2343 690 2399 ostendit
721 2343 908 2415 (epist.
959 2340 1133 2411 180):
1190 2365 1211 2389 α
1247 2342 1454 2408 Restat,
1501 2341 1773 2412 inquiens,
1821 2351 1878 2397 ut
1923 2359 2042 2410 nos,

455 2447 689 2503 quorum
717 2429 1080 2487 ministerium
1107 2429 1599 2502 quantulmcunque
1640 2430 1786 2501 plebi
1828 2431 1928 2486 Dei
1957 2432 2050 2487 ubi

456 2535 644 2574 sumus
671 2518 928 2585 manenti,
976 2519 1052 2574 ita
1099 2519 1474 2574 necessarium
1521 2526 1621 2586 est,
1673 2526 1730 2573 ut
1775 2518 1892 2574 sine
1944 2520 2049 2576 hoc

457 2623 579 2664 eam
608 2624 718 2662 non
745 2613 993 2678 oporteat
1012 2621 1318 2673 remanere,
1343 2607 1586 2662 dicamus
1605 2605 1837 2662 Domino
1871 2623 1884 2662 :
1919 2609 2050 2665 Esto

455 2697 613 2753 nobis
642 2699 706 2752 in
732 2698 911 2752 Deum
939 2699 1333 2768 protectorem,
1367 2698 1424 2750 et
1449 2696 1514 2750 in
1548 2697 1730 2752 locum
1759 2697 2051 2753 munitum

453 2785 631 2854 (Psal.
663 2799 808 2851 xxx,
862 2783 939 2856 3).
991 2783 1100 2840 Sed
1144 2783 1250 2840 hoc
1296 2783 1583 2839 consilium
1623 2784 1722 2839 tibi
1763 2793 2050 2854 pr0pterea

453 2887 567 2929 non
597 2871 812 2939 sufﬁcit,
842 2879 901 2927 ut
931 2871 1146 2942 scribis,
1165 2888 1234 2928 ne
1263 2881 1454 2928 contra
1479 2873 1698 2929 Domini
1717 2881 2052 2944 praeceptum

455 2961 544 3018 vel
572 2961 883 3032 exemplum
909 2959 1091 3017 facere
1121 2960 1373 3028 nitamur,
1416 2960 1510 3015 ubi
1558 2960 1880 3034 fugiendum
1928 2977 2052 3017 esse

460 3049 530 3106 de
580 3049 800 3106 civitate
842 3049 898 3104 in
950 3048 1226 3106 civitatem
1271 3057 1477 3104 monet.
1538 3049 1852 3105 Recolimus
1908 3051 2053 3106 enim

459 3138 626 3194 verba
645 3138 877 3194 dicentis
901 3153 914 3194 :
943 3139 1081 3194 Cum
1099 3141 1292 3194 autem
1309 3141 1718 3210 persequentur
1729 3155 1818 3195 vos
1840 3141 1904 3194 in
1919 3140 2053 3195 civi-

471 3231 588 3284 tate
605 3228 738 3294 ista,
757 3228 939 3299 fugite
959 3227 1024 3282 in
1043 3228 1222 3282 aliam
1241 3225 1465 3297 (Matth.
1497 3241 1557 3292 Χ,
1587 3227 1699 3297 23).
1721 3225 1857 3294 Quis
1872 3235 2052 3283 autem

459 3315 648 3372 credat
677 3315 752 3371 ita
781 3313 901 3371 ﬁeri
930 3317 1049 3372 haec
1067 3314 1360 3370 Dominum
1378 3313 1640 3381 voluisse,
1659 3323 1716 3368 ut
1736 3315 2052 3372 necessario

457 3403 760 3460 ministerio
779 3447 798 3471 ,
849 3403 967 3458 sine
1011 3419 1118 3475 quo
1159 3403 1346 3460 vivere
1387 3409 1682 3474 nequeunt,
1731 3403 2054 3459 deserantur

458 3509 663 3566 greges
691 3507 828 3564 quos
849 3507 948 3547 suo
970 3491 1236 3564 sanguine
1255 3491 1638 3562 comparavit?
1665 3491 1924 3564 Nunquid
1947 3493 2053 3549 hoc

457 3579 586 3636 fecit
611 3579 750 3651 ipse,
783 3579 1003 3652 quando
1033 3579 1378 3650 portantibus
1420 3579 1736 3651 parentibus
1785 3580 1840 3634 in
1881 3581 2051 3653 Egy-

457 3675 609 3740 ptum
639 3668 893 3739 parvulus
920 3667 1078 3742 fugit,
1113 3668 1204 3740 qui
1230 3668 1474 3724 nondum
1501 3668 1779 3724 Ecclesias
1814 3684 2052 3740 congre-

457 3764 706 3830 gaverat,
734 3771 871 3828 quas
893 3757 964 3812 ab
987 3771 1051 3812 eo
1070 3756 1315 3812 desertas
1335 3771 1458 3812 esse
1477 3755 1726 3812 dicamus
1741 3755 1769 3810 ?
1795 3756 2052 3828 Nunquid

459 3844 678 3916 quando
708 3845 988 3917 apostolus
1017 3844 1238 3910 Paulus,
1271 3860 1342 3899 ne
1369 3843 1521 3898 illum
1564 3845 2052 3915 comprehenderet

460 3933 732 4004 inimicus,
765 3949 866 4006 per
891 3933 1188 3989 fenestram
1212 3933 1269 3988 in
1300 3939 1486 4003 sporta
1507 3931 1812 3988 submissus
1842 3939 1926 3987 est
1951 3949 2052 4003 per

459 4035 696 4092 murum,
729 4030 782 4078 et
826 4020 993 4096 effugi
1031 4037 1222 4076 manus
1266 4021 1384 4090 ejus
1431 4021 1508 4089 (ΙΙ
1536 4021 1656 4076 Cor.
1689 4035 1769 4086 χι,
1805 4020 1914 4090 33),
1949 4021 2050 4076 de-

458 4117 603 4167 serta
631 4117 713 4166 est
742 4124 864 4182 quae
891 4109 968 4164 ibi
994 4118 1112 4164 erat
1126 4107 1377 4166 Ecclesia
1395 4108 1708 4165 necessario
1727 4109 2048 4177 ministerio,

457 4207 509 4255 et
537 4214 647 4256 non
675 4198 796 4254 aliis
825 4197 1084 4252 fratribus
1112 4196 1314 4252 ibidem
1351 4196 1654 4252 constitutis
1693 4198 1838 4268 quod
1881 4213 2050 4268 opor-

459 4287 604 4343 tebat
632 4287 916 4360 impletum
945 4294 1029 4342 est
1047 4285 1076 4340 ?
1103 4285 1198 4340 Eis
1226 4284 1425 4357 quippe
1455 4284 1762 4340 volentibus
1778 4287 1883 4342 hoc
1911 4287 2053 4357 Apo-

2144 1721 2264 1777 sine
2292 1720 2458 1776 dubio
2491 1737 2616 1777 suas
2644 1722 2854 1777 animas
2890 1737 2991 1794 pro
3037 1722 3292 1778 fratribus
3333 1731 3560 1793 ponunt.
3599 1742 3624 1773 ι
3669 1723 3742 1778 Et

2144 1817 2267 1881 post
2295 1811 2570 1882 aliquanta
2603 1829 2616 1864 :
2652 1834 2674 1858 α
2710 1811 2821 1866 Cur
2851 1811 2995 1866 enim
3025 1811 3129 1866 sibi
3156 1818 3344 1882 putant
3363 1809 3740 1868 indifferenter

2145 1899 2634 1970 obtemperandum
2662 1915 2785 1954 esse
2815 1907 3108 1970 praecepto,
3154 1899 3245 1954 ubi
3285 1899 3475 1972 legunt
3503 1899 3573 1955 de
3601 1898 3742 1955 civi-

2147 1994 2254 2043 tate
2283 1987 2339 2042 in
2367 1987 2642 2043 civitatem
2685 2004 2808 2042 esse
2850 1987 3190 2060 fugiendum,
3242 1995 3298 2044 et
3336 1987 3744 2044 mercenarium

2145 2091 2254 2130 non
2287 2077 2594 2142 exhorrent,
2627 2077 2719 2147 qui
2749 2076 2899 2132 videt
2923 2076 3108 2147 lupum
3139 2075 3464 2146 venientem,
3511 2083 3565 2131 et
3604 2075 3744 2146 fugit

2148 2161 2406 2236 quoniam
2447 2179 2556 2218 non
2605 2171 2688 2218 est
2731 2163 2781 2219 ei
2832 2177 2962 2219 cura
3009 2165 3078 2219 de
3124 2163 3358 2220 ovibus?
3393 2187 3414 2212 »
3465 2164 3533 2218 Et
3573 2163 3742 2235 paulo

2146 2259 2269 2322 post
2300 2269 2315 2306 :
2367 2274 2388 2300 «
2421 2251 2580 2324 Fugit
2621 2252 2934 2323 Apostolus,
2985 2266 3110 2307 cum
3153 2267 3185 2306 a
3226 2258 3576 2322 persecutore
3621 2252 3744 2322 ipse

2147 2345 2370 2412 proprie
2398 2349 2750 2413 quaereretur,
2785 2340 2906 2395 aliis
2937 2340 3123 2412 utique
3163 2341 3547 2396 necessitatem
3584 2339 3744 2396 simi-

2141 2427 2254 2484 lem
2284 2445 2393 2484 non
2418 2429 2766 2495 habentibus,
2791 2445 2826 2483 a
2844 2428 3042 2502 quibus
3071 2429 3183 2485 illic
3212 2429 3573 2484 ministerium
3599 2428 3746 2484 absit

2148 2525 2205 2572 ut
2233 2518 2578 2573 desereretur
2604 2517 2888 2573 Ecclesiae.
2931 2542 2952 2565 ι»
2988 2517 3137 2573 Sicut
3167 2517 3306 2589 fugit
3333 2519 3391 2574 S.
3415 2517 3744 2572 Athanasius

2149 2605 2546 2660 Alexandrinus
2577 2605 2886 2677 episcopus,
2911 2620 3038 2662 cum
3059 2623 3184 2661 eum
3212 2605 3521 2677 specialiter
3539 2620 3744 2677 appre-

2148 2693 2390 2750 hendere
2418 2693 2765 2749 Constantius
2795 2695 3356 2766 cuperet-imperator.
3380 2696 3450 2750 Et
3462 2695 3743 2766 aliquanto

2151 2783 2400 2853 superius
2435 2799 2447 2836 :
2485 2806 2507 2830 α
2540 2784 2663 2838 Non
2691 2783 2834 2838 enim
2865 2783 3154 2856 quisquam
3182 2791 3264 2840 est
3293 2783 3384 2855 qui
3405 2783 3553 2839 dicat
3572 2783 3743 2838 mini-

2151 2878 2294 2926 stros
2323 2887 2542 2927 manere
2581 2879 2856 2942 Oportere,
2905 2871 2997 2926 ubi
3033 2873 3144 2941 jam
3191 2887 3301 2928 non
3347 2871 3506 2928 fuerit
3545 2871 3745 2944 quibus

2151 2975 2380 3016 necesse
2407 2961 2479 3016 sit
2505 2960 2835 3016 ministrare.
2875 2984 2896 3008 »

2083 3010 2133 3074 C
2152 3010 2866 3122 "'ni'iinl'si'céégéaiis
2895 3049 2949 3104 in
2981 3049 3119 3104 libro
3136 3048 3416 3105 Moralium
3437 3050 3556 3121 (lib.
3578 3064 3741 3116 χχχι,

2151 3154 2274 3210 cap.
2311 3139 2399 3207 14)
2431 3155 2444 3192 :
2482 3161 2504 3185 «
2539 3138 2764 3192 Intuerit
2789 3138 2920 3194 libet
2947 3138 3098 3193 illum
3129 3138 3364 3194 sessoris
3395 3139 3480 3193 sui
3509 3138 3745 3194 calcari-

2149 3227 2254 3281 bus
2283 3225 2568 3282 excitatum
2601 3233 2791 3282 contra
2819 3236 3056 3283 armatos
3084 3229 3291 3294 hostes,
3337 3235 3568 3299 quantus
3595 3229 3746 3282 Pau-

2150 3314 2261 3371 lum
2288 3315 2474 3372 fervor
2501 3316 2844 3386 accenderat,
2891 3317 3108 3388 quando
3155 3332 3276 3372 eum
3325 3315 3531 3386 Ephesi
3564 3316 3632 3371 ad
3660 3317 3745 3371 ir-

2152 3405 2485 3475 rumpendas
2541 3405 2736 3460 theatri
2783 3405 2966 3460 turbas
3022 3405 3123 3460 zeli
3180 3405 3398 3460 ﬂamma
3452 3404 3742 3476 rapiebat.

2152 3493 2423 3564 Scriptum
2451 3492 2649 3564 quippe
2677 3501 2761 3548 est
2794 3511 2808 3548 :
2843 3495 3059 3566 Repleti
3083 3498 3222 3549 sunt
3241 3494 3350 3559 ira,
3373 3498 3432 3549 et
3445 3495 3745 3550 exclama-

2151 3587 2356 3638 verunt
2383 3582 2634 3638 dicentes
2668 3599 2682 3634 :
2717 3583 2915 3652 Magna
2945 3584 3132 3638 Diana
3145 3583 3532 3654 Ephesiorum.
3558 3584 3626 3638 Et
3640 3585 3748 3638 im-

2148 3687 2182 3742 p
2191 3671 2304 3725 leta
2323 3673 2404 3725 est
2423 3671 2622 3726 civitas
2635 3671 2984 3740 confusione,
3001 3674 3059 3725 et
3069 3671 3346 3742 impetum
3355 3673 3619 3742 fecerunt
3629 3687 3746 3728 uno

2151 3759 2347 3812 anima
2375 3759 2440 3812 in
2473 3758 2760 3813 theatrum
2807 3757 2954 3824 (Act.
2991 3773 3113 3823 XIX,
3144 3758 3258 3829 28),
3308 3765 3466 3829 rapto
3512 3757 3646 3814 Gaio
3690 3766 3749 3814 et

2150 3845 2464 3901 Aristarcho
2540 3844 2926 3912 Macedonibus
2997 3845 3314 3913 comitibus,
3391 3854 3553 3918 atque
3613 3861 3746 3902 mox

2152 3933 2399 3988 subditur
2420 3949 2432 3988 :
2455 3935 2632 3990 Paulo
2649 3937 2842 3990 autem
2854 3935 3073 3990 volente
3083 3934 3307 3990 intrare
3319 3935 3610 4007 populum,
3625 3950 3746 3991 non

2147 4022 2534 4094 permiserunt
2563 4023 2851 4095 discipuli.
2901 4023 3140 4090 Quidam
3185 4026 3379 4078 autem
3417 4026 3473 4078 et
3501 4023 3568 4078 de
3596 4024 3745 4078 Asiae

2147 4111 2516 4183 principibus,
2536 4110 2631 4182 qui
2659 4115 2827 4166 erant
2855 4111 3028 4166 amici
3055 4113 3195 4183 ejus,
3218 4111 3588 4168 miseruntad
3612 4127 3746 4167 eum

2150 4202 2412 4270 rogantes
2436 4215 2510 4254 ne
2538 4215 2596 4254 se
2645 4199 2807 4254 daret
2846 4201 2910 4254 in
2963 4199 3250 4256 theatrum
3298 4199 3476 4270 (ibid.,
3521 4197 3630 4270 30).
3681 4199 3746 4255 In

2151 4286 2348 4358 quibus
2377 4285 2620 4358 profecto
2650 4286 2834 4342 verbis
2863 4287 3216 4359 agnoscimus
3245 4303 3353 4359 quo
3382 4287 3586 4358 impetu
3603 4303 3748 4345 .con-

459 4376 633 4432 stolus
660 4375 882 4441 fecerat,
913 4381 970 4428 ut
1000 4373 1240 4444 seipsum
1272 4381 1513 4428 servaret
1559 4373 1840 4440 Ecclesia,
1889 4391 2050 4446 quem
2077 4364 2132 4427 D
2153 4383 2235 4430 tra
2263 4391 2467 4432 cuneos
2495 4375 2846 4431 adversantes
2876 4375 3128 4442 irrueret,
3173 4375 3279 4430 nisi
3321 4391 3445 4430 eum
3472 4392 3574 4447 per
3600 4376 3745 4431 ami-

455 4464 679 4536 proprie
707 4469 1028 4536 persecutor
1055 4461 1148 4516 ille
1173 4461 1464 4532 quaerebat.
1487 4461 1713 4518 Faciant
1743 4477 1873 4535 ergo
1905 4463 2051 4521 servi

458 4553 698 4617 Christi,
745 4548 980 4604 ministri
1029 4548 1186 4605 verbi
1226 4556 1280 4604 et
1327 4551 1649 4606 sacramenti
1696 4551 1814 4620 ejus
1837 4595 1851 4620 ,
1906 4553 2052 4624 quod

456 4638 716 4712 pracepit
746 4637 862 4693 sive
891 4637 1160 4708 permisit.
1191 4637 1420 4710 Fugiant
1452 4639 1673 4694 omnino
1720 4640 1790 4694 de
1835 4639 2050 4696 civitate

458 4729 515 4782 in
541 4725 838 4796 civitatem,
869 4726 1086 4798 quando
1116 4741 1308 4782 eorum
1347 4725 1633 4800 quisquam
1680 4727 1990 4799 specialiter
2017 4744 2052 4783 a

457 4813 900 4886 persecutoribus
927 4815 1200 4887 quaeritur,
1233 4822 1292 4871 ut
1322 4815 1390 4872 ab
1418 4815 1536 4870 aliis
1583 4814 1677 4888 qui
1709 4831 1818 4872 non
1848 4817 1922 4872 ita
1953 4833 2048 4872 re-

459 4901 761 4975 quiruntur,
807 4919 916 4958 non
973 4903 1258 4960 deseratur
1303 4903 1582 4974 Ecclesia,
1633 4904 1730 4959 sed
1771 4905 2050 4976 praebeant

457 4989 665 5047 cibaria
692 4991 975 5048 conservis
1005 4992 1140 5060 suis,
1175 5007 1313 5064 quos
1342 4992 1500 5048 aliter
1532 4991 1719 5048 vivere
1746 5009 1856 5048 non
1884 5009 2050 5064 posse

457 5087 747 5136 noverunt.
778 5079 913 5136 Cum
941 5088 1122 5136 autem
1151 5082 1412 5148 omnium,
1460 5080 1516 5136 id
1544 5089 1626 5136 est
1663 5081 2050 5153 episcoporum

457 5175 510 5224 et
539 5169 886 5234 clericorum,
919 5176 1002 5223 est
1032 5184 1318 5225 commune
1346 5169 1672 5240 periculum,
1721 5170 1760 5223 ii
1807 5170 1900 5242 qui
1928 5170 2048 5224 aliis

454 5257 702 5329 indigent
728 5274 838 5314 non
870 5258 1192 5314 deserantur
1219 5258 1290 5312 ab
1317 5257 1403 5312 his
1433 5259 1630 5331 quibus
1653 5258 1920 5332 indigent.
1947 5261 2050 5315 Aut

454 5345 622 5418 igitur
648 5347 718 5402 ad
749 5347 866 5403 loca
894 5347 1099 5401 munita
1128 5361 1320 5402 omnes
1350 5354 1649 5418 transeant,
1701 5355 1792 5402 aut
1822 5349 1914 5420 qui
1943 5349 2047 5404 ha-

455 5435 585 5490 bent
614 5435 934 5492 remanendi
961 5435 1364 5505 necessitatem,
1411 5451 1521 5494 non
1567 5435 1938 5509 relinquantur
1979 5436 2047 5492 ab

2150 4480 2244 4519 cos
2275 4471 2326 4520 et
2357 4463 2656 4534 discipulos
2685 4463 2966 4520 charitatis
2995 4463 3146 4518 frena
3175 4463 3496 4520 tenuissent.
3550 4465 3658 4520 Sed
3697 4465 3748 4521 si

2149 4552 2375 4608 obviare
2406 4553 2672 4622 hostibus,
2707 4551 2754 4606 si
2780 4551 2924 4608 ultro
2954 4567 3192 4624 pugnam
3211 4559 3416 4623 petere,
3443 4553 3491 4608 si
3509 4560 3747 4609 nosmet-

2149 4641 2298 4712 ipsos
2339 4656 2556 4712 semper
2603 4639 2908 4712 relinquere
2955 4639 3012 4692 in
3065 4655 3226 4696 cursu
3282 4640 3452 4696 nostri
3507 4640 3745 4698 fervoris

2149 4729 2432 4794 debemus,
2465 4728 2595 4799 quid
2624 4737 2707 4783 est
2733 4728 2878 4799 quod
2903 4727 3080 4783 isdem
3126 4728 3453 4798 praedicator
3482 4729 3745 4801 egregius

2149 4817 2218 4872 de
2249 4816 2544 4888 semetipso
2573 4815 2770 4872 fatetur
2816 4815 3006 4872 dicens
3051 4832 3062 4871 :
3104 4818 3368 4874 Damasci
3405 4821 3745 4891 praepositus

2147 4907 2332 4978 gentis
2349 4906 2454 4960 Are
2461 4909 2532 4959 tce
2543 4905 2691 4976 regis
2703 4905 3050 4961 custodiebat
3063 4906 3355 4962 civitatem
3369 4908 3748 4965 Damasceno-

2148 5011 2278 5050 rum
2290 4997 2355 5050 ut
2367 5009 2456 5050 me
2466 4992 2979 5064 comprehenderet,
3001 4997 3058 5050 et
3062 5011 3167 5068 per
3175 4997 3491 5067 fenestram
3501 4995 3564 5050 in
3577 5011 3741 5068 spor-

2150 5087 2210 5140 ta
2226 5083 2496 5138 dimissus
2513 5098 2640 5136 sum
2652 5097 2755 5154 per
2769 5099 3019 5148 murum,
3037 5087 3092 5138 et
3107 5085 3187 5140 sic
3208 5083 3378 5154 effugi
3393 5099 3599 5139 manus
3617 5086 3741 5155 ejus

2148 5171 2225 5239 (II
2253 5172 2372 5228 Cor.
2407 5185 2488 5238 xl,
2533 5173 2644 5242 33).
2697 5169 2839 5240 Quid
2885 5180 2968 5226 est
3016 5173 3162 5243 quod
3205 5187 3378 5244 equus
3425 5171 3528 5228 iste
3573 5173 3740 5228 modo

2147 5267 2339 5331 sponte
2368 5267 2702 5316 armatorum
2731 5275 2934 5318 cuneos
2974 5259 3200 5332 impetit,
3254 5269 3307 5316 et
3351 5260 3516 5316 modo
3564 5277 3624 5316 se
3671 5261 3742 5316 ab

2147 5348 2368 5404 armatis
2396 5349 2644 5406 hostibus
2671 5348 2826 5422 quasi
2847 5349 3094 5420 trepidus
3132 5349 3436 5418 abscondit,
3481 5348 3588 5404 nisi
3633 5349 3742 5406 hoc

2147 5439 2291 5510 quod
2319 5453 2545 5496 necesse
2575 5445 2657 5494 est
2687 5446 2745 5494 ut
2774 5439 2828 5494 in
2857 5439 2976 5508 ejus
3007 5435 3303 5495 artiﬁciosa
3330 5437 3527 5496 virtute
3560 5437 3741 5496 disca-
