4088 6180
324 251 432 308 21⁸1

1817 243 2193 303 EPISTOLIE.

3520 255 3626 310 218

331 391 469 440 mus,
503 373 948 430 adversariorum
969 387 1228 446 pugnam,
1265 380 1318 428 et
1345 377 1656 429 constanter
1684 371 1931 444 aliquan-
1951 368 2010 430 Α
2033 386 2106 426 na
2133 371 2386 428 Ecclesia
2400 373 2736 430 cardinalem
2757 391 2986 434 necesse
3013 377 3266 434 duximus
3295 377 3623 435 constituere

335 463 401 518 do
427 472 709 534 appetere,
736 470 791 518 et
817 463 1120 533 prudenter
1149 461 1444 534 aliquando
1474 460 1774 517 declinare.
1811 461 1927 516 Ne-

336 566 490 607 cesse
519 551 723 623 quippe
752 558 838 606 est
861 559 919 606 ut
939 567 1037 622 per
1065 567 1226 606 omne
1255 551 1400 622 quod
1417 549 1632 622 agimus
1651 550 1706 604 in
1733 549 1932 604 mentis

331 639 528 693 trutina
557 638 793 709 positum
834 638 960 694 hinc
987 639 1225 709 pondus,
1268 638 1419 695 illinc
1462 637 1699 694 fructum
1756 637 1931 693 nostri

331 727 534 782 laboris
563 727 915 783 aestimemus.
945 729 1014 782 Et
1042 743 1164 784 cum
1193 727 1405 798 pondus
1436 727 1669 783 fructum
1691 735 1928 798 superat,

331 815 576 870 laborem
613 816 846 888 quisque
892 815 1111 870 innoxie
1160 817 1418 881 declinat,
1466 817 1761 872 dummodo
1787 834 1846 873 se
1875 818 1932 872 in

331 903 452 958 aliis
483 912 757 970 exerceat,
789 903 846 958 in
881 904 1077 976 quibus
1107 904 1259 960 lucro
1307 904 1580 961 fructuum
1609 907 1824 976 pondus
1853 906 1930 960 la-

329 993 476 1046 boris
505 992 708 1048 vincat.
741 992 879 1048 Cum
907 1008 1040 1048 vero
1059 993 1418 1065 subsequenti
1463 993 1757 1065 quantitate
1814 993 1930 1049 fru-

329 1090 514 1138 ctuum
563 1097 822 1136 mensura
865 1081 1070 1136 laboris
1116 1090 1207 1137 aut
1255 1090 1498 1154 aequatur
1535 1091 1625 1138 aut
1672 1083 1926 1150 vincitur,

327 1168 484 1225 labor
509 1185 624 1226 non
652 1170 769 1225 sine
797 1169 956 1240 gravi
995 1170 1156 1240 culpa
1184 1170 1506 1225 declinatur.
1541 1171 1694 1226 Unde
1724 1171 1930 1242 praedi-

327 1264 480 1314 cator
509 1266 750 1325 sanctus,
770 1274 894 1313 cum
925 1244 1179 1315 Damasci
1202 1258 1358 1313 valde
1389 1259 1688 1314 obstinatas
1719 1269 1928 1315 mentes

325 1346 775 1417 persequentium
829 1354 1100 1413 cerneret,
1161 1362 1346 1403 eorum
1394 1347 1564 1402 noluit
1617 1348 1930 1404 adversitati

325 1435 646 1506 conﬂigere,
717 1435 844 1506 quia
916 1435 1290 1506 semetipsum,
1349 1452 1510 1508 quem
1590 1435 1928 1507 profuturum

327 1523 509 1577 multis
536 1532 785 1589 noverat,
819 1523 950 1578 vidit
971 1531 1155 1594 posset
1185 1523 1436 1593 deﬁcere,
1473 1532 1525 1580 et
1555 1533 1644 1579 aut
1672 1525 1836 1578 nullis
1869 1541 1928 1580 se

323 1611 434 1667 illic
461 1619 552 1666 aut
582 1612 774 1683 paucis
795 1613 1079 1683 prodesse.
1113 1614 1404 1668 Secessum
1433 1629 1569 1684 ergo
1590 1630 1620 1667 a
1636 1615 1928 1670 certamine

2031 461 2394 528 sacerdotem,
2421 470 2546 517 utet
2565 473 2875 535 susceptam
2905 467 3074 523 semel
3105 466 3406 522 animarum
3434 483 3625 523 curam

2027 547 2226 604 intuitu
2269 549 2462 606 future
2516 552 2890 609 retributionis
2936 555 3164 626 impleas
3221 563 3274 612 et
3301 555 3429 612 licet
3472 571 3506 611 a
3533 563 3627 611 tua

2029 636 2277 693 Ecclesia
2309 639 2385 693 sis
2422 639 2578 695 hoste
2622 641 2938 698 imminente
2983 644 3264 714 depulsus,
3309 644 3472 700 aliam
3502 661 3624 718 quae

2028 734 2254 796 pastore
2293 733 2449 784 vacat
2473 729 2675 785 debeas
2705 731 3004 787 Ecclesiam
3036 733 3364 804 gubernare.
3415 735 3494 788 Ita
3539 741 3626 788 ta-

2029 823 2198 882 ment,
2227 823 2286 870 ut
2332 817 2603 874 civitatem
2651 818 2797 874 illam
2841 821 3090 876 hostibus
3120 821 3347 876 liberam
3381 820 3540 889 effici,
3572 831 3628 878 et

2029 903 2263 959 Domino
2309 913 2632 977 protegente
2681 907 2751 962 ad
2807 907 3046 978 priorem
3095 917 3292 964 statum
3335 911 3627 984 contigerit

2029 993 2295 1060 revocari,
2351 994 2422 1047 ad
2453 994 2613 1048 aliam
2641 995 2698 1049 in
2725 1012 2830 1066 qua
2859 1004 2910 1051 et
2939 997 3090 1067 prius
3121 998 3403 1053 ordinatus
3432 1014 3492 1053 es
3520 1001 3626 1054 Ec-

2029 1081 2252 1136 clesiam
2280 1082 2590 1137 revertaris.
2628 1083 2721 1138 Sin
2751 1092 2933 1138 autem
2981 1087 3242 1156 praedicta
3272 1087 3458 1142 civitas
3488 1102 3625 1144 con-

2029 1169 2178 1224 tinua
2231 1171 2554 1240 captivitatis
2612 1171 2918 1227 calamitate
2973 1175 3253 1244 premitur,
3312 1174 3370 1228 in
3428 1191 3538 1246 qua
3591 1191 3626 1232 a

2028 1257 2186 1312 nobis
2221 1257 2595 1314 incardinatus
2617 1274 2678 1314 es
2701 1261 2906 1316 debeas
2947 1263 3198 1318 Ecclesia
3225 1279 3568 1334 permanere.
3599 1288 3620 1311 ι»

2098 1345 2196 1400 XI.
2248 1346 2346 1400 His
2405 1347 2814 1403 auctoritatibus
2878 1351 3168 1418 Actardus,
3244 1351 3625 1407 Namnetensis

2029 1433 2338 1504 episcopus,
2359 1435 2510 1504 prius
2539 1450 2572 1489 a
2600 1437 2891 1492 Nominoio
2918 1438 3218 1493 Brittonum
3248 1438 3386 1494 duce
3419 1440 3488 1495 de
3523 1449 3624 1495 sua

2029 1521 2244 1578 civitate
2261 1523 2538 1593 expulsus,
2560 1539 2592 1579 a
2608 1525 2808 1580 domno
2839 1542 2972 1598 rege
2991 1527 3204 1591 Carolo,
3221 1526 3410 1599 fugato
3431 1529 3625 1583 eodem

2027 1610 2328 1666 Brittonum
2372 1612 2529 1680 duce,
2581 1613 2809 1668 consilio
2857 1615 3235 1686 episcoporum
3280 1615 3433 1670 illum
3461 1633 3626 1687 quem

323 1701 497 1771 petiit,
541 1708 595 1755 et
622 1708 990 1773 pugnaturum
1019 1700 1232 1756 felicius
1273 1702 1344 1756 ad
1381 1701 1486 1756 alia
1515 1718 1576 1757 se
1633 1703 1773 1757 bella
1803 1719 1926 1758 ser-
1953 1724 2007 1784 Β
2028 1698 2085 1752 in
2115 1700 2244 1754 sede
2275 1700 2629 1755 Namnetensi
2657 1702 2832 1757 isdem
2861 1711 3127 1773 tyrannus
3159 1703 3366 1760 fecerat
3415 1705 3627 1760 exordi-

325 1787 491 1842 vavit.
525 1789 650 1842 Non
669 1789 815 1844 enim
845 1789 965 1845 loco
991 1789 1182 1858 virtus,
1213 1790 1310 1844 sed
1339 1790 1494 1846 locus
1524 1790 1706 1846 virtuti
1736 1790 1922 1846 defuit.

323 1877 390 1932 Et
419 1875 625 1932 idcirco
673 1876 1002 1932 fortissimus
1042 1878 1202 1933 miles
1231 1879 1301 1932 ab
1345 1879 1646 1934 obsidionis
1677 1881 1930 1951 angustia

324 1965 640 2021 certaminis
671 1980 921 2036 campum
948 1966 1216 2036 quaesivit.
1248 1966 1351 2022 Ubi
1380 1977 1560 2022 autem
1591 1968 1930 2040 subjuganda

325 2053 444 2126 regi
486 2053 712 2124 praprio
757 2055 924 2108 multa
969 2055 1408 2110 adversariorum
1447 2056 1591 2112 colla
1623 2057 1926 2128 conspexit,

327 2141 509 2196 subire
541 2141 746 2196 bellum
775 2143 864 2197 vel
893 2158 1016 2198 cum
1042 2151 1216 2198 morte
1263 2159 1372 2199 non
1399 2143 1598 2198 timuit.
1638 2144 1786 2200 Sicut
1811 2145 1927 2215 ipse

321 2245 448 2286 cum
477 2230 918 2302 Hierosolymam
945 2239 1220 2304 pergeret,
1255 2247 1488 2305 cumque
1513 2233 1765 2303 discipuli
1795 2250 1926 2304 pas-

325 2317 538 2373 sionem
587 2317 734 2373 illius
779 2335 881 2389 per
920 2320 1267 2390 prOphetiam
1315 2322 1626 2391 praescitam
1671 2322 1928 2392 prohibe-

326 2413 461 2472 rent,
495 2405 716 2461 sibimet
745 2407 849 2477 ipsi
875 2415 1159 2463 attestatur
1179 2409 1367 2464 dicens
1401 2427 1414 2462 :
1448 2412 1557 2480 Ego
1603 2411 1757 2466 enim
1811 2426 1926 2467 non

323 2495 510 2550 solum
527 2495 780 2567 alligari,
804 2495 901 2551 sed
941 2501 997 2551 et
1031 2499 1176 2553 mori
1205 2499 1268 2552 in
1298 2499 1650 2553 Hierusalem
1687 2503 1926 2570 paratus

323 2599 450 2637 sum
463 2600 570 2655 pro
587 2585 816 2639 nomine
827 2586 1056 2640 Domini
1073 2587 1224 2642 Iesu.
1251 2587 1432 2658 Neque
1456 2589 1611 2642 enim
1627 2589 1777 2657 facio
1796 2589 1923 2642 ani-

321 2688 477 2726 mam
507 2688 692 2727 meam
726 2673 1117 2744 pretiosiorem
1143 2690 1315 2746 quum
1345 2691 1434 2730 me
1469 2675 1613 2745 (Act.
1648 2690 1770 2730 χχι.
1813 2677 1922 2744 13).

322 2758 463 2826 Quia
493 2760 819 2830 praedicator
848 2761 1122 2834 egregius,
1147 2763 1418 2833 despectis
1439 2764 1794 2834 potestatibus
1817 2779 1924 2818 saa-

321 2847 447 2912 culi,
471 2849 654 2903 nullos
691 2849 962 2904 minarum
991 2849 1199 2905 sonitus
1243 2851 1598 2922 pertimescit.
1631 2853 1925 2908 Videamus

321 2935 486 2991 alium
520 2953 724 3009 equum
773 2938 872 2993 Dei
921 2940 1195 3010 quomodo
1247 2948 1450 2994 terram
1492 2940 1728 3007 sorbeat,
1782 2957 1924 3012 quo-

321 3025 487 3081 modo
530 3025 714 3080 nullus
752 3042 879 3082 eum
927 3028 1099 3083 turba:
1145 3035 1324 3084 terror
1371 3028 1615 3100 attingat.
1651 3029 1922 3102 Scriptum

323 3121 405 3168 est
435 3131 449 3167 :
487 3115 954 3187 Supervenerunt
981 3121 1174 3172 autem
1203 3118 1432 3190 quidam
1453 3119 1519 3173 ab
1547 3119 1849 3174 Antiochia
1869 3123 1928 3174 et

323 3203 509 3258 Iconio
522 3204 728 3269 Judaei,
747 3209 804 3259 et
819 3206 1105 3277 persuasis
1127 3207 1324 3273 turbis,
1345 3207 1664 3279 lapidantes
1678 3208 1924 3264 Paulum

323 3295 642 3347 (ruerunt
667 3296 836 3348 extra
862 3294 1172 3360 civitatem,
1216 3295 1485 3350 cestiman
1496 3298 1578 3350 tes
1607 3312 1737 3352 eum
1766 3313 1922 3352 mor-

324 3383 486 3434 tuum
504 3394 645 3435 esse.
678 3381 1173 3437 Circumdantibus
1219 3387 1414 3438 autem
1453 3400 1583 3439 eum
1603 3383 1917 3456 discipulis,

320 3485 555 3540 surgens
581 3469 826 3525 intravit
852 3471 1161 3536 civitatem,
1195 3475 1251 3526 et
1266 3475 1494 3542 postera
1524 3471 1614 3527 die
1631 3474 1922 3544 profectus

319 3562 404 3612 est
432 3574 570 3613 cum
609 3557 868 3614 Barnaba
903 3560 966 3614 in
994 3560 1227 3614 Derben.
1265 3559 1508 3632 Cumque
1536 3560 1921 3631 euangelicos-

317 3650 446 3701 ,ςθηί
465 3647 695 3702 civitati
721 3647 834 3710 illi,
867 3651 926 3702 et
961 3647 1283 3703 docuissent
1303 3649 1513 3704 multos
1545 3651 1758 3704 reversi
1785 3652 1923 3704 sunt

319 3736 536 3806 Lystra,
551 3738 614 3789 et
627 3735 832 3801 Iconio,
858 3737 914 3790 et
933 3736 1256 3801 Antiochia,
1276 3738 1680 3806 conﬁrmantes
1701 3738 1922 3793 animos

317 3822 731 3896 discipulorum
759 3822 905 3893 (Act.
933 3838 1050 3889 xxv,
1085 3825 1194 3893 17).
1228 3824 1632 3895 Perpendamus
1645 3841 1778 3899 ergo
1800 3843 1922 3898 quae

317 3910 458 3967 hunc
473 3926 683 3983 equum
711 3919 935 3982 possent
946 3911 1108 3968 mina
1136 3928 1512 3983 compescere,
1545 3914 1766 3985 quando
1797 3931 1922 3970 eum

315 4000 381 4054 ab
406 3999 710 4056 intentione
735 4015 835 4055 sua
851 4015 961 4056 non
983 4001 1125 4056 valet
1147 4016 1295 4056 mors
1321 4002 1438 4073 ipsa
1449 4002 1760 4074 prohibere.
1776 4003 1921 4060 Ecce

314 4087 592 4158 lapidibus
647 4088 913 4156 obruitur,
961 4103 1067 4146 nec
1097 4097 1280 4146 tamen
1309 4106 1342 4145 a
1387 4090 1636 4146 veritatis
1665 4107 1921 4147 sermone

314 4184 646 4232 removetur.
683 4177 874 4233 Occidi
894 4182 1094 4249 potest,
1121 4179 1366 4250 superari
1397 4195 1507 4235 non
1527 4187 1726 4251 potest.
1762 4180 1922 4235 Velut

316 4265 618 4321 exstinctus
660 4271 809 4320 extra
840 4266 1033 4322 urbem
1060 4267 1366 4338 projicitur,
1400 4269 1498 4324 sed
1545 4268 1681 4323 intra
1728 4268 1920 4324 urbem

316 4352 403 4408 die
431 4353 544 4408 alio
565 4352 770 4409 illmsus
798 4355 1122 4426 praedicator
1149 4356 1442 4412 invenitur.
1479 4355 1525 4412 Ο
1569 4373 1733 4430 quam
1762 4356 1918 4413 fortis

2029 1787 2168 1852 nari,
2202 1787 2258 1841 in
2276 1790 2610 1843 monasterio
2642 1791 2813 1846 sancti
2851 1791 3066 1846 Martini
3089 1792 3251 1861 jussit
3299 1793 3539 1859 exulare,
3573 1801 3628 1849 et

2029 1875 2325 1930 Actardum
2373 1875 2425 1929 in
2457 1877 2588 1931 sede
2619 1893 2718 1932 sua
2746 1879 2974 1934 restitui.
3008 1881 3207 1935 Postea
3253 1889 3436 1936 autem
3465 1898 3496 1935 a
3524 1881 3624 1937 Sa-

2028 1963 2246 2019 lomone
2289 1972 2520 2034 tyranno
2568 1967 2822 2022 eumdem
2868 1969 3166 2023 Actardum
3199 1985 3230 2022 a
3277 1969 3495 2025 civitate
3525 1985 3627 2026 sua

2029 2052 2332 2123 expulsum,
2395 2051 2453 2107 in
2515 2061 2744 2110 vacante
2794 2055 3089 2110 Morinensi
3134 2057 3368 2112 ecclesia
3409 2059 3626 2114 concilii

2029 2155 2299 2196 consensu
2355 2141 2626 2196 concessit
2653 2143 2970 2215 aliquandiu
2997 2144 3292 2211 immorari,
3326 2146 3501 2202 donec
3527 2163 3624 2217 pe-

2029 2229 2265 2282 tentibus
2321 2229 2469 2286 clero
2516 2245 2582 2286 ac
2625 2231 2785 2301 plebe
2826 2232 3120 2302 provinciae
3171 2233 3519 2299 Turonensis,
3572 2242 3626 2290 et

2029 2317 2446 2372 conhibentibus
2476 2317 2767 2390 episcopis,
2802 2321 2870 2375 ad
2888 2321 3225 2392 provinciam
3257 2338 3411 2377 suam
3439 2322 3619 2378 rediit.

2028 2413 2081 2459 et
2109 2421 2138 2458 a
2167 2404 2423 2475 pontiﬁce
2453 2407 2769 2477 apostolica:
2799 2409 2946 2463 sedis
2974 2410 3030 2464 in
3071 2418 3296 2466 vacante
3331 2411 3622 2482 metropoli

2026 2492 2124 2547 fuit
2149 2493 2539 2550 incardinatus.
2582 2495 2688 2564 Qui
2717 2497 2987 2552 Actardus
3014 2514 3124 2553 non
3143 2499 3408 2554 debuerat
3435 2499 3624 2555 sedem

2027 2597 2184 2636 suam
2211 2591 2438 2649 mutare,
2463 2583 2509 2638 si
2540 2583 2749 2640 valerat
2796 2585 2870 2640 ibi
2927 2587 3246 2656 consistere,
3281 2587 3368 2641 vel
3412 2587 3458 2641 si
3485 2587 3622 2642 alius

2025 2669 2224 2740 aliquis
2255 2679 2418 2740 esset,
2451 2671 2542 2742 qui
2572 2672 2734 2726 simili
2775 2673 2862 2728 vel
2893 2673 3032 2729 forte
3057 2674 3252 2742 majori
3282 2675 3503 2730 utilitate
3529 2691 3622 2730 re-

2025 2759 2296 2830 gulariter
2324 2759 2379 2813 in
2409 2760 2713 2816 Turonensi
2759 2761 2994 2818 ecclesia
3020 2769 3206 2833 posset
3237 2762 3500 2831 ordinari,
3532 2763 3622 2818 di-

2025 2854 2182 2902 cente
2211 2847 2506 2903 Caelestino
2539 2850 2725 2922 (epist.
2768 2852 2816 2916 l,
2870 2851 2942 2906 ad
2999 2853 3276 2924 episcopos
3300 2867 3404 2924 per
3457 2853 3622 2909 Vien-

2025 2951 2160 3002 nen,
2195 2936 2343 3007 etc):
2393 2959 2415 2984 «ι
2451 2937 2602 2993 Tunc
2628 2937 2766 2993 alter
2804 2939 2874 2994 de
2904 2937 3075 2994 altera
3103 2939 3338 3013 eligatur
3368 2940 3619 3008 ecclesia,

2026 3022 2073 3078 si
2103 3024 2172 3078 de
2199 3023 2431 3080 civitatis
2460 3025 2633 3095 ipsius
2663 3026 2900 3094 clericis,
2934 3027 3021 3084 cui
3053 3036 3135 3084 est
3191 3029 3483 3101 episcopus
3525 3045 3622 3084 or-

2024 3113 2316 3180 dinandus,
2350 3113 2531 3168 nullus
2551 3114 2768 3187 dignas,
2789 3117 2935 3187 quod
2953 3117 3173 3172 evenire
3193 3134 3302 3172 non
3317 3117 3616 3185 credimus,

2020 3202 2220 3272 poterit
2245 3201 2494 3258 inveniri.
2528 3203 2768 3258 Primum
2805 3205 2950 3259 enim
2979 3205 3056 3260 ilii
3085 3206 3417 3277 reprobandi
3474 3215 3617 3277 sunt,

2021 3299 2078 3344 ut
2101 3290 2266 3361 aliqui
2297 3290 2366 3345 de
2394 3289 2588 3347 alienis
2617 3292 2867 3348 ecclesiis
2885 3293 3080 3349 merito
3097 3294 3473 3365 praeferantur.
3507 3296 3619 3350 Ha-

2021 3379 2144 3433 beat
2197 3379 2570 3451 unusquisque
2617 3396 2731 3436 suse
2769 3380 3004 3437 fructum
3049 3383 3254 3438 militiai
3281 3384 3338 3438 in
3366 3382 3616 3450 ecclesia,

2021 3466 2078 3520 in
2106 3481 2213 3538 qua
2243 3482 2400 3520 suum
2430 3483 2531 3537 per
2571 3468 2756 3523 omnia
2802 3468 2982 3526 officia
3027 3471 3295 3542 transegit
3347 3478 3564 3527 aetatem
3602 3490 3616 3527 :

2021 3554 2078 3609 in
2097 3554 2274 3610 aliena
2293 3555 2558 3626 stipendia
2602 3556 2826 3612 minime
2873 3558 3012 3612 alter
3067 3559 3314 3630 obrepat,
3366 3575 3468 3615 nec
3496 3559 3618 3616 aliis

2020 3643 2262 3699 debitam
2282 3643 2423 3699 alter
2451 3643 2555 3698 sibi
2584 3646 2780 3700 audeat
2802 3646 3080 3703 vindicare
3111 3649 3444 3704 mercedem.
3483 3669 3506 3699 ι

2091 3733 2212 3787 XII.
2248 3731 2406 3802 Quod
2449 3741 2631 3789 autem
2688 3734 2865 3791 isdem
2919 3736 3187 3792 Actardus
3241 3737 3510 3808 apposuit,
3561 3747 3620 3794 ut

2021 3829 2278 3894 utrasque
2309 3822 2468 3878 sedes
2487 3823 2862 3881 Turonensem
2893 3825 3098 3882 scilicet
3113 3834 3164 3882 et
3192 3826 3621 3882 Namnetensem
3659 3860 3672 3874 ο

2021 3911 2184 3966 simul
2213 3918 2440 3977 teneret,
2463 3919 2652 3967 contra
2668 3913 3114 3970 Chalcedonense
3145 3915 3439 3972 concilium
3463 3922 3615 3987 (can.

2019 3997 2082 4068 Χ)
2113 3997 2297 4071 egisse
2328 3997 2566 4066 videtur,
2597 4017 2704 4072 quo
2743 4003 3029 4058 decretum
3060 4009 3144 4058 est
3177 4021 3191 4059 :
3227 4025 3250 4054 κ
3283 4005 3407 4060 Non
3455 4005 3624 4062 licere

2019 4085 2348 4142 clericumin
2375 4088 2608 4143 duarum
2639 4089 2918 4145 civitatum
2948 4092 3221 4148 conscribi
3249 4092 3407 4148 simul
3437 4093 3620 4151 eccle-

2019 4173 2137 4242 siis,
2169 4182 2223 4230 et
2251 4175 2306 4231 in
2337 4191 2442 4248 qua
2471 4176 2623 4232 initio
2642 4178 2922 4233 ordinatus
2951 4187 3051 4246 est,
3084 4188 3137 4236 et
3162 4188 3212 4236 at
3243 4197 3402 4254 quam
3431 4181 3621 4238 confu-

2019 4263 2117 4334 git,
2153 4263 2308 4336 quasi
2335 4263 2407 4320 ad
2433 4265 2718 4336 potiorem,
2739 4267 2810 4322 ob
2826 4267 3006 4322 inanis
3027 4269 3222 4340 gloria:
3248 4269 3616 4341 cupiditatem.

2019 4351 2136 4407 Hoc
2181 4360 2361 4407 autem
2410 4351 2672 4408 facientes
2716 4355 2968 4411 revocari
3007 4356 3212 4411 debere
3235 4357 3307 4412 ad
3337 4374 3491 4412 suam
3519 4374 3616 4414 ec-

309 4441 438 4498 huic
467 4443 592 4497 viro
619 4441 763 4498 inest
810 4443 1070 4498 ﬁrmitas!
1120 4461 1154 4500 ο
1212 4461 1373 4516 quam
1418 4445 1610 4502 victrix
1637 4445 1838 4518 poena!
1885 4462 1918 4502 ο
1945 4434 2248 4499 Dclesiam
2278 4439 2332 4494 in
2365 4456 2472 4511 qua
2492 4442 2744 4513 primitus
2771 4443 3005 4499 ordinati
3027 4452 3170 4511 sunt,
3203 4452 3257 4500 et
3286 4445 3362 4500 ibi
3389 4453 3620 4504 tantum-

312 4547 474 4602 quam
504 4531 832 4586 dominatrix
865 4531 1158 4604 patientia!
1193 4534 1278 4589 Ad
1306 4533 1582 4606 agendum
1612 4535 1922 4606 repulsione

309 4627 672 4690 provocatur,
706 4621 774 4674 ad
815 4621 1224 4692 praedicandam
1277 4622 1501 4678 salutem
1545 4622 1727 4696 plagis
1756 4623 1922 4696 erigi-

309 4716 417 4778 tur,
449 4709 522 4762 ad
551 4709 962 4780 propellendam
992 4710 1196 4766 laboris
1230 4711 1600 4766 lassitudinem
1631 4727 1795 4782 poena
1826 4728 1922 4767 re-

313 4796 552 4852 fovetur.
587 4818 610 4847 ι
636 4797 746 4853 Sed
776 4806 830 4853 et
858 4798 1030 4853 isdem
1061 4799 1252 4854 beatus
1283 4799 1586 4872 Gregorius
1618 4800 1672 4854 in
1691 4800 1924 4871 epistola

310 4887 382 4940 ad
411 4885 710 4958 Agnellum
767 4886 1084 4958 episcopum
1137 4887 1325 4944 scribit
1379 4887 1499 4958 (lib.
1533 4903 1616 4955 x1,
1678 4890 1797 4944 ind.
1833 4893 1918 4956 Η,

312 4976 480 5046 epist.
510 4973 601 5045 13)
636 4991 650 5029 :
689 4996 712 5025 ι
751 4973 887 5043 Quia
917 4975 1085 5048 igitur
1113 4976 1183 5030 ob
1215 4975 1426 5032 cladem
1457 4976 1784 5044 hostilitatis,
1818 4993 1922 5034 nec

312 5062 369 5116 in
396 5063 641 5129 civitate,
675 5078 777 5119 nec
810 5063 866 5118 in
912 5063 1165 5120 Ecclesia
1193 5072 1283 5118 tua
1314 5073 1399 5119 est
1455 5065 1706 5137 cuiquam
1758 5065 1920 5121 habi-

310 5151 464 5206 tandi
523 5151 765 5220 licentia,
825 5151 950 5207 ideo
980 5160 1031 5207 te
1077 5153 1394 5209 auctoritate
1439 5162 1627 5209 nostra
1664 5154 1920 5210 Terraci-

310 5240 472 5295 nensi
525 5241 791 5296 Ecclesia;
852 5241 1184 5297 cardinalem
1230 5241 1608 5298 constituimus
1665 5244 1922 5300 sacerdo—

311 5336 448 5384 tem.
495 5350 518 5378 »
555 5331 624 5384 Et
643 5329 700 5383 in
729 5329 956 5400 epistola
977 5330 1044 5384 ad
1063 5332 1330 5387 Joannem
1352 5331 1670 5403 episcopum
1690 5332 1810 5404 (lib.
1834 5349 1916 5400 χι,

311 5419 432 5473 ind.
465 5421 553 5487 10,
615 5419 784 5490 epist.
838 5418 971 5489 25):
1035 5440 1058 5468 α
1093 5421 1168 5475 Te
1221 5421 1484 5476 Joannem
1543 5420 1612 5475 ab
1668 5421 1920 5477 hostibus

313 5506 594 5577 captivatae
622 5506 880 5563 Lisitanaa
919 5506 1153 5565 civitatis
1182 5508 1500 5581 episcopum
1547 5509 1602 5564 in
1635 5508 1917 5580 Squillita-

2019 4529 2184 4584 modo
2213 4528 2545 4586 ministrare.
2595 4531 2652 4587 Si
2678 4547 2808 4588 vero
2832 4532 2949 4602 jam
2977 4533 3098 4605 quis
3127 4533 3422 4590 translatus
3451 4542 3534 4590 est
3549 4552 3617 4592 ex

2021 4618 2129 4672 alia
2157 4616 2213 4672 in
2241 4617 2401 4673 aliam
2432 4619 2740 4687 ecclesiam,
2771 4621 2970 4692 prioris
2999 4621 3267 4693 ecclesiae,
3299 4623 3385 4678 vel
3410 4631 3616 4696 marty-

2021 4705 2222 4762 riorum
2253 4723 2374 4778 quae
2403 4708 2505 4763 sub
2534 4724 2596 4764 ea
2640 4717 2784 4778 sunt,
2827 4718 2920 4764 aut
2948 4711 3311 4781 ptochiorum,
3334 4719 3426 4767 aut
3456 4728 3619 4768 xeno-

2021 4793 2339 4849 dochiorum
2369 4797 2535 4852 rebus
2582 4797 2639 4852 in
2681 4797 2830 4854 nullo
2881 4799 3300 4856 communicent.
3344 4801 3456 4856 Eos
3485 4817 3618 4858 vero

2021 4883 2112 4954 qui
2143 4883 2258 4938 ausi
2299 4883 2518 4952 fuerint,
2560 4893 2684 4957 post
2731 4885 3106 4942 difﬁnitionem
3159 4904 3372 4960 magna:
3416 4897 3470 4945 et
3499 4891 3620 4946 uni-

2019 4971 2251 5027 versalis
2306 4973 2465 5042 hujus
2520 4973 2716 5045 synodi
2758 4975 3051 5046 quidquam
3090 4993 3156 5032 ex
3197 4977 3283 5032 his
3325 4995 3448 5050 quae
3494 4988 3620 5036 sunt

2019 5060 2298 5130 prohibita
2347 5069 2684 5133 perpetrare,
2745 5063 2990 5120 decrevit
3045 5073 3235 5122 sancta
3288 5067 3529 5138 synodus
3584 5083 3620 5122 a

2020 5148 2245 5220 pr0prio
2275 5149 2579 5220 hujusmodi
2607 5151 2779 5223 gradu
2808 5153 3090 5210 recedere.
3129 5175 3152 5206 ι

2090 5237 2239 5292 ΧΙΙΙ.
2275 5237 2434 5306 Quod
2463 5246 2641 5294 autem
2697 5241 2915 5313 quidam
2957 5252 3146 5300 contra
3186 5245 3291 5300 hoc
3320 5243 3615 5316 capitulum

2017 5325 2179 5394 hujus
2204 5341 2420 5398 magna:
2449 5335 2501 5383 et
2531 5327 2859 5385 universalis
2889 5333 3104 5404 synodi,
3146 5331 3300 5406 quasi
3329 5349 3394 5387 ex
3434 5333 3616 5389 verbis

2018 5414 2165 5470 beati
2210 5415 2462 5489 Gregorii
2489 5425 2744 5491 satagunt
2799 5437 2858 5476 se
2904 5421 3134 5488 munire,
3177 5430 3234 5476 ut
3283 5421 3420 5477 duas
3451 5423 3614 5480 sedes

2019 5503 2180 5561 simul
2236 5513 2419 5562 tenere
2480 5506 2714 5577 valeant,
2773 5525 2895 5566 cum
2978 5509 3113 5568 nulli
3173 5510 3480 5569 Christiano
3547 5513 3615 5571 sit
