4088 6180
441 243 547 300 219

1221 242 1564 300 HINCMARI
1591 240 1994 299 RHEMENSIS
2020 240 2570 300 ARCHIEPISCOPI.

3626 250 3738 306 220

441 363 670 432 licitum,
703 365 788 422 vel
817 367 954 422 duas
993 382 1192 424 uxores
1226 367 1407 432 simul,
1451 366 1537 422 vel
1569 382 1796 422 uxorem
1826 373 1879 422 et
1907 381 2038 422 con-
2064 365 2122 428 Α
2143 367 2442 438 quentium,
2474 369 2617 425 hanc
2661 369 3064 425 observantiam
3105 368 3361 437 refutare,
3397 385 3559 442 quam
3588 371 3738 426 beati

444 453 697 509 cubinam
743 453 965 509 insimul
1011 455 1230 520 habere,
1273 455 1570 526 diligenter
1600 455 1768 510 verba
1797 455 2040 523 ejusdem

445 541 591 597 beati
639 541 891 614 Gregorii
919 544 975 598 in
1017 543 1246 614 epistola
1291 543 1358 597 ad
1389 543 1697 598 Bacandum
1727 543 2046 614 episcopum

444 637 632 687 curent
659 631 992 701 discernere,
1041 648 1147 703 qua
1188 631 1335 696 dicit,
1386 647 1496 686 non
1541 631 1608 686 de
1647 631 1864 704 longius
1903 631 2044 686 civi-

445 718 626 774 tatulis
653 735 686 774 a
717 735 777 774 se
804 719 1036 776 invicem
1071 719 1381 790 disparatis,
1417 720 1514 774 sed
1542 719 1611 774 de
1641 719 2041 786 collimitaneis,

445 813 499 860 et
525 807 594 862 de
623 815 734 862 tam
771 807 901 864 cleri
933 823 1098 880 quam
1125 809 1301 879 plebis
1328 807 1703 863 imminutione
1753 807 2040 874 destitutis,

447 901 500 949 et
547 895 710 950 rebus
764 911 830 951 ac
879 895 1226 952 facultatibus
1274 895 1550 951 desolatis.
1607 918 1626 944 α
1663 897 1730 950 Et
1785 895 2046 966 temporis

445 983 744 1038 necessitas
802 1000 922 1051 nos,
979 984 1153 1056 inquit
1181 984 1301 1055 (lib.
1335 999 1372 1052 ι,
1407 985 1573 1056 epist.
1625 987 1699 1054 8),
1763 991 2043 1054 perurget,

445 1079 498 1126 et
524 1070 825 1128 imminutio
855 1088 1214 1144 personarum
1247 1071 1416 1144 exigit
1471 1080 1531 1126 ut
1561 1071 1832 1126 destitutis
1863 1072 2048 1128 eccle-

445 1159 542 1214 siis
571 1160 778 1216 salubri
817 1175 883 1218 ac
921 1161 1148 1232 provida
1193 1159 1492 1216 debeamus
1534 1160 1891 1230 dispositione
1923 1177 2047 1217 suc-

441 1263 684 1304 currere.
719 1249 786 1303 Et
815 1249 938 1304 ideo
967 1248 1225 1320 quoniam
1269 1249 1563 1304 ecclesiam
1609 1249 2048 1304 Minturnensem

441 1335 684 1392 funditus
738 1345 848 1392 tam
894 1337 1028 1392 cleri
1073 1351 1239 1409 quam
1279 1337 1457 1408 plebis
1493 1337 1803 1392 destitutam
1832 1338 2052 1393 desola-

443 1424 593 1480 tione
648 1425 1026 1497 cognovimus,
1113 1433 1366 1496 tuamque
1422 1441 1523 1496 pro
1573 1441 1640 1481 ea
1706 1425 2046 1496 petitionem.

453 1520 722 1583 quatenus
767 1513 1068 1568 Formiana
1105 1513 1370 1581 ecclesia,
1401 1514 1456 1568 in
1489 1529 1596 1586 qua
1649 1529 1848 1585 corpus
1905 1500 2050 1570 beati

451 1599 666 1656 Erasmi
693 1601 951 1674 martyris
997 1601 1306 1674 requiescit,
1355 1601 1550 1674 cuique
1598 1601 1906 1658 fraternitas
1961 1611 2051 1658 tua

441 1688 716 1758 prasidet,
749 1690 974 1764 adjungi
1002 1691 1216 1756 debeat,
1247 1691 1392 1761 piam
1439 1706 1562 1746 esse
1592 1698 1656 1748 ac
1681 1691 2034 1759 justissimam

440 1777 824 1848 pravidentes,
857 1778 1226 1834 necessarium
1243 1779 1513 1846 duximus,
1545 1779 1892 1835 consulentes
1923 1787 2032 1835 tam

441 1864 761 1922 desolationi
814 1867 977 1934 illius,
1035 1883 1194 1938 quam
1251 1874 1358 1922 tua
1413 1867 1662 1924 ecclesia
1709 1868 2029 1940 paupertati,

441 1953 645 2009 reditus
671 1956 1008 2026 supradicta
1047 1955 1297 2012 ecclesia
1327 1955 1730 2022 Minturnensis,
1763 1955 1851 2012 vel
1881 1955 2033 2028 quid-

441 2042 572 2113 quid
600 2043 649 2098 ei
679 2043 904 2116 antiquo
948 2044 1322 2116 modernoque
1353 2044 1475 2113 jure
1506 2045 1595 2100 vel
1620 2044 1908 2116 privilegio
1937 2060 2036 2116 p0-

441 2130 540 2186 tuit
593 2138 840 2202 potestve
895 2132 1132 2204 qualibet
1185 2132 1392 2188 ratione
1435 2139 1766 2203 competere,
1827 2133 1896 2187 ad
1934 2141 2038 2188 tua

442 2219 691 2276 ecclesia
759 2221 848 2288 jus
910 2228 1342 2292 potestatemque
1401 2221 1504 2276 hac
1549 2221 1810 2292 pracepti
1865 2221 2038 2276 nostri

441 2307 762 2363 auctoritate
809 2309 1222 2378 transmigrare.
1261 2329 1282 2357 »
1318 2309 1380 2362 In
1409 2308 1560 2377 cujus
1597 2308 1782 2363 verbis
1809 2309 2038 2380 quisque

441 2394 605 2450 debet
661 2396 963 2462 attendere,
996 2396 1120 2468 quia
1155 2395 1286 2450 dicit
1317 2397 1463 2466 quod
1501 2396 1762 2466 temporis
1795 2397 2036 2452 necessi-

440 2488 522 2536 tas
561 2491 838 2554 perurget,
886 2491 940 2539 et
982 2482 1285 2538 imminutio
1334 2483 1500 2554 exigit
1562 2499 1938 2554 personarum,
1982 2493 2042 2538 ut

441 2569 710 2626 destitutis
745 2571 992 2628 ecclesiis
1013 2573 1214 2628 debeat
1243 2579 1643 2640 succurrere,et
1673 2572 2040 2630 necessarium

441 2657 592 2714 ducit
621 2667 729 2714 tam
757 2659 1077 2716 desolationi
1123 2660 1250 2726 loci,
1311 2676 1474 2732 quam
1520 2661 1818 2732 paupertati
1865 2661 2041 2717 eccle-

441 2746 541 2803 sia
613 2747 919 2805 consulere.
1003 2749 1202 2804 Volunt
1265 2747 1428 2804 etiam
1488 2748 1728 2821 quidam,
1777 2765 1842 2804 ex
1899 2765 2040 2821 quo-

443 2835 690 2891 rumdam
738 2836 939 2892 novelli
994 2837 1256 2907 temporis
1315 2837 1718 2908 adinventione,
1777 2853 2042 2908 usurpare

442 2924 941 2995 prasumptionem,
993 2932 1262 2996 quatenus
1321 2925 1484 2981 liceat
1539 2925 1619 2980 eis
1693 2927 1854 2982 sedes
1910 2941 2040 2982 suas

442 3019 675 3080 mutare,
718 3027 828 3066 non
872 3027 1037 3068 causa
1091 3012 1351 3080 utilitatis,
1384 3012 1482 3068 sed
1525 3013 1854 3084 superducto
1882 3013 2039 3086 quasi

443 3099 750 3156 velamento
816 3100 1171 3166 necessitatis,
1224 3116 1419 3156 revera
1475 3101 1693 3172 quidem
1749 3101 2040 3158 ambitione

444 3187 789 3258 cupiditatis;
849 3189 904 3243 in
973 3203 1084 3260 qua
1140 3196 1636 3244 commemorantur
1694 3189 1915 3261 quidam
1969 3191 2039 3246 de

447 3275 756 3332 civitatibus
784 3277 852 3332 ad
881 3277 1148 3346 civitates,
1181 3284 1235 3334 et
1289 3277 1448 3333 etiam
1493 3278 1561 3333 de
1617 3277 1916 3334 minoribus
1970 3279 2039 3333 ad

448 3365 694 3437 potiores
748 3365 992 3421 translati
1035 3365 1205 3421 fuisse
1247 3365 1509 3437 episcopi,
1568 3375 1858 3440 antequam
1913 3367 2040 3424 hinc

445 3461 611 3510 certa
641 3453 992 3511 diliinitiones
1009 3469 1290 3511 sacrorum
1307 3470 1572 3511 canonum
1601 3454 1752 3512 fuere
1779 3455 2035 3527 praﬁxae,

441 3559 578 3615 quas
633 3544 936 3616 transgredi
957 3543 1325 3615 perniciosum
1351 3551 1454 3600 cst.
1489 3544 1853 3610 Manifestum,
1901 3545 2040 3600 sicut

446 3639 670 3688 sanctus
701 3631 916 3688 Hilarus
963 3647 1106 3704 papa
1153 3633 1225 3686 ad
1279 3633 1564 3688 Leontium
1606 3641 1658 3687 et
1687 3633 1759 3688 ad
1813 3641 2039 3689 cateros

445 3720 734 3792 episcopos
791 3720 981 3776 scribit
1039 3720 1236 3776 dicens
1265 3720 1452 3793 (epist.
1489 3721 1622 3790 lt):
1663 3741 1685 3770 α
1739 3719 1878 3788 Quia
1929 3736 2038 3775 non

443 3808 622 3863 minus
664 3808 722 3862 in
786 3817 1094 3863 sanctarum
1139 3809 1484 3864 traditionum
1529 3807 1860 3878 delinquitur
1915 3823 2040 3862 san-

445 3895 672 3960 ctiones,
705 3911 866 3966 quam
895 3895 952 3948 in
981 3895 1231 3964 injuriam
1251 3896 1420 3966 ipsius
1449 3895 1666 3950 Domini
1697 3894 1988 3966 prosilitur.
2012 3915 2034 3946 »

441 3983 512 4038 Et
539 3991 760 4039 sanctus
791 3983 1114 4039 Calestinus
1145 3985 1326 4055 (epist.
1364 3987 1471 4053 tl):
1497 3982 1681 4038 «Nulli
1699 3983 2038 4038 sacerdotum

443 4085 574 4126 suos
603 4071 766 4128 liceat
794 4087 1034 4128 canones
1061 4072 1336 4144 ignorare,
1375 4087 1475 4128 nec
1508 4071 1803 4143 quidquam
1835 4071 2036 4139 facere,

445 4159 593 4232 quod
622 4167 839 4230 patrum
865 4160 1039 4232 possit
1076 4159 1279 4233 regulis
1334 4159 1574 4216 obviare.
1639 4159 1772 4229 Qua
1819 4160 1968 4215 enim
2008 4177 2039 4214 a

447 4247 607 4303 nobis
636 4264 723 4304 res
756 4250 918 4321 digna
965 4248 1292 4315 servabitur,
1324 4249 1370 4303 si
1424 4247 1780 4304 decretalium
1839 4264 2030 4305 norma

447 4337 860 4394 constitutorum
887 4353 988 4408 pro
1016 4336 1324 4408 aliquorum
1367 4336 1521 4392 libitu
1561 4336 1779 4393 licentia
1825 4338 2040 4408 p0pulis

2145 455 2289 510 Petri
2321 457 2510 512 sedem
2529 465 2583 512 et
2611 457 2764 529 sequi
2791 459 2970 513 videat
3001 465 3056 514 et
3081 459 3302 540 docere,
3335 459 3574 532 satisque
3605 475 3741 515 con-

2143 543 2368 600 veniens
2397 545 2485 614 sit,
2515 553 2574 600 ut
2599 554 2768 601 totum
2799 561 2996 617 corpus
3023 547 3284 603 Ecclesia
3315 547 3369 600 in
3400 549 3500 604 bac
3521 548 3742 602 sibimet

2143 633 2525 688 observatione
2556 634 2868 701 concordet,
2892 649 3057 706 quam
3085 635 3197 692 illic
3225 635 3414 708 vigere
3436 635 3741 708 conspiciat

2144 721 2236 775 ubi
2257 721 2522 776 Dominus
2549 722 2812 780 Ecclesia
2839 723 3002 778 totius
3054 723 3232 795 posuit
3285 723 3666 795 principatum.
3715 744 3740 772 ι

2143 809 2212 864 Ει
2279 808 2408 865 item
2450 809 2642 866 idem:
2679 832 2701 862 α
2749 811 2960 878 Patres,
3005 811 3196 884 inquit,
3257 811 3430 866 nostri
3487 811 3743 867 catholici

2144 897 2398 954 videlicet
2417 898 2671 971 doctique
2699 899 3002 970 pontiﬁces,
3035 900 3300 972 quidquid
3329 917 3426 972 pro
3479 899 3608 966 ﬁde,
3641 916 3742 972 pro

2145 986 2386 1053 veritate,
2421 1003 2522 1057 pro
2550 988 2929 1044 communione
2977 989 3243 1045 catholica
3291 997 3453 1061 atque
3507 997 3742 1060 aposto-

2145 1075 2268 1141 lica,
2331 1075 2626 1130 secundum
2683 1077 3092 1147 Scripturarum
3149 1077 3415 1132 tramitem
3487 1077 3744 1132 traditio-

2147 1179 2382 1235 nemque
2409 1164 2694 1232 majorum,
2727 1163 2872 1221 facta
2902 1165 3072 1220 semel
3087 1165 3512 1237 congregatione
3543 1180 3749 1220 sanxe-

2148 1259 2291 1317 runt,
2350 1251 2726 1307 inconvulsum
2781 1253 3069 1309 voluerunt
3111 1253 3368 1324 deinceps
3417 1251 3743 1324 ﬁrmumque

2149 1347 2415 1407 constare,
2449 1356 2550 1396 nec
2605 1341 2660 1394 in
2690 1341 2794 1397 hac
2823 1342 3014 1397 eadem
3043 1357 3204 1397 causa
3233 1342 3414 1396 denuo
3445 1357 3566 1413 qua
3595 1357 3746 1412 pra-

2151 1428 2258 1482 fixa
2311 1427 2522 1483 fuerant
2577 1429 2858 1485 retractari
2915 1429 3154 1500 qualibet
3200 1430 3407 1485 recenti
3469 1444 3745 1500 prasum-

2151 1516 2332 1586 ptione
2359 1517 2747 1588 permiserunt,
2785 1518 3186 1588 sapientissime
3199 1517 3571 1589 pervidentes,
3602 1533 3744 1589 quo-

2151 1604 2294 1659 niam
2325 1605 2371 1659 si
2401 1607 2622 1661 decreta
2649 1606 2940 1662 salubriter
2966 1606 3217 1678 cuiquam
3275 1605 3465 1662 liceret
3521 1607 3745 1672 iterare,

2061 1719 2115 1780 Β
2151 1693 2358 1748 nullum
2417 1703 2602 1750 contra
2640 1694 2884 1764 singulos
2940 1709 3185 1767 quosque
3241 1710 3463 1765 prorsus
3519 1709 3750 1750 errores

2135 1781 2327 1837 stabile
2355 1782 2675 1852 persisteret
2717 1782 2976 1839 Ecclesia
3004 1783 3372 1849 constitutum,
3407 1799 3472 1838 ac
3515 1798 3742 1853 semper

2133 1868 2310 1924 isdem
2361 1869 2630 1926 furoribus
2660 1870 2920 1925 redivivis
2952 1871 3132 1926 omnis
3205 1871 3418 1944 integra
3494 1869 3749 1926 diﬂinitio

2138 1959 2466 2013 turbaretur.
2506 1979 2529 2008 ιο
2563 1961 2632 2014 Ει
2654 1959 3007 2029 Symmachus
3030 1959 3162 2015 dicit
3181 1959 3366 2032 (epist.
3397 1963 3446 2026 l,
3481 1959 3703 2028 ιΕοπὶο)
3724 1979 3745 2015 :

2142 2069 2165 2098 α
2201 2047 2284 2101 Ad
2342 2047 2518 2118 ipsam
2568 2055 2977 2103 sacrosanctam
3036 2047 3360 2104 catholicam
3413 2048 3752 2120 religionem

2135 2135 2428 2206 pertinere,
2487 2135 2638 2204 cujus
2677 2135 2854 2191 omnis
2909 2143 3153 2206 potestas
3237 2135 3569 2209 infringitur,
3628 2136 3738 2190 nisi

2136 2224 2393 2280 universa
2421 2241 2544 2295 qua
2571 2240 2602 2278 a
2649 2223 2867 2278 Domini
2899 2223 3276 2280 sacerdotibus
3324 2224 3494 2280 semel
3523 2223 3740 2296 regula-

2137 2311 2268 2366 riter
2297 2319 2878 2382 statuunturperpetua
2905 2311 3032 2366 sint.
3053 2311 3216 2380 Quod
3241 2312 3376 2367 alias
3405 2312 3729 2384 contingere

2138 2400 2357 2471 poterit,
2391 2400 2438 2454 si
2467 2416 2754 2456 successor
2781 2401 3090 2456 decessoris
3111 2401 3322 2456 actibus
3346 2417 3455 2456 non
3487 2400 3742 2456 tribuerit

2139 2486 2470 2555 ﬁrmitatem,
2503 2495 2557 2544 et
2588 2489 2898 2544 roborando
2922 2505 3042 2560 qua
3069 2496 3225 2560 gesta
3271 2496 3396 2544 sunt
3423 2487 3585 2544 faciat
3611 2496 3728 2543 rata

2141 2592 2264 2632 esse
2303 2593 2424 2647 qua
2452 2575 2704 2649 gesserit.
2744 2597 2765 2626 »
2815 2577 2884 2632 Ει
2913 2577 3044 2632 item
3071 2577 3214 2633 idem
3245 2575 3432 2650 (epist.
3467 2577 3687 2648 eadem)
3716 2592 3730 2631 :

2146 2685 2172 2715 ε-
2203 2663 2413 2732 Quanta
2441 2665 2656 2720 vicariis
2684 2664 2985 2720 beatissimi
3029 2665 3170 2720 Petri
3200 2664 3433 2736 apostoli
3463 2664 3736 2734 judicabi-

2142 2759 2230 2808 tur
2257 2769 2380 2808 esse
2423 2753 2751 2819 reverentia,
2803 2753 2848 2808 si
2904 2770 3026 2824 qua
3071 2753 3128 2807 in
3174 2753 3484 2808 sacerdotio
3537 2753 3742 2824 praci-

2142 2841 2313 2912 piunt,
2371 2841 2580 2896 eisdem
2661 2841 3066 2896 transeuntibus
3148 2841 3556 2896 dissolvantur?
3593 2861 3611 2892 ι
3673 2841 3748 2897 Et

2143 2929 2314 2985 item:
2354 2951 2376 2981 ς
2411 2931 2536 2985 Non
2585 2937 2766 3001 potest
2803 2945 2871 2985 ex
2925 2936 3078 3000 parte
3134 2928 3348 2984 ﬁrmum
3397 2945 3523 2986 esse
3590 2929 3740 3002 quod

2145 3017 2514 3090 generalitatis
2541 3017 2717 3091 tangit
2730 3017 3066 3087 injuriam,et
3092 3019 3241 3091 quod
3259 3017 3436 3090 quasit
3461 3017 3531 3074 ad
3559 3026 3740 3072 astru-

2139 3107 2392 3175 ctionem,
2417 3106 2591 3179 magis
2619 3114 2800 3162 autem
2835 3106 2902 3160 ad
2933 3106 3360 3162 destructionem
3389 3105 3626 3177 positum
3654 3115 3742 3162 est

2137 3195 2193 3250 in
2263 3193 2645 3250 adinventione
2697 3193 2998 3265 pramissa.
3027 3215 3049 3245 υ
3111 3194 3267 3250 Unde
3319 3194 3495 3250 sancti
3544 3195 3738 3251 Patres

2137 3283 2344 3338 Nicani
2372 3283 2544 3354 capite
2576 3283 2816 3338 secundo
2846 3283 3033 3339 dicunt
3051 3285 3202 3353 (can.
3235 3284 3325 3353 11)
3359 3301 3373 3336 :
3411 3304 3434 3334 α
3468 3282 3740 3352 Quoniam

2137 3371 2293 3442 plura
2321 3379 2411 3426 aut
2439 3387 2539 3442 per
2568 3371 2970 3437 necessitatem,
3001 3379 3094 3426 aut
3122 3371 3255 3426 alias
3285 3371 3610 3444 cogentibus
3629 3373 3735 3428 ho-

2135 3459 2373 3514 minibus
2394 3460 2658 3516 adversus
2669 3459 3100 3516 ecclesiasticam
3123 3458 3259 3516 facta
3273 3460 3692 3532 suntregulam;
3713 3483 3734 3512 ι

2139 3555 2192 3603 et
2223 3557 2442 3604 sanctus
2501 3549 2611 3604 Leo
2666 3562 2806 3618 papa
2855 3547 3031 3618 capite
3076 3547 3502 3620 quadragesimo
3547 3556 3742 3620 quarto

2137 3636 2502 3692 Decretalium
2533 3651 2756 3691 suorum
2787 3635 2938 3701 dicit,
2961 3635 3318 3690 omittendum
3340 3651 3464 3690 esse
3485 3643 3538 3691 et
3567 3635 3744 3692 incul-

2137 3723 2316 3793 pabile
2340 3724 2716 3792 judicandum;
2769 3724 2916 3795 quod
2966 3723 3267 3779 necessitas
3309 3723 3505 3778 intulit.
3567 3723 3748 3793 Quam

2138 3812 2376 3867 alienum
2406 3828 2438 3866 a
2483 3813 2692 3867 ratione
2736 3821 2789 3868 et
2835 3812 3155 3868 auctoritate
3213 3813 3558 3869 astructionis
3587 3813 3755 3882 hujus

2136 3899 2456 3971 perniciosa
2483 3900 2857 3973 permissionis
2876 3901 2964 3968 sit,
2999 3901 3090 3973 qui
3120 3901 3315 3956 eadem
3345 3900 3581 3971 capitula
3608 3900 3746 3974 legit

2136 3996 2387 4060 patenter
2420 3989 2688 4061 agnoscit,
2721 3989 2846 4062 quia
2873 3989 3018 4044 illius
3049 3989 3274 4046 secundi
3293 3987 3514 4060 capituli
3528 3988 3740 4046 Nicani

2136 4077 2353 4134 concilii
2407 4093 2718 4148 processus,
2778 4079 2926 4150 quod
2987 4095 3224 4149 perpere
3284 4086 3466 4134 actum
3515 4085 3743 4134 eatenus

2140 4165 2330 4234 fuerat,
2366 4182 2435 4224 ne
2463 4167 2722 4238 deinceps
2752 4167 2982 4238 quisque
3027 4175 3338 4237 prasmnat,
3391 4183 3516 4222 cum
3545 4183 3749 4240 magna

2136 4254 2571 4310 interminatione
2606 4254 2904 4326 prohibuit,
2963 4263 3018 4310 et
3073 4255 3362 4326 capitulum
3395 4255 3746 4328 quadragesi-

2135 4359 2286 4398 mum
2316 4344 2529 4400 tertium
2556 4343 2770 4410 Leonis,
2791 4344 2857 4398 ab
2887 4344 2987 4400 hac
3025 4343 3234 4400 ratione
3263 4343 3473 4414 penitus
3500 4351 3584 4399 est
3607 4343 3743 4398 alie-

444 4427 718 4498 permissa
743 4425 1072 4497 frangatur?
1123 4445 1146 4476 ι
1192 4425 1259 4480 Et
1301 4433 1523 4481 sanctus
1551 4425 1662 4482 Leo
1688 4425 1882 4498 (epist.
1925 4428 2036 4497 1))ξε
2070 4431 2127 4496 D
2146 4448 2295 4499 num,
2326 4433 2464 4488 sicut
2493 4431 2834 4504 trigesimum
2853 4439 3103 4488 octavum
3133 4431 3426 4503 capitulum
3456 4432 3512 4486 in
3541 4432 3741 4490 decre-

451 4537 475 4567 ι
509 4517 626 4572 Hoc
678 4513 972 4570 admonitio
1015 4522 1199 4569 nostra
1224 4513 1500 4581 denuntia,
1534 4515 1679 4586 quod
1709 4515 1755 4568 si
1783 4515 1904 4586 quis
1934 4514 2042 4571 fra-

451 4613 596 4660 trum
625 4611 816 4659 contra
845 4603 963 4660 hac
993 4602 1280 4658 constituta
1295 4602 1484 4658 venire
1504 4603 1812 4670 tentaverit,
1845 4612 1898 4658 et
1918 4620 2043 4674 pro-

449 4693 620 4748 hibita
675 4691 838 4748 fuerit
893 4708 1078 4746 ausus-
1113 4691 1418 4756 admittere,
1477 4707 1510 4745 a
1561 4706 1660 4746 suo
1711 4707 1772 4747 se
1829 4693 2042 4748 noverit

451 4779 628 4837 ofﬁcio
663 4781 1115 4848 submovendum,
1147 4796 1249 4836 nec
1266 4779 1664 4836 communionis
1683 4788 1881 4836 nostra
1901 4780 2043 4836 futu-

451 4885 571 4924 rum
599 4885 721 4924 esse
775 4877 1118 4938 consortem,
1162 4868 1255 4940 qui
1295 4868 1476 4926 socius
1520 4885 1644 4924 esse
1672 4869 1844 4924 noluit
1871 4869 2041 4925 disci-

454 4957 639 5028 plina.
680 4978 702 5007 »
737 4958 805 5012 Et
847 4965 1064 5014 sanctus
1095 4957 1346 5014 Gelasius
1393 4958 1578 5030 (epist.
1616 4961 1646 5011 6
1683 4958 1755 5014 ad
1809 4960 2042 5014 univer-

452 5063 541 5104 sos
585 5047 779 5120 episc.)
814 5062 826 5102 :
865 5068 888 5097 α
952 5046 1198 5120 Cumque
1253 5047 1412 5102 nobis
1475 5053 1666 5103 contra
1727 5047 2045 5102 salutarium

453 5135 818 5192 reverentiam
884 5135 1201 5210 regularum
1229 5135 1509 5206 cupiamus
1545 5144 1747 5190 temere
1771 5135 1849 5189 nil
1877 5135 2044 5191 licere

454 5233 658 5282 etcum
705 5225 863 5280 sedes
909 5224 1204 5296 apostolica
1243 5240 1404 5295 super
1435 5223 1520 5278 liis
1549 5223 1802 5279 omnibus
1830 5222 2044 5280 favente

455 5315 705 5380 Domino,
733 5330 851 5386 qua
905 5313 1146 5386 paternis
1190 5313 1488 5368 canonibus
1527 5320 1650 5368 sunt
1679 5311 1921 5384 pratixa,
1956 5313 2046 5386 pio

448 5401 752 5474 devotoque
782 5402 990 5458 studeat
1041 5409 1228 5458 tenere
1257 5401 1554 5472 proposito,
1588 5403 1722 5457 satis
1753 5403 2039 5476 indignum

453 5508 536 5563 est
573 5516 918 5574 quemquam,
951 5500 1038 5558 vel
1073 5498 1406 5572 pontiﬁcum,
1438 5500 1526 5556 vel
1553 5499 1806 5558 ordinum
1847 5501 2046 5558 subse-

2143 4520 2212 4574 tis
2241 4521 2354 4576 suis
2381 4521 2450 4575 ad
2478 4521 2824 4577 Anastasium
2839 4520 3384 4576 Thessalonicensem
3395 4520 3736 4592 episcopum,

2142 4609 2241 4665 sed
2266 4609 2322 4664 id
2349 4609 2527 4680 ipsum
2553 4609 2843 4680 capitulum
2874 4609 3156 4664 evidenter
3189 4609 3444 4664 ostendit.
3471 4608 3581 4664 Sed
3611 4618 3664 4664 et
3686 4617 3738 4664 te

2141 4697 2228 4752 his
2257 4715 2378 4769 qua
2397 4715 2494 4769 per
2523 4699 2903 4755 necessitatem
2934 4697 3088 4764 fiunt,
3149 4697 3442 4768 potiusque
3485 4698 3744 4770 usurpari

2141 4785 2410 4855 videntur,
2445 4795 2661 4843 sanctus
2709 4785 3052 4842 Innocentius
3102 4785 3157 4840 in
3204 4785 3440 4842 decretis
3496 4786 3610 4841 suis
3666 4787 3742 4842 ad

2143 4875 2344 4930 Rufum
2385 4883 2438 4930 et
2493 4875 2786 4931 Eusebium
2843 4891 2906 4930 ac
2957 4883 3188 4930 cateros
3243 4874 3533 4946 episcopos
3609 4875 3744 4930 dicit

2143 4962 2331 5034 (epist.
2355 4963 2480 5032 27):
2507 4984 2528 5013 α
2555 4962 2838 5018 Pervideat
2864 4978 3000 5036 ergo
3020 4961 3238 5020 dilectio
3269 4970 3454 5018 vestra
3473 4964 3741 5019 hactenus

2145 5050 2267 5106 talia
2295 5050 2570 5116 transisse,
2629 5058 2682 5106 et
2733 5051 3000 5107 advertite
3057 5051 3200 5124 quod
3231 5051 3412 5124 utique
3472 5059 3530 5106 ut
3560 5051 3742 5108 dicitis

2143 5139 2444 5195 necessitas
2471 5139 2772 5211 imperavit,
2801 5139 2860 5195 in
2884 5156 3017 5210 pace
3041 5141 3154 5210 jam
3192 5139 3456 5196 ecclesias
3473 5139 3738 5197 constitu-

2146 5236 2228 5283 tas
2302 5243 2411 5284 non
2472 5243 2635 5300 posse
2689 5244 3040 5301 prasumere.
3103 5249 3126 5278 ι
3193 5229 3263 5282 Et
3320 5228 3489 5284 Paulo
3569 5237 3746 5300 post:

2151 5339 2174 5368 «
2207 5317 2391 5374 Priora
2436 5332 2570 5390 ergo
2611 5317 2943 5373 dimettenda
2989 5316 3112 5373 dico
3159 5316 3260 5372 Dei
3307 5316 3538 5385 judicio,
3589 5325 3644 5372 et
3671 5317 3742 5373 de

2146 5406 2356 5479 reliquo
2383 5406 2620 5462 maxima
2632 5405 2993 5466 sollicitudine
3027 5405 3461 5475 pracavendum.
3483 5425 3506 5454 ι
3538 5405 3742 5462 Videre

2145 5505 2314 5580 igitur
2342 5514 2395 5563 et
2421 5504 2620 5561 mentis
2649 5511 2702 5560 et
2713 5503 2962 5576 corporis
2989 5502 3146 5560 oculo
3175 5503 3269 5575 qui
3296 5504 3413 5560 hac
3439 5502 3745 5561 adinvene-
