4088 6180
307 258 409 315 221

1738 248 2115 310 EPISTOLE.

3505 257 3613 316 222

312 389 439 438 runt
466 380 771 436 debuerant
797 379 952 436 Pauli
971 379 1295 436 sententiam
1310 393 1418 452 qua
1436 378 1568 436 dicit
1591 379 1741 435 :Non
1759 378 1914 435 enim
1931 376 1991 441 Α
2017 375 2201 433 cilium
2231 376 2362 433 dicit
2383 378 2535 448 (ean.
2557 378 2646 449 lt)
2673 396 2685 432 :
2715 399 2737 430 ι
2764 378 2832 435 Ut
2851 378 3062 435 etiamsi
3083 379 3203 435 talis
3227 379 3423 452 aliquis
3444 384 3615 439 exsti-

312 486 510 527 sumus
577 470 728 524 sicut
783 470 1031 542 plurimi
1084 469 1478 525 adulterantes
1540 468 1767 524 verbum
1815 467 1918 522 Dei

312 558 388 627 (ΙΙ
417 560 541 613 Cor.
573 572 635 623 ιι,
668 556 781 627 17).
819 579 842 607 α
896 557 1138 623 Adulter,
1188 556 1363 629 inquit
1391 557 1583 612 beatus
1614 555 1918 626 Gregorius

311 647 530 715 (Horat.
580 660 700 712 ενι,
734 661 837 716 cap
873 648 987 715 25),
1033 645 1088 700 in
1117 645 1327 701 carnali
1374 645 1518 701 coitu
1566 660 1677 700 non
1704 644 1917 715 prolem

311 735 410 790 sed
438 733 777 804 voluptatem
805 734 1017 806 quierit,
1050 742 1103 789 et
1131 750 1424 805 perversus
1454 734 1655 805 quique
1684 749 1748 789 ac
1765 748 1918 789 vane

310 823 501 895 gloriae
530 822 782 878 serviens
810 831 960 878 recte
991 822 1303 878 adulterare
1333 823 1557 878 verbum
1577 822 1679 878 Dei
1694 822 1913 889 dicitur,

311 911 440 982 quia
470 927 571 981 per
617 926 839 966 sacrum
880 911 1161 982 eloquium
1206 927 1316 966 non
1348 912 1464 966 Deo
1494 910 1634 968 filios
1665 911 1913 983 gignere,

310 1000 408 1054 sed
430 1014 589 1053 suam
621 998 902 1055 scientiam
932 998 1212 1055 desiderat
1243 1007 1537 1055 ostentare.
1568 998 1748 1068 Quem
1770 998 1917 1053 enim

309 1086 477 1141 libido
507 1086 699 1159 gloriae
739 1088 809 1142 ad
852 1088 1188 1159 loquendum
1224 1088 1408 1153 trahit,
1445 1087 1708 1157 voluptati
1737 1087 1915 1159 magis

309 1191 476 1247 quam
512 1176 883 1246 procreationi
936 1191 1158 1247 operam
1216 1176 1532 1247 impendit.»
1580 1176 1671 1231 Sic
1719 1183 1772 1230 et
1824 1176 1917 1247 qui

310 1275 412 1330 pro
445 1258 645 1329 opibus
674 1266 730 1314 et
756 1257 1073 1315 facultatum
1130 1260 1301 1330 copiis
1356 1274 1422 1315 ac
1482 1259 1649 1315 rebus
1679 1258 1914 1313 terrenis

309 1342 619 1400 Ecclesium
662 1354 814 1397 suam
856 1351 1042 1410 mutat,
1085 1343 1297 1399 adulter
1342 1343 1538 1399 merito
1586 1351 1830 1412 vocatur,
1864 1349 1916 1397 et

308 1431 451 1487 inter
497 1431 776 1487 adulteros
831 1432 1199 1503 deputabitur.
1230 1431 1373 1489 Nam
1401 1432 1692 1497 civitatem,
1725 1431 1779 1486 in
1810 1444 1917 1503 qua

310 1520 508 1575 Comes
551 1519 856 1589 inhabitat,
889 1528 942 1574 et
969 1519 1153 1575 clerici
1196 1535 1262 1576 ac
1290 1518 1417 1575 laici
1460 1519 1692 1588 nobiles,
1734 1519 1832 1574 sed
1862 1525 1916 1574 et

308 1608 581 1680 ignobiles
614 1615 775 1679 atque
823 1608 1015 1664 rustici
1070 1608 1432 1676 laboratores,
1466 1615 1520 1663 et
1548 1608 1712 1663 etiam
1742 1607 1916 1663 Judmi

310 1703 369 1749 ut
424 1694 595 1750 fertur
647 1696 970 1764 inhabitant,
1029 1704 1083 1752 et
1141 1698 1196 1750 in
1250 1696 1510 1767 parocbia
1541 1696 1641 1750 sub
1692 1694 1912 1751 nomine

310 1782 617 1839 Christiano
647 1784 872 1854 degunt,
914 1785 1232 1855 episcopum
1262 1800 1431 1841 causa
1461 1783 1786 1855 cupiditatis,
1821 1792 1913 1839 aut

306 1871 505 1927 ardore
536 1871 846 1926 ambitionis
875 1872 1155 1939 deserere,
1180 1882 1233 1928 et
1262 1874 1489 1928 alteram
1505 1873 1695 1927 sedem
1714 1887 1914 1928 vacan-

308 1967 418 2016 tem
474 1959 758 2030 invadere,
807 1969 860 2015 et
890 1976 1014 2017 cum
1042 1959 1138 2015 illa
1174 1961 1231 2015 in
1263 1976 1371 2033 qua
1400 1960 1682 2016 ordinatus
1708 1960 1826 2028 fuit,
1859 1968 1913 2015 et

307 2048 362 2102 in
398 2060 510 2119 qua
556 2047 674 2102 sine
717 2049 963 2119 periculo
1010 2049 1204 2105 mortis
1255 2049 1460 2121 degere
1507 2048 1670 2117 valet,
1705 2057 1908 2117 tenere,

308 2151 419 2192 non
439 2136 621 2191 solum
653 2144 810 2208 turpe
837 2138 934 2192 sed
965 2146 1019 2193 et
1046 2136 1414 2208 periculosum
1432 2144 1592 2209 atque
1640 2136 1914 2207 pernicio-

309 2240 430 2280 sum
477 2232 583 2291 est,
624 2239 751 2281 cum
807 2225 948 2282 sacri
978 2241 1217 2282 canones
1246 2226 1405 2280 etiam
1437 2226 1506 2280 de
1535 2232 1762 2281 vacante
1792 2225 1914 2295 epi-

308 2327 478 2384 scopo
508 2313 565 2367 in
594 2313 901 2369 Ecclesium
939 2322 1225 2371 vacantem
1255 2314 1571 2384 prosiliente
1617 2314 1917 2369 decernant

308 2402 485 2471 (conc.
518 2402 786 2458 Antioch.
807 2418 909 2458 can
929 2405 1038 2473 lt),
1069 2424 1092 2454 ι
1113 2409 1171 2457 ut
1192 2403 1238 2456 si
1258 2403 1382 2475 quis
1402 2402 1693 2473 episcopus
1712 2417 1915 2458 vacans

305 2489 361 2544 in
388 2489 682 2546 ecclesiam
710 2499 990 2546 vacantem
1035 2490 1297 2562 prosiliat,
1331 2490 1628 2562 sedemque
1656 2491 1916 2560 pervadat

308 2578 518 2650 absque
556 2578 771 2651 integro
813 2578 1173 2651 perfectoque
1217 2579 1469 2645 concilio,
1516 2579 1604 2634 hic
1632 2578 1916 2646 ubjiciatur

306 2681 537 2722 necesse
567 2675 674 2733 est,
708 2667 811 2722 etsi
838 2675 1067 2724 cunctus
1095 2667 1331 2738 populus
1361 2683 1524 2739 quem
1541 2666 1761 2737 diripuit
1790 2682 1915 2722 eum

309 2754 512 2810 habere
570 2755 858 2826 delegerit.
909 2755 1219 2812 Perfectum
1276 2771 1406 2811 vero
1458 2754 1754 2812 concilium
1784 2754 1915 2809 illud

308 2851 409 2912 est,
441 2843 540 2897 ubi
594 2843 901 2900 interfuerit
954 2844 1400 2916 metr0politanus
1455 2844 1701 2899 antistes.
1750 2864 1772 2893 ν
1808 2843 1917 2899 Sed

309 2940 362 2988 et
389 2932 459 2987 de
491 2946 562 2987 eo
591 2934 684 3004 qui
715 2933 1150 2990 irrationabiliter
1174 2942 1228 2989 et
1248 2933 1626 3005 irregulariter
1644 2932 1917 2989 civitatem

307 3042 460 3084 suam
504 3027 566 3082 in
612 3040 718 3097 qua
774 3024 1055 3079 ordinatus
1088 3022 1185 3078 fuit
1240 3022 1445 3078 deserit
1480 3065 1493 3090 ,
1529 3030 1582 3077 et
1638 3022 1710 3078 ad
1752 3021 1915 3077 aliam

309 3117 531 3183 transit,
563 3113 892 3171 Sardiccnse
948 3111 1237 3168 concilium
1267 3111 1397 3168 dicit
1427 3109 1579 3181 (can.
1622 3111 1677 3182 1)
1702 3128 1714 3164 :
1744 3132 1765 3160 α
1790 3110 1916 3165 Νοιι

306 3206 484 3261 minus
517 3203 666 3259 mala
695 3200 1051 3267 consuetudo,
1080 3215 1244 3272 quam
1272 3199 1582 3270 perniciosa
1604 3198 1915 3269 corruptela

309 3293 551 3350 funditus
604 3290 941 3347 eradicanda
998 3296 1100 3358 est,
1133 3304 1202 3343 ne
1253 3288 1340 3344 cui
1368 3288 1528 3344 liceat
1558 3288 1817 3359 episcopo
1845 3287 1915 3342 de

308 3383 525 3439 civitate
556 3396 657 3435 sua
686 3380 760 3435 ad
788 3378 953 3433 aliam
980 3377 1214 3432 transire
1275 3376 1567 3433 civitatem.
1629 3374 1916 3431 Manifesta

311 3480 393 3527 est
412 3471 565 3527 enim
594 3482 763 3529 causa
793 3483 899 3538 qua
928 3467 1030 3521 hoc
1060 3465 1240 3521 facere
1278 3472 1467 3531 tentat,
1500 3481 1623 3519 cum
1651 3463 1833 3519 nullus
1860 3464 1917 3518 in

305 3561 408 3615 hac
437 3574 501 3613 re
521 3559 778 3612 inventus
808 3555 877 3609 sit
905 3554 1216 3625 episcopus,
1251 3553 1342 3624 qui
1363 3554 1431 3608 de
1458 3553 1665 3621 majore
1697 3552 1916 3608 civitate

307 3648 377 3702 ad
424 3647 703 3701 minorem
747 3643 1045 3698 transiret:
1078 3642 1224 3697 unde
1276 3650 1467 3711 aparet
1525 3640 1769 3696 avaritiae
1823 3654 1916 3695 ur-

305 3736 438 3791 dore
492 3749 594 3790 eos
650 3731 991 3797 inﬂammari,
1074 3737 1127 3785 et
1181 3729 1461 3785 ambitioni
1520 3729 1746 3795 servire,
1779 3736 1832 3783 et
1859 3736 1918 3783 ut

309 3823 745 3880 dominationem
775 3828 963 3893 agant.
1000 3819 1057 3876 Si
1088 3819 1341 3875 omnibus
1371 3819 1571 3890 placet,
1605 3817 1918 3887 hujusmodi

306 3912 585 3985 pernicies
643 3909 842 3965 saevius
899 3917 954 3963 et
1007 3908 1278 3964 austerius
1332 3908 1668 3973 vindicetur,
1701 3914 1757 3960 ut
1816 3921 1918 3961 nec

303 4002 497 4059 laicam
529 3998 973 4057 communionem
1002 3999 1203 4054 habeat
1233 3996 1325 4067 qui
1354 3995 1477 4052 talis
1508 4004 1610 4051 est.
1649 4016 1671 4045 »
1706 3997 1766 4051 In
1814 3996 1918 4050 hoc

303 4090 543 4162 capitulo
571 4089 752 4158 major
778 4096 832 4143 et
859 4087 1035 4143 minor
1061 4086 1268 4153 civitas,
1293 4102 1405 4142 non
1436 4085 1615 4140 solum
1637 4084 1919 4155 pensanda

304 4187 383 4234 est
410 4177 659 4243 nomine,
695 4176 794 4232 sed
824 4185 877 4232 et
904 4175 1274 4247 possessione,
1308 4175 1447 4230 sicut
1485 4180 1537 4229 et
1569 4173 1791 4229 avaritia
1810 4189 1921 4229 non

306 4267 480 4322 solum
510 4264 765 4337 pecuniae
794 4273 875 4320 est
903 4281 967 4321 ac
996 4263 1379 4336 possessionis,
1412 4263 1509 4319 sed
1539 4262 1702 4318 etiam
1733 4262 1920 4318 altitu-

305 4356 468 4411 dinis.
502 4355 568 4411 In
655 4353 879 4409 nomine
933 4352 1346 4424 Metropolitano
1419 4351 1643 4406 avaritia
1700 4350 1916 4418 dicitur,

2019 466 2144 520 terit
2172 466 2518 531 temerarius,
2554 474 2612 521 ut
2658 466 2909 523 fortassis
2937 469 3346 526 excusationem
3376 469 3616 528 efferens

2018 563 2297 609 asseveret
2327 555 2472 626 quod
2502 555 2689 626 populi
2718 556 2922 611 litteras
2951 558 3245 629 acceperit,
3281 574 3404 615 cum
3433 562 3615 614 mani-

2019 642 2219 697 festum
2248 643 2318 698 sit
2346 644 2591 714 potuisse
2618 660 2826 715 paucos
2853 646 3081 717 prmmio
3128 655 3182 701 et
3211 649 3465 704 mercede
3497 665 3616 705 cor-

2018 732 2215 802 rumpi,
2250 747 2348 787 eos
2377 732 2471 803 qui
2500 733 2773 789 sinceram
2806 734 2969 789 fidem
3020 751 3129 790 non
3159 736 3380 803 habent,
3414 744 3472 791 ut
3502 737 3616 794 cla-

2016 828 2226 875 marent
2252 820 2306 897 in
2336 820 2602 890 Ecclesia,
2635 829 2689 877 et
2718 822 2896 893 ipsum
2942 831 3130 894 petere
3159 824 3476 879 viderentur
3506 827 3620 897 epi-

2018 924 2263 980 sc0pum,
2296 909 2516 964 omnino
2544 912 2642 963 has
2671 909 2894 966 fraudes
2937 912 3280 977 damnandus
3313 929 3436 968 esse
3467 915 3618 969 arbi—

2016 1005 2153 1064 tror,
2188 998 2262 1052 ita
2290 1005 2347 1051 ut
2385 1014 2487 1053 nec
2517 998 2715 1053 laicam
2763 999 2817 1052 in
2865 998 2973 1055 fine
3020 1002 3458 1056 communionem
3496 1003 3618 1058 talis

2018 1085 2269 1155 accipiat.
2301 1106 2324 1135 »
2361 1084 2501 1154 Quia
2553 1102 2686 1141 vero
2743 1086 2957 1141 duabus
2987 1089 3419 1159 metropolitanis
3467 1090 3618 1145 sedi-

2018 1175 2121 1228 bus
2152 1190 2294 1228 unus
2323 1175 2771 1245 metr0politanus
2801 1175 3088 1246 episcOpus
3116 1177 3443 1250 regulariter
3470 1194 3620 1249 prae-

2019 1263 2202 1317 sidere
2220 1278 2332 1316 non
2361 1263 2578 1332 poterit,
2613 1270 2834 1318 sanctus
2865 1263 3175 1320 Bonifacius
3201 1282 3342 1336 papa
3372 1267 3618 1323 auctori-

2017 1357 2124 1405 tate
2152 1349 2358 1405 Nicaeni
2394 1350 2619 1405 concilii
2645 1350 2953 1406 manifestat
2975 1352 3222 1407 scribens
3241 1354 3309 1407 ad
3330 1354 3615 1421 Hilarium,

2014 1439 2433 1494 Narbonensem
2451 1439 2766 1510 episcOpum
2789 1440 2989 1509 (Epist.
3008 1440 3062 1510 8)
3084 1458 3096 1494 :
3127 1462 3148 1489 α
3164 1441 3329 1506 Nulli,
3345 1441 3615 1513 inquiens,

2017 1526 2233 1583 videtur
2277 1527 2561 1599 incognita
2608 1527 2802 1599 synodi
2842 1528 3153 1583 constitutio
3196 1529 3450 1595 Nicaeum,
3483 1530 3620 1601 {qum

2014 1616 2090 1671 ita
2119 1615 2364 1686 praecipit
2396 1623 2452 1670 ut
2472 1615 2663 1671 eadem
2718 1616 2941 1685 proprie
2971 1616 3142 1671 verba
3184 1631 3488 1686 ponamus;
3521 1634 3622 1689 per

2016 1719 2457 1775 unamquamque
2495 1702 2832 1775 provinciam
2862 1703 2980 1772 ejus
3028 1705 3474 1774 metropolitanos
3505 1706 3623 1761 sin-

2015 1792 2177 1865 gulos
2215 1792 2421 1848 habere
2452 1792 2674 1860 debere,
2706 1807 2809 1848 nec
2836 1792 3091 1863 cuiquam
3138 1793 3276 1848 duas
3307 1809 3429 1849 esse
3458 1810 3624 1864 posse

2016 1880 2312 1950 subjectus,
2346 1880 2490 1952 quod
2530 1878 2626 1945 illi,
2662 1879 2786 1951 quia
2816 1880 2972 1935 aliter
3002 1881 3336 1937 credendum
3380 1896 3489 1937 non
3517 1890 3621 1950 est,

2015 1968 2347 2024 servandum
2377 1974 2566 2023 sancto
2594 1967 2797 2039 Spiritu
2842 1976 3175 2041 suggerente
3204 1968 3441 2024 siblimet
3488 1986 3623 2026 cen-

2012 2064 2291 2113 suerunt.»
2324 2056 2392 2111 Et
2410 2064 2534 2127 post
2548 2056 2823 2127 aliquanta
2856 2074 2871 2110 :
2907 2078 2929 2107 «
2965 2055 3122 2125 Quod
3142 2057 3348 2113 idcirco
3363 2057 3617 2126 dicimus,

2013 2153 2068 2199 et
2097 2144 2360 2199 advertat
2407 2144 2646 2199 charitas
2675 2150 2784 2209 tua,
2819 2144 2957 2200 adeo
2992 2160 3093 2199 nos
3146 2159 3419 2200 canonum
3472 2161 3621 2216 pra:-

2013 2240 2175 2303 ceptu
2238 2248 2481 2299 servare,
2542 2240 2600 2287 ut
2655 2231 2728 2285 ita
2785 2232 3099 2287 constitutio
3155 2248 3373 2304 quoque
3429 2241 3621 2288 nostra

2015 2321 2246 2387 oﬁiniut,
2280 2328 2548 2392 quatenus
2575 2320 2977 2391 metropolitani
3007 2320 3091 2376 sui
3117 2337 3457 2393 unaquaeque
3477 2337 3607 2393 pro-

2014 2409 2196 2465 vincia
2224 2409 2280 2463 in
2310 2408 2563 2464 omnibus
2618 2409 2787 2463 rebus
2816 2409 3215 2465 ordinationem
3274 2426 3492 2481 semper
3520 2425 3620 2465 ex-

2017 2505 2242 2569 spectet.
2282 2517 2304 2547 »
2360 2498 2592 2570 Cogunt,
2626 2498 2800 2569 inquit
2844 2498 3203 2569 Augustinus,
3252 2498 3434 2553 multis
3461 2500 3621 2555 inve-

2015 2587 2133 2642 nire
2178 2585 2480 2641 medicinas
2526 2586 2820 2640 multorum
2869 2586 3239 2655 experimenta
3281 2587 3617 2643 morborum.

2017 2675 2085 2729 Et
2114 2675 2261 2746 quia,
2295 2682 2351 2728 ut
2382 2673 2576 2729 Daniel
2606 2673 2737 2729 dicit
2766 2693 2784 2728 :
2814 2675 3254 2731 Pertransibunt
3283 2676 3539 2746 plurimi,
3564 2680 3622 2731 et

2016 2763 2327 2835 multiplex
2356 2763 2468 2817 erit
2486 2763 2728 2817 scientia
2757 2762 2925 2831 (Dan.
2961 2766 3047 2829 l2,
3072 2764 3147 2832 4),
3182 2778 3284 2834 pro
3314 2771 3620 2833 temporum

2017 2850 2348 2916 diversitate,
2384 2857 2436 2905 et
2464 2850 2777 2905 morborum
2804 2849 3082 2919 varietate,
3121 2858 3285 2922 atque
3339 2851 3618 2906 hominum

2019 2938 2271 3005 sanitate,
2303 2938 2552 3010 quaedam
2581 2938 2975 3005 conceduntur,
3009 2939 3149 2994 sicut
3176 2940 3295 2994 Noe
3315 2947 3368 2994 et
3388 2938 3622 2995 ﬁliorum

2016 3028 2110 3097 jus
2180 3027 2372 3082 usibus
2418 3026 2681 3081 alimenta
2733 3042 2875 3082 nova
2933 3027 3296 3098 permissione
3353 3043 3616 3084 concessa

2018 3114 2236 3181 deinde,
2270 3130 2370 3186 per
2416 3114 2661 3186 Moysem
2711 3114 2925 3185 populo
2990 3116 3307 3171 Judaeorum
3352 3116 3624 3186 prohibita

2012 3220 2318 3276 rursusque
2364 3204 2522 3259 nobis
2552 3212 2677 3258 sunt
2717 3203 2789 3257 ita
2840 3219 3135 3271 concessa,
3168 3212 3227 3258 ut
3270 3220 3393 3276 quae
3421 3205 3623 3261 Iudaeis

2014 3292 2231 3347 fuerunt
2280 3292 2442 3347 vetita
2490 3292 2547 3346 in
2594 3291 2905 3362 pecoribus,
2938 3292 3098 3347 nobis
3142 3292 3540 3363 prohibeantur
3566 3294 3622 3347 in

2013 3382 2280 3445 moribus,
2315 3380 2454 3436 sicut
2496 3380 2762 3435 Dominus
2810 3380 2865 3435 in
2896 3380 3200 3453 Evangelio
3228 3380 3360 3437 dicit
3395 3398 3408 3435 :
3440 3381 3622 3437 Audi-

2013 3471 2119 3525 stis
2153 3470 2286 3542 quia
2314 3468 2530 3525 dictum
2560 3472 2645 3524 est
2674 3470 2928 3540 antiquis
2952 3484 2965 3521 :
2992 3484 3086 3540 ego
3111 3473 3305 3524 autem
3335 3470 3457 3525 dico
3474 3470 3623 3526 vobis

2016 3559 2235 3625 (Matth.
2269 3572 2325 3623 v,
2359 3557 2471 3626 21).
2507 3555 2856 3627 Quapropter
2885 3556 3032 3628 quod
3063 3556 3270 3612 licitum
3291 3556 3409 3623 fuit,
3432 3573 3626 3613 neces-

2017 3646 2177 3701 sitate
2223 3645 2309 3700 vel
2358 3644 2606 3711 utilitate,
2640 3645 2709 3699 de
2754 3644 3216 3717 transmigrandis
3249 3645 3525 3716 episcopis
3555 3647 3625 3701 ab

2019 3734 2267 3792 ecclesiis
2294 3734 2363 3789 ad
2395 3732 2661 3789 ecclesias
2690 3738 2816 3788 ante
2846 3749 3126 3789 sacrarum
3146 3734 3460 3805 regularum
3480 3751 3625 3806 prae-

2017 3823 2293 3888 ﬁxionem,
2326 3829 2518 3894 postea
2573 3822 2836 3877 intantum
2876 3821 2995 3889 fuit,
3029 3830 3132 3889 est,
3166 3830 3220 3878 et
3248 3823 3351 3878 erit
3379 3823 3626 3880 illicitum

2018 3920 2203 3969 contra
2244 3911 2467 3967 easdem
2496 3926 2684 3967 sacras
2729 3912 2951 3984 regulus
2981 3928 3266 3983 usurpare,
3297 3919 3356 3967 ut
3404 3919 3625 3968 sanctus

2018 3999 2325 4074 Gregorius
2353 4000 2752 4067 Nazianzenus,
2787 4000 2870 4056 vir
2914 4000 3283 4069 doctissimus,
3318 4001 3626 4057 catholicis-

2020 4086 2190 4142 simus
2233 4093 2394 4157 atque
2440 4084 2937 4156 eloquentissimus,
2970 4094 3023 4140 et
3052 4086 3176 4143 vitae
3204 4086 3402 4142 merito
3429 4102 3494 4143 ac
3526 4102 3621 4143 sa-

2017 4174 2232 4246 pientiae
2246 4173 2496 4229 doctrina
2516 4174 2982 4246 venerandus,qui
3011 4174 3157 4245 apud
3194 4175 3419 4231 Graecos
3437 4176 3625 4231 Theo-

2018 4261 2180 4337 logus
2235 4262 2673 4335 cognominatur,
2708 4262 3002 4317 multorum
3062 4264 3283 4319 decreto
3333 4264 3626 4336 episcopo-

2020 4368 2163 4421 rum,
2196 4359 2252 4407 ut
2282 4352 2339 4406 in
2368 4350 2605 4407 historiis
2636 4349 3023 4406 ecclesiasticis
3050 4350 3287 4423 legimus
3319 4370 3333 4406 :
3365 4352 3436 4406 de
3457 4368 3629 4423 parva

303 4459 428 4500 cum
470 4459 640 4515 supra
668 4442 896 4499 modum
950 4440 1253 4497 sublimitas
1283 4440 1520 4495 ambitur
1552 4457 1566 4494 :
1600 4439 1656 4494 in
1685 4455 1911 4510 posses-
1941 4440 1994 4500 D
2016 4440 2234 4497 civitate
2262 4439 2538 4495 Nazianzo
2567 4437 3093 4510 Constantinopolim
3113 4453 3278 4495 causa
3297 4438 3427 4494 ﬁdei
3447 4446 3627 4495 trans-

308 4533 484 4601 sione,
524 4530 787 4587 videlicet
821 4531 875 4585 in
905 4546 1091 4585 rerum
1120 4544 1184 4585 ac
1212 4528 1526 4585 facultatum
1581 4528 1921 4601 capiositate,

303 4630 387 4677 est
439 4620 688 4687 avaritia,
724 4635 890 4691 quam
942 4617 1236 4690 Apostolus
1295 4618 1565 4674 idolorum
1608 4618 1925 4674 servitutem

304 4710 566 4780 appellat.
601 4710 672 4764 Et
693 4715 917 4764 sanctus
946 4707 1054 4763 Leo
1082 4723 1225 4778 papa
1242 4707 1345 4762 hoc
1368 4723 1605 4779 sequens
1626 4706 1923 4777 capitulum

302 4797 556 4855 decrevit
585 4798 776 4869 (epist.
815 4800 881 4851 88
910 4796 1213 4852 Anastasio
1253 4796 1549 4868 Thessal.),
1587 4818 1609 4847 ι
1635 4804 1692 4850 ut
1724 4795 1771 4849 si
1801 4795 1924 4866 quis

305 4887 601 4957 episcopus
638 4884 874 4940 civitatis
921 4900 1033 4941 suae
1062 4884 1438 4940 mediocritate
1467 4885 1726 4955 despecta
1752 4883 1924 4938 admi-

305 4974 694 5030 nistrationem
749 4973 859 5029 loci
918 4972 1235 5028 celebrioris
1264 4972 1532 5037 ambierit,
1567 4981 1619 5028 et
1649 4974 1717 5027 ad
1745 4973 1921 5041 majo-

305 5080 421 5118 rem
454 5079 515 5118 se
545 5062 770 5134 plebem
799 5076 1126 5134 quacunque
1141 5062 1350 5117 ratione
1372 5061 1671 5130 transierit,
1689 5078 1720 5116 a
1741 5062 1926 5118 cathe-

304 5152 403 5206 dra
432 5152 657 5223 quidem
691 5151 921 5221 pellatur
948 5151 1144 5219 aliena,
1171 5150 1269 5205 sed
1290 5158 1340 5206 et
1371 5150 1578 5207 carebit
1600 5159 1654 5205 et
1682 5150 1920 5221 propria,

306 5250 363 5295 ut
390 5257 495 5297 nec
516 5240 627 5295 illis
657 5240 968 5310 praesideat,
1004 5255 1143 5311 quos
1171 5256 1273 5311 per
1292 5240 1570 5296 avaritiam
1590 5240 1920 5311 concupivit,

300 5346 401 5386 nec
428 5330 542 5385 illis
575 5344 717 5401 quos
738 5345 837 5400 per
860 5329 1177 5400 superbiam
1205 5328 1428 5400 sprevit.
1466 5329 1591 5383 Suis
1622 5328 1791 5402 igitur
1822 5338 1925 5385 ter‘

305 5420 465 5474 minis
501 5418 742 5491 quisque
805 5425 1094 5474 contentus
1121 5418 1208 5483 sit,
1249 5433 1353 5474 nec
1391 5433 1559 5489 supra
1612 5434 1925 5473 mensuram

302 5517 437 5584 juris
488 5517 576 5573 sui
604 5513 828 5573 aﬁ'ectet
874 5516 1087 5590 augeri.
1119 5537 1142 5567 ιο
1174 5517 1244 5573 Et
1268 5516 1399 5573 item
1430 5515 1757 5573 Sardiccnse
1786 5532 1923 5573 con-

2024 4529 2184 4595 latus,
2218 4544 2382 4601 quam
2412 4544 2512 4600 per
2540 4543 2714 4583 annos
2735 4526 3026 4583 duodecim
3045 4526 3416 4600 insignissime
3435 4528 3627 4600 guber-

2024 4618 2172 4673 navit
2203 4618 2340 4673 etab
2370 4617 2565 4673 haeresi
2610 4616 2810 4673 Ariana
2855 4615 3248 4689 gloriosissime
3277 4615 3544 4683 liberavit,
3573 4624 3628 4672 et

2026 4707 2225 4777 dogma
2252 4706 2464 4762 Nicaeni
2492 4706 2707 4763 concilii
2738 4704 2893 4778 quasi
2917 4706 3030 4774 jam
3058 4709 3329 4760 mortuum
3348 4703 3405 4758 in
3433 4704 3625 4759 eadem

2026 4796 2183 4867 regia
2239 4795 2456 4852 civitate
2515 4796 2628 4850 suis
2658 4793 3088 4865 expositionibus
3120 4793 3484 4861 resuscitavit,
3520 4808 3624 4865 ag-

2024 4900 2261 4941 noscens
2293 4884 2582 4955 episcopos
2611 4896 2947 4938 murmurare
2977 4897 3043 4936 eo
3075 4882 3220 4953 quod
3249 4891 3396 4938 esset
3442 4890 3493 4938 et
3521 4882 3627 4937 alia

2025 4973 2236 5029 civitate
2291 4980 2483 5029 contra
2529 4987 2764 5028 canones
2794 4970 3085 5025 translatus
3117 4970 3189 5025 ad
3218 4971 3402 5039 aliam,
3453 4972 3627 5027 vitare

2025 5060 2136 5117 imo
2166 5060 2382 5117 auferre
2410 5060 2709 5116 fraternum
2729 5057 2919 5114 volens
2938 5059 3276 5129 scandalum,
3296 5076 3366 5115 ne
3388 5059 3627 5116 schisma

2025 5150 2082 5205 in
2134 5150 2440 5206 Ecclesium
2485 5148 2829 5203 introducere
2856 5146 3153 5213 videretur,
3187 5156 3444 5204 monente
3470 5150 3624 5219 Apo-

2026 5239 2166 5293 stolo
2191 5254 2203 5293 :
2220 5240 2284 5293 In
2303 5238 2562 5295 omnibus
2580 5237 2950 5293 exhibeamus
2971 5238 3340 5310 nosmetipsos
3360 5238 3512 5293 sicut
3524 5238 3627 5293 Dei

2024 5328 2341 5393 ministros,
2362 5327 2582 5382 nemini
2599 5326 2802 5382 dantes
2820 5326 3002 5382 ullam
3013 5327 3397 5398 offensionem,
3424 5329 3491 5381 ut
3509 5342 3625 5383 non

2025 5427 2380 5498 vituperetur
2398 5425 2787 5481 ministerium
2804 5429 3082 5482 nostrum.
3109 5425 3185 5495 (II
3202 5424 3321 5481 Cor.
3343 5438 3420 5491 v1,
3446 5424 3521 5495 4),
3540 5424 3628 5479 ud-

2024 5523 2278 5580 veniente
2309 5522 2833 5597 Constantinopolim
2886 5520 3193 5579 Theodosio
3221 5520 3490 5595 principe,
3522 5537 3626 5601 pa-
