4088 6180
469 222 575 280 213

1470 219 1810 278 HINCMARI
1837 218 2236 282 RHEMENSIS
2291 219 2842 278 ARCHIEPISCOPI.

3670 225 3782 280 224

466 344 622 437 ciﬁce
649 345 933 437 impetrata
961 345 1199 437 licentia,
1232 347 1504 437 habitare,
1533 347 1758 437 ulterius
1785 347 1838 401 in
1869 347 2058 437 eadem
2086 345 2144 407 A
2163 363 2293 419 dicit
2323 381 2336 418 ε
2367 365 2425 420 δέ
2447 364 2728 422 tradidero
2748 381 2949 437 σονραε
2978 380 3167 420 meum
3183 369 3249 420 αι
3267 365 3482 430 ardeat,
3507 365 3768 420 chara“.

466 434 684 491 civitate
739 433 1049 502 declinavit,
1083 452 1319 508 sequens
1353 435 1568 491 Domini
1611 439 1934 492 sententiam
1977 436 2066 490 di-

464 522 638 580 centis
697 523 769 578 ad
828 524 1064 590 Petrum,
1101 531 1156 579 ut
1211 525 1301 595 qui
1361 540 1586 580 censum
1635 541 1744 580 non
1773 525 2062 595 debebant,

462 611 806 685 exigentibus
835 627 1062 668 censum
1091 614 1303 682 darent,
1349 622 1614 684 quatenus
1631 614 1950 670 scandalum
1969 615 2058 670 de-

466 701 718 756 vitarent.
748 701 852 768 Qui
867 701 1553 774 seandalizaveritﬁnquit
1576 703 1858 768 Dominus,
1885 720 2066 758 unum

466 790 534 845 de
551 789 779 862 pusillis
799 789 925 844 istis
945 791 1041 860 qui
1057 790 1120 844 in
1139 806 1229 846 me
1250 791 1510 860 credunt,
1537 791 1768 863 expedit
1785 793 1839 846 ei
1858 796 1924 848 ut
1941 809 2066 848 sus-

464 877 748 948 pendatur
766 878 917 933 mola
946 879 1199 934 asinaria
1220 880 1437 934 ineollo
1454 881 1594 950 ejus,
1621 884 1676 935 et
1707 879 2066 951 demergatur

463 968 526 1020 in
556 966 904 1036 profundum
957 969 1136 1021 maris
1159 967 1376 1037 (Matth.
1411 982 1574 1034 xvm,
1609 967 1683 1036 6).
1732 968 1836 1022 Per
1867 969 2066 1023 molam

464 1053 663 1124 quippe
690 1053 1007 1122 asinariam,
1042 1063 1099 1107 ut
1133 1062 1352 1109 sanctus
1382 1055 1686 1126 Gregorius
1719 1055 1772 1108 in
1801 1057 2065 1112 Pastorali

463 1141 648 1212 regula
699 1143 921 1212 exponit
953 1145 1124 1213 (part.
1166 1158 1203 1208 ι,
1237 1159 1359 1213 cap.
1393 1144 1470 1213 2),
1534 1164 1556 1193 α
1607 1144 1886 1198 saecularis
1941 1145 2066 1199 vita)

460 1229 716 1284 circuitus
743 1245 806 1286 ac
835 1230 990 1284 labor
1017 1231 1354 1300 exprimitur,
1390 1239 1442 1286 et
1473 1247 1574 1301 per
1589 1231 1921 1302 profundum
1941 1248 2064 1287 ma-

459 1317 537 1370 ris
566 1326 810 1372 extrema
839 1318 1117 1372 damnatio
1138 1319 1476 1391 designatur.
1510 1319 1614 1388 Qui
1653 1335 1790 1392 ergo
1817 1321 1886 1374 ad
1933 1337 2065 1375 san-

461 1405 662 1461 ctitatis
689 1407 929 1476 speciem
957 1407 1240 1469 deductus,
1275 1408 1361 1463 vel
1384 1409 1548 1463 verbo
1569 1416 1796 1464 caeteros
1815 1409 2062 1479 destruit,

458 1494 544 1550 vel
577 1494 847 1564 exemplo,
879 1495 1076 1550 melius
1105 1495 1350 1566 profecto
1379 1495 1553 1551 fuerat
1581 1505 1638 1551 ut
1668 1498 1811 1554 hunc
1829 1498 1898 1552 ad
1928 1515 2068 1554 mor-

459 1589 568 1636 tem
615 1583 716 1636 sub
745 1583 1004 1638 exteriori
1053 1585 1270 1638 habitur
1301 1592 1515 1639 terrena
1546 1593 1666 1641 acta
1714 1587 2064 1660 constringe-

2166 455 2278 507 tem
2307 468 2422 508 non
2443 454 2694 520 habeam,
2713 453 2863 508 nihil
2883 453 3028 508 mihi
3041 453 3273 526 prodest
3291 468 3387 520 ;ac
3409 453 3454 506 si
3471 462 3659 523 aperte
3678 453 3768 508 di-

2165 548 2315 596 ceret
2338 556 2351 596 :
2371 541 2540 595 Extra
2567 541 2746 596 locum
2762 557 2920 595 suum
2939 540 3277 597 conflationis
3297 541 3429 596 mihi
3447 541 3591 614 ignis
3618 541 3776 596 adhi-

2163 629 2305 683 bitus
2323 637 2590 684 tormento
2603 644 2690 684 me
2707 629 2931 698 cruciat,
2955 629 3302 685 mundatione
3330 645 3439 684 non
3476 638 3696 702 purgat.
3737 649 3765 680 ι

2163 719 2312 772 Auro
2341 717 2488 772 enim
2515 717 2668 773 locus
2693 725 2775 772 est
2811 718 2867 771 in
2897 734 3005 789 quo
3034 717 3319 786 conﬂatur,
3354 717 3412 772 id
3457 725 3540 773 est
3583 717 3766 772 unitas

2163 806 2442 862 catholicae
2498 805 2778 870 Ecclesiae,
2839 805 2895 859 in
2949 822 3052 878 qua
3109 805 3457 876 baptismum,
3492 814 3545 861 et
3598 821 3776 876 Opera

2165 894 2306 948 bona
2339 937 2351 960 ,
2386 903 2439 948 et
2483 894 2646 948 etiam
2698 893 3013 965 martyrium
3079 895 3347 964 prodest,
3397 901 3552 949 extra
3624 893 3776 951 illam

2167 982 2390 1054 quippe,
2435 998 2537 1038 nec
2571 983 2890 1052 baptismus,
2922 999 3023 1037 nec
3051 998 3221 1053 opera
3284 983 3444 1048 bona,
3475 998 3576 1038 nec
3606 981 3776 1037 etiam

2165 1071 2482 1141 martyrium
2512 1069 2742 1140 proiicit.
2785 1069 2923 1139 Quia
2953 1071 3113 1124 etiam
3138 1071 3356 1143 cognati
3401 1078 3526 1124 sunt
3576 1071 3762 1126 haere-

2164 1158 2255 1212 tici
2286 1168 2338 1212 et
2368 1159 2718 1221 schismatici,
2753 1167 2806 1212 et
2863 1158 3198 1214 solemnibus
3239 1159 3572 1214 orationibus
3602 1167 3778 1214 sexta:

2166 1247 2314 1303 feriae
2362 1255 2484 1301 ante
2567 1248 2772 1302 Pascha
2841 1255 3188 1302 monstratur.
3242 1269 3264 1298 α
3299 1247 3438 1302 Hinc
3493 1263 3644 1319 ergo,
3706 1254 3770 1302 ut

2166 1343 2389 1390 sanctus
2434 1335 2760 1390 Coelestinus
2809 1335 2993 1390 scribit
3015 1336 3204 1408 (epist.
3257 1340 3287 1389 8
3317 1325 3382 1390 iii
3407 1335 3563 1404 ﬁne),
3586 1335 3770 1407 legem

2167 1423 2425 1478 credendi
2483 1423 2568 1477 lex
2629 1430 2828 1477 statuat
2886 1423 3250 1494 supplicandi.
3287 1445 3308 1469 ι
3345 1423 3453 1477 Sed
3509 1431 3562 1477 et
3603 1439 3772 1494 quam

2167 1527 2336 1584 grave
2375 1519 2661 1581 peccatum
2716 1511 2950 1566 schisma
2981 1511 3067 1576 sit,
3101 1519 3318 1567 sanctus
3349 1511 3684 1583 Augustinus
3715 1511 3776 1564 in

2167 1599 2308 1653 libro
2358 1599 2600 1654 secundo
2657 1599 2726 1652 de
2774 1599 3048 1668 Baptismo
3098 1600 3241 1669 (cap.
3301 1599 3356 1669 6)
3413 1599 3770 1665 demonstrat,

465 1680 605 1740 rent,
641 1687 800 1742 quam
831 1686 988 1728 sacra
1017 1671 1197 1728 ofﬁcia
1228 1673 1283 1727 in
1327 1673 1488 1744 culpa
1514 1673 1721 1729 caeteris
1750 1675 2063 1732 imitabilem

2175 1687 2364 1742 dicens
2389 1704 2402 1740 :
2441 1709 2463 1736 α
2502 1684 2806 1740 Αίῖθτειηιιιδ
2836 1686 3074 1742 divinam
3103 1694 3356 1740 stateram
3384 1687 3453 1741 de
3479 1685 3774 1756 Scripturis

460 1759 900 1815 demonstrarent
931 1775 943 1815 :
978 1760 1102 1831 quia
1131 1760 1386 1816 nimirum
1420 1762 1466 1815 si
1513 1763 1665 1818 solus
1713 1763 1952 1830 caderet,
1984 1774 2069 1820 ut-

461 1863 678 1920 cunque
721 1849 866 1904 hunc
918 1849 1249 1904 tolerabilior
1278 1849 1471 1905 inferni
1527 1865 1691 1920 paena
1719 1852 2003 1908 cruciaret.
2045 1876 2066 1903 »

459 1936 529 1990 Et
558 1937 689 1991 item
717 1937 892 2006 (part.
913 1952 992 2002 ιιι,
1013 1952 1134 2008 cap.
1159 1937 1214 2008 ὅ)
1240 1955 1253 1992 :
1282 1959 1304 1988 α
1333 1939 1484 1994 Scire
1513 1939 1714 1994 etenim
1744 1940 1956 2010 praelati
1977 1942 2072 1996 de-

464 2025 612 2091 bent,
635 2043 640 2046 ·
664 2025 791 2096 quia
821 2027 866 2080 si
895 2041 1155 2097 perversa
1183 2043 1420 2098 unquam
1453 2035 1791 2098 perpetrant,
1826 2037 1903 2083 tot
1931 2046 2074 2085 mor-

456 2113 596 2169 tibus
627 2113 779 2186 digni
807 2122 951 2181 sunt,
1002 2123 1132 2186 quot
1162 2115 1232 2169 ad
1266 2116 1516 2170 subditos
1565 2133 1694 2171 suos
1745 2117 2072 2188 perditionis

458 2202 706 2272 exempla
736 2203 1122 2257 transmittunt.
1146 2204 1302 2260 Unde
1332 2213 1682 2271 necesse,est
1726 2214 1782 2260 ut
1832 2213 1982 2261 tanto
2013 2221 2071 2260 se

457 2290 670 2347 cautius
697 2305 728 2344 a
757 2290 919 2361 culpa
975 2291 1302 2360 custodiant,
1337 2300 1542 2362 quanto
1599 2309 1700 2363 per
1752 2308 1918 2364 prava
1951 2311 2073 2365 quae

463 2377 664 2433 faciunt
694 2393 804 2432 non
833 2376 934 2433 soli
989 2378 1311 2432 moriuntur.
1354 2400 1376 2428 ι
1412 2381 1480 2434 At
1511 2380 1555 2434 si
1611 2380 1810 2451 aliquis
1849 2381 2067 2440 dixerit.

454 2479 563 2520 non
593 2481 698 2536 ego
728 2466 924 2521 invado
953 2466 1260 2522 Ecclesiam
1289 2467 1359 2521 ad
1389 2483 1552 2538 quam
1605 2469 1899 2524 multorum
1931 2486 2069 2526 con-

457 2569 620 2609 sensu
642 2553 1022 2625 episcoporum
1050 2563 1102 2610 et
1136 2555 1312 2626 plebis
1357 2556 1706 2628 transmigro,
1741 2567 1936 2629 penset
1964 2559 2074 2614 sol“

450 2636 618 2704 licite,
667 2638 806 2694 sicut
863 2647 915 2693 et
958 2646 1180 2694 sanctus
1222 2640 1473 2709 pensavit
1501 2640 1876 2697 Nazianzenus
1923 2643 2070 2699 Gre-

453 2726 662 2800 gorius,
725 2743 866 2799 quae,
909 2735 968 2783 ut
995 2727 1378 2798 praemisimus,
1418 2744 1449 2781 a
1493 2728 1666 2784 sacris
1694 2738 1819 2784 sunt
1850 2731 2071 2801 praefixa

459 2815 776 2884 canonibus,
827 2831 860 2870 a
909 2816 1108 2886 quibus
1146 2832 1266 2886 per,
1326 2824 1694 2888 contemptum
1739 2818 1957 2875 deviare
2014 2821 2070 2875 in

452 2902 690 2958 schisma
719 2911 804 2958 est
837 2919 1020 2972 ruere,
1045 2904 1188 2960 sicut
1205 2912 1428 2960 sanctus
1457 2920 1619 2976 papa.
1643 2905 1861 2960 Hilarus
1880 2915 2068 2978 paten-

457 2998 542 3047 ter
571 2991 813 3046 ostendit
835 2993 1020 3062 (epist.
1045 2995 1133 3062 11)
1155 3009 1168 3046 :
1191 3013 1214 3043 α
1235 2993 1358 3047 Non
1377 2993 1576 3060 minus,
1599 2993 1932 3066 inquiens,in
1950 3012 2068 3051 san-

461 3087 670 3135 ctarum
711 3079 1059 3136 traditionum
1091 3081 1420 3152 delinquitur
1449 3082 1779 3152 sanctiones,
1814 3099 1979 3155 quam
2006 3083 2064 3138 in

455 3167 709 3237 iniuriam
755 3168 928 3238 ipsius
972 3169 1189 3225 Domini
1235 3169 1535 3240 prosilitur.
1573 3191 1596 3220 ι
1631 3170 1750 3239 Qua
1797 3171 2061 3228 sententia

453 3256 643 3311 beatus
672 3257 890 3312 Hilarus
918 3271 1064 3328 papa
1115 3258 1401 3314 haereticos
1425 3267 1476 3314 et
1506 3259 1878 3314 schismaticos
1907 3260 2060 3330 pari-

453 3352 536 3400 ter
562 3345 858 3402 denotavit.
894 3345 1284 3402 Schismaticos
1313 3347 1552 3418 quidem,
1573 3347 1630 3401 in
1649 3365 1716 3403 eo
1737 3349 1884 3419 quod
1905 3348 2056 3414 dixit,

451 3449 560 3490 non
588 3433 766 3490 minus
796 3434 850 3490 in
881 3442 1196 3490 sanctarum
1218 3435 1560 3491 traditionum
1616 3437 1925 3492 sanctiones
1957 3437 2059 3492 de-

450 3522 728 3594 linquitur,
780 3531 832 3578 et
880 3524 1186 3589 hzereticos,
1237 3524 1293 3579 in
1322 3539 1388 3579 eo
1437 3525 1583 3596 quod
1615 3524 1768 3592 dixit,
1812 3541 1975 3598 quam
2005 3526 2062 3580 in

447 3611 702 3679 injuriam
732 3612 901 3683 ipsius
954 3612 1169 3667 Domini
1217 3613 1519 3683 prosilitur.
1559 3634 1581 3663 ι
1627 3615 1766 3668 Nam
1814 3615 2060 3670 haeretici

448 3708 506 3754 ut
537 3701 594 3756 S.
631 3700 935 3772 Gregorius
953 3717 1019 3756 ex
1051 3701 1316 3756 sententia
1337 3701 1568 3772 apostoli
1599 3701 1750 3756 Pauli
1785 3703 1909 3773 quia
1929 3702 2062 3758 dicit

449 3789 510 3846 Si
525 3787 809 3844 tradidero
829 3805 1032 3860 corpus
1052 3806 1241 3844 meum
1263 3792 1329 3844 ut
1348 3791 1565 3854 ardeat,
1591 3791 1936 3846 charitatem
1955 3807 2060 3846 au-

455 3879 570 3932 tem
588 3893 704 3932 non
726 3877 980 3943 habeam,
1004 3878 1154 3932 nihil
1171 3877 1314 3933 mihi
1333 3878 1557 3947 prodest
1588 3877 1652 3946 (I.
1683 3879 1805 3934 Cor.
1829 3893 1950 3943 xui,
1979 3878 2055 3948 3),

448 3965 784 4020 demonstrat
809 3965 964 4033 (Mor.
995 3981 1158 4031 xvm,
1191 3981 1310 4035 cap.
1348 3965 1454 4034 14),
1493 3981 1666 4036 prava
1695 3966 1764 4020 de
1781 3967 1897 4020 Deo
1927 3982 2058 4020 sen-

449 4053 590 4107 tiunt
619 4053 950 4109 schismatici
979 4061 1125 4110 recta
1153 4054 1222 4108 de
1265 4061 1490 4108 auctore
1534 4061 1757 4120 tement,
1791 4054 1888 4108 sed
1921 4054 2047 4108 uni-

451 4148 617 4197 tatem
645 4157 770 4198 cum
801 4141 1063 4198 fratribus
1093 4142 1150 4195 in
1184 4150 1490 4196 sanctarum
1549 4141 1898 4197 traditionum
1925 4157 2058 4198 san-

449 4230 630 4286 ctione
661 4247 771 4286 non
813 4239 995 4285 tenent
1029 4247 1042 4284 :
1074 4229 1152 4284 illi
1211 4245 1404 4286 errore
1433 4229 1580 4295 ﬁdei,
1611 4229 1700 4285 isti
1748 4246 1876 4286 vero
1908 4231 2057 4286 schi—

451 4318 610 4374 matis
639 4319 1046 4390 perpetratione
1077 4317 1236 4380 divisi
1258 4327 1401 4372 sunt.
1422 4319 1578 4374 Unde
1595 4325 1646 4373 et
1667 4317 1722 4373 in
1741 4319 1859 4390 ipsa
1881 4319 2059 4390 prima

450 4417 602 4479 parte
634 4407 899 4479 Decalogi
928 4414 1275 4478 utrarumque
1304 4406 1533 4476 partium
1550 4407 1725 4477 culpae
1757 4408 2054 4478 reprimun-
2082 4407 2135 4468 D

445 4505 570 4563 tur,
603 4512 728 4552 cum
778 4494 966 4548 divina
1011 4509 1146 4550 voce
1191 4494 1387 4549 dicitur
1435 4513 1448 4548 :
1501 4497 1706 4568 Diliges
1750 4498 2057 4553 Dominum

449 4587 628 4641 Deum
659 4587 824 4639 tuum
856 4599 931 4637 ea:
964 4585 1078 4638 toto
1108 4583 1271 4638 corde
1289 4587 1384 4639 tuo
1404 4588 1461 4639 et
1481 4599 1556 4640 ex
1580 4588 1695 4640 tota
1715 4587 1913 4640 anima
1935 4589 2054 4652 tua,

453 4678 512 4729 et
530 4689 605 4729 ea:
629 4675 747 4727 tota
765 4671 978 4726 virtute
1002 4675 1102 4727 tua
1124 4673 1309 4743 (Deut.
1333 4687 1408 4738 γι,
1443 4673 1520 4744 5),
1541 4681 1699 4744 atque
1717 4687 1844 4728 mox
1861 4673 2056 4728 subdi-

449 4770 533 4816 tur
551 4778 564 4814 :
585 4761 793 4831 Diliges
804 4762 1136 4830 proximum
1151 4765 1313 4817 tuum
1328 4762 1478 4816 sicut
1497 4763 1757 4831 teipsum.
1778 4761 1884 4831 Qui
1913 4762 2058 4818 enim

449 4848 518 4903 de
539 4849 655 4904 Deo
674 4864 937 4918 perversa
953 4849 1133 4913 sentit,
1157 4849 1326 4921 liquet
1342 4849 1588 4920 profecto
1607 4849 1735 4921 quia
1755 4851 1928 4906 Deum
1948 4867 2058 4906 non

453 4935 631 5007 diligit
677 4954 690 4990 :
737 4937 829 5010 qui
873 4953 1002 4993 vero
1044 4938 1112 4994 de
1151 4939 1268 4994 Deo
1309 4946 1458 4993 recta
1502 4938 1762 5005 sentiens,
1797 4955 1830 4995 a
1855 4948 2058 4995 sanctae

445 5024 710 5081 Ecclesiae
739 5025 944 5081 unitate
975 5026 1182 5082 divisus
1206 5034 1310 5094 est,
1344 5034 1553 5082 constat
1595 5027 1718 5100 quia
1747 5028 2056 5100 proximum

446 5129 556 5171 non
609 5121 773 5180 amat,
806 5129 969 5186 quem
1026 5115 1229 5170 habere
1287 5115 1496 5172 socium
1528 5124 1760 5172 recusat.
1795 5117 2056 5189 Quisquis

446 5218 579 5276 ergo
609 5203 676 5258 ab
694 5204 797 5258 hac
817 5202 1024 5258 unitate
1045 5203 1234 5258 matris
1255 5204 1667 5271 Ecclesiae,sive
1686 5222 1785 5278 per
1800 5206 2056 5262 haaresim

449 5291 519 5346 de
552 5292 669 5348 Deo
724 5305 988 5363 perversa
1047 5291 1350 5356 sentiendo,
1385 5292 1500 5348 sive
1527 5309 1716 5349 errore
1746 5293 2055 5351 schismatis

448 5379 754 5451 proximum
795 5395 906 5436 non
939 5379 1218 5453 diligendo
1253 5380 1533 5448 dividitur,
1567 5381 1850 5438 charitatis
1894 5384 2054 5452 hujus

449 5477 622 5550 gratia
650 5477 912 5549 privatur,
936 5478 1004 5534 de
1039 5493 1144 5550 qua
1157 5479 1261 5536 hoc
1273 5480 1418 5552 quod
1449 5479 1830 5549 praemisimus,
1855 5480 2053 5536 Paulus

2177 1775 2399 1843 sanctis,
2433 1783 2688 1844 tanquam
2718 1775 2786 1829 de
2815 1774 3082 1829 thesauris
3113 1773 3430 1840 Dominicis,
3463 1782 3515 1828 et
3547 1774 3602 1828 in
3658 1773 3756 1828 illa

2174 1862 2303 1934 quid
2335 1863 2401 1917 sit
2449 1863 2669 1934 gravius
2723 1863 3096 1932 appendamus
3133 1880 3146 1916 :
3178 1863 3286 1917 imo
3318 1878 3426 1917 non
3482 1863 3771 1932 appenda-

2172 1967 2313 2014 mus,
2347 1951 2444 2004 sed
2475 1965 2508 2004 a
2535 1950 2767 2005 Domino
2822 1966 3059 2021 appensa
3104 1965 3582 2019 recognoscamus,
3625 1959 3773 2004 tem-

2173 2054 2307 2108 pore
2355 2039 2448 2092 illo
2495 2054 2603 2110 quo
2665 2037 2930 2093 Dominus
2983 2037 3104 2108 prio
3186 2038 3384 2093 delicta
3455 2038 3772 2094 recentibus

2162 2113 2455 2197 poenarum
2512 2127 2772 2196 exemplis
2801 2126 3048 2182 cavenda
3101 2126 3440 2195 monstravit,
3473 2134 3525 2180 et
3564 2126 3777 2180 idolum

2172 2213 2493 2270 fabricatum
2524 2223 2687 2286 atque
2718 2215 3002 2269 adoratum
3030 2222 3130 2280 est,
3163 2223 3216 2270 et
3246 2214 3590 2285 propheticus
3627 2214 3773 2269 liber

2167 2302 2251 2357 ira
2310 2303 2457 2376 regis
2503 2302 2893 2374 contemptoris
2949 2303 3203 2358 incensus
3233 2311 3286 2357 et
3325 2303 3556 2357 schisma
3587 2309 3771 2357 tenta-

2171 2398 2279 2444 tum
2338 2391 2580 2445 idolatria
2611 2391 2794 2464 gladio
2847 2391 3032 2460 punita
3087 2399 3186 2456 est,
3221 2391 3430 2446 exustio
3466 2390 3592 2444 libri
3652 2390 3772 2444 bel-

2168 2478 2271 2533 lica
2327 2479 2476 2534 caede
2526 2487 2579 2533 et
2633 2479 2930 2551 peregrina
2985 2479 3315 2548 captivitate,
3349 2478 3587 2534 schisma
3616 2478 3768 2532 hiatu

2172 2574 2332 2622 terra:
2387 2567 2610 2638 sepultis
2657 2567 2970 2622 auctoribus
3000 2566 3156 2634 vivis,
3216 2574 3270 2620 et
3317 2567 3528 2622 exteris
3556 2566 3767 2621 cmlesti

2172 2655 2299 2726 igne
2357 2654 2739 2725 consumptis:
2791 2661 2912 2726 quis
2961 2655 3076 2723 jam
3114 2654 3439 2709 dubitaverit
3475 2655 3579 2710 hoc
3638 2671 3767 2709 esse

2170 2743 2490 2799 sceleratius
2541 2743 2915 2810 commissum,
2956 2743 3100 2815 quod
3130 2751 3213 2798 est
3249 2743 3467 2815 gravius
3523 2742 3770 2798 vindica-

2170 2833 2323 2886 tum?
2357 2852 2379 2880 ι

2240 2920 2377 2975 Hinc
2407 2927 2460 2974 et
2487 2919 2544 2974 in
2571 2919 2809 2975 decretis
2837 2918 3152 2989 apostolicae
3172 2919 3319 2974 sedis
3347 2927 3430 2974 est
3459 2918 3720 2990 scriptum
3747 2935 3761 2974 ε

2169 3008 2318 3064 Sicut
2347 3007 2490 3062 enim
2505 3009 2680 3076 justos
2709 3009 2777 3061 ad
2806 3016 3064 3063 aeternam
3106 3008 3270 3064 vitam
3303 3007 3563 3063 Dominus
3611 3024 3764 3078 prae-

2162 3096 2295 3150 dixit
2324 3096 2518 3161 ituros,
2551 3096 2630 3151 sic
2660 3096 2856 3167 impios
2885 3103 3092 3152 aeterno
3136 3097 3478 3151 damnandos
3504 3096 3761 3151 interitu:

2160 3193 2216 3238 ut
2247 3185 2387 3240 sicut
2417 3199 2528 3238 non
2556 3192 2734 3254 potest
2763 3183 2906 3238 finiri
2935 3184 3209 3239 beatitudo
3232 3186 3524 3252 justorum,
3549 3185 3629 3241 sic
3658 3201 3768 3241 nec

2159 3271 2449 3342 impiorum
2477 3280 2751 3326 tormenta
2805 3271 3082 3326 finiantur.
3143 3273 3270 3328 Haec
3300 3273 3574 3328 hzereticis
3619 3273 3768 3328 schi-

2159 3361 2506 3433 smaticisque
2537 3368 2681 3415 sunt.
2717 3362 2781 3416 Et
2812 3361 2937 3431 quia
2968 3361 3228 3432 quidquid
3287 3377 3432 3418 nunc
3461 3361 3606 3433 gerit
3659 3363 3770 3417 Ec-

2159 3449 2350 3515 clesia,
2383 3449 2611 3521 mystice
2670 3457 2828 3521 typus
2859 3457 2942 3504 est
2999 3449 3321 3516 futurorum,
3371 3450 3419 3504 si
3467 3450 3766 3523 gustabunt

2160 3539 2228 3593 de
2287 3555 2426 3608 pane
2483 3537 2714 3604 caelesti,
2743 3537 2798 3592 id
2850 3546 2932 3592 est.
2986 3545 3038 3592 te
3087 3538 3350 3593 suavitate
3404 3538 3605 3604 divina,
3656 3555 3762 3610 ge-

2157 3627 2352 3681 hennae
2371 3625 2684 3697 participes,
2709 3625 2974 3680 haereticis
2995 3626 3466 3697 schismaticisque
3483 3626 3763 3681 damnatio

2159 3723 2240 3768 est
2271 3715 2514 3784 corporis
2546 3722 2598 3768 et
2655 3713 2940 3786 sanguinis
2992 3713 3194 3768 Christi
3231 3714 3558 3769 communio.
3589 3713 3760 3784 Quis-

2158 3801 2281 3873 quis
2311 3817 2447 3872 ergo
2499 3802 2729 3856 assentit
2789 3801 3167 3868 schismatico,
3204 3803 3581 3859 schismaticus
3637 3819 3762 3858 esse

2159 3890 2351 3960 negari
2381 3905 2492 3945 non
2510 3890 2727 3959 poterit.
2763 3889 2921 3958 Quod
2979 3889 3082 3944 etsi
3123 3906 3315 3945 omnes
3357 3891 3679 3946 sacerdotes
3709 3899 3765 3946 et

2158 3978 2396 4032 mundus
2433 3977 2712 4048 assentiat,
2745 3977 3022 4033 damnatio
3071 3979 3474 4034 consentientes
3521 3978 3770 4050 involvit,

2159 4082 2269 4121 non
2298 4066 2797 4136 prmvaricationem
2828 4082 3130 4122 consensus
3157 4067 3406 4122 absolvit.
3456 4067 3579 4123 Non
3612 4067 3761 4122 enim

2158 4155 2363 4210 crimen
2421 4155 2718 4221 minuitur,
2758 4156 2854 4209 sed
2902 4155 3188 4221 accrescit,
3220 4172 3342 4210 cum
3391 4155 3652 4228 generale
3698 4155 3758 4210 ﬁt

2157 4259 2222 4298 ex
2269 4243 2498 4314 privato.
2534 4244 2648 4299 Hoc
2695 4243 2840 4300 enim
2884 4245 3031 4299 Deus
3086 4243 3326 4299 omnium
3356 4243 3631 4310 indicavit,
3664 4244 3762 4315 qui

2150 4333 2412 4386 mundum
2501 4340 2822 4402 peccantem
2906 4332 3148 4402 generali
3197 4332 3402 4387 diluvio
3456 4331 3752 4388 interemit.

2232 4444 2252 4467 α
2297 4421 2362 4475 Et
2383 4419 2521 4476 sicut
2546 4436 2654 4475 non
2683 4428 2880 4491 potest,
2903 4429 2960 4474 ut
2989 4420 3242 4476 Gelasius
3262 4420 3450 4476 scribit
3480 4422 3766 4491 (epistJO,

2157 4510 2230 4564 ad
2266 4510 2675 4580 Anastasium),
2735 4509 3102 4579 perversitatis
3143 4508 3606 4564 communicatore
3655 4525 3755 4563 su-

2159 4605 2364 4669 scepto,
2403 4613 2513 4652 non
2553 4597 2758 4668 pariter
2786 4598 3120 4668 perversitas
3161 4597 3487 4670 approbari:
3520 4597 3598 4652 sic
3645 4612 3758 4652 non

2156 4694 2334 4757 potest
2388 4686 2603 4742 refutari
2659 4686 2988 4756 perversitas
3036 4686 3301 4756 complice
3330 4693 3598 4742 sectatore
3628 4702 3758 4756 per-

2157 4774 2431 4830 versitatis
2460 4773 2719 4840 admisso,
2755 4791 2878 4829 cum
2914 4773 3060 4829 dicat
3088 4774 3381 4845 Apostolus
3437 4790 3545 4828 non
3574 4774 3756 4828 solum

2158 4879 2250 4934 qui
2281 4878 2388 4918 non
2421 4861 2667 4918 facienda
2695 4861 2901 4917 faciunt
2929 4878 3055 4918 reos
3082 4863 3275 4930 videri,
3325 4863 3422 4916 sed
3460 4862 3626 4918 etiam
3655 4864 3757 4934 qui

2156 4953 2526 5006 consentiunt
2549 4951 3083 5021 facientibus(ltom.
3119 4966 3157 5016 ι,
3192 4954 3303 5018 3ὶ).
3337 4950 3576 5022 Legibus
3605 4951 3752 5004 enim

2156 5038 2388 5109 publicis
2419 5037 2707 5093 criminum
2739 5039 3007 5108 conscios,
3041 5046 3491 5109 susceptoresque
3533 5038 3756 5094 latroci-

2155 5126 2397 5182 nantium
2429 5142 2528 5196 par
2566 5126 2897 5195 judiciorum
2925 5143 3087 5199 pinna
3111 5127 3452 5199 constringit,
3515 5143 3617 5182 nec
3663 5143 3756 5182 ex-

2155 5231 2283 5286 pers
2313 5213 2568 5270 facinoris
2596 5215 2910 5280 mstimatur,
2944 5215 3036 5287 qui
3066 5215 3192 5271 licet
3237 5215 3353 5286 ipse
3399 5230 3506 5271 non
3536 5213 3731 5270 fecerit

2155 5301 2416 5359 facientes
2461 5311 2641 5358 tamen
2669 5303 2723 5358 in
2779 5303 3196 5358 familiaritatem
3255 5302 3542 5374 {radiisque
3597 5319 3753 5360 rece-

2151 5391 2310 5463 perit.
2362 5391 2501 5448 Hinc
2541 5407 2676 5463 ergo
2720 5392 2986 5447 audianus
3046 5392 3320 5464 quomodo
3375 5400 3428 5446 et
3484 5392 3754 5448 Dominus

2153 5488 2310 5537 vocet
2337 5496 2452 5550 eos,
2487 5480 2581 5552 qui
2609 5479 2663 5535 in
2695 5480 2836 5536 ovile
2864 5480 3046 5540 ovium
3077 5487 3267 5539 contra
3292 5495 3482 5536 sacros
3509 5496 3756 5538 canones
