4088 6180
307 225 416 280 225

1803 209 2162 269 EPl‘STOLE

3494 211 3600 268 226

310 344 514 418 Spiritu
547 343 648 398 Dei
677 341 925 399 conditos
953 340 1214 407 insiliunt,
1245 339 1298 394 id
1358 347 1442 394 est
1495 339 1746 412 regimen
1798 338 1910 393 Ec-
1941 338 1998 399 A
2024 335 2294 395 cularibus
2339 336 2484 392 curis
2539 335 2766 405 inhient,
2817 341 2870 390 et
2917 333 3062 406 quod
3115 333 3406 407 unicuique
3435 334 3611 392 visum

309 441 490 498 clesim
517 440 736 511 rapiunt
763 439 944 510 potius
995 453 1158 510 quam
1213 443 1593 507 assequuntur,
1643 435 1748 502 Qui
1796 451 1911 491 non

307 532 514 596 intrat,
549 529 741 600 inquit,
772 544 873 600 per
901 527 1111 584 ostium
1140 528 1204 582 in
1233 525 1374 581 ovile
1404 526 1609 592 ovium,
1653 524 1912 580 ascendit

309 619 562 682 aliunde,
598 619 688 674 hic
715 619 816 688 fur
843 621 930 672 est
958 620 1016 671 et
1045 617 1191 672 latro
1224 615 1406 684 (Joan.
1439 629 1498 680 x,
1538 615 1610 683 1).
1646 613 1726 668 De
1773 629 1910 683 qua-

309 707 450 761 libus
479 706 628 761 idem
656 721 756 776 per
781 705 1100 776 prophetam
1129 703 1261 760 dicit
1295 704 1442 775 :Ipsi
1453 705 1834 774 regnaverunt
1855 705 1912 756 et

305 813 419 852 non
440 811 516 851 ex
526 811 616 850 me
631 795 916 867 principes
932 794 1306 858 exstiterunt,
1321 797 1503 848 etnon
1518 792 1750 863 cognovi
1761 790 1906 859 (0se.

305 899 421 950 vui,
455 884 534 954 4).
573 904 596 933 ι
621 904 644 932 ι
667 884 712 937 A
729 898 808 951 se,
833 879 1004 952 inquit
1025 880 1580 951 Gregorius(Pastor.
1602 895 1641 949 ι,
1664 894 1782 949 cap.
1831 877 1905 949 1),

228 995 238 1006 -
303 981 359 1028 et
384 987 496 1027 non
527 987 592 1026 ex
622 969 844 1026 arbitrio
875 971 1069 1024 summi
1098 969 1327 1024 rectoris
1356 977 1608 1040 regnant,
1669 967 1760 1038 qui
1812 982 1912 1021 sua

303 1060 602 1132 cupiditate
631 1058 872 1124 accensi,
905 1057 1122 1113 culmen
1153 1057 1438 1129 regiminis
1465 1057 1686 1127 rapiunt
1731 1055 1908 1126 potius

301 1165 466 1221 quam
480 1155 850 1219 assequuntur
873 1164 886 1200 :
911 1161 1047 1218 quos
1063 1154 1244 1200 tamen
1260 1146 1507 1201 internus
1518 1145 1684 1214 judex
1714 1152 1766 1198 et
1786 1159 1910 1214 pro-

306 1238 471 1305 vehit,
490 1245 544 1292 et
565 1252 676 1292 non
686 1235 990 1306 cognoscit,
1009 1233 1136 1305 quia
1157 1249 1293 1305 quos
1308 1233 1673 1304 permittendo
1695 1231 1905 1298 tolerat,

303 1325 553 1397 profecto
582 1323 938 1395 perjudicium
994 1321 1396 1393 reprobationis
1450 1321 1690 1394 ignorat.
1729 1343 1752 1370 ν
1813 1319 1907 1375 Ti-

301 1414 504 1469 menda
534 1421 618 1468 est
645 1412 812 1485 igitur
839 1411 918 1466 eis
949 1410 1040 1482 qui
1069 1411 1267 1464 talibus
1297 1409 1481 1465 favent
1507 1423 1540 1464 a
1587 1410 1744 1464 beato
1792 1408 1907 1463 Ge—

302 1503 443 1558 lasio
475 1503 549 1557 ad
570 1517 794 1557 sensum
821 1499 1103 1570 praemissa
1120 1498 1385 1554 sententia
1417 1497 1589 1562 Pauli,
1614 1513 1722 1569 qua
1737 1497 1866 1552 dicit
1891 1512 1904 1550 :

2011 425 2172 482 fuerit
2204 425 2427 482 liberius
2471 433 2656 498 agant.
2708 445 2729 474 »
2768 426 2836 479 Et
2882 423 3006 490 alia,
3055 441 3176 496 quae
3219 424 3275 479 in
3319 423 3431 480 suis
3474 424 3612 481 locis

2011 508 2200 571 lector.
2239 514 2486 571 invenire
2543 513 2762 569 valebit.
2821 513 2929 568 Sed
2985 519 3039 568 et
3087 512 3226 568 sicut
3273 513 3330 567 in
3385 513 3612 585 epistola

2011 605 2188 660 beatae
2218 604 2498 660 memoriae
2517 603 2728 660 Nicolai
2747 619 2903 674 papa:
2924 602 2993 658 ad
3023 602 3290 673 quosdam
3322 602 3612 674 episcopos

2011 691 2245 764 Belgicae
2272 692 2568 764 provinciae
2596 692 2805 748 directa
2834 691 3156 758 continetur,
3191 691 3369 747 Grieci
3425 699 3614 747 contra

2011 797 2135 836 eum
2165 781 2523 848 fremuerunt,
2560 780 2687 852 quia
2717 781 2854 850 ipse,
2907 779 3044 835 sicut
3095 787 3146 834 et
3192 779 3614 850 predecessores

2011 869 2113 937 sui,
2149 870 2464 926 sacerdotes
2493 869 2564 924 ab
2592 869 2848 924 uxoribus
2877 867 3154 923 abstinere
3183 868 3463 938 praecepit,
3509 883 3612 924 vo-

2010 959 2184 1014 lentes
2243 975 2345 1028 per
2391 973 2630 1012 canones
2673 964 2909 1012 statuere
2954 964 3010 1010 ut
3051 956 3210 1011 liceat
3252 955 3360 1010 illis
3409 971 3610 1012 uxores

2008 1047 2234 1103 habere.
2267 1049 2384 1102 Nos
2414 1055 2596 1102 autem
2629 1045 2875 1101 moderni
2934 1053 2987 1100 et
3033 1043 3301 1104 Gallicani
3344 1045 3608 1116 episcOpi,

2009 1153 2182 1192 novos
2213 1151 2453 1192 canones
2485 1135 2670 1191 facere
2699 1150 2978 1199 conamur,
3010 1141 3064 1188 ut
3094 1133 3250 1189 liceat
3277 1132 3436 1188 nobis
3465 1134 3610 1204 quod

2009 1225 2231 1297 gravius
2286 1232 2368 1279 est
2443 1239 2608 1295 quam
2681 1222 2887 1278 carnali
2942 1221 3268 1278 commercio
3287 1263 3301 1291 ,
3381 1220 3613 1293 spiritali

2009 1313 2295 1377 adulterio,
2327 1319 2419 1366 aut
2449 1312 2587 1366 duas
2606 1327 2822 1374 uxores,
2856 1310 2911 1364 id
2943 1317 3026 1364 est
3051 1311 3189 1365 duas
3237 1309 3396 1364 sedes
3451 1309 3613 1365 simul

2007 1402 2228 1469 habere,
2276 1410 2366 1456 aut
2415 1416 2641 1456 uxorem
2691 1399 2850 1454 simul
2906 1407 2960 1454 et
3013 1397 3369 1454 concubinam
3401 1407 3608 1469 tenere,

2008 1490 2092 1544 vel
2123 1490 2338 1546 vivente
2367 1489 2493 1544 licet
2519 1488 2731 1543 infirma
2778 1503 2968 1555 uxore,
3009 1487 3066 1542 id
3097 1495 3178 1542 est
3206 1486 3460 1543 Ecclesia
3503 1503 3607 1543 no-

301 1593 422 1648 Non
477 1591 662 1646 solum
683 1591 779 1662 qui
806 1589 1051 1660 faciunt,
1075 1587 1172 1642 sed
1186 1589 1283 1660 qui
1299 1587 1908 1656 consentiunt/ueien-
2009 1588 2116 1632 stra
2164 1578 2545 1648 persecutione
2592 1577 2834 1649 qualibet
2876 1577 3039 1632 rebus
3065 1593 3128 1632 ac
3165 1575 3612 1648 possessionibus

306 1680 472 1746 tibus,
488 1679 649 1750 digni
663 1677 1236 1745 suntmorte(Rom.1,
1258 1677 1368 1746 32),
1392 1674 1612 1745 quia,ut
1630 1675 1736 1728 Leo
1757 1673 1906 1739 dicit,
1939 1667 2309 1750 Bimminuta,
2343 1667 2413 1722 ad
2459 1667 2682 1721 alterius
2735 1665 2988 1737 copulam
3036 1665 3445 1736 transmigrare.
3477 1666 3611 1720 Cum

298 1769 354 1822 in
387 1767 580 1822 talium
607 1765 926 1837 praelatione
955 1780 1065 1820 non
1094 1772 1178 1818 est
1205 1763 1420 1834 populis
1447 1763 1754 1826 consulere,
1813 1763 1910 1817 sed
2011 1756 2148 1811 sicut
2186 1756 2269 1812 vir
2314 1772 2426 1810 non
2473 1755 2639 1810 habet
2691 1762 3016 1826 potestatem
3063 1753 3308 1825 corporis
3360 1755 3464 1824 sui,
3513 1755 3612 1810 sed

298 1871 518 1922 nocere,
546 1870 650 1910 nec
668 1859 930 1924 praestare
950 1852 1217 1926 regimen,
1244 1851 1346 1906 sed
1372 1867 1576 1924 augere
1598 1851 1908 1916 discrimen,

404 1945 557 1998 XIV.
594 1941 755 2010 Quod
782 1941 1068 2012 scripsisti,
1101 1941 1419 2012 episcopum
1449 1941 1517 1994 de
1574 1956 1681 2010 quo
1729 1939 1910 2011 agitur

297 2032 481 2088 dicere
509 2031 583 2086 ad
611 2030 950 2086 excusandas
979 2030 1356 2084 excusationes
1385 2029 1442 2082 in
1471 2028 1731 2098 peccatis,
1773 2043 1908 2098 quo-

294 2117 440 2172 niam
469 2122 599 2170 sunt
624 2115 680 2169 in
731 2114 948 2170 civitate
997 2113 1302 2184 metropoli,
1355 2112 1411 2166 in
1468 2128 1577 2183 qua
1631 2111 1908 2166 ordinatus

295 2205 486 2275 fuerat,
535 2203 775 2258 ministri
828 2201 1206 2268 ecclesiastici,
1267 2201 1363 2272 qui
1418 2200 1773 2273 indigentium
1804 2215 1906 2255 ne-

289 2293 638 2349 cessitatibus
667 2299 896 2362 possunt
937 2290 1247 2356 consulere,
1280 2289 1378 2344 sed
1427 2289 1545 2358 ipse
1595 2303 1704 2342 non
1764 2287 1902 2344 habe

296 2381 684 2438 suﬁicientiam
716 2396 900 2434 rerum
927 2395 990 2434 ac
1017 2377 1351 2444 facultatum,
1387 2377 1583 2449 quibus
1611 2375 1666 2432 in
1713 2392 1780 2432 ea
1807 2377 1906 2431 ho-

293 2471 610 2526 norabiliter
637 2468 810 2540 possit
839 2467 1157 2534 subsistere,
1217 2467 1364 2521 unde
1420 2483 1478 2521 se
1533 2472 1760 2521 conatur
1813 2482 1908 2521 ex-

297 2575 513 2625 cusare,
547 2558 677 2612 inde
704 2557 884 2630 magis
913 2556 1125 2612 videtur
1153 2569 1438 2620 accusare,
1493 2561 1546 2608 et
1596 2553 1910 2624 cupiditatis

293 2655 452 2718 atque
479 2646 726 2702 cauterio
757 2644 1072 2700 ambitionis
1099 2644 1340 2709 inurere,
1373 2642 1465 2714 qui
1510 2642 1634 2714 plus
1679 2657 1905 2713 posses-

294 2735 480 2791 siones
528 2743 779 2789 terrenas
827 2749 990 2804 quam
1043 2732 1340 2787 animarum
1397 2731 1546 2787 lucra
1601 2731 1815 2787 videtur
1843 2747 1906 2786 ac

295 2824 532 2896 quirere.
569 2822 848 2876 Debuerat
875 2821 1019 2876 enim
1050 2820 1106 2874 in
1132 2829 1315 2876 mente
1344 2820 1552 2874 habere
1584 2819 1730 2890 quod
1788 2819 1897 2890 spi-

291 2910 426 2966 ritus
455 2910 628 2966 Paulo
661 2909 814 2976 dixit,
844 2918 1040 2964 utnon
1096 2909 1264 2964 exiret
1313 2907 1382 2963 de
1437 2907 1652 2963 civitate
1701 2907 1754 2961 in
1803 2923 1906 2978 qua

288 2998 339 3054 ei
364 3000 575 3053 multus
605 2999 841 3070 populus
871 3006 1003 3068 erat,
1045 2997 1145 3053 sed
1196 3005 1508 3053 constanter
1563 2996 1898 3067 praedicaret.

290 3086 431 3156 Quid
463 3088 615 3142 enim
647 3087 771 3153 scit,
799 3093 979 3142 utrum
1007 3086 1163 3143 multi
1191 3086 1260 3141 de
1291 3085 1518 3158 paganis
1547 3085 1674 3154 illis,
1708 3084 1800 3156 qui
1835 3085 1904 3161 lin

291 3177 484 3231 eadem
509 3175 731 3232 civitate
761 3174 1022 3242 habitant,
1058 3175 1166 3230 sint
1193 3191 1228 3239 a
1265 3176 1380 3229 Deo
1432 3173 1806 3245 praedestinati
1837 3173 1905 3228 ad

289 3264 479 3331 vitam,
514 3263 611 3336 qui
641 3279 744 3334 per
787 3263 1236 3334 praedicationem
1277 3263 1393 3332 ejus
1447 3263 1558 3317 oris
1614 3269 1667 3318 et
1722 3262 1905 3333 operis

290 3353 544 3408 converti
599 3360 868 3423 poterant,
925 3361 980 3408 et
1042 3351 1136 3406 ubi
1183 3351 1472 3406 Christiani
1525 3359 1648 3406 sunt
1708 3350 1903 3404 salvari

290 3442 563 3508 valerent,
598 3441 646 3495 si
674 3440 732 3495 in
757 3457 825 3496 ea
851 3449 1115 3507 maneret,
1161 3440 1378 3495 etiamsi
1429 3440 1731 3494 necessitas
1781 3455 1904 3494 eum

287 3529 494 3585 ibidem
525 3529 709 3584 taliter
737 3545 964 3584 manere
993 3535 1238 3600 cogeret,
1271 3528 1412 3583 sicut
1445 3526 1644 3581 Paulus
1674 3543 1734 3582 se
1756 3542 1907 3582 man-

289 3618 428 3674 sisse
470 3618 624 3689 apud
673 3617 981 3672 Corinthios
1025 3616 1158 3670 dixit
1191 3635 1204 3670 :
1237 3618 1369 3688 Ego,
1416 3615 1689 3686 inquiens,
1725 3617 1788 3670 in
1815 3617 1904 3671 in-

2010 1844 2224 1912 mulier,
2257 1844 2497 1916 quandiu
2525 1860 2660 1898 uxor
2692 1843 2809 1911 ejus
2837 1842 2965 1898 licet
3003 1842 3245 1898 infirmat
3274 1841 3421 1908 vivit,
3456 1843 3528 1897 ita
3558 1852 3613 1898 et

2011 1928 2300 1998 episcopus
2330 1944 2441 1983 non
2469 1928 2635 1982 habet
2661 1935 2986 1996 potestatem
3015 1926 3326 1994 ecclesiam,
3359 1926 3612 1982 videlicet

2007 2015 2222 2086 plebem
2280 2031 2435 2070 suam
2483 2017 2766 2084 deserere,
2825 2022 2878 2069 et
2934 2013 3160 2069 alteram
3207 2013 3470 2070 invadere
3523 2015 3611 2070 vel

2007 2119 2290 2173 usurpare,
2344 2103 2604 2174 quandiu,
2659 2103 2796 2170 sicut
2841 2110 3060 2158 sanctus
3100 2102 3435 2174 Augustinus
3481 2102 3610 2159 dicit

2008 2191 2194 2263 (epist.
2231 2196 2355 2258 180,
2389 2192 2712 2261 Honorato),
2748 2191 2807 2246 in
2835 2207 2901 2247 ea
2931 2190 3133 2246 residui
3180 2198 3303 2245 sunt
3357 2191 3608 2247 conservi

2007 2279 2108 2346 sui,
2140 2280 2335 2352 quibus
2362 2281 2604 2352 prebeat
2631 2280 2856 2346 cibaria,
2907 2296 3044 2352 quos
3086 2279 3244 2336 aliter
3287 2279 3470 2336 vivere
3498 2296 3608 2336 non

2004 2385 2170 2440 posse
2199 2369 2374 2425 novit.
2415 2368 2574 2438 Quod
2601 2368 2648 2424 si
2675 2368 2885 2435 fecerit,
2917 2377 3067 2424 tanto
3094 2369 3268 2438 majus
3323 2368 3610 2425 committit

2006 2458 2352 2524 adulterium,
2385 2465 2585 2530 quanto
2623 2457 2928 2529 spiritaliter
2981 2457 3268 2524 adulterat,
3313 2465 3365 2514 et
3388 2457 3608 2528 plebem

2006 2563 2160 2601 suam
2216 2547 2521 2602 adulterare
2569 2545 2718 2614 facit,
2777 2545 2824 2600 si
2877 2546 3030 2602 alteri
3073 2561 3140 2601 eo
3196 2545 3410 2601 vivente
3452 2553 3506 2602 et
3550 2546 3608 2601 in

2005 2635 2294 2690 sacerdotii
2331 2634 2701 2690 incolumitate
2747 2643 3002 2689 manente
3047 2651 3108 2688 se
3157 2634 3418 2703 junxerit,
3479 2634 3608 2706 quia

2003 2723 2198 2778 mulier
2227 2740 2337 2779 non
2366 2723 2532 2778 habet
2559 2730 2886 2794 potestatem
2915 2721 3164 2793 corporis
3192 2721 3294 2788 sui,
3347 2721 3446 2776 sed
3500 2722 3602 2789 vir,

2006 2811 2240 2882 quandiu
2268 2811 2350 2867 vir
2387 2813 2504 2881 ejus
2560 2811 2708 2879 vivit,
2769 2819 2822 2866 et
2865 2811 3082 2882 plebem
3128 2825 3292 2882 quam
3344 2809 3608 2866 invaserit

2006 2915 2192 2955 secum
2239 2900 2553 2955 adulterare
2600 2899 2746 2964 facit,
2809 2907 2867 2954 ut
2921 2901 3111 2955 beatus
3171 2898 3518 2954 Innocentius
3547 2899 3604 2953 in

2005 2987 2242 3044 decretis
2269 2989 2382 3043 suis
2411 2989 2666 3056 ostendit,
2698 2988 2928 3060 loquens
2957 2989 3026 3042 de
3057 2987 3281 3058 repudio
3309 2987 3414 3042 viri
3445 2994 3606 3061 atque

2006 3077 2208 3143 uxoris,
2269 3079 2416 3148 quod
2476 3077 2671 3132 merito
2717 3077 3128 3148 intelligendum
3159 3091 3224 3132 ac
3271 3077 3611 3147 sequendum

2008 3166 2151 3221 etde
2181 3166 2405 3237 spiritali
2433 3165 2676 3236 episcOpi
2703 3173 2756 3220 et
2783 3165 3066 3234 Ecclesiae,
3115 3164 3172 3219 in
3215 3181 3324 3237 qua
3368 3164 3607 3235 primum

2007 3263 2286 3319 ordinatus
2312 3263 2430 3329 fuit,
2467 3262 2864 3332 conjunctione.
3343 3243 3362 3267 ³

2083 3371 2105 3400 α
2141 3351 2221 3404 De
2249 3349 2354 3418 his,
2386 3348 2560 3419 inquit
2579 3349 2766 3420 (epist.
2794 3351 2879 3416 11,
2905 3347 2976 3402 ad
2995 3347 3390 3418 Exuperium),
3415 3347 3604 3420 requi-

2007 3437 2130 3494 sivit
2158 3437 2378 3493 dilectio
2407 3445 2518 3501 tua,
2563 3436 2657 3507 qui
2696 3434 3084 3490 interveniente
3131 3435 3356 3506 repudio
3412 3435 3517 3490 alio
3545 3452 3606 3490 se

2005 3525 2346 3580 matrimonio
2377 3524 2721 3595 copularunt,
2757 3540 2893 3595 quos
2922 3524 2979 3577 in
3009 3531 3237 3594 utraque
3265 3531 3418 3594 parte
3445 3524 3603 3579 adul-

2005 3622 2152 3669 teros
2165 3629 2288 3668 esse
2301 3611 2649 3668 manifestum
2665 3620 2765 3667 est.
2783 3611 2888 3680 Qui
2921 3611 3039 3667 viro
3064 3613 3150 3668 vel
3169 3627 3335 3668 uxore
3365 3612 3600 3681 vivente,

288 3708 569 3776 ﬁrmitate
597 3711 656 3762 et
686 3709 885 3762 timore
915 3710 972 3761 et
1003 3709 1244 3762 tremore
1274 3705 1456 3760 multo
1503 3705 1593 3775 fui
1623 3703 1791 3774 apud'
1818 3721 1910 3760 vos
2005 3702 2256 3774 quamvis
2303 3701 2658 3758 dissociatum
2705 3700 2952 3756 videatur
3000 3717 3123 3756 esse
3169 3701 3501 3773 conjugium,
3532 3701 3602 3755 ad

293 3795 338 3867 (ι
361 3797 484 3852 Cor.
521 3809 585 3859 ιι,
619 3795 695 3864 3).
746 3794 916 3866 Legat
943 3793 1110 3865 igitur
1157 3792 1424 3848 decimam
1472 3800 1716 3864 quartam
1763 3791 1907 3848 beati
2005 3791 2166 3846 aliam
2196 3789 2446 3861 copulam
2472 3789 2816 3855 festinarunt,
2861 3805 3041 3860 neque
3091 3797 3316 3858 possunt
3367 3789 3600 3843 adulteri

286 3883 544 3955 Gregorii
579 3881 856 3936 homiliam
887 3897 953 3936 ex
983 3881 1214 3937 lectione
1245 3881 1422 3937 sancti
1447 3879 1758 3954 Evangelii,
1795 3881 1904 3951 Ego
2003 3895 2112 3934 non
2143 3878 2335 3944 videri,
2366 3879 2422 3932 in
2449 3886 2657 3934 tantum
2685 3886 2742 3933 ut
2770 3877 2928 3934 etiam
2957 3879 3074 3933 haec
3101 3891 3352 3948 personae
3408 3877 3603 3948 quibus

283 3988 410 4026 sum
437 3974 640 4042 pastor
670 3971 844 4026 bonus
874 3971 1056 4039 (Joan.
1089 3985 1170 4038 χι,
1209 3973 1316 4040 14),
1339 3977 1393 4024 et
1413 3968 1654 4023 inveniet
1675 3968 1904 4039 qualiter
2004 3968 2138 4022 tales
2168 3967 2440 4036 conjuncti
2469 3975 2608 4034 sunt,
2643 3967 2805 4022 etiam
2850 3967 2953 4037 ipsi
2999 3964 3322 4020 adulterium
3370 3966 3602 4020 commi-

283 4073 348 4114 ac
375 4066 650 4130 quantum
679 4059 748 4112 ab
777 4059 1098 4114 auctoritate
1127 4066 1180 4124 et
1210 4075 1310 4112 suo
1337 4059 1531 4113 ordine
1579 4057 1898 4113 deviaverit.
2005 4055 2141 4110 sisse
2196 4056 2498 4126 videantur,
2549 4056 2846 4112 secundum
2893 4055 3024 4110 illud
3066 4054 3212 4126 quod
3267 4052 3501 4126 legimus
3547 4054 3603 4110 in

285 4146 393 4202 Sed
423 4156 478 4202 et
499 4145 828 4202 scandalum
857 4147 913 4201 in
941 4145 1196 4202 Ecclesia
1225 4147 1389 4215 misit,
1422 4146 1562 4201 sicut
1591 4154 1646 4200 et
1678 4145 1902 4217 quidam
2002 4145 2301 4218 Evangelio
2333 4163 2348 4200 :
2379 4145 2484 4212 Qui
2511 4145 2792 4200 dimiserit
2820 4157 3058 4200 uxorem
3086 4159 3254 4198 suam
3283 4146 3342 4198 et
3367 4144 3604 4200 duxerit

285 4235 551 4306 episcopi,
586 4234 752 4289 etiam
780 4251 812 4288 a
842 4234 1007 4306 longe
1049 4233 1489 4306 praecedentibus
1540 4235 1896 4304 temporibus,

282 4323 608 4378 scandalum
647 4338 748 4393 pro
770 4339 872 4378 sua
899 4323 1080 4394 quiete
1110 4332 1163 4378 et
1193 4322 1560 4394 voluptatibus
1590 4323 1648 4376 in
1698 4323 1896 4379 Eccle-

2001 4234 2197 4300 aliam,
2213 4234 2528 4290 moechatur
2543 4249 2554 4288 :
2570 4233 2841 4288 similiter
2855 4236 2912 4287 et
2931 4232 3026 4304 qui
3036 4231 3331 4286 dimissam
3342 4231 3596 4299 duxerit,

2000 4323 2316 4377 machatur
2342 4321 2558 4390 (Matth.
2591 4336 2646 4384 v,
2680 4321 2793 4390 21),
2820 4327 2872 4374 et
2901 4319 3023 4374 ideo
3053 4334 3244 4374 omnes
3281 4335 3314 4373 a
3357 4335 3600 4374 commu-

285 4411 420 4465 siam
463 4411 907 4476 intromiserunt,
967 4412 1278 4467 ordinantes
1336 4411 1782 4482 chorepiscOpos,
1842 4419 1895 4466 et
1913 4399 1966 4459 D
1996 4409 2158 4465 nione
2178 4407 2418 4464 fidelium
2447 4408 2814 4464 abstinendos.
2841 4409 2910 4462 At
2939 4407 3008 4462 sit
3033 4423 3172 4462 uxor
3201 4406 3464 4478 episcopi,
3498 4422 3596 4464 ec-

285 4499 365 4554 eis
392 4517 516 4572 quae
549 4499 778 4555 summis
806 4498 1152 4570 pontiﬁcibus
1181 4499 1510 4556 conveniunt
1553 4515 1719 4572 agere
1765 4515 1898 4569 per-

279 4588 586 4644 mittentes.
623 4588 775 4656 Quos
802 4587 1110 4660 apostolica
1141 4588 1302 4644 sedes
1335 4587 1535 4659 saepius
1564 4586 1895 4658 reprobavit,

283 4685 340 4732 et
368 4677 682 4750 apostolico
709 4693 969 4734 mucrone
997 4676 1209 4744 recidit,
1241 4676 1378 4732 sicut
1421 4677 1478 4731 in
1534 4676 1899 4733 decretalibus

283 4781 475 4822 eorum
507 4767 604 4839 qui
653 4766 881 4821 voluerit
924 4781 1212 4822 recensere
1259 4764 1517 4820 inveniet.
1567 4766 1714 4820 Inter
1761 4781 1900 4836 quos

281 4855 560 4910 Damasus
591 4870 737 4925 papa
765 4855 834 4910 de
863 4854 1058 4909 talibus
1087 4853 1218 4910 dicit
1245 4853 1516 4924 episcOpis
1546 4855 1732 4923 (epist.
1766 4857 1799 4908 5
1827 4854 1901 4909 ad

287 4944 463 5014 episc.
499 4942 806 5012 Numidica)
837 4961 854 4997 :
888 4963 911 4992 «
948 4941 1049 5008 Illi,
1073 4941 1346 5012 inquiens,
1367 4940 1626 5012 episcOpi,
1648 4941 1740 5012 qui
1769 4941 1900 4996 talia

290 5032 398 5086 sibi
461 5039 826 5102 praesumunt,
872 5029 1124 5085 videntur
1167 5029 1300 5084 mihi
1347 5046 1470 5085 esse
1527 5029 1905 5086 meretricibus

293 5119 531 5185 similes,
563 5135 688 5190 quae
715 5117 896 5172 statim
943 5126 1000 5174 ut
1028 5117 1262 5190 pariunt,
1311 5117 1548 5174 infantes
1598 5134 1730 5174 suos
1781 5118 1898 5174 aliis

286 5207 599 5264 nutricibus
628 5207 850 5262 tradunt
881 5207 1210 5274 educandos,
1244 5215 1303 5263 ut
1357 5224 1512 5262 suam
1567 5207 1726 5262 citius
1771 5207 1899 5263 libi-

289 5296 478 5353 dinem
513 5296 741 5368 explere
769 5295 1004 5352 valeant.
1039 5297 1128 5352 Sic
1157 5305 1210 5352 et
1237 5296 1327 5352 isti
1377 5295 1608 5351 infantes
1665 5311 1812 5362 suos,
1844 5296 1898 5365 id

285 5395 365 5440 est
393 5385 636 5458 populos
659 5383 765 5440 sibi
796 5385 1150 5454 commissos,
1172 5385 1290 5442 aliis
1320 5385 1631 5442 educandos
1655 5384 1892 5453 tradunt,

279 5480 340 5535 ut
365 5491 496 5532 suas
525 5473 788 5532 libidines
817 5473 1093 5546 expleant,
1141 5474 1197 5532 id
1226 5483 1308 5532 est
1333 5491 1432 5547 pro
1461 5490 1560 5530 suo
1596 5473 1750 5531 libitu
1789 5489 1897 5530 saa-

1998 4497 2163 4553 clesia
2191 4497 2399 4554 scilicet
2425 4512 2489 4552 ac
2517 4495 2779 4567 parochia
2807 4497 2942 4566 ejus,
2981 4495 3140 4551 fuerit
3198 4495 3440 4567 qualibet
3487 4510 3594 4566 op-

1997 4585 2282 4656 pressione
2324 4585 2654 4656 percutionis
2695 4585 2960 4650 desolata,
2991 4584 3048 4639 id
3077 4591 3160 4639 est
3186 4584 3256 4638 de
3305 4583 3422 4638 solo
3483 4583 3594 4638 ela-

1996 4690 2114 4745 psa,
2145 4681 2203 4729 ut
2230 4673 2286 4728 in
2313 4690 2380 4730 ea
2407 4690 2518 4731 non
2545 4681 2857 4730 remaneant
2887 4673 3081 4744 quibus
3123 4687 3354 4728 necesse
3397 4671 3467 4727 sit
3492 4671 3594 4726 mi-

1996 4763 2251 4830 nistrare,
2285 4763 2429 4820 licite
2455 4764 2601 4820 valet
2637 4763 2926 4835 episcopus
2971 4761 3041 4816 ad
3096 4767 3386 4817 vacantem
3431 4761 3595 4817 aliam

1997 4851 2286 4908 ecclesiam
2317 4853 2722 4926 transmigrare,
2755 4851 2894 4907 sicut
2923 4866 3086 4920 supra
3105 4849 3291 4906 verbis
3311 4850 3594 4906 beatorum

1997 4941 2282 5014 Augustini
2310 4949 2472 5013 atque
2502 4940 2755 5014 Gregorii
2784 4939 3328 4994 estdemonstratum.
3351 4939 3592 5011 Etplebs

1997 5029 2254 5101 episcopo
2286 5046 2386 5086 suo
2413 5030 2648 5094 viduata,
2681 5028 2738 5083 id
2766 5035 2850 5083 est
2879 5044 3094 5096 vacans,
3139 5044 3308 5086 carne
3364 5028 3451 5083 vel
3497 5044 3592 5082 re-

1995 5119 2254 5190 gulariter
2281 5117 2536 5174 defuncto
2582 5116 2889 5174 sacerdotio
2935 5117 3254 5189 episcopum
3297 5115 3593 5181 viduatum,

1995 5206 2051 5262 id
2081 5215 2164 5263 est
2193 5215 2491 5272 vacantem,
2523 5205 2845 5277 regulariter
2875 5214 3053 5276 potest
3083 5205 3380 5276 suscipere,
3423 5202 3590 5260 veluti

1996 5295 2288 5367 Apostolus
2317 5295 2385 5350 de
2413 5294 2641 5350 muliere
2669 5293 2800 5350 dicit
2830 5312 2844 5348 :
2877 5296 3106 5360 Mortuo,
3139 5292 3407 5364 inquiens,
3447 5292 3585 5359 viro,

1993 5384 2173 5439 nubat
2200 5383 2296 5440 cui
2321 5384 2462 5449 vult,
2497 5387 2726 5438 tantum
2753 5384 2820 5439 in
2849 5385 3082 5440 Domino
3140 5383 3190 5452 (I
3209 5383 3329 5438 Cor.
3350 5397 3450 5452 νη,
3475 5383 3588 5453 39).

1995 5472 2228 5530 Sanctus
2257 5471 2458 5544 quippe
2486 5472 2760 5539 Leo,inter
2787 5471 3093 5545 praecipuos
3123 5471 3272 5529 sedis
3293 5471 3590 5541 Romanae,
