4088 6180
420 233 526 291 227

1342 226 1685 286 ΗΙΝΟΜΛΚΙ
1737 224 2138 284 RHEMENSIS
2196 225 2747 284 ARCHIEPISCOPI.

3622 228 3733 289 228

425 362 648 412 ornatus
706 352 1019 425 pracipius,
1054 351 1123 408 de
1154 351 1269 407 viro
1292 358 1344 407 et
1372 351 1598 409 muliere
1625 351 1873 423 Apostoli
1902 367 2024 407 sen-
2050 351 2107 413 A
2133 372 2155 401 α
2191 350 2477 407 Christiani
2503 367 2616 407 non
2645 358 2788 419 sunt,
2823 350 2915 423 qui
2943 351 3241 426 ligamenta
3287 359 3490 409 sancta
3534 352 3738 412 Eccle-

425 444 647 499 tentiam
675 458 976 514 exponens,
1010 440 1142 513 quid
1169 456 1270 512 per
1298 442 1442 497 hanc
1468 441 1905 510 conjunctionem
1935 440 2025 494 in-

423 532 595 606 telligi
623 531 856 588 voluerit
881 538 1133 603 patenter
1143 529 1380 587 ostendit
1412 546 1425 585 :
1449 530 1883 587 Sacramentum
1905 531 2025 597 hoc,

423 621 696 694 inquiens,
728 637 1000 693 magnum
1029 624 1115 676 est
1148 636 1161 675 :
1195 636 1289 691 ego
1301 623 1496 675 autem
1526 620 1646 676 dico
1659 622 1722 676 in
1738 620 1957 676 Christo
1970 622 2030 674 et

425 712 490 766 in
516 711 790 779 Ecclesia(
819 710 1018 780 Ephes.
1052 725 1107 775 ν,
1140 708 1252 779 32).
1287 708 1483 779 Utique
1500 708 1607 764 duo
1627 715 1771 774 sunt,
1796 710 1944 763 Deus
1974 715 2029 762 et

424 799 607 868 homo,
640 799 886 854 Christus
917 805 972 853 et
999 796 1271 863 Ecclesia,
1331 813 1455 868 qua
1512 796 1582 851 de
1632 796 1820 868 sponsi
1864 811 2029 852 carne

426 886 677 958 provibit,
709 894 763 942 et
791 888 860 942 de
891 887 1060 942 latere
1091 883 1343 941 Crucitixi
1374 892 1632 941 manante
1661 884 1930 957 sanguine
1976 892 2031 940 et

423 991 587 1048 aqua,
632 983 1040 1033 sacramentum
1089 973 1482 1045 redemptionis
1510 982 1565 1030 et
1593 973 2029 1048 regenerationis

426 1064 654 1136 accepit.
694 1085 718 1115 »

495 1154 565 1209 Et
591 1152 737 1210 idem
766 1152 896 1209 alibi
929 1169 941 1209 :
973 1152 1147 1219 Unde,
1180 1152 1373 1224 inquit,
1407 1168 1531 1209 cum
1561 1152 1793 1208 societas
1825 1150 2031 1222 nuptia-

421 1258 540 1298 rum
566 1242 642 1298 ita
660 1242 729 1297 ab
760 1241 913 1297 initio
944 1242 1240 1297 constituta
1288 1242 1377 1307 sit,
1427 1249 1486 1296 ut
1539 1248 1741 1313 prater
1799 1257 2029 1296 sexuum

420 1331 862 1400 conjunctionem
889 1331 1119 1387 haberet
1140 1330 1195 1385 in
1228 1346 1286 1385 se
1320 1329 1518 1385 Christi
1546 1336 1600 1384 et
1629 1330 1894 1385 Ecclesia
1933 1345 2028 1385 sa-

422 1428 780 1488 cramentum,
813 1435 923 1475 non
962 1435 1099 1492 ergo
1125 1418 1426 1475 fornicatur
1454 1418 1764 1491 quisquam,
1788 1418 2030 1474 indebita

420 1509 699 1566 voluntate
727 1508 918 1564 abiens
946 1517 1068 1579 post
1113 1524 1338 1564 uxorem
1384 1507 1630 1579 legitimo
1688 1516 1741 1564 et
1798 1507 2030 1578 spiritali

422 1598 527 1651 sibi
557 1598 803 1653 sortitam
834 1597 1110 1668 conjugio,
1134 1597 1236 1653 sed
1256 1596 1449 1669 diligat
1469 1604 1521 1651 et
1540 1596 1717 1653 foveat
1759 1612 1900 1663 eam,
1918 1597 2029 1653 sic-

2128 439 2223 495 sia
2269 440 2426 494 vanis
2488 456 2551 496 se
2599 441 2873 497 astimant
2920 442 3204 497 conatibus
3260 442 3473 498 solvere
3507 460 3522 496 :
3555 457 3619 499 ac
3637 459 3744 515 per

2126 527 2231 584 hoc
2259 544 2360 585 nec
2391 529 2791 585 absolutionem
2823 538 3023 586 sancta
3042 530 3325 598 Ecclesiae,
3388 546 3551 602 quam
3588 548 3740 602 pra-

2130 623 2238 672 stat
2266 616 2537 685 ﬁdelibus,
2573 633 2757 673 veram
2780 626 2988 689 putant,
3023 619 3069 674 si
3089 619 3346 690 ligaturas
3377 619 3491 688 ejus
3550 620 3741 677 valere

2130 721 2241 760 non
2267 706 2559 762 astimant.
2591 707 2789 762 Contra
2819 722 2957 778 quos
2985 707 3189 764 diutius
3219 708 3602 779 disputandum
3622 724 3739 764 non

2130 802 2231 861 est,
2266 795 2395 866 quia
2424 812 2523 866 per
2550 796 2729 851 omnia
2784 796 3121 868 despiciendi
3151 805 3205 852 et
3245 796 3744 852 anathematizandi

2132 891 2275 949 sunt,
2310 891 2364 939 et
2392 884 2535 939 unde
2566 900 2627 941 se
2655 883 2843 940 fallere
2900 885 3184 940 veritatem
3245 886 3492 951 credunt,
3523 885 3653 941 inde
3680 886 3742 941 in

2128 972 2366 1042 peccatis
2397 972 2511 1027 suis
2558 972 2826 1029 veraciter
2866 973 3234 1044 implicantur,
3284 989 3491 1045 eosque
3532 980 3586 1028 et
3629 989 3741 1045 ego
3821 1007 3835 1020 ο

2131 1068 2183 1114 et
2209 1075 2401 1115 omnes
2433 1060 2687 1118 catholici
2715 1061 2988 1133 episcopi,
3021 1069 3183 1134 atque
3212 1062 3465 1119 universa
3491 1062 3746 1119 Ecclesia

2130 1149 2663 1216 anathematizamus,
2725 1151 2850 1223 quia
2898 1150 3114 1206 veritati
3162 1150 3433 1207 contraria
3476 1150 3738 1219 sentiunt,

2129 1246 2182 1293 et
2209 1238 2479 1293 contraria
2508 1238 2821 1309 loquuntur.
2873 1261 2895 1289 ι

2200 1326 2327 1382 Hac
2357 1326 2560 1383 idcirco
2589 1328 2657 1382 de
2688 1328 2854 1383 rebus
2884 1335 2938 1383 et
2968 1327 3310 1384 facultatibus
3340 1330 3603 1387 Ecclesia
3647 1331 3739 1387 vi-

2129 1414 2308 1470 duata
2339 1416 2439 1469 sub
2494 1431 2778 1472 oeconomo
2827 1418 3003 1472 luturo
3061 1418 3411 1473 reservandis
3458 1421 3739 1493 Episcopo

2128 1502 2216 1558 hic
2245 1503 2685 1574 interposuimus,
2718 1513 2774 1560 ut
2802 1506 3045 1561 attendat
3076 1507 3144 1561 de
3173 1522 3281 1578 quo
3310 1506 3489 1578 agitur
3515 1509 3741 1580 episco-

2129 1608 2249 1661 pus,
2286 1592 2415 1662 quia
2445 1592 2490 1647 si
2518 1593 2721 1648 nemini
2751 1594 3060 1650 Christiano
3090 1611 3183 1650 eas
3210 1595 3338 1652 licet
3376 1613 3732 1669 prasumere,

425 1692 484 1740 ut
514 1685 760 1741 Christus
788 1685 1090 1742 Ecclesiam
1120 1703 1134 1739 :
1168 1701 1346 1756 neque
1376 1692 1499 1755 post
1525 1694 1803 1756 pastorem
1845 1702 2022 1755 suum,
2056 1714 2110 1774 Β
2129 1680 2308 1774 multo.
2328 1680 2506 1736 minus
2528 1682 2658 1737 item
2688 1682 2996 1753 episcopus,
3030 1683 3147 1739 sine
3178 1684 3262 1739 sui
3292 1692 3466 1740 status
3488 1688 3738 1757 periculo

422 1773 481 1829 in
511 1772 618 1830 ﬁde
646 1782 698 1829 et
726 1774 780 1828 in
810 1774 969 1830 nobis
1000 1774 1259 1845 operibus
1289 1782 1620 1841 manentem,
1662 1790 1825 1846 quem
1872 1774 2026 1830 ordi-
2056 1768 2103 1774 ”
2128 1784 2192 1825 ac
2222 1768 2416 1824 anima
2446 1770 2791 1837 detrimento,
2827 1772 3074 1828 ecclesia
3094 1772 3297 1829 invasa
3341 1790 3430 1828 res
3472 1783 3525 1830 et
3556 1775 3738 1831 facul-

423 1871 590 1919 nante
618 1864 735 1919 Deo
762 1863 1010 1937 legitima
1038 1870 1182 1918 sorte
1223 1863 1482 1934 suscepit,
1537 1863 1786 1919 Ecclesia
1838 1862 2028 1919 abiens

423 1950 722 2009 fornicetur
750 1953 847 2008 sed
876 1953 934 2007 in
962 1968 1029 2008 ea
1054 1952 1339 2009 vocatione
1370 1967 1479 2023 qua
1507 1952 1688 2008 vocati
1734 1960 1860 2007 sunt
1905 1968 2027 2007 ma-

421 2048 604 2109 neant,
642 2041 806 2097 veluti
837 2056 1010 2097 sacra
1038 2039 1339 2111 Scriptura
1372 2048 1425 2095 et
1479 2040 1798 2097 traditiones
1852 2041 2029 2096 eccle-

417 2129 651 2185 siastica
680 2128 1052 2200 praﬁxerunt.
1095 2129 1155 2185 Si
1185 2128 1486 2201 enim,quia
1506 2130 1848 2185 concedente
1876 2132 2028 2200 Apo-

420 2209 561 2275 stolo
586 2218 747 2273 unius
776 2218 962 2274 uxoris
994 2218 1076 2273 vir
1102 2219 1307 2273 assumi
1349 2218 1407 2272 in
1463 2218 1828 2274 sacerdotium
1869 2218 2030 2287 jube-

2127 1863 2268 1911 tates
2297 1858 2556 1927 pravalet
2584 1875 2867 1929 usurpare.
2901 1859 3050 1916 Sicut
3079 1861 3226 1916 enim
3254 1875 3439 1917 comes
3499 1863 3739 1919 civitatis

2129 1946 2292 2001 homo
2314 1946 2612 2015 sacularis,
2645 1955 2698 2003 et
2728 1948 2817 2002 alii
2846 1948 3009 2003 etiam
3054 1950 3360 2015 saculares,
3406 1958 3461 2006 et
3510 1952 3739 2020 majoris

2128 2042 2182 2089 et
2212 2034 2438 2090 minoris
2467 2035 2766 2106 potestatis,
2798 2037 2999 2092 habent
3026 2039 3170 2093 unde
3200 2038 3257 2092 in
3300 2055 3396 2093 sua
3441 2040 3732 2111 metrOpoli

2128 2122 2340 2193 possint
2387 2123 2707 2190 consistere,
2761 2132 2815 2180 et
2842 2126 3197 2182 comministri
3229 2126 3346 2195 ejus
3373 2128 3745 2184 ecclesiastici

2128 2211 2311 2267 valent
2340 2212 2541 2267 ibidem
2570 2213 2756 2269 vivere
2780 2232 2794 2281 ;
2830 2215 2906 2270 sic
2936 2223 2991 2270 et
3019 2215 3156 2285 ipse,
3188 2216 3292 2271 nisi
3313 2232 3437 2272 eum
3465 2217 3738 2288 cupiditas

420 2314 523 2377 tur,
556 2314 614 2361 ut
643 2322 871 2362 uxorem
918 2323 1083 2378 quam
1127 2315 1251 2363 ante
1298 2308 1663 2365 sacerdotium
1721 2307 1909 2363 habuit
1939 2319 2029 2363 οε-
2129 2308 2184 2356 et
2210 2299 2434 2356 ambitio
2461 2302 2605 2357 unde
2636 2302 2870 2371 ejiceret,
2905 2302 3109 2359 ibidem
3125 2305 3213 2360 vel
3229 2305 3299 2360 de
3314 2306 3574 2377 operibus
3607 2321 3733 2362 ma-

420 2395 518 2450 stis
547 2394 725 2450 foveat
759 2402 814 2449 et
841 2403 1056 2450 tueatur
1085 2395 1319 2466 auxiliis,
1355 2404 1409 2453 et
1458 2412 1569 2452 non
1617 2410 1740 2451 eam
1796 2395 2029 2452 destitu—
2128 2405 2314 2455 nuum,
2348 2389 2435 2445 vel
2464 2390 2533 2445 de
2562 2390 2791 2447 decimis
2822 2390 3064 2449 fidelium
3094 2408 3159 2448 ac
3186 2393 3477 2450 collatione
3493 2395 3732 2465 presby-

419 2489 551 2549 tam,
583 2483 746 2538 debet
766 2482 1101 2555 relinquere,
1128 2483 1300 2541 multo
1318 2485 1498 2540 minus
1519 2484 1778 2540 sacerdos
1806 2483 2034 2539 destitu-
2127 2484 2390 2544 ternum).
2422 2485 2475 2533 et
2507 2478 2553 2532 Si
2583 2478 2744 2535 aliter
2766 2495 2877 2535 non
2907 2488 3114 2552 posset,
3137 2481 3225 2537 vel
3254 2483 3355 2537 sub
3375 2498 3564 2549 censu,
3589 2483 3731 2538 sicut

422 2578 553 2643 tam,
584 2578 676 2626 aut
703 2586 805 2643 pro
854 2571 1256 2642 superinducta,
1314 2572 1399 2629 vel
1458 2589 1584 2629 cum
1642 2572 2030 2644 superinducta
2128 2564 2519 2637 Hierosolymis
2538 2567 2863 2637 patriarcha,
2897 2576 2951 2623 et
2971 2568 3073 2624 viri
3121 2569 3366 2643 religiosi
3411 2586 3477 2627 ac
3536 2569 3734 2627 ﬁdeles

426 2659 677 2715 deserere
705 2660 792 2716 vel
819 2659 1124 2733 negligere,
1156 2661 1379 2717 minime
1407 2670 1590 2718 autem
1620 2677 1746 2718 cum
1775 2661 1885 2717 alia
1923 2676 2029 2716 una
2128 2652 2185 2707 in
2214 2653 2487 2720 Corduba.
2520 2662 2574 2710 et
2601 2655 2659 2710 in
2686 2655 2808 2711 aliis
2838 2656 3145 2713 civitatibus
3173 2674 3274 2729 per
3302 2658 3623 2729 Hispaniam
3653 2658 3739 2714 fa-

421 2764 545 2805 cum
574 2749 691 2820 ipsa
722 2748 883 2804 debet
911 2749 1178 2806 machari
1209 2751 1441 2807 ecclesia
1474 2757 1561 2806 :et
1590 2750 1729 2807 sicut
1745 2766 1855 2806 non
1876 2749 2030 2805 adul-
2130 2741 2296 2809 Cinnt.
2326 2742 2402 2797 ibi
2429 2743 2637 2799 valeret
2674 2760 2915 2812 manere.
2965 2754 3018 2800 ει
3070 2748 3352 2803 conservis
3376 2747 3433 2801 in
3487 2756 3736 2818 tempore

420 2846 598 2893 terere
626 2837 856 2894 verbum
886 2838 1005 2903 Dei,
1039 2839 1113 2893 ita
1139 2854 1244 2895 nee
1272 2839 1581 2895 adulterare
1619 2839 1781 2895 debet
1831 2839 2027 2895 Eccle-
2129 2830 2291 2887 tritici
2322 2848 2631 2888 mensuram
2655 2834 2885 2901 donare,
2916 2834 2973 2889 id
3000 2843 3082 2891 est
3111 2837 3342 2892 verbum
3386 2837 3737 2907 praedicatio-

423 2925 561 2980 siam
593 2940 769 2980 suam.
798 2924 918 2979 Nisi
948 2925 1093 2981 enim
1125 2926 1228 2981 viri
1257 2935 1308 2982 et
1340 2927 1527 2983 uxoris
1555 2927 1752 3000 legalis
1798 2927 2030 2995 conjun-
2128 2919 2215 2973 nis
2243 2919 2539 2991 ίηιρθνιὶτθ,
2573 2930 2626 2976 εἴ
2654 2922 2950 2978 miniSleI‘ia
2982 2941 3106 2996 quae
3133 2940 3243 2980 non
3273 2925 3375 2980 nisi
3402 2926 3471 2979 ab
3503 2926 3726 2997 episco-

422 3013 530 3069 ctio
543 3013 613 3068 ad
632 3012 875 3084 episcopi
893 3020 945 3068 et
959 3014 1208 3071 ecclesia
1242 3015 1345 3070 sibi
1379 3016 1681 3085 conjuncta
1710 3014 2031 3087 mysterium
2062 3069 2105 3087 η
2127 3008 2213 3078 pls
2242 3009 2503 3064 ministris
2532 3010 2920 3067 ecclesiasticis
2948 3020 3002 3067 et
3048 3012 3302 3084 plebibus
3348 3023 3577 3085 possunt
3626 3015 3731 3071 de-

419 3101 730 3172 perlineret,
762 3116 1025 3175 magnum
1084 3102 1531 3160 Chalcedonense
1587 3069 1879 3160 concilium
1926 3104 2028 3159 de-
2059 3069 2109 3133 C
2130 3098 2316 3169 pendi,
2349 3097 2487 3154 sicut
2518 3107 2643 3154 sunt
2671 3100 3045 3156 ordinationes
3084 3102 3584 3159 ecclesiasticarum
3624 3103 3736 3157 mi-

422 3189 608 3247 functo
636 3206 737 3246 suo
765 3190 1024 3261 episcopo
1044 3190 1324 3248 viduatam
1344 3192 1634 3249 ecclesiam
1654 3208 1764 3248 non
1782 3200 2026 3262 vocaret,
2128 3185 2442 3258 nistrorum,
2473 3186 2612 3244 sicut
2656 3197 2738 3243 est
2796 3188 3064 3246 confectio
3120 3191 3264 3247 sacri
3312 3192 3642 3258 Chrismalis.
3677 3200 3738 3247 ει

422 3279 576 3348 cujus
603 3278 810 3334 reditus
838 3294 1009 3350 penes
1039 3295 1385 3336 oeconomum
1414 3280 1597 3337 futuro
1628 3281 1901 3338 reservari
1940 3282 2029 3351 ju-
2128 3275 2469 3331 consecratio
2498 3276 2606 3331 olei
2633 3277 2925 3333 exorcizati
2954 3286 3007 3333 et
3036 3278 3107 3333 ad
3133 3278 3479 3335 infirmorum
3518 3279 3739 3337 unctio-

420 3366 514 3422 bet
543 3368 821 3439 episcopo,
854 3383 957 3424 nec
976 3368 1045 3423 ab
1074 3368 1195 3424 aliis
1210 3369 1538 3441 quibusque,
1558 3369 1646 3426 vel
1676 3371 1893 3426 vivente
1940 3370 2030 3425 vel
2127 3379 2254 3418 nem
2278 3364 2602 3431 consecrati,
2634 3365 2772 3421 sicut
2800 3373 2882 3420 est
2909 3366 3247 3423 conﬁrmatio
3288 3376 3342 3423 et
3386 3368 3734 3440 consignatio

422 3455 676 3513 defuncto
704 3457 1074 3530 Cujuscunque
1105 3458 1336 3514 civitatis
1366 3459 1624 3531 episcopo
1651 3458 1924 3530 usurpari,
1940 3458 2027 3514 vel
2125 3450 2539 3522 baptizatorum,
2570 3452 2706 3508 sicut
2736 3462 2821 3509 est
2847 3470 3041 3510 manus
3067 3456 3343 3526 impositio
3382 3464 3437 3511 et
3481 3457 3734 3513 reconci-

428 3546 773 3616 pessumdari
804 3563 818 3600 :
855 3546 1001 3619 quod
1027 3546 1119 3619 qui
1147 3548 1618 3619 prasumpserint,
1660 3547 1899 3604 verenda
1945 3556 2028 3602 est

423 3632 533 3688 illis
565 3634 834 3690 sententia
865 3634 1115 3703 ejusdem
1146 3636 1315 3693 sancti
1349 3644 1404 3691 et
1425 3636 1749 3692 universalis
1791 3634 2025 3701 concilii,

422 3738 531 3793 qua
558 3722 875 3780 intentando
905 3723 1152 3779 decernit
1182 3726 1333 3792 (can.
1371 3726 1458 3794 10)
1492 3740 1505 3779 :
1539 3746 1562 3774 α
1595 3725 1725 3789 Eos,
1749 3723 2022 3795 inquiens,

426 3810 518 3882 qui
549 3812 697 3867 aussi
724 3810 946 3877 fuerint,
965 3819 1090 3881 post
1111 3809 1482 3867 diﬁinitionem
1501 3827 1718 3884 magna
1739 3819 1792 3867 et
1810 3811 2027 3865 univer-

424 3899 553 3954 salis
583 3899 745 3967 hujus
774 3897 999 3968 Synodi,
1035 3898 1330 3970 quidquam
1359 3916 1426 3955 ex
1453 3899 1538 3954 his
1577 3916 1699 3972 qua
1755 3899 2025 3971 prohibita

422 3993 547 4042 sunt
576 3993 918 4057 perpetrare,
952 3985 1196 4041 decrevit
1220 3995 1408 4044 sancta
1440 3987 1691 4058 Synodus
1721 4003 1751 4041 a
1799 3987 2024 4059 pr0prio

422 4074 731 4145 hujusmodi
758 4073 935 4146 gradu
964 4075 1244 4130 recedere.
1281 4096 1304 4126 ι
1338 4077 1406 4131 Et
1454 4077 1522 4132 de
1570 4076 2022 4150 transgredienti-

422 4165 524 4219 bus
554 4179 675 4236 qua
708 4161 999 4219 constituta
1026 4172 1169 4230 sunt,
1206 4164 1334 4220 item
1365 4165 1651 4235 conjuncte
1691 4165 1822 4222 dicit
1869 4166 2020 4237 (can.

423 4255 516 4323 2'7)
550 4270 563 4307 :
601 4272 624 4305 α
659 4250 717 4308 Si
745 4250 963 4323 quidem
992 4252 1179 4308 clerici
1210 4261 1354 4320 sunt,
1387 4253 1642 4309 decidant
1672 4254 1843 4327 gradu
1891 4269 2023 4325 pro-

421 4341 582 4413 prio;
615 4340 661 4396 si
688 4356 822 4397 vero
873 4340 1015 4409 laici,
1075 4342 1617 4398 anathematizentur.
1655 4366 1678 4392 υ
1740 4342 1828 4399 Sic
1858 4342 2023 4398 etiam

2125 3539 2271 3596 liatio
2299 3541 2516 3610 publice
2552 3542 2951 3612 poenitentium,
2999 3551 3053 3598 et
3098 3544 3300 3601 velatio
3348 3543 3644 3616 virginum,
3682 3553 3737 3601 et

2126 3628 2235 3683 alia
2264 3646 2385 3701 quae
2412 3646 2513 3700 per
2540 3630 2757 3701 singula
2800 3647 2911 3686 non
2946 3647 3176 3688 necesse
3237 3641 3318 3687 est
3367 3642 3683 3704 computare
3719 3651 3735 3688 :

2126 3733 2248 3787 qua
2276 3732 2387 3771 non
2410 3718 2515 3771 nisi
2542 3718 2611 3772 ab
2642 3718 2913 3789 episcopis
2933 3719 3114 3775 valent
3133 3720 3457 3793 regulariter
3498 3720 3638 3789 ﬁeri,
3679 3729 3737 3776 et

2122 3812 2180 3866 in
2207 3812 2452 3885 utrisque
2472 3814 2798 3885 civitatibus,
2832 3823 2980 3871 tanto
3013 3817 3188 3888 spatio
3216 3817 3357 3873 inter
3406 3835 3466 3873 se
3505 3818 3719 3873 distan-

2124 3901 2287 3968 tibus,
2319 3902 2386 3955 ab
2413 3918 2522 3958 uno
2550 3903 2807 3975 episcopo
2836 3906 3090 3979 congruis
3119 3906 3450 3977 temporibus
3493 3923 3603 3963 non
3632 3923 3737 3963 va-

2123 3987 2255 4059 lent,
2284 3990 2392 4045 imo
2422 4007 2522 4046 nec
2550 3992 2767 4061 debent,
2800 4009 2901 4049 nec
2943 3994 3147 4067 regula
3193 3995 3513 4066 permittunt
3558 4011 3725 4052 exse-

2123 4079 2232 4150 qui.
2267 4078 2400 4148 Qua
2429 4086 2481 4135 et
2507 4080 2553 4134 si
2582 4096 2679 4151 per
2709 4088 2955 4152 tempora
2984 4091 3214 4153 possunt
3240 4083 3295 4138 in
3318 4100 3414 4137 sua
3433 4085 3725 4155 metropoli

2123 4168 2193 4221 ab
2213 4182 2278 4223 eo
2298 4166 2434 4236 ﬁeri,
2458 4169 2799 4226 convincitur
2819 4170 2874 4224 in
2894 4186 2960 4225 ea
2980 4187 3145 4241 posse
3185 4172 3485 4240 immorari,
3516 4180 3569 4228 et
3599 4190 3724 4244 qua

2123 4255 2225 4310 sibi
2268 4272 2299 4310 a
2348 4256 2579 4311 subditis
2624 4267 2936 4329 competunt
2979 4260 3223 4332 exsequi.
3276 4262 3441 4332 Legat
3485 4277 3730 4332 namque

2122 4345 2419 4401 secundam
2446 4346 2735 4416 epistolam
2782 4348 2932 4402 Pauli
2975 4349 3206 4419 apostoli
3263 4349 3333 4404 ad
3384 4350 3722 4419 Corinthios,

422 4430 492 4487 de
522 4446 709 4487 rerum
737 4446 804 4487 ac
831 4428 1147 4487 facultatum
1176 4432 1683 4503 prasumptoribus,
1714 4439 1769 4488 et
1800 4431 2030 4487 aliorum
2057 4427 2109 4489 D
2132 4449 2251 4490 cum
2303 4442 2504 4505 quanta
2551 4434 2860 4491 difﬁcultate
2907 4444 3068 4508 atque
3120 4453 3240 4492 cum
3293 4447 3496 4509 quanto
3544 4438 3741 4494 labore

423 4519 779 4577 conciliorum
810 4534 1069 4585 canones,
1105 4527 1159 4575 et
1187 4520 1502 4590 apostolicae
1548 4520 1697 4575 sedis
1745 4519 2035 4592 pontifices

425 4609 700 4665 multoties
727 4609 1108 4675 decreverunt,
1155 4624 1276 4679 qua
1322 4624 1434 4664 non
1488 4608 1889 4680 parvipendent
1946 4610 2038 4681 qui

431 4697 800 4771 irrefragabili
828 4695 1048 4753 Domini
1097 4696 1380 4753 sententia
1424 4697 1669 4761 credunt,
1718 4697 1951 4753 dicentis
1980 4697 2037 4751 in

425 4787 606 4854 Petro,
639 4794 692 4841 et
721 4786 979 4857 apostolis
1007 4786 1281 4853 omnibus,
1316 4794 1369 4841 et
1405 4786 1461 4841 in
1508 4786 1589 4841 eis
1638 4786 1851 4841 illorum
1906 4802 2034 4841 suc-

425 4874 739 4931 cessoribus
755 4892 768 4929 :
786 4875 1136 4949 Quacunque
1151 4877 1411 4947 ligaveris
1427 4890 1596 4945 super
1608 4878 1839 4942 terram,
1859 4875 2036 4948 ligata

429 4967 602 5019 erunt
635 4964 773 5019 etin
791 4964 1183 5034 calis(Matth.
1209 4980 1329 5019 xvi.
1357 4966 1465 5035 19).
1498 4964 1639 5018 Nam
1673 4963 1811 5020 sicut
1839 4965 2035 5019 Petrus

426 5051 704 5124 respondit
734 5066 835 5124 pro
864 5051 1213 5124 interrogatis
1234 5069 1264 5107 a
1294 5052 1511 5110 Christo
1538 5052 1798 5124 apostolis
1851 5051 2033 5108 omni-

437 5142 559 5209 bus,
593 5141 667 5197 ita
695 5149 749 5197 et
778 5140 1027 5196 Christus
1054 5141 1171 5197 hac
1202 5142 1255 5196 in
1287 5143 1446 5199 Petro
1476 5141 1612 5197 dixit
1666 5140 1950 5213 apostolis,
1982 5148 2035 5197 et

440 5230 853 5288 successoribus
902 5244 1093 5285 eorum
1141 5231 1412 5298 omnibus,
1464 5231 1661 5303 quibus
1711 5238 1895 5287 manet
1927 5231 2032 5286 hoc

425 5319 790 5393 privilegium,
825 5334 858 5375 a
885 5316 1082 5391 quibus
1112 5317 1283 5374 fertur
1311 5336 1378 5375 ex
1424 5319 1797 5391 apostolorum
1855 5318 2032 5390 aqui-

424 5415 533 5463 tate
555 5409 837 5477 judicium,
869 5408 1009 5465 sicut
1038 5414 1255 5463 sanctus
1307 5409 1417 5465 Leo
1465 5417 1517 5464 et
1566 5409 1866 5483 Gregorius
1912 5407 2032 5464 evi-

424 5506 617 5564 denter
636 5508 950 5566 ostendunt.
975 5508 1132 5565 Unde
1152 5514 1373 5566 sanctus
1386 5507 1688 5580 Gregorius
1709 5507 1839 5565 item
1862 5505 1993 5564 dicit
2014 5523 2028 5561 :

2133 4522 2532 4592 praedicationis
2614 4523 2973 4580 ministerium
3038 4525 3201 4581 fuerit
3264 4534 3574 4594 exsecutus,
3637 4527 3733 4598 qui

2132 4619 2329 4681 prater
2356 4612 2574 4667 labores
2595 4628 2731 4684 quos
2753 4614 2997 4668 sustinuit
3036 4613 3092 4668 in
3121 4614 3454 4681 carceribus,
3483 4615 3539 4668 in
3559 4614 3740 4687 plagis

2135 4715 2300 4771 supra
2327 4700 2569 4767 modum,
2603 4701 2657 4755 in
2687 4702 2953 4757 mortibus
3000 4701 3328 4774 frequenter,
3376 4703 3432 4757 in
3479 4702 3735 4775 ﬂagellis,

2132 4788 2189 4843 in
2216 4789 2566 4859 lapidatione,
2582 4789 2638 4843 in
2657 4778 2979 4863 naufragiis,
3000 4793 3065 4846 in
3094 4793 3396 4848 itineribus
3417 4808 3563 4863 sape
3576 4808 3739 4848 vexa-

2133 4885 2216 4932 tus
2227 4876 2344 4945 fuit,
2355 4878 2625 4949 periculis
2636 4879 2962 4946 ﬂuminum,
2974 4882 3247 4951 periculis
3264 4882 3575 4945 latronum,
3590 4881 3741 4953 peri-

2132 4966 2279 5022 culis
2301 4982 2374 5022 cu:
2384 4981 2604 5037 genere,
2612 4968 2884 5037 periculis
2896 4984 2970 5023 ex
2979 4970 3257 5040 gentibus,
3274 4970 3630 5040 periculis,in
3646 4971 3736 5025 ci-

2134 5056 2327 5120 vitate,
2345 5055 2614 5125 periculis
2625 5056 2687 5110 in
2700 5057 3028 5125 solitudine,
3041 5059 3312 5130 periculis
3328 5059 3389 5114 in
3406 5060 3739 5131 mari,pcri-

2132 5144 2278 5198 culis
2291 5143 2349 5197 in
2366 5144 2532 5213 falsis
2550 5145 2846 5215 fratribus,
2862 5146 2924 5201 in
2940 5146 3123 5203 labore
3148 5150 3493 5211 ctarumna,
3509 5148 3569 5201 in
3584 5147 3735 5219 vigi-

2135 5232 2228 5287 liis
2240 5231 2461 5300 multis,
2487 5234 2549 5287 in
2570 5235 2723 5304 fame
2744 5237 2801 5289 et
2821 5235 2937 5302 siti,
2963 5235 3024 5289 in
3035 5236 3277 5307 jeiuniis
3296 5237 3517 5304 multis,
3541 5236 3605 5290 in
3622 5237 3737 5306 fri-

2130 5335 2259 5391 gore
2279 5324 2336 5375 et
2354 5320 2637 5386 nuditate,
2660 5327 2868 5393 prater
2886 5325 2992 5380 illa
3017 5340 3139 5396 qua:
3168 5326 3532 5380 extrinsecus
3570 5328 3733 5392 sunt,

2131 5410 2415 5465 instantia
2443 5410 2795 5483 quotidiana,
2821 5413 3140 5469 sollicitudo
3163 5414 3418 5469 omnium
3448 5413 3738 5469 Ecclesia-

2130 5523 2261 5563 rum
2284 5508 2359 5578 (II
2390 5508 2509 5567 Cor.
2532 5523 2612 5575 xl,
2646 5512 2736 5579 25,
2768 5512 2856 5580 26,
2888 5513 2974 5576 27,
3009 5510 3121 5581 28),
3155 5517 3209 5567 et
3236 5510 3485 5567 manibus
3512 5509 3625 5567 suis
3657 5509 3740 5565 la-
