4004 6176
195 201 298 284 ἕης
1685 199 1688 202 ’
1729 219 2111 279 amamus.
3408 227 3516 283 aso

205 347 444 412 beravit,
470 361 592 418 quae
605 343 966 401 necessitaria
986 343 1090 400 sibi
1111 343 1290 400 etsuis
1306 342 1542 412 fuerunt,
1561 359 1632 398 ne
1653 358 1813 416 quem
1843 347 1897 406 Α
1921 345 2145 417 (Ephes.
2178 361 2236 412 v,
2271 348 2330 399 11
2331 345 2380 416 ).
2421 365 2442 394 ι
2476 344 2614 402 Hinc
2640 353 2862 404 sanctus
2890 345 3225 420 Augustinus
3257 365 3271 403 :
3308 369 3331 400 ι
3365 349 3519 404 Duo-

202 435 342 491 libet
367 443 654 508 gravaret,
691 442 746 490 et
791 433 1032 490 inveniet
1085 449 1145 488 se
1173 447 1208 488 a
1265 432 1616 490 successione
1671 432 1818 486 illius
1917 432 2018 488 bus
2045 432 2224 490 modis
2253 449 2364 489 non
2395 441 2446 489 te
2491 435 2728 491 maculat
2751 435 2949 502 malus,
2983 435 3032 491 si
3055 451 3168 492 non
3211 436 3524 494 consentias

208 532 510 590 extorrem,
543 522 700 592 cujus
733 521 890 594 sequi
917 522 1182 578 detractat
1211 519 1545 593 exemplum,
1597 527 1652 577 et
1693 519 1818 576 illo-
1919 528 1972 577 et
2020 522 2067 577 si
2097 521 2406 594 redarguas
2435 539 2450 576 :
2482 523 2588 580 hoc
2633 532 2718 579 est
2769 539 2881 581 non
2933 525 3360 593 communicare,
3411 541 3523 582 non

213 629 337 668 rum
365 611 679 682 constringi
703 610 929 680 judicio.
964 609 1057 682 qui
1079 611 1196 680 jam
1225 609 1279 664 in
1309 610 1465 666 caelis
1520 625 1646 666 cum
1703 611 1820 664 Deo
1917 609 2246 666 consentire.
2282 631 2305 660 ι
2339 611 2781 668 Communicatur
2827 613 3048 686 quippe,
3109 614 3325 684 quando
3380 613 3522 671 facto

210 709 486 774 regnant,
547 708 742 756 sancto
791 699 996 771 Spiritu
1049 698 1302 770 inspirati
1347 713 1536 755 sacros
1580 713 1820 755 canones
1919 698 2038 768 ejus
2067 699 2403 755 consortium
2430 699 2720 757 voluntatis
2747 699 2837 757 vel
2879 701 3284 773 approbationis
3323 701 3521 772 adjun-

207 805 308 860 per
336 788 596 844 eumdem
625 795 874 844 sanctum
903 787 1164 860 Spiritum
1217 786 1570 859 protulerunt,
1623 786 1820 858 quibus
1919 785 2090 858 gitur.
2119 788 2234 844 Hoc
2260 803 2396 859 ergo
2424 803 2526 845 nos
2553 788 2817 846 admones
2845 790 3141 862 Apostolus
3169 791 3244 847 ait
3275 810 3289 846 :
3339 794 3522 850 Nolite

211 877 556 944 decernitur,
578 885 636 932 ut
663 876 973 946 hujusmodi
1001 891 1104 932 nec
1132 875 1187 930 in
1216 890 1283 932 eo
1315 876 1622 948 episc0pos,
1644 883 1702 931 ut
1731 891 1823 930 su-
1919 877 2343 932 communicare
2371 877 2626 950 operibus
2655 879 3035 950 infructuosi:
3065 880 3526 950 tenebrarum;et

207 981 308 1038 pra
337 966 686 1037 scripsimus,
719 965 1006 1032 habeatur,
1035 980 1137 1020 nec
1154 964 1598 1022 communionem
1625 963 1820 1020 laicam
1920 962 2048 1034 quia
2072 979 2266 1035 parum
2293 973 2405 1020 erat
2450 981 2560 1022 non
2603 967 2936 1033 consentire,
2977 967 3024 1023 si
3062 977 3384 1041 sequeretur
3418 986 3522 1026 ne-

208 1061 510 1118 mereatur,
541 1055 682 1110 sicut
710 1053 992 1110 evidenter
1018 1061 1238 1112 sanctus
1266 1054 1378 1110 Leo
1408 1053 1720 1125 apostolica:
1741 1068 1823 1109 se-
1919 1050 2188 1124 gligentia
2215 1052 2544 1124 disciplinae;
2572 1056 2739 1127 Magis
2768 1060 2981 1123 autem,
3013 1056 3206 1128 inquit,
3239 1062 3296 1114 et
3320 1059 3521 1114 redar-

205 1144 290 1199 dis
318 1141 568 1214 pontifex
587 1143 644 1196 in
673 1142 910 1198 decretis
939 1141 1052 1196 suis
1079 1142 1274 1198 iterato
1293 1142 1536 1197 decernit
1551 1142 1738 1213 (epist.
1766 1145 1817 1209 l,
1917 1142 2093 1212 guiie.
2127 1140 2270 1210 Quid
2300 1151 2382 1197 est
2413 1143 2580 1198 nolite
2608 1145 3055 1201 communicare?
3084 1145 3266 1202 Nolite
3297 1162 3524 1204 consen-

201 1235 262 1289 in
291 1233 436 1302 ﬁne)
472 1248 486 1285 :
526 1253 550 1282 ι
583 1232 701 1287 Hoc
730 1231 1002 1302 inquiens,
1037 1230 1333 1286 admonitio
1362 1238 1553 1286 nostra.
1605 1230 1820 1286 denun-
1919 1223 2044 1291 tire,
2075 1225 2241 1281 nolite
2271 1225 2512 1298 laudare,
2541 1227 2708 1284 nolite
2735 1228 3057 1299 approbare.
3090 1228 3232 1298 Quid
3280 1239 3362 1286 est
3417 1247 3522 1288 au-

207 1321 324 1387 tiat,
363 1319 516 1392 quod
549 1319 597 1374 si
629 1319 753 1392 quis
781 1317 1008 1374 fratrum
1039 1327 1230 1375 contra
1257 1319 1374 1375 haec
1401 1317 1693 1376 constituta
1730 1334 1822 1374 ve-
1921 1320 2029 1368 tem
2058 1313 2238 1387 magis
2279 1323 2334 1370 et
2391 1316 2748 1389 redarguite?
2777 1317 3181 1388 reprehendite,
3239 1319 3519 1392 corripite.

207 1410 355 1467 nerit
387 1409 480 1464 vel
520 1409 711 1464 venire
743 1408 1046 1474 tentaverit,
1080 1416 1133 1463 et
1161 1408 1433 1479 prohibita
1463 1407 1626 1462 fuerit
1655 1422 1822 1463 ausus
1921 1409 2192 1459 coercete.
2224 1401 2363 1458 Nam
2390 1412 2444 1460 et
2473 1413 2722 1461 sanctum
2751 1403 3070 1461 Africanum
3099 1407 3389 1464 concilium
3426 1425 3523 1465 eos

209 1498 522 1564 admittere,
559 1513 589 1551 a
628 1513 730 1552 suo
778 1513 839 1553 se
886 1496 1097 1553 noverit
1148 1495 1324 1553 ofﬁcio
1364 1496 1820 1565 submovendum,
1923 1491 2011 1562 qui
2041 1491 2326 1564 negligunt
2355 1493 2473 1549 loca
2501 1493 2570 1548 ad
2601 1509 2756 1549 suam
2785 1494 3099 1550 cathedram
3119 1496 3522 1567 pertinentiain

217 1603 320 1644 nec
362 1585 769 1644 communionis
821 1593 1018 1647 nostra
1059 1584 1302 1640 futurum
1347 1601 1470 1640 esse
1517 1592 1828 1642 consortem
1921 1579 2247 1636 catholicam
2277 1581 2534 1638 unitatem
2577 1583 2790 1650 lucrari,
2841 1584 3124 1640 conveniri
3153 1601 3188 1639 a
3241 1585 3528 1659 diligenti-

211 1676 298 1748 qui
329 1677 520 1732 socius
551 1685 676 1730 esse
717 1674 886 1730 noluit
916 1673 1239 1746 disciplinae.
1281 1675 1364 1730 Ne
1395 1673 1526 1745 quid
1576 1689 1702 1729 vero
1750 1673 1818 1728 sit
1846 1706 1898 1765 B
1922 1667 2024 1724 bus
2055 1667 2248 1725 vicinis
2275 1669 2568 1742 episc0pis,
2602 1678 2658 1726 ut
2685 1671 2742 1726 id
2772 1687 2940 1745 agere
2969 1688 3080 1728 non
3109 1681 3410 1741 morentur,
3446 1675 3526 1730 si-

213 1765 352 1838 quod
384 1764 825 1836 praetermissum
853 1779 884 1818 a
913 1763 1072 1818 nobis
1127 1761 1267 1819 forte
1314 1762 1589 1829 credatur,
1640 1763 1819 1818 omnia

210 1853 508 1908 decretalia
534 1851 848 1918 constituta,
881 1860 994 1906 tam
1015 1851 1188 1907 beatae
1215 1851 1612 1908 recordationis
1651 1852 1818 1906 Inno-

209 1942 384 2011 centii,
419 1957 588 2014 quam
617 1940 862 1996 omnium
907 1941 1260 1996 decessorum
1318 1948 1650 2007 nostrorum,
1696 1956 1817 2012 qua

209 2031 270 2086 de
297 2030 697 2087 ecclesiasticis
731 2029 1013 2084 ordinibus
1041 2036 1094 2084 et
1151 2043 1424 2085 canonum
1477 2028 1819 2102 promulgata

209 2129 325 2176 sunt
355 2119 688 2190 disciplinis,
723 2118 797 2172 ita
825 2126 1010 2174 vestra
1055 2117 1344 2173 dilectione
1398 2117 1662 2174 custodiri
1715 2117 1817 2173 de-

207 2209 328 2264 bere
357 2209 710 2276 mandamus,
744 2214 800 2260 ut
831 2207 877 2260 si
927 2205 1050 2278 quis
1094 2206 1148 2259 in
1196 2205 1289 2261 illa
1337 2206 1690 2273 commiserit,
1723 2222 1818 2262 ve-

209 2297 346 2352 niam
367 2296 480 2352 sibi
511 2295 778 2366 deinceps
805 2294 1020 2350 noverit
1045 2294 1326 2367 denegari.
1365 2315 1387 2344 ι

272 2385 394 2440 XV.
431 2385 549 2440 Cur
567 2383 714 2439 enim
741 2399 852 2438 non
883 2390 1068 2454 posset
1097 2382 1391 2456 religiosus
1412 2383 1575 2438 homo
1612 2389 1666 2438 et
1695 2381 1817 2454 epi-

213 2489 404 2545 scopus
436 2487 506 2529 ac
532 2472 840 2536 continens,
873 2471 991 2527 sine
1021 2486 1191 2526 uxore
1222 2479 1275 2526 et
1306 2470 1451 2537 filiis,
1502 2470 1576 2525 ita
1601 2470 1656 2526 in
1685 2470 1818 2528 civi-

210 2569 310 2617 tate
330 2577 438 2617 sua
463 2561 672 2629 vivere,
709 2560 852 2616 sicut
881 2558 1160 2616 saecularis
1206 2560 1372 2614 homo
1431 2574 1636 2626 comes,
1683 2573 1818 2615 uxo-

213 2666 321 2706 rem
349 2650 569 2705 habens
607 2657 661 2704 et
687 2646 910 2716 liberos,
963 2647 1124 2704 etiam
1167 2648 1312 2703 inter
1356 2663 1600 2719 paganos
1641 2647 1768 2703 vivit
1800 2664 1814 2702 :

213 2738 514 2810 praesertim
545 2753 672 2794 cum
698 2737 832 2792 alias
860 2737 1244 2810 possessiones
1272 2744 1326 2792 et
1352 2735 1595 2792 abbatias
1649 2735 1818 2808 largi-

212 2828 346 2884 tione
378 2826 572 2882 domni
601 2825 749 2899 regis
776 2827 992 2892 habeat,
1025 2825 1171 2881 unde
1202 2833 1449 2897 sumptus
1479 2825 1679 2880 habere
1717 2842 1816 2882 va-

210 2916 294 2986 let,
317 2916 523 2989 quibus
568 2915 640 2971 ad
659 2915 776 2970 Deo
805 2914 1171 2984 serviendum,
1205 2923 1258 2969 et
1272 2914 1630 2970 ministerium
1659 2930 1819 2969 suum

212 3004 617 3078 exsequendum
647 3003 702 3057 in
731 3002 893 3074 plebe
924 3003 1026 3057 sibi
1058 3002 1352 3059 commissa
1389 3001 1636 3059 sufficere
1681 3019 1816 3074 pos-

213 3093 327 3150 set?
360 3115 383 3143 ι
420 3093 535 3148 Sed
565 3099 707 3158 sunt,
738 3092 910 3163 inquit
939 3091 1241 3164 Gregorius
1272 3091 1445 3164 (hom.
1481 3094 1566 3158 14,
1585 3093 1648 3147 in
1672 3092 1816 3164 Ev.),

213 3181 452 3238 nonnulli
481 3181 578 3254 qui
591 3180 720 3236 dum
765 3180 890 3250 plus
929 3188 1204 3237 terrenam
1256 3180 1611 3235 substantiam
1657 3197 1820 3252 quam

211 3286 332 3327 oves
359 3270 619 3343 diligunt,
667 3269 866 3325 merito
912 3285 1114 3325 nomen
1161 3269 1403 3340 pastoris
1447 3269 1703 3340 perdunt.
1737 3269 1818 3325 De

215 3361 402 3432 quibus
449 3359 702 3431 protinus
765 3358 1014 3413 subditur
1046 3375 1058 3413 :
1096 3360 1472 3414 Mercenarius
1501 3363 1713 3424 autem,
1762 3363 1820 3414 et

214 3451 300 3516 qui
309 3467 427 3506 non
447 3452 538 3504 est
550 3452 766 3520 pastor,
783 3450 946 3519 cujus
961 3463 1075 3503 non
1091 3451 1229 3503 sunt
1248 3449 1645 3520 ovespropriaz,
1670 3447 1822 3504 videt

219 3539 405 3609 lupum
435 3539 780 3602 venientem,
811 3540 868 3591 et
897 3536 1283 3592 dimittitoves
1313 3539 1370 3591 et
1381 3535 1532 3607 fugit
1546 3535 1730 3604 (Joan.
1755 3549 1814 3601 ι,

218 3629 320 3694 12).
349 3626 476 3681 Non
505 3633 698 3696 pastor
745 3624 842 3680 sed
880 3623 1257 3680 mercenarius
1294 3632 1534 3690 vocatur,
1579 3624 1671 3696 qui
1709 3639 1820 3679 non

219 3730 308 3783 pro
335 3729 524 3770 amore
556 3713 747 3769 intimo
773 3729 906 3768 oves
933 3712 1270 3780 Dominicas,
1295 3712 1392 3769 sed
1430 3712 1500 3767 ad
1549 3719 1818 3784 tempora-

217 3801 290 3858 les
318 3801 606 3858 mercedes
636 3801 826 3872 pascit.
859 3799 1231 3857 Mercenarius
1262 3801 1484 3872 quippe,
1515 3799 1609 3872 qui
1636 3800 1819 3858 locum

219 3891 428 3962 quidem
458 3891 696 3961 pastoris
724 3897 891 3956 tenet,
924 3890 1021 3945 sed
1041 3889 1197 3946 lucra
1217 3889 1526 3944 animarum
1546 3903 1657 3944 non
1677 3906 1819 3960 quae-

218 3979 296 4043 rit,
340 3979 581 4035 terrenis
627 3978 930 4034 commodis
975 3978 1166 4047 inhiat,
1227 3979 1435 4034 honore
1488 3977 1818 4049 praelationis

219 4069 422 4140 gaudet,
448 4067 848 4139 temporalibus
875 4065 1037 4122 lucris
1056 4066 1316 4138 pascitur,
1345 4066 1590 4137 impensa
1618 4066 1722 4121 sibi
1749 4066 1819 4121 ab

217 4156 520 4212 hominibus
551 4155 854 4212 reverentia
881 4154 1110 4211 laetatur.
1145 4156 1269 4211 Istae
1297 4161 1422 4210 sunt
1451 4154 1651 4210 etenim
1676 4170 1804 4210 mer-

217 4245 372 4300 cedes
399 4245 745 4311 mercenarii,
782 4251 840 4299 ut
863 4259 961 4316 pro
989 4259 1055 4298 eo
1086 4243 1207 4314 ipso
1255 4243 1405 4314 quod
1447 4242 1501 4297 in
1551 4243 1818 4316 regimine

219 4332 436 4400 laborat,
471 4334 563 4388 hic
593 4332 742 4405 quod
772 4332 966 4404 quaerit
995 4331 1254 4397 inveniat,
1287 4339 1338 4388 et
1381 4331 1450 4388 ab
1501 4332 1818 4388 haereditate

221 4423 399 4494 gregis
428 4422 486 4477 in
514 4430 801 4494 posterum
829 4421 1040 4476 alienus
1093 4421 1306 4476 existat.
1346 4441 1369 4470 ι
1424 4418 1584 4491 (Ibid.
1618 4463 1634 4486 ,

220 4512 449 4583 aliqua.)
489 4531 510 4560 ς
536 4510 606 4565 Et
623 4510 787 4581 lupus
834 4508 976 4580 rapit
1022 4517 1075 4565 et
1117 4507 1385 4582 dispergit
1439 4524 1594 4564 oves.
1631 4509 1816 4580 Lupus

221 4599 358 4654 venit
387 4608 441 4655 et
485 4597 862 4654 mercenarius
904 4596 1059 4670 fugit,
1111 4597 1236 4670 quia
1278 4596 1553 4670 malignus
1598 4597 1818 4669 spiritus

221 4695 424 4744 mentes
451 4687 699 4742 ﬁdelium
722 4686 777 4740 in
809 4685 1104 4742 tentatione
1133 4685 1362 4740 dilaniat
1395 4727 1408 4752 ,
1443 4694 1495 4740 et
1516 4685 1562 4740 is
1592 4686 1682 4758 qui
1729 4686 1816 4742 lo-

221 4789 337 4830 cum
358 4775 595 4848 pastoris
616 4783 782 4844 tenet,
816 4790 1000 4832 curam
1031 4774 1408 4830 sollicitudinis
1455 4790 1565 4830 non
1603 4774 1767 4830 habet
1798 4793 1812 4830 :

223 4864 411 4921 anima:
447 4872 704 4937 pereunt,
729 4863 918 4935 etipse
952 4864 1020 4919 de
1040 4863 1268 4919 terrenis
1316 4863 1618 4919 commodis
1665 4862 1814 4918 laeta-

219 4959 305 5006 tur
326 4993 339 5006 .
377 4974 400 5002 ι
436 4953 590 5008 Unde
621 4967 746 5024 quia
777 4951 915 5007 sicut
944 4951 1139 5006 beatus
1168 4950 1296 5007 dicit
1325 4950 1578 5006 Gelasius
1625 4951 1811 5022 (epist.

223 5043 303 5104 10,
337 5041 408 5096 ad
435 5042 829 5112 Anastasium)
860 5061 878 5096 :
909 5041 1031 5096 Duo
1061 5048 1186 5096 sunt
1223 5039 1419 5112 quibus
1449 5039 1817 5112 principaliter

220 5129 448 5184 mundus
467 5130 556 5186 hic
577 5129 804 5204 regitur,
854 5128 1146 5186 auctoritas
1185 5142 1372 5184 sacras
1418 5127 1735 5199 pontificum
1763 5135 1816 5184 et

223 5217 414 5288 regalis
441 5226 704 5290 potestas,
740 5217 1076 5290 sequendum
1106 5225 1188 5273 est
1213 5216 1461 5289 episcOpi
1495 5231 1560 5273 ac
1615 5217 1814 5288 princi-

222 5305 378 5375 pibus
408 5315 566 5364 terrae
611 5306 900 5364 consilium
946 5305 1232 5374 hortantis,
1283 5305 1394 5361 imo
1448 5305 1813 5378 przecipientis

222 5396 462 5466 Apostoli
494 5413 508 5453 :
537 5397 746 5463 Nolite,
781 5395 976 5467 inquit,
1006 5398 1429 5454 communicare
1449 5397 1704 5466 operibus
1721 5397 1812 5452 in-

222 5485 524 5552 fructuosis
555 5487 942 5557 tenebrarum,
971 5487 1152 5558 magis
1181 5489 1376 5544 autem
1403 5487 1461 5543 et
1489 5484 1812 5557 redarguite

1920 1765 2155 1829 gnanter
2185 1773 2308 1813 cum
2338 1757 2656 1815 diﬂinitione
2706 1761 3014 1816 certissima
3041 1762 3308 1834 praecipit,
3367 1763 3530 1820 sicuti

1921 1860 2020 1900 suo
2048 1844 2169 1901 loco
2199 1846 2436 1920 diligens
2503 1847 2676 1904 lector
2711 1849 2970 1906 inveniet.
3021 1851 3090 1904 Et
3145 1860 3361 1909 constat
3401 1869 3526 1911 esse

1919 1933 2304 2005 certissimum,
2337 1935 2466 2007 quia
2508 1936 2608 1992 iste
2653 1937 2928 1993 civitatem
2975 1955 3150 2006 suam,
3198 1939 3254 1994 in
3285 1956 3393 2012 qua
3433 1959 3526 1998 re-

1919 2030 2141 2078 manent
2166 2023 2354 2094 plures
2403 2025 2493 2096 qui
2550 2024 2849 2096 episcOpali
2895 2026 3200 2083 ministerio
3252 2029 3522 2102 indigent,

1919 2127 2018 2182 pro
2047 2111 2155 2166 alia
2185 2111 2449 2183 quietiore
2477 2129 2541 2170 ac
2578 2111 2936 2186 locupletiore
2981 2116 3287 2186 mutaverii,
3345 2126 3399 2174 et
3436 2119 3525 2174 a1-

1918 2206 2092 2255 terum
2119 2199 2242 2256 loco
2273 2217 2372 2256 suo
2403 2201 2648 2258 ordinari
2675 2202 3000 2272 permiserit,
3035 2205 3182 2276 quia,
3241 2213 3301 2260 ut
3359 2222 3527 2279 supra

1919 2288 2271 2358 ostendimus,
2305 2289 2516 2345 duabus
2545 2291 2973 2362 metropolitanis
3015 2292 3320 2350 civitatibus
3376 2312 3532 2366 pra».

1919 2375 2097 2432 sidere
2119 2391 2228 2433 non
2260 2385 2461 2448 potest,
2509 2394 2620 2434 non
2677 2395 2780 2451 pro
2827 2381 3139 2436 anirnarum
3191 2381 3366 2451 lucro,
3427 2385 3526 2442 sed

1918 2479 2020 2534 pro
2071 2465 2362 2536 temporali
2406 2475 2703 2541 augmento
2747 2484 2874 2524 cum
2931 2469 3160 2542 spiritali
3215 2488 3316 2528 suo
3361 2473 3524 2529 detri-

1917 2561 2100 2609 mento
2131 2555 2236 2611 hoc
2263 2563 2410 2628 agat,
2446 2557 2595 2628 quia,
2626 2565 2686 2612 ut
2713 2557 2822 2614 Leo
2871 2557 3020 2624 dicit,
3080 2576 3192 2615 non
3245 2561 3526 2632 putabitur

1916 2639 2094 2696 honor
2120 2641 2212 2698 ille
2239 2643 2537 2716 legitimus,
2573 2645 2665 2716 qui
2693 2644 2859 2701 fuerit
2889 2655 3078 2702 contra
3129 2648 3327 2704 divinae
3382 2649 3526 2723 legis

1917 2739 2192 2801 praecepta
2222 2731 2473 2788 collatus.
2494 2733 2756 2789 Fautores
2775 2742 2957 2790 autem
2969 2750 3034 2791 ac
3057 2735 3398 2793 ordinatores
3413 2739 3523 2794 hu-

1911 2817 2152 2886 jusmodi
2183 2820 2358 2876 sancti
2371 2836 2526 2892 papae
2539 2821 2803 2893 Simplicii
2823 2822 3070 2894 percellit
3093 2825 3382 2882 decretalis
3398 2843 3524 2884 sen-

1916 2907 2080 2962 tentia
2138 2925 2242 2980 qua
2297 2909 2447 2976 dicit,
2517 2910 2890 2984 Privilegium,
2959 2913 3236 2985 inquiens,
3286 2925 3526 2973 meretur

1918 2995 2165 3054 amittere
2196 2997 2291 3070 qui
2318 2999 2590 3070 permissa
2618 3000 2722 3054 sibi
2768 3001 3008 3058 abutitur
3053 3011 3342 3074 potestate.
3393 3006 3525 3064 Haec

1921 3092 2177 3155 quantum
2233 3103 2334 3157 pro
2409 3096 2653 3159 tempore
2701 3097 2754 3146 et
2827 3091 3185 3162 occupatione
3230 3093 3416 3161 licuit,
3469 3102 3526 3152 et

1919 3171 2184 3230 Dominus
2214 3176 2283 3231 ad
2312 3185 2548 3234 mentem
2579 3178 2711 3232 mihi
2740 3179 2930 3234 venire
2986 3181 3276 3251 concessit,
3323 3182 3392 3238 de
3438 3183 3525 3239 his

1919 3277 2040 3334 qua:
2069 3263 2530 3337 interrogaveras,
2560 3265 2753 3322 Frater
2782 3267 3103 3324 charissima
3133 3269 3230 3324 tibi
3287 3287 3516 3342 respon-

1919 3350 2051 3405 dere
2101 3353 2310 3408 curavi.
2362 3352 2498 3422 Quae
2547 3354 2593 3408 si
2644 3355 2898 3426 cuiquam
2958 3356 3352 3428 displicuerint,
3411 3375 3524 3416 non

1919 3447 2112 3495 contra
2156 3456 2244 3496 me
2297 3441 2394 3496 sed
2453 3449 2646 3498 contra
2699 3459 2759 3498 se
2815 3443 3098 3514 irascatur,
3148 3446 3276 3517 quia
3332 3455 3522 3504 contra

1919 3527 2087 3584 verba
2117 3529 2301 3586 divina
2327 3529 2433 3584 nisi
2459 3530 2516 3584 in
2535 3531 2735 3586 malum
2767 3548 2920 3586 suum
2954 3532 3118 3589 irasci
3143 3550 3254 3590 non
3300 3536 3517 3606 poterit.

1917 3615 2061 3671 Dum
2091 3633 2224 3691 ergo
2254 3627 2334 3673 est
2365 3618 2420 3672 in
2454 3618 2564 3686 via,
2597 3619 2652 3674 id
2683 3627 2764 3675 est
2806 3621 2863 3675 in
2919 3622 3023 3678 hac
3071 3621 3183 3678 vita
3239 3625 3515 3681 concorde

1917 3719 2043 3760 cum
2072 3706 2387 3762 adversario
2416 3724 2516 3763 suo
2545 3708 2673 3775 cito,
2707 3725 2778 3764 ne
2825 3708 2966 3766 forte
3017 3711 3193 3766 tradat
3239 3728 3364 3768 eum
3411 3715 3516 3769 ad-

1919 3795 2189 3850 versarius
2205 3812 2335 3852 suus
2344 3796 2534 3865 judici,
2558 3805 2608 3853 et
2619 3797 2786 3866 judex
2807 3798 2982 3854 tradat
3001 3814 3126 3854 eum
3155 3801 3426 3870 ministro,
3462 3812 3516 3860 et

1916 3882 2166 3940 minister
2193 3884 2367 3940 mittat
2396 3885 2544 3940 illum
2573 3885 2630 3940 in
2656 3901 2950 3954 carcerem,
2982 3890 3178 3958 Amen,
3226 3906 3337 3946 non
3379 3892 3522 3949 exiet

1916 3970 2043 4026 inde
2073 3973 2249 4030 donec
2277 3973 2500 4029 reddeto
2527 3975 2881 4031 novissimum
2911 3978 3284 4048 quadrantem.
3319 3981 3520 4038 Notum

1917 4067 2000 4114 est
2031 4062 2118 4116 vel
2147 4077 2311 4132 parva
2341 4063 2409 4118 de
2453 4063 2732 4134 scripturis
2779 4065 3094 4138 scientibus,
3157 4068 3284 4140 quia
3321 4068 3376 4125 in
3411 4075 3519 4132 hoc

1916 4147 2037 4204 loco
2067 4150 2416 4206 adversarius
2441 4158 2626 4206 noster
2653 4153 2848 4208 dicitur
2875 4170 3057 4212 sermo
3089 4157 3206 4222 Dei,
3260 4163 3515 4232 quoniam

1911 4237 2066 4306 jubet
2093 4239 2364 4295 contraria
2391 4239 2651 4310 operibus
2680 4241 2882 4297 nostris
2910 4243 3069 4299 malis
3099 4263 3217 4318 quae
3256 4250 3474 4322 agimus
3497 4270 3513 4308 :

1916 4325 2012 4382 Cui
2042 4327 2088 4382 si
2118 4343 2228 4383 non
2256 4329 2792 4396 concordaverimus,
2816 4331 2965 4400 justo
3021 4333 3123 4388 Dei
3166 4335 3372 4404 judicio
3418 4357 3517 4411 per

1695 4425 1819 4490 post
1847 4415 2226 4477 Dministrum
2250 4417 2528 4472 mittemur
2555 4417 2612 4472 in
2650 4434 2949 4490 carcerem,
3007 4429 3060 4476 et
3114 4439 3225 4479 non
3271 4425 3513 4484 exiemus

1919 4503 2065 4570 inde,
2099 4505 2276 4561 donec
2306 4505 2600 4563 reddamus
2627 4507 2983 4564 novissimum
3030 4512 3406 4583 quadrantem,
3459 4515 3514 4571 id

1919 4600 2021 4660 est,
2054 4592 2398 4648 exsolvamus
2418 4601 2472 4650 et
2501 4594 2784 4651 minimum
2812 4604 3112 4668 peccatum.

2411 4693 2755 4752 EPISTOLA
2783 4696 3016 4753 XXXII.

2422 4798 2496 4838 an
2522 4798 2782 4840 JOANNEN
2809 4800 3012 4852 paean,

2161 4919 2178 4930 ρ
2238 4871 2419 4928 Caroli
2450 4874 2496 4927 ll
2527 4873 2869 4944 imperatoris
2900 4873 3138 4934 nomine.

1914 4966 1993 5021 De
2013 4967 2252 5038 judiciis
2277 4973 2334 5026 et
2362 4971 2837 5052 appellationibus
2865 4974 3254 5048 episcoporum
3283 4980 3340 5034 et
3379 4995 3516 5052 pre-

2501 5043 2872 5114 sbyterorum.

1966 5134 2129 5191 (Apud
2149 5136 2402 5190 eumdem.
2428 5147 2490 5184 ex
2509 5136 2734 5185 editione
2762 5141 3062 5197 Moguntina
3081 5145 3223 5192 Joan.
3255 5146 3445 5204 Busoi.)

1987 5219 2342 5278 Sanctissimo
2437 5239 2498 5279 ac
2576 5225 3020 5286 reverentissimo
3104 5230 3252 5286 Patri
3313 5245 3516 5290 JOANNI

1913 5323 2128 5366 summo
2183 5308 2424 5381 pontiﬁci
2478 5319 2532 5367 et
2612 5313 2908 5373 universali
2996 5333 3189 5390 papae,
3259 5320 3516 5379 CAaows

1912 5395 2090 5468 gratia
2137 5398 2239 5455 Dei
2288 5399 2586 5474 imperator
2633 5405 2912 5478 Augustus
2955 5421 3021 5463 ac
3067 5407 3331 5479 spiritalis
3369 5409 3516 5470 ﬁlius

1910 5494 2110 5544 vester.
2136 5515 2156 5525 ν
2963 5519 2970 5524 ·
