4088 6180
433 217 533 272 831

1401 211 1741 269 HINCMARI
1768 208 2167 268 RHEMENSIS
2193 208 2743 267 ARCHIEPISCOPI.

3623 214 3740 269 232

532 337 574 392 Ι.
632 338 938 408 Antequam
997 335 1298 408 provinciae
1353 336 1738 407 Transalpine,
1807 343 2026 406 propter
2043 335 2101 397 A
2128 333 2408 407 religionis
2439 335 2668 406 sumpsit
2696 333 2924 400 initium,
2960 341 3015 388 et
3043 332 3286 405 quotidie
3333 333 3534 407 gratias
3589 335 3734 402 Deo,

435 425 730 482 seditiones
750 432 804 480 et
834 425 973 480 bella
1000 423 1321 496 frequentia,
1353 425 1762 496 progenitorum
1807 433 2029 480 nostro-

437 530 559 570 rum
615 514 970 584 temporibus,
1021 529 1302 570 sacrarum
1358 513 1545 584 legum
1599 529 1661 570 ac
1713 513 2028 586 regularum

435 602 678 658 notitiam
733 611 787 657 et
839 602 1274 658 observationem
1317 601 1481 672 plene
1537 610 1825 672 caperent,
1890 601 2030 657 sicut

432 699 620 762 poster
644 707 742 762 per
766 691 1101 747 incrementa
1130 689 1306 746 studio
1351 690 1564 745 illorum
1593 690 1662 744 ab
1715 705 1784 745 ac
1839 697 2030 744 sancta

437 781 568 836 sede
599 779 776 853 gratia
805 779 904 834 Dei
934 787 1216 850 ceperunt,
1275 779 1534 852 gloriosae
1585 778 1864 834 memoriae
1893 793 2030 834 avus

432 876 620 925 noster
644 868 870 924 Carolus
898 868 1197 939 imperator
1222 869 1520 940 Augustus,
1568 867 1662 922 diu
1717 883 1818 938 per
1875 883 2031 938 egre-

433 957 556 1028 gios
585 973 648 1012 ac
675 957 966 1028 praecipuae
995 955 1328 1012 auctoritatis
1358 963 1410 1010 et
1442 955 1721 1026 sapientiae
1756 955 1921 1022 viros,
1961 955 2030 1010 de

433 1045 767 1117 presbyteris
813 1062 880 1100 ex
937 1043 1254 1101 criminibus
1309 1042 1621 1109 diffamatis,
1685 1043 1916 1115 qualiter
1936 1043 2030 1112 ju-

431 1133 600 1190 dicari
630 1135 716 1190 vel
747 1149 982 1206 purgare
1011 1148 1070 1187 se
1101 1132 1334 1188 debeant
1361 1131 1674 1204 perquisivi,
1708 1140 1760 1186 et
1806 1131 2028 1204 reperit.

434 1223 575 1280 sicut
601 1223 655 1277 in
686 1239 798 1277 suae
825 1220 1122 1292 imperialis
1163 1220 1499 1276 auctoritatis
1555 1220 1766 1286 edictis,
1825 1236 1948 1293 qua
1975 1220 2030 1275 in

430 1311 533 1367 alia
581 1309 837 1366 schedula
892 1309 1155 1364 habemus
1211 1308 1409 1380 scripta
1433 1352 1446 1376 ,
1501 1308 1736 1380 posteris
1765 1309 2031 1366 servanda

430 1399 666 1472 reliquit,
700 1413 932 1470 qumque
960 1414 1133 1470 usque
1161 1398 1233 1453 ad
1262 1407 1448 1454 nostra
1485 1407 1727 1469 tempora
1780 1415 1847 1452 ex
1904 1405 2032 1453 tunc

431 1489 485 1543 in
515 1486 882 1557 Transalpinis
927 1486 1243 1558 regionibus
1291 1495 1526 1553 servata,
1559 1495 1612 1542 et
1665 1486 1881 1558 quando
1927 1503 2030 1541 ne-

429 1577 656 1634 cessitas
677 1575 972 1648 postulavit
993 1584 1253 1631 exsecuta
1277 1573 1513 1631 fuerunt.

2130 423 2291 478 sumit
2321 431 2694 494 augmentum,
2726 431 2779 478 et
2807 423 2854 477 si
2885 422 3014 494 quid
3052 422 3194 478 male
3250 422 3306 477 in
3354 437 3488 496 agro
3534 424 3735 478 Domi-

2135 511 2260 568 nico
2287 511 2530 582 pullulat,
2559 511 2764 568 decreti
2793 511 2961 568 vestri
2991 511 3124 567 false
3152 511 3447 568 recidetur.
3482 511 3539 568 Si
3567 512 3737 567 etiam

2131 616 2576 672 quorumcunque
2631 599 2982 673 negligentia,
3049 601 3137 656 vel
3219 599 3641 670 praesumptione
3700 615 3738 655 a

2128 687 2440 758 praestitutis
2466 688 2672 761 regulis
2701 697 2784 744 est
2812 689 3133 754 discessum,
3181 695 3378 746 vestrae
3423 689 3736 745 auctorita—

2128 776 2200 832 tis
2219 776 2488 832 industria
2516 777 2585 832 sit
2614 776 2982 833 reformatum.

2201 867 2290 922 IV.
2325 865 2476 922 Sicut
2525 866 2625 923 Dei
2671 866 2846 922 virtus
2891 865 3140 922 Christus
3178 873 3232 922 et
3285 865 3387 922 Dei
3444 865 3734 938 sapientia,

2130 961 2380 1017 ordinem
2407 977 2470 1017 ac
2498 961 2820 1034 dignitatem
2852 961 3224 1033 apostolorum
3279 969 3334 1017 et
3387 961 3735 1034 septuaginta

2131 1050 2522 1121 discipulorum
2551 1051 2606 1106 in
2633 1051 2812 1107 carnis
2841 1051 3132 1122 praesentia
3159 1050 3420 1116 distinxit,
3469 1057 3524 1104 ut
3569 1049 3734 1106 lectio

2131 1139 2300 1194 sancti
2328 1139 2615 1212 Evangelii
2643 1147 2892 1210 patenter
2947 1139 3182 1196 ostendit
3215 1155 3228 1194 :
3261 1138 3334 1192 ita
3391 1137 3536 1192 idem
3587 1138 3730 1210 ipse,

2129 1243 2228 1299 per
2247 1243 2408 1298 quem
2440 1243 2602 1299 reges
2633 1235 2880 1301 regnant,
2913 1235 2966 1283 et
2995 1227 3308 1284 conditores
3351 1226 3536 1298 legum
3585 1227 3736 1297 justa

2131 1316 2454 1387 decernunt,
2505 1316 2674 1372 sacris
2713 1316 2928 1388 legibus
2971 1323 3024 1372 et
3049 1316 3366 1382 canonibus,
3401 1315 3593 1387 spiritu
3632 1331 3736 1371 suo

2131 1405 2404 1472 conditis,
2465 1411 2516 1462 et
2563 1405 2726 1460 totius
2771 1405 2959 1461 mundi
3012 1405 3319 1461 reverentia
3371 1405 3731 1472 consecratis,

2130 1493 2381 1551 ordinem
2412 1502 2465 1550 et
2490 1493 2812 1566 dignitatem
2867 1493 3269 1566 episcoporum,
3330 1494 3422 1567 qui
3464 1493 3648 1550 locum
3677 1494 3736 1548 in

2131 1582 2380 1639 Ecclesia
2409 1590 2594 1639 tenent
2621 1582 3013 1654 apostolorum,
3055 1591 3108 1638 et
3145 1583 3605 1655 presbyterorum,
3641 1582 3736 1656 qui

507 1668 574 1722 II.
634 1667 694 1720 In
739 1665 933 1720 diebus
989 1671 1172 1720 autem
1200 1663 1406 1720 domini
1436 1671 1490 1720 et
1517 1663 1779 1736 genitoris
1831 1663 2032 1719 nostris
2059 1671 2500 1750 Bsubrogantur
2555 1671 2678 1727 loco
2735 1672 3078 1743 septuaginta
3133 1670 3550 1742 discipulorum,
3594 1679 3648 1727 et
3677 1671 3738 1726 in

432 1757 537 1829 piae
563 1754 840 1811 memoriae
888 1751 1148 1809 Ludovici
1193 1751 1560 1824 imperatoris,
1608 1768 1732 1808 cum
1769 1751 1890 1823 ipsa
1943 1761 2031 1807 te-

433 1845 582 1916 pesci
638 1841 913 1899 exsecutio
960 1841 1303 1912 aliquatenus
1349 1840 1551 1912 cmpit;
1623 1840 1761 1911 apud
1833 1856 2028 1912 papam

433 1932 741 2006 Eugenium
770 1930 897 1985 inde
927 1929 995 1984 ab
1023 1945 1088 1985 eo
1119 1929 1471 1986 commonitio
1502 1928 1644 1984 facta
1672 1936 1772 1983 est.
1810 1927 1931 1997 Qua
1961 1929 2030 1983 de

431 2038 493 2078 re
553 2020 819 2093 synodum
874 2017 1071 2073 iisdem
1141 2017 1468 2074 universalis
1520 2033 1660 2088 papa
1699 2031 2026 2083 convocans,

427 2110 567 2166 inter
595 2109 703 2164 alia
733 2106 1013 2179 generalia
1039 2107 1262 2162 decreta
1277 2105 1626 2177 promulgare
1660 2105 1886 2170 curavit,
1910 2121 2031 2177 qua:

435 2200 545 2254 Leo
575 2198 644 2253 IV
675 2205 922 2267 tempore
951 2195 1138 2250 fratris
1183 2195 1353 2251 nostri
1403 2193 1655 2262 Lotharii,
1709 2202 1761 2248 et
1816 2193 2031 2264 nepotis

431 2287 602 2344 nostri
629 2283 907 2362 Ludovici,
957 2283 1302 2338 observanda
1357 2281 1618 2350 decrevit,
1679 2281 1818 2337 sicut
1842 2282 1898 2337 in
1926 2297 2030 2354 ge-

433 2377 534 2432 stis
560 2371 933 2446 synodalibus,
965 2379 1018 2426 et
1043 2371 1100 2425 in
1125 2371 1287 2440 hujus
1316 2378 1518 2426 sanctae
1546 2371 1803 2425 Romanae
1831 2370 2030 2426 Eccle-

433 2465 528 2521 siae
555 2462 777 2519 archivo
832 2459 1025 2515 haberi
1081 2459 1388 2525 credimus,
1451 2467 1505 2514 et
1557 2459 1627 2515 ab
1684 2459 1789 2514 hac
1845 2467 2032 2514 sancta

432 2554 564 2610 sede
610 2550 810 2606 nostris
849 2547 1232 2605 decessoribus
1285 2547 1495 2604 directa
1550 2547 1849 2604 venerabili
1897 2563 2029 2603 san-

431 2651 609 2708 ctione
648 2648 932 2704 habemus.
979 2645 1116 2700 Cum
1162 2652 1344 2700 autem
1386 2661 1496 2700 non
1553 2645 1716 2718 longe
1773 2653 1900 2700 ante
1929 2645 2028 2700 hos

427 2754 600 2795 annos
653 2751 825 2807 nepos
897 2742 1084 2790 noster
1140 2733 1444 2790 Ludovicus
1510 2732 1673 2788 Italiae
1739 2733 2031 2804 imperator

431 2827 690 2882 instinctu
767 2823 1132 2896 quorumdam
1178 2830 1382 2877 'contra
1438 2837 1538 2876 nos
1590 2838 1650 2877 se
1701 2821 2024 2887 commovit,

431 2915 612 2970 missae
643 2920 766 2967 sunt
793 2911 951 2967 nobis
980 2909 1225 2982 epistolae
1255 2909 1410 2982 quasi
1439 2926 1504 2965 ex
1527 2909 1842 2980 apostolicae
1869 2909 2027 2978 hujus

2131 1759 2596 1816 administratione
2652 1768 2706 1816 et
2754 1760 2811 1815 in
2857 1761 3084 1830 honore,
3148 1761 3286 1816 sicut
3333 1768 3387 1816 et
3435 1759 3490 1816 in
3546 1760 3736 1816 Veteri

2129 1849 2474 1904 Testamento
2503 1848 2646 1904 inter
2673 1863 2916 1904 summos
2943 1847 3230 1920 pontifices
3264 1855 3316 1905 et
3336 1848 3476 1904 inter
3495 1847 3730 1906 minoris

2130 1937 2338 1993 ordinis
2365 1938 2682 1994 sacerdotes
2709 1937 2984 1994 discrevit.
3016 1937 3362 2010 Quapropter
3391 1937 3458 1992 ab
3475 1937 3733 1994 omnibus

2129 2025 2432 2082 honorandi
2479 2041 2544 2082 ac
2601 2026 2899 2083 venerandi
2952 2035 3078 2082 sunt
3150 2042 3251 2099 pro
3312 2027 3556 2097 patribus
3611 2027 3728 2082 nati

2130 2113 2246 2180 ﬁlii,
2277 2114 2334 2169 id
2365 2122 2447 2170 est
2471 2129 2572 2186 pro
2601 2115 2865 2186 apostolis
2912 2114 3143 2170 ordinati
3185 2113 3446 2185 episcopi,
3497 2121 3551 2169 et
3577 2112 3732 2169 ordi-

2129 2202 2215 2256 nis
2263 2201 2547 2274 dignitate,
2607 2211 2657 2258 et
2701 2202 2846 2258 illius
2892 2205 3124 2269 honore,
3183 2203 3274 2275 qui
3331 2203 3412 2258 eis
3467 2201 3730 2275 apostolis

2128 2289 2262 2346 dixit
2292 2307 2305 2344 :
2337 2293 2463 2346 1am
2491 2307 2606 2347 non
2634 2291 2821 2346 dicam
2847 2309 2940 2348 vos
2969 2309 3172 2360 servos,
3208 2293 3303 2347 sed
3331 2293 3539 2347 amicos
3576 2307 3731 2347 meos

2129 2378 2313 2450 (Joan.
2345 2395 2444 2445 xv,
2481 2380 2610 2450 t5),-
2639 2387 2694 2434 et
2725 2397 2738 2433 :
2771 2381 2878 2446 Qui
2904 2396 2998 2436 vos
3022 2380 3184 2436 audit
3224 2395 3315 2436 me
3356 2381 3536 2445 audit,
3561 2383 3620 2436 et
3633 2381 3733 2452 qui

2132 2483 2222 2524 vos
2253 2468 2472 2540 spernit
2501 2483 2592 2523 me
2619 2470 2841 2540 spernit
2867 2468 3024 2539 (Luc.
3063 2483 3117 2534 x,
3156 2469 3280 2536 l6);
3311 2475 3367 2524 et
3393 2468 3464 2524 de
3493 2467 3610 2524 eis:
3644 2468 3728 2522 Ite

2126 2557 2396 2612 nuntiate
2425 2557 2700 2627 fratribus
2728 2557 2870 2612 meis
2897 2558 3116 2627 (Matth.
3140 2557 3477 2627 xxvm,10).
3509 2557 3576 2611 Et
3594 2555 3724 2621 alia,

2129 2660 2252 2716 qua:
2278 2645 2346 2700 de
2375 2644 2588 2700 illorum
2617 2645 2929 2701 veneranda
2957 2645 3316 2702 honoratione
3345 2660 3520 2701 sacrae
3574 2644 3724 2700 Scri-

2127 2740 2303 2805 pturae
2328 2741 2506 2788 textus
2534 2732 2822 2805 eloquitur.

2234 2823 2298 2877 V.
2334 2821 2440 2890 Qui
2467 2821 2607 2878 forte
2639 2822 2686 2876 si
2727 2821 2894 2893 aliqui
2944 2821 3333 2893 temporalibus
3381 2822 3547 2878 rebus
3601 2827 3730 2875 sunt

2125 2926 2416 2981 pauperes,
2449 2919 2504 2966 et
2525 2911 2665 2966 forte
2689 2911 2882 2967 merito
2925 2910 3142 2976 divites,
3189 2926 3291 2982 pro
3339 2919 3489 2967 certe
3544 2916 3729 2965 autem

428 3003 576 3059 sedis
618 3000 933 3057 auctoritate
961 3015 1028 3054 ac
1073 2997 1309 3064 nomine,
1332 3013 1468 3070 quas
1497 2997 1702 3054 tenoris
1761 2997 2026 3054 inconve-
2047 3048 2094 3072 η
2125 3006 2248 3054 sunt
2275 2999 2464 3055 ordine
2495 3014 2653 3054 sacro
2709 2998 2987 3066 sublimes,
3021 3015 3054 3054 a
3099 2998 3248 3055 nullo
3297 2999 3556 3072 quolibet,
3611 2997 3731 3054 sive

2047 3048 2096 3112 Ο

429 3091 629 3148 nientia
658 3091 798 3146 hanc
827 3095 1068 3145 sanctam
1099 3095 1152 3143 et
1179 3086 1629 3143 discretissimam
1673 3087 1859 3144 sedem
1916 3102 2026 3142 non
2047 3086 2096 3112 υ
2127 3087 2514 3156 ecclesiastica,
2550 3087 2664 3144 sive
2692 3087 2939 3143 saeculari
2967 3095 3234 3158 potestate
3251 3088 3496 3158 praedito,
3519 3086 3729 3143 debent

425 3179 644 3236 misisse
665 3177 916 3234 ostendit.

500 3270 594 3324 ΠΙ.
626 3269 697 3322 Et
726 3267 983 3339 quoniam
1013 3264 1198 3336 pravis
1227 3259 1425 3335 saspius
1452 3279 1623 3336 prava
1655 3279 1815 3336 quam
1874 3273 2027 3320 recta

422 3357 692 3414 innotesci
719 3356 913 3424 solent,
946 3363 1067 3409 nata
1099 3353 1224 3409 hinc
1262 3353 1572 3419 occasione,
1632 3353 2024 3424 Transalpina-

424 3463 548 3502 rum
577 3445 860 3518 regionum
889 3442 1214 3514 presbyteri,
1245 3458 1279 3497 a
1309 3441 1422 3497 suis
1453 3441 1724 3512 episcopis
1754 3442 1823 3497 de
1864 3442 2026 3497 certis

426 3534 743 3592 criminibus
774 3532 1102 3603 regulariter
1128 3531 1198 3585 ab
1226 3530 1418 3586 ordine
1447 3530 1770 3586 sacerdotali
1805 3530 2020 3599 dejecti,

425 3633 479 3680 et
514 3623 846 3696 poenitentia:
896 3620 1121 3690 subacti,
1173 3619 1290 3675 sine
1331 3619 1548 3674 licentia
1591 3626 1643 3674 et
1691 3617 2026 3674 conscientia

423 3712 714 3784 primatum
744 3709 1220 3780 et-ep’scOporum
1278 3723 1516 3772 suorum,
1577 3707 1683 3761 huc
1728 3707 1937 3773 venire,
1971 3714 2025 3761 et

421 3801 549 3857 hinc
579 3798 854 3871 epistolas,
877 3814 999 3870 quae
1013 3796 1222 3869 regulis
1241 3811 1351 3850 non
1367 3794 1779 3858 convenierunt,
1816 3793 2023 3850 referre

422 3896 720 3960 cceperunt.
767 3887 914 3956 Quas
960 3902 1070 3940 non
1118 3883 1365 3954 jussione
1422 3881 1737 3953 apostolica,
1798 3883 1916 3949 sed,
1964 3890 2024 3938 ut

421 3978 624 4035 assolet
644 3977 808 4032 etiam
856 3976 913 4030 in
957 3973 1252 4045 republica,
1303 3978 1531 4042 propter
1585 3969 1900 4042 multiplicia
1931 3988 2020 4026 re-

419 4069 778 4125 clamatorum
827 4063 1065 4136 negotia,
1121 4076 1569 4132 quorumcunque
1650 4059 2019 4116 ministrorum

420 4157 574 4230 quasi
604 4156 696 4226 pia
723 4151 1074 4208 miseratione
1103 4149 1296 4214 factas,
1331 4157 1385 4204 et
1431 4164 1533 4204 nos
1581 4147 1725 4204 illius
1779 4148 2020 4220 regionis

387 4242 393 4246 ’
417 4253 608 4318 putant
639 4241 902 4314 episcopi.
936 4239 1286 4310 Quapropter
1313 4237 1455 4310 quia,
1489 4245 1546 4292 ut
1576 4246 1797 4294 sanctus
1827 4241 2019 4311 Augu-

421 4334 596 4389 stinus
607 4332 738 4388 dicit
749 4332 938 4404 (epist.
953 4332 1042 4398 50,
1057 4329 1127 4384 ad
1139 4329 1495 4398 Bonifacium
1505 4327 2020 4400 comitem),cogunt

2125 3175 2402 3247 vilipendi,
2436 3191 2539 3232 nec
2573 3176 2887 3246 potentibus
2940 3176 3126 3232 saeculi
3179 3176 3341 3232 modo
3399 3191 3728 3248 quocunque

2122 3265 2396 3336 postponi,
2448 3265 2804 3336 praecipiente
2858 3265 3112 3320 omnibus
3165 3263 3415 3335 apostolo
3469 3265 3726 3320 Jacobo:

2125 3354 2308 3410 Nolite
2318 3355 2379 3409 in
2387 3370 2763 3426 personarum
2774 3357 3099 3424 acceptione
3112 3354 3312 3410 habere
3321 3354 3488 3422 ﬁdem
3501 3353 3729 3409 Domini

2124 3443 2310 3498 nostri
2335 3444 2495 3498 Iesus
2529 3443 2739 3498 Christi
2765 3443 2944 3513 gloria
2982 3444 3120 3511 (Jac.
3154 3457 3212 3506 ιι,
3251 3444 3322 3511 1),
3358 3441 3485 3512 quia
3502 3455 3612 3496 non
3628 3439 3724 3512 qui

2123 3530 2343 3586 ditiores
2372 3531 2442 3586 ad
2472 3531 2749 3600 saeculum,
2780 3531 2836 3584 hi
2865 3530 2922 3586 in
2950 3529 3135 3586 divino
3164 3529 3411 3585 examine
3440 3536 3565 3586 sunt
3601 3543 3728 3585 me-

2123 3619 2311 3676 liores.
2343 3621 2555 3686 Nonne,
2589 3619 2784 3692 inquit,
2817 3621 2963 3675 Deus
2985 3620 3159 3690 elegit
3182 3633 3456 3690 pauperes
3499 3620 3562 3672 in
3621 3617 3725 3674 hoc

2121 3709 2352 3773 mundo,
2387 3709 2585 3764 divites
2607 3710 2671 3763 in
2699 3709 2825 3776 ﬁde,
2859 3713 2916 3763 et
2947 3708 3190 3764 haeredes
3220 3708 3399 3778 regni,
3432 3705 3574 3780 quod
3603 3720 3732 3775 pro-

2121 3799 2284 3852 misit
2309 3796 2672 3868 diligentibus
2702 3812 2760 3852 se
2779 3800 2803 3851 ἵ
2823 3797 3009 3865 (ibid.,
3055 3792 3130 3865 δ’),
3180 3803 3234 3850 et
3279 3794 3478 3850 Paulus
3509 3812 3522 3848 :
3552 3795 3726 3866 Igno-

2121 3887 2256 3942 bilia
2287 3889 2343 3940 et
2369 3885 3033 3957 conte-mptibiliamundi
3061 3885 3229 3956 elegit
3241 3885 3467 3954 Deus,et
3484 3881 3724 3954 reliqua.

2121 3976 2174 4044 (I
2200 3975 2319 4030 Cor.
2353 3987 2392 4039 ι,
2424 3975 2545 4042 28.)
2569 3974 2635 4028 Et
2662 3981 2878 4029 sanctus
2920 3971 3226 4046 Gregorius
3280 3973 3336 4026 in
3394 3971 3621 4043 epistola
3651 3969 3729 4026 ad

2119 4062 2439 4120 Mauricium
2466 4063 2847 4133 imperatorem
2875 4062 2994 4133 (lib.
3030 4077 3104 4128 ιν,
3134 4063 3298 4134 epist.
3333 4063 3422 4132 3t)
3459 4079 3472 4116 :
3545 4081 3568 4110 α
3621 4057 3733 4114 Sa-

2115 4151 2428 4208 cerdotibus
2451 4194 2464 4217 ,
2496 4151 2687 4222 inquit,
2719 4165 2829 4206 non
2861 4166 2927 4206 ex
2959 4157 3181 4206 terrena
3217 4155 3485 4221 potestate
3532 4147 3729 4203 Domi-

2117 4256 2221 4297 nus
2250 4247 2438 4296 noster
2465 4239 2624 4296 citius
2652 4239 2989 4310 indignetur,
3039 4238 3138 4294 sed
3185 4237 3472 4294 excellenti
3531 4235 3728 4292 consi-

2119 4329 2420 4399 deratione,
2477 4335 2698 4400 propter
2747 4341 2873 4384 cum
2929 4327 3048 4396 ejus
3097 4327 3243 4383 servi
3299 4334 3454 4392 sunt,
3514 4325 3595 4380 eis
3649 4323 3728 4380 ita

421 4422 621 4478 multas
646 4420 894 4476 invenire
948 4417 1250 4473 medicinas
1302 4415 1598 4470 multorum
1653 4415 2022 4486 experimenta
2049 4405 2102 4465 D
2121 4417 2444 4484 dominetur,
2477 4424 2536 4473 ut
2555 4417 2716 4473 etiam
2744 4416 2984 4472 debitam
3015 4414 3374 4472 reverentiam
3423 4413 3727 4484 impendat.

420 4511 760 4575 morborum,
792 4505 1117 4562 intermissis
1144 4511 1370 4576 propter
1422 4503 1783 4574 proxilitatem
1838 4519 2022 4560 sacra-

423 4615 606 4655 rarum
646 4598 831 4670 legum
881 4593 1133 4664 capitulis
1187 4593 1658 4664 praedecessorum
1711 4600 2024 4648 nostrorum

421 4688 833 4759 imperatorum,
885 4682 1082 4754 quibus
1138 4680 1520 4738 ecclesiasticae
1566 4680 1774 4755 regula“:
1821 4695 2022 4736 conso-

421 4784 570 4841 nant,
629 4772 1003 4830 necessarium
1067 4770 1316 4826 duximus
1369 4770 1607 4842 pandere
1663 4768 2024 4825 sanctissimae

421 4871 616 4920 vestra:
645 4859 972 4933 paternitati,
1007 4874 1070 4916 ac
1120 4875 1345 4916 summa:
1404 4857 1729 4923 auctoritati,
1788 4856 2024 4929 qualiter

419 4950 639 5026 regulas
667 4950 737 5006 de
763 4950 972 5006 honore
1000 4948 1056 5003 in
1085 4965 1184 5004 suo
1212 4955 1354 5004 statu
1383 4947 1786 5018 episcOporum,
1845 4953 1898 5000 et
1954 4946 2024 5002 de

419 5039 745 5112 apellatione
768 5081 782 5106 ,
843 5039 890 5093 si
954 5037 1254 5094 necessitas
1309 5043 1361 5091 et
1417 5035 1554 5090 ratio
1607 5034 1662 5088 in
1721 5033 2022 5102 dejectione

417 5130 636 5186 illorum
679 5127 1006 5200 poposcerit,
1058 5127 1157 5182 sed
1200 5133 1252 5182 et
1299 5126 1366 5180 de
1413 5121 1737 5194 apellatione
1783 5121 2021 5194 presby-

419 5226 660 5275 terorum
688 5216 1062 5290 intelligimus,
1094 5223 1148 5270 et
1175 5212 1408 5284 intelligi
1439 5228 1470 5264 a
1495 5209 1799 5268 rectoribus
1826 5211 2025 5266 Trans-

422 5307 724 5378 alpinarum
795 5305 1167 5362 Ecclesiarum
1225 5300 1515 5356 didicimus
1564 5320 1584 5356 :
1631 5307 1898 5372 quatenus
1955 5301 2021 5354 ab

419 5395 584 5464 hujus
612 5403 813 5451 sanctae
838 5394 987 5450 sedis
1016 5390 1335 5447 auctoritate
1365 5396 1548 5445 nostra
1577 5404 1730 5456 sana,
1787 5397 1846 5444 ut
1893 5403 2021 5446 cre-

421 5483 620 5552 dimus,
679 5481 1035 5554 intelligentia
1089 5477 1437 5536 conﬁrmetur
1459 5519 1473 5548 ,
1532 5494 1564 5533 a
1622 5493 1727 5549 qua
1779 5476 1907 5535 fidei
1957 5495 2022 5536 ac

2119 4506 2262 4563 Nam
2291 4506 2347 4562 in
2393 4506 2591 4562 divinis
2635 4504 2869 4576 eloquiis
2926 4503 3217 4578 aliquando
3264 4503 3578 4560 sacerdotes
3626 4501 3728 4570 dii,

2121 4595 2410 4668 aliquando
2440 4593 2634 4668 angeli.
2651 4601 2934 4650 vocantur.
2965 4593 3107 4648 Nam
3136 4600 3188 4648 et
3217 4608 3318 4664 per
3342 4592 3604 4664 Moysem,
3651 4589 3729 4646 de

2122 4701 2188 4741 eo
2236 4685 2330 4758 qui
2370 4684 2440 4740 ad
2489 4685 2860 4754 juramentum
2916 4681 3271 4738 deducendus
3325 4688 3427 4746 est,
3480 4679 3728 4736 dicitur:

2119 4773 2348 4846 Applica
2404 4773 2557 4828 illum
2601 4773 2672 4827 ad
2715 4772 2874 4841 deos,
2921 4771 2976 4826 id
3024 4777 3106 4826 est
3155 4771 3224 4826 ad
3273 4768 3606 4826 sacerdotes.
3656 4767 3732 4822 Et

2121 4877 2338 4918 rursum
2367 4860 2627 4932 scriptum
2657 4867 2739 4916 est
2773 4860 2926 4916 :Diis
2946 4875 3061 4916 non
3073 4859 3336 4915 detrahe:
3347 4857 3552 4928 (Exod.
3575 4870 3728 4922 χχιι,

2122 4951 2200 5020 8,)
2248 4949 2456 5006 scilicet
2513 4948 2923 5015 sacerdotibus;
2973 4956 3026 5002 et
3063 4947 3324 5019 propheta
3373 4945 3492 5001 ait:
3552 4945 3730 5000 Labia

2119 5039 2426 5095 sacerdotis
2455 5038 2782 5095 custodiunt
2809 5039 3132 5103 scientiam,
3163 5040 3218 5092 et
3238 5037 3412 5110 legem
3433 5033 3732 5108 requirent

2121 5143 2194 5184 ex
2223 5143 2316 5184 ore
2348 5129 2486 5200 ejus,
2521 5127 2654 5200 quia
2681 5127 2919 5198 angelus
2948 5125 3172 5182 Domini
3221 5125 3584 5181 exercituum
3641 5126 3735 5177 est

2120 5217 2376 5288 (Malach.
2410 5230 2468 5280 ιι,
2494 5216 2570 5285 7).
2612 5237 2634 5266 ι
2669 5214 2814 5285 Quid
2838 5230 2972 5286 ergo
3015 5213 3214 5268 mirum
3271 5213 3317 5267 si
3365 5211 3488 5268 illos
3542 5218 3728 5267 vestra

2118 5304 2292 5376 pietas
2334 5303 2588 5377 dignetur
2632 5305 2924 5370 honorare,
2987 5302 3184 5374 quibus
3238 5301 3293 5356 in
3350 5317 3450 5356 suo
3507 5299 3730 5372 eloquio

2120 5394 2381 5449 honorem
2409 5393 2672 5459 tribuens,
2705 5408 2802 5448 eos
2831 5399 2923 5448 aut
2951 5389 3201 5462 angelos,
3249 5397 3341 5445 aut
3391 5389 3546 5458 deos,
3605 5388 3729 5460 ipse

2121 5481 2281 5540 etiam
2311 5481 2548 5554 appellat
2577 5481 2722 5539 Deus
2741 5481 2770 5537 ?
2797 5479 3186 5538 Ecclesiastica
3230 5494 3447 5552 quoque
3501 5485 3732 5536 testatur
