4004 6176
212 227 313 280 233

1687 225 2061 284 EPISTOLE.

3420 229 3528 287 238

220 346 453 403 historia
481 347 609 420 quia
638 363 762 404 cum
791 349 896 420 pia
923 349 1200 405 memoria
1228 351 1580 407 Constantino
1599 351 1834 424 principi
1861 351 2162 416 Ariuntur,
2196 351 2292 405 sed
2321 351 2556 408 aliorum
2582 351 2906 420 animarum,
2958 365 3093 422 quas
3121 349 3304 423 pravis
3335 367 3525 410 exem-

221 438 276 492 in
307 437 516 509 scripto
547 438 743 494 oblata
771 440 1146 496 accusationes
1175 449 1366 496 contra
1398 441 1685 512 episc0pos
1707 440 1832 496 fuis-

222 535 366 591 sent,
428 526 646 582 libellos
694 544 833 600 quos
891 537 1179 600 acceperat
1242 529 1502 596 incendit,
1563 530 1756 586 dicens
1811 548 1826 584 :

227 636 249 665 ι
285 615 398 670 Vos
429 615 507 669 dii
535 615 688 686 estis,
722 631 752 671 a
798 632 927 672 vero
956 619 1072 672 Deo
1121 619 1400 674 constituti
1433 636 1447 672 :
1478 619 1571 686 ite,
1606 626 1658 674 et
1688 619 1831 674 inter

220 719 319 759 vos
367 719 568 759 causas
597 712 806 759 vestras
840 705 1111 772 discutite,
1145 707 1273 777 quia
1328 707 1557 780 dignum
1610 723 1720 762 non
1750 716 1832 763 est

220 801 276 847 ut
303 808 408 848 nos
432 792 746 862 judicemus
774 794 927 849 deos.
961 795 1022 848 ln
1068 811 1176 866 qua
1215 804 1395 850 tamen
1425 795 1711 862 sententia,
1743 796 1833 866 pie

222 881 463 946 domine,
497 881 604 936 sibi
632 881 810 954 magis
841 898 905 936 ex
935 883 1256 949 humilitate,
1293 901 1454 954 quam
1485 885 1592 940 illis
1626 884 1832 956 aliquid

221 969 474 1041 prastitit
514 985 579 1026 ex
630 971 940 1025 reverentia
981 972 1247 1044 impensa.
1279 975 1418 1028 Ante
1458 989 1582 1028 eum
1632 973 1830 1045 quippe

219 1059 422 1132 pagani
482 1058 540 1113 in
591 1060 868 1130 republica
915 1061 1192 1132 principes
1233 1060 1473 1131 fuerunt,
1519 1063 1610 1133 qui
1641 1079 1832 1118 verum

222 1149 396 1202 Deum
435 1147 767 1214 nescientes,
801 1149 935 1204 deos
965 1149 1180 1222 ligneos
1239 1159 1293 1204 et
1321 1150 1532 1221 lapides
1551 1151 1828 1218 colebant,

223 1245 274 1292 et
301 1245 490 1291 tamen
552 1253 742 1293 eorum
799 1238 1174 1294 sacerdotibus
1221 1239 1514 1295 maximum
1569 1241 1833 1296 honorem

225 1325 558 1382 tribuebant.
590 1325 736 1396 Quid
793 1342 928 1398 ergo
973 1327 1186 1397 mirum,
1231 1328 1277 1383 si
1332 1328 1673 1384 Christianus
1724 1329 1832 1383 im-

221 1423 443 1486 perator
501 1414 617 1471 veri
703 1415 802 1470 Dei
861 1417 1172 1472 sacerdotes
1229 1417 1483 1488 dignetur
1539 1418 1829 1488 honorare,

222 1503 349 1556 dum
404 1503 629 1576 pagani,
680 1510 739 1558 ut
792 1504 1160 1574 praediximus,
1229 1505 1500 1576 principes
1573 1507 1832 1561 honorem

221 1592 544 1662 impendere
577 1591 951 1647 sacerdotibus
981 1603 1264 1660 noverunt,
1297 1594 1390 1666 qui
1420 1594 1523 1649 diis
1562 1594 1760 1666 ligneis
1780 1603 1834 1650 et

222 1679 457 1750 lapideis
477 1681 793 1735 serviebant
821 1682 850 1736 ?
885 1702 906 1731 ι
942 1681 1009 1736 Et
1055 1681 1200 1738 idem
1250 1682 1627 1738 sanctissimus
1669 1691 1830 1754 atque
1859 1715 1912 1774 Β

225 1768 650 1825 facundissimus
707 1778 761 1824 et
805 1770 1264 1839 discretissimus,
1321 1771 1694 1843 veraciterque
1775 1771 1832 1826 in

224 1857 394 1914 oculis
445 1859 550 1913 Dei
604 1859 937 1914 humillimus
968 1901 983 1925 ,
1013 1861 1068 1915 in
1125 1861 1354 1931 epistola
1439 1861 1509 1916 ad
1565 1863 1832 1916 Joann‘em

222 1947 546 2018 episcopum
617 1947 1019 2019 Syracusanum
1059 1993 1070 2014 ,
1106 1950 1355 2004 scribens
1433 1949 1500 2006 de
1574 1950 1832 2021 episc0po

220 2036 842 2106 ConstantinOpolitano,
878 2037 1015 2091 inter
1063 2038 1172 2093 alia
1221 2037 1350 2093 dicit
1381 2039 1499 2108 (lib.
1533 2053 1630 2108 vn,
1663 2039 1828 2108 epist.

221 2125 305 2192 64,
339 2125 462 2179 ind.
503 2126 591 2194 11)
627 2143 640 2179 :
679 2147 700 2175 α
735 2123 894 2195 Quod
926 2125 1044 2181 sedi
1073 2126 1386 2196 apostolica
1428 2127 1572 2182 dicat
1604 2143 1662 2182 se
1694 2127 1831 2182 velle

221 2212 433 2281 subjici,
470 2213 519 2266 si
557 2229 666 2286 qua
710 2214 870 2285 culpa
899 2214 953 2268 in
995 2215 1265 2286 episc0pis
1321 2215 1612 2281 invenitur,
1644 2215 1832 2272 nescio

217 2301 338 2372 quis
367 2301 422 2356 ei
451 2301 746 2372 episcopus
775 2302 1050 2372 subjectus
1079 2319 1189 2358 non
1219 2305 1307 2358 sit.
1343 2305 1478 2358 Cum
1505 2320 1638 2360 vero
1669 2303 1832 2375 culpa

217 2405 324 2444 non
383 2388 579 2463 exigit,
611 2405 804 2446 omnes
859 2390 1157 2448 secundum
1209 2391 1475 2449 rationem
1518 2391 1832 2448 humilitatis

217 2496 464 2569 aquales
491 2504 672 2553 sunt.»

281 2585 374 2640 VI.
431 2585 565 2641 Post
605 2585 1014 2643 Constantinum
1034 2596 1236 2655 autem,
1269 2587 1473 2660 quique
1521 2587 1818 2644 Christiani

217 2676 620 2744 imperatores,
651 2675 975 2731 decessores
1030 2692 1096 2733 ac
1151 2678 1592 2748 pradecessores
1635 2677 1829 2743 nostri,

217 2763 372 2837 leges
392 2765 466 2820 de
489 2763 876 2836 episcoporum
901 2765 1108 2820 honore
1137 2782 1200 2820 ac
1230 2765 1518 2839 privilegio
1567 2767 1832 2822 condide-

217 2862 361 2908 runt.
419 2853 676 2919 Proinde,
708 2853 872 2908 Pater
929 2854 1292 2921 sanctissime,
1328 2855 1476 2926 quia,
1510 2863 1568 2909 ut
1614 2861 1833 2910 sanctus

226 2942 484 2998 Gelasius
514 2941 646 2998 dicit
679 2943 867 3014 (epist.
906 2946 990 3012 10,
1025 2944 1095 2999 ad
1124 2945 1537 3014 Anastasium),
1568 2943 1679 3000 duo
1707 2951 1834 2999 sunt

227 3032 421 3102 quibus
451 3030 833 3102 principaliter
873 3032 1106 3087 mundus
1135 3033 1221 3087 hic
1278 3032 1506 3104 regitur,
1539 3033 1833 3089 auctoritas

226 3135 382 3176 sacra
429 3118 776 3192 pontiﬁcum,
810 3128 864 3175 et
889 3121 1094 3194 regalis
1139 3129 1403 3192 potestas,
1453 3122 1522 3178 ad
1550 3136 1687 3192 quas
1730 3138 1832 3193 ap-

225 3210 420 3280 pellari
477 3217 691 3281 potest,
749 3218 804 3264 et
835 3226 866 3263 a
896 3210 1095 3281 quibus
1152 3226 1314 3266 nemo
1349 3211 1679 3281 permittitur
1735 3228 1836 3282 ap-

224 3297 432 3368 pellare
501 3298 605 3353 sub
669 3295 844 3354 oculis
893 3298 1124 3354 districti
1179 3307 1234 3354 et
1288 3299 1587 3370 aquissimi
1635 3300 1838 3369 judicis

227 3387 346 3455 Dei,
377 3386 474 3458 qui
504 3386 625 3442 sine
653 3401 1016 3457 personarum
1046 3387 1363 3458 acceptione
1387 3387 1614 3455 judicat,
1656 3397 1840 3442 nostra

227 3475 598 3545 ponderemus
633 3475 840 3545 judicia
875 3493 888 3529 :
919 3475 1047 3546 guia
1078 3475 1180 3530 etsi
1227 3475 1546 3548 plerumque
1601 3477 1839 3532 existunt

227 3562 369 3620 inter
409 3564 762 3636 negligentes
808 3563 894 3619 vel
935 3563 1157 3620 desides
1186 3564 1406 3635 fratres,
1440 3582 1561 3637 qua
1592 3574 1840 3636 oporteat

228 3654 435 3722 majore
454 3653 786 3708 auctoritate
805 3654 1009 3719 curari,
1039 3675 1061 3704 ι
1099 3653 1180 3709 sic
1202 3662 1381 3709 tamen
1409 3663 1511 3721 est,
1536 3663 1594 3709 ut
1619 3662 1840 3711 sanctus

233 3742 338 3797 Leo
381 3742 517 3798 dicit
550 3744 661 3813 (ep.
716 3747 803 3808 88,
835 3743 906 3798 ad
935 3743 1347 3814 (inustas-ium),
1379 3743 1686 3800 adhibenda
1713 3759 1838 3800 cor-

231 3832 417 3897 rectio,
453 3840 514 3886 ut
572 3846 788 3901 semper
843 3831 911 3885 sit
949 3831 1104 3887 salva
1160 3831 1401 3898 dilectio,
1429 3840 1484 3887 et
1529 3833 1651 3904 plus
1708 3848 1841 3904 erga

233 3920 594 3993 corrigendos
625 3927 755 3990 agat
799 3919 1181 3976 benevolentia
1211 3937 1371 3991 quam
1401 3921 1686 3988 severitas,
1717 3921 1841 3993 plus

231 4008 532 4064 cohortatio
563 4022 730 4079 quam
749 4009 1061 4075 commotio,
1108 4009 1232 4080 plus
1263 4009 1497 4064 charitas
1540 4025 1705 4081 quam
1735 4026 1839 4081 po-

232 4104 411 4153 testas.
473 4118 499 4148 »
555 4096 863 4169 Episcopos
920 4112 1055 4153 sane
1101 4097 1157 4152 in
1209 4113 1310 4153 suo
1357 4106 1499 4154 statu
1555 4108 1842 4154 manentes

235 4185 409 4241 debita
437 4187 797 4242 veneratione
843 4186 1110 4253 colamus,
1139 4195 1192 4242 et
1218 4204 1249 4242 a
1279 4187 1448 4243 nobis
1482 4187 1562 4242 eis
1615 4203 1840 4259 compe-

232 4275 358 4329 tenti
385 4274 604 4330 honore
635 4275 904 4346 impenso,
952 4275 1167 4332 caeteris
1192 4277 1503 4347 exemplum
1524 4276 1843 4333 reverentia

235 4378 366 4436 erga
396 4363 797 4419 sacerdotalem
818 4363 1070 4420 ordinem
1090 4365 1431 4436 prabeamus
1459 4382 1474 4421 :
1510 4365 1638 4438 quia
1664 4366 1711 4422 si
1741 4381 1842 4421 nos

1931 438 2035 510 plis
2057 440 2466 507 destruxerunt,
2499 441 2579 496 rei
2609 447 2753 496 sunt.
2813 441 2879 495 Et
2907 447 3120 506 contra,
3148 448 3278 511 quot
3309 455 3409 496 suo
3439 439 3528 497 vel

1932 527 2122 594 verbo,
2166 528 2266 584 vel»
2311 530 2580 600 exemplo,
2613 529 2699 586 vel
2728 529 2925 601 quibus
2979 536 3222 600 potestas
3261 537 3345 583 est
3398 528 3525 584 data

1932 616 2295 687 correptionis
2343 618 2708 689 correptione,
2764 618 2892 691 quia
2953 633 3102 688 sape
3146 616 3328 674 invitis
3383 617 3528 672 bona

1931 713 2274 775 prastantur,
2307 706 2521 763 dicente
2549 722 2763 762 summo
2777 705 3166 777 patrefamilias
3186 706 3256 761 ad
3287 721 3528 773 servum,

1932 793 1988 848 id
2017 800 2098 848 est
2126 793 2477 865 pralatorum
2504 797 2731 850 chorum
2757 813 2769 849 :
2795 797 2905 850 Exi
2923 795 3032 850 cito
3045 796 3108 849 in
3130 797 3249 850 vias
3273 799 3330 850 et
3349 811 3530 868 sepes,

1933 887 1988 937 et
2017 883 2288 954 compelle
2316 883 2557 952 intrare,
2590 889 2654 940 ut
2681 885 2992 957 impleatur
3009 884 3204 940 domus
3221 900 3348 939 mea
3367 885 3526 955 (Luc.

1933 985 2052 1036 xxv,
2091 974 2203 1040 23),
2263 971 2495 1026 Domino
2524 971 2712 1027 lucrati
2741 971 2960 1037 fuerint,
2993 986 3092 1042 pro
3148 972 3310 1026 tantis
3341 970 3532 1044 gloria

1934 1074 2192 1114 coronam
2232 1059 2517 1130 accipient,
2569 1067 2853 1115 attestante
2909 1060 3170 1130 Apostolo
3206 1077 3222 1114 :
3257 1061 3362 1127 Qui
3398 1076 3532 1116 con-

1935 1149 2078 1202 verti
2097 1151 2300 1219 fecerit
2318 1153 2670 1222 peccatorem
2686 1149 2753 1204 ab
2781 1163 2968 1204 errore
3009 1150 3111 1204 vim
3129 1165 3268 1214 suae,
3293 1149 3530 1204 salvabit

1934 1237 2191 1292 animam
2219 1239 2341 1308 ejus
2362 1255 2396 1293 a
2413 1241 2612 1306 morte,
2637 1242 2694 1294 et
2712 1237 2925 1310 aperiet
2953 1237 3388 1293 multitudinem
3401 1253 3532 1308 pec-

1935 1330 2194 1382 catorum
2215 1327 2353 1395 (Jac.
2389 1339 2444 1395 v,
2479 1327 2590 1398 20).
2621 1346 2643 1376 υ

2006 1414 2120 1468 VII.
2154 1413 2420 1469 Caterum
2450 1414 2577 1486 quia
2596 1429 2705 1470 non
2734 1421 2817 1470 est
2861 1415 3024 1469 homo
3053 1413 3109 1468 in
3137 1421 3282 1469 terra
3313 1413 3404 1486 qui
3446 1413 3533 1470 fa-
3619 1479 3632 1490 .

1935 1502 2040 1557 ciat
2071 1503 2274 1556 bonum
2321 1511 2374 1556 et
2403 1518 2512 1558 non
2554 1511 2762 1573 peccet,
2797 1511 2848 1557 et
2882 1518 2985 1558 nec
3029 1501 3133 1572 ipsi
3163 1502 3279 1556 sine
3308 1510 3533 1572 peccato

1933 1589 2146 1645 fuerunt
2177 1590 2270 1662 qui
2325 1591 2533 1647 caelesti
2577 1591 2893 1662 magisterio
2923 1591 3290 1656 adhaerebant,
3325 1590 3535 1646 dicente

1933 1678 2140 1734 Joanne
2171 1697 2184 1733 :
2215 1680 2274 1734 Si
2289 1680 2610 1736 dixerimus
2635 1682 2768 1752 quia
2783 1683 3082 1752 peccatum
3110 1696 3226 1736 non
3247 1680 3531 1745 habemus,

1933 1770 2186 1840 nosipsos
2198 1768 2604 1836 seducimus,et
2614 1771 2824 1825 veritas
2841 1769 2902 1824 in
2918 1769 3076 1824 nobis
3088 1785 3201 1824 non
3218 1768 3357 1840 θεία
3369 1770 3530 1824 Joan.

1934 1871 1972 1923 ι,
1999 1859 2052 1927 8)
2076 1875 2091 1924 ;
2123 1865 2176 1911 et
2203 1858 2439 1913 Iacobus
2469 1857 2747 1928 apostolus
2775 1857 2902 1912 dicit
2927 1875 2940 1910 :
2982 1858 3048 1912 In
3077 1857 3279 1913 multis
3308 1856 3537 1928 oﬁendi-

1934 1962 2060 2001 mus
2081 1963 2271 2002 omnes
2305 1947 2459 2015 (Jac.
2514 1962 2594 2012 ιιι,
2626 1947 2720 2017 2);
2751 1953 2824 2012 et,
2877 1953 2933 2000 ut
2958 1945 3230 2016 Scriptura
3276 1945 3532 2013 ostendit,

1933 2033 1988 2088 in
2009 2035 2220 2105 angelis
2242 2044 2458 2106 reperta
2475 2043 2556 2090 est
2571 2034 2812 2106 nequitia
2835 2035 2966 2104 (Job
2987 2050 3062 2100 tv,
3098 2037 3186 2105 ιβ)
3211 2053 3225 2099 ς
3259 2034 3305 2088 si
3335 2050 3534 2090 neces-

1934 2123 2064 2178 sitas
2093 2140 2212 2178 cum
2268 2124 2433 2178 multa
2490 2123 2882 2195 ponderatione
2927 2130 3088 2194 atque
3136 2121 3534 2178 examinatione

1935 2212 2174 2283 coegerit
2201 2205 2491 2284 episcopos
2519 2213 2588 2268 ab
2618 2211 2891 2282 episcopis
2914 2211 3167 2281 judicari,
3187 2211 3273 2266 vel
3301 2211 3532 2282 presby-

1932 2309 2080 2357 teros
2107 2301 2178 2356 ab
2211 2301 2480 2372 episcopis
2511 2317 2542 2356 a
2570 2301 2745 2373 gradu
2783 2300 3154 2357 ecclesiastico
3183 2299 3360 2369 dejici,
3393 2299 3534 2356 sicut

1932 2389 1988 2444 in
2007 2389 2213 2444 honore
2225 2397 2386 2461 atque
2403 2388 2891 2454 administratione,
2911 2387 2991 2444 sic
3007 2397 3060 2444 et
3073 2388 3129 2442 in
3149 2387 3533 2458 dijudicatione

1932 2485 2089 2549 atque
2154 2477 2512 2548 appellatione
2547 2523 2560 2544 ,
2592 2477 2976 2534 discretionem
3031 2476 3322 2534 auctoritas
3379 2491 3537 2532 sacra

1933 2566 2194 2634 distinxit,
2249 2567 2569 2634 decernens,
2603 2575 2660 2622 ut
2700 2567 2746 2622 si
2800 2565 3097 2622 necessitas
3126 2573 3179 2620 et
3205 2565 3420 2636 pondus
3445 2565 3534 2622 le-

1933 2655 2076 2728 galis
2107 2671 2170 2710 ac
2201 2656 2473 2728 regularis
2502 2655 2858 2712 accusationis
2887 2654 3075 2726 exigit,
3109 2653 3423 2724 episcOpum
3438 2654 3534 2722 ju-

1932 2743 2102 2799 dicari
2156 2743 2357 2799 debere
2413 2759 2445 2798 a
2489 2743 2601 2798 suis
2624 2743 2897 2811 judicibus
2952 2742 3296 2812 episc0pis,a
3337 2741 3536 2814 quibus

1933 2831 2257 2905 regulariter
2299 2848 2406 2886 una
2465 2847 2588 2888 cum
2641 2831 2871 2903 primate
2899 2829 3194 2902 provincia
3239 2829 3413 2901 potuit
3440 2847 3534 2887 se-

1932 2921 2171 2976 cundum
2201 2921 2454 2978 Nicanos
2483 2930 2537 2976 et
2566 2920 2933 2977 Antiochenos
2959 2935 3200 2975 canones
3231 2927 3286 2974 et
3313 2919 3536 2976 decreta

1937 3009 2082 3064 sedis
2111 3009 2370 3066 Romana
2396 3009 2712 3082 pontificum
2739 3009 3000 3077 ordinari,
3059 3008 3412 3082 congregatis
3432 3024 3539 3064 una

1857 3075 1904 3138 C
1935 3115 2059 3156 cum
2087 3099 2315 3170 primate
2355 3099 2649 3171 provincia
2677 3099 2847 3171 ipsius
2883 3097 3127 3172 regionis
3157 3097 3430 3170 episcopis
3459 3113 3543 3153 se-

1937 3188 2174 3244 cundum
2234 3189 2587 3245 Sardicenses
2643 3204 2900 3254 canones,
2931 3196 3095 3258 atque
3151 3201 3186 3242 a
3223 3187 3537 3254 constituto,

1931 3279 2082 3346 juxta
2112 3277 2568 3348 Carthaginenses
2616 3292 2876 3344 canones,
2926 3275 3216 3332 duodecim
3247 3275 3540 3348 episcopo-

1938 3383 2059 3420 rum
2089 3382 2332 3434 numero,
2369 3366 2411 3421 si
2439 3366 2624 3437 plures
2671 3364 3016 3437 nequiverint
3063 3363 3409 3436 congregari,
3442 3378 3538 3420 ca-

1939 3454 2132 3510 nonice
2157 3454 2450 3524 judic‘etur.

2012 3551 2150 3606 ΠΗ.
2188 3574 2210 3601 ‹‹
2234 3551 2304 3606 Ει
2333 3551 2380 3605 si
2410 3551 2584 3606 isdem
2614 3558 2899 3608 accusatus
2929 3558 2982 3606 et
3017 3550 3293 3620 judicatus
3321 3549 3541 3624 episco-

1938 3655 2060 3712 pus,
2077 3640 2430 3713 congregatis
2447 3639 2695 3708 ejusdem
2709 3639 2952 3712 regionis
2969 3639 3261 3710 episcopis,
3281 3639 3350 3695 de
3368 3639 3545 3711 gradu

1939 3744 2037 3784 suo
2059 3729 2300 3797 dejectus
2321 3727 2680 3800 apostolicam
2696 3729 2883 3783 sedem
2900 3727 3276 3800 appellaverit,
3297 3736 3351 3783 et
3365 3726 3547 3784 confu-

1941 3818 2082 3890 gerit
2129 3817 2198 3873 ad
2259 3817 2576 3889 episcopum
2604 3819 2864 3873 Romana
2915 3815 3176 3874 Ecclesia
3220 3824 3275 3872 et
3303 3817 3370 3872 ab
3401 3832 3467 3873 eo
3495 3815 3545 3873 si

1940 3905 2113 3960 audiri
2144 3906 2376 3961 voluerit
2403 3913 2527 3977 post
2569 3905 2854 3976 judicium,
2881 3905 3034 3975 juxta
3063 3904 3415 3961 Sardicenses
3462 3921 3546 3962 ca-

1941 4010 2114 4050 nones
2145 3996 2325 4066 (conc.
2370 3994 2558 4063 Sard.,
2590 4011 2719 4051 can.
2772 3997 2848 4064 7),
2877 4002 2930 4050 et
2960 3994 3184 4050 decreta
3235 3992 3537 4050 Innocentii

1942 4083 2013 4138 ad
2039 4084 2374 4151 Victricium,
2407 4092 2461 4139 et
2506 4082 2767 4140 Bonifacii
2798 4084 2865 4138 ad
2888 4083 3202 4140 Gallicanos
3233 4084 3544 4155 episcopos,

1942 4181 1996 4227 et
2023 4173 2220 4228 Leonis
2251 4173 2321 4228 ad
2342 4174 2703 4240 Anastasium,
2737 4171 3089 4229 scribendum
3119 4179 3203 4228 est
3225 4172 3294 4227 ab
3331 4172 3416 4226 his
3455 4170 3547 4243 qui

1942 4277 2163 4318 causam
2210 4260 2588 4317 examinarunt
2633 4263 2880 4317 Romano
2917 4259 3178 4331 pontifici.
3210 4261 3280 4316 Et
3324 4260 3370 4316 si
3394 4260 3545 4329 judi-

1943 4351 2150 4407 caverit
2198 4351 2574 4406 renovandum
2605 4365 2728 4404 esse
2779 4349 3062 4418 judicium,
3125 4357 3418 4404 renovetur
3441 4392 3454 4415 ,
3490 4356 3546 4404 et

233 4433 446 4508 ειεηιω
498 4452 752 4508 ordinem
804 4453 862 4508 in
915 4433 1173 4524 ρετεοίιίε
1214 4469 1404 4510 θοι-ωτι
1431 4433 1837 4525 νίυρεηάίωυε,
1856 4433 1909 4494 D
1941 4440 2032 4495 det
2055 4439 2309 4509 judices;
2342 4439 2387 4493 si
2407 4447 2590 4494 autem
2617 4438 2934 4510 probaverit
2977 4437 3143 4493 talem
3172 4452 3394 4492 causam
3421 4452 3544 4492 esse

229 4540 318 4611 qui
348 4525 500 4598 velut
555 4540 616 4594 in
663 4541 908 4612 speculo,
943 4541 1010 4596 ad
1055 4543 1382 4598 sumendum
1421 4542 1752 4614 exemplum,
1783 4544 1842 4598 in

230 4630 490 4696 omnium,
528 4629 621 4701 qui
670 4629 902 4699 subjecti
957 4631 1117 4686 nobis
1145 4640 1288 4698 sunt,
1322 4633 1494 4688 oculis
1548 4631 1712 4704 positi
1741 4649 1840 4688 su-

229 4733 368 4785 mus,
399 4734 506 4790 pro
537 4725 816 4774 tantorum
844 4719 1020 4791 culpis
1047 4736 1080 4775 a
1119 4720 1368 4776 districto
1391 4721 1595 4790 judice,
1629 4737 1840 4778 summo

229 4807 480 4864 videlicet
510 4805 772 4878 pontifice
801 4815 854 4864 et
893 4825 1029 4881 rege
1057 4824 1248 4881 regum
1267 4809 1689 4878 dijudicabimur
1709 4819 1841 4882 quot

229 4903 414 4952 nostro
443 4896 594 4952 facto
624 4896 996 4969 delinquendi,
1043 4897 1191 4969 quod
1211 4897 1371 4964 absit,
1407 4899 1651 4970 exempla
1697 4915 1841 4970 pra-

231 4984 527 5042 buerimus.
578 4985 731 5042 Sicut
775 4986 924 5042 idem
971 4987 1164 5042 beatus
1206 4987 1513 5060 Gregorius
1543 4987 1602 5043 in
1631 4989 1840 5060 Regula

228 5075 484 5144 pastorali
507 5073 830 5130 terribiliter
853 5075 1064 5131 intonat
1091 5075 1282 5132 dicens
1316 5078 1496 5146 (part.
1515 5092 1553 5146 ι,
1585 5093 1710 5147 cap.
1740 5078 1796 5148 5)
1820 5095 1834 5132 :

237 5184 258 5214 ε
317 5163 473 5220 Scire
531 5163 736 5219 etenim
786 5163 994 5235 pralati
1039 5165 1268 5227 debent,
1303 5165 1428 5237 quia
1471 5165 1517 5220 si
1574 5180 1838 5236 perversa

230 5268 468 5325 unquam
519 5261 855 5325 perpetrant,
889 5261 968 5308 tot
1008 5253 1275 5309 mortibus
1331 5253 1483 5326 digni
1526 5261 1674 5324 sunt,
1706 5262 1838 5327 quot

229 5341 297 5395 ad
346 5341 598 5397 subditos
647 5357 779 5397 suos
824 5342 1144 5412 perditionis
1170 5342 1416 5414 exempla
1445 5343 1834 5400 transmittunt.

233 5428 384 5485 Unde
413 5445 645 5486 necesse
675 5437 778 5497 est,
811 5437 872 5484 ut
900 5438 1048 5486 tanto
1078 5447 1138 5486 se
1167 5430 1376 5486 cautius
1395 5446 1427 5485 a
1456 5429 1614 5502 culpa
1655 5441 1837 5489 custo-

230 5517 394 5588 diant,
429 5529 635 5592 quanto
683 5535 783 5590 per
807 5533 978 5590 prava
1008 5536 1126 5592 qua
1173 5518 1394 5590 faciunt,
1443 5536 1552 5578 non
1584 5520 1685 5577 soli
1713 5536 1836 5576 mo-

735 5617 978 5674 Pnaon.
1012 5617 1255 5677 CXXVI.

1940 4545 1998 4592 ut
2023 4553 2132 4592 non
2161 4535 2485 4592 refricentur
2516 4551 2582 4591 ea
2611 4553 2735 4608 qua
2765 4543 2889 4591 acta
2916 4543 3060 4604 sunt,
3096 4549 3215 4606 qua
3235 4531 3545 4589 decreverit

1940 4623 2256 4682 conﬁrmata
2285 4633 2464 4681 erunt.
2500 4625 2569 4680 Et
2598 4625 2644 4680 si
2688 4625 2895 4694 justum
2921 4623 3196 4695 putaverit
3223 4630 3280 4676 ut
3309 4635 3547 4678 renove-

1938 4722 2026 4770 tur
2052 4730 2300 4782 examen,
2349 4713 2590 4771 scribere
2620 4713 2706 4769 his
2753 4714 3009 4786 dignetur
3038 4711 3332 4783 episcOpis,
3363 4709 3457 4782 qui
3486 4709 3545 4766 in

1939 4801 2167 4860 finitima
2196 4812 2249 4859 et
2277 4803 2584 4876 pr0pinqua
2603 4803 2884 4874 provincia
2916 4810 3059 4870 sunt,
3093 4808 3151 4856 ut
3179 4799 3286 4872 ipsi
3315 4799 3544 4872 diligen-

1938 4902 2021 4948 ter
2063 4893 2284 4950 omnino
2331 4892 2629 4964 requirant,
2657 4899 2710 4945 et
2731 4891 2886 4960 juxta
2931 4888 3091 4944 tidem
3122 4888 3365 4945 veritatis
3398 4887 3540 4944 defi-

1938 4982 2104 5037 niant.
2139 4980 2298 5050 Quod
2327 4980 2374 5035 si
2399 4979 2447 5034 is
2477 4979 2569 5051 qui
2598 4985 2752 5050 rogat
2781 4993 3002 5032 causam
3033 4993 3188 5033 suam
3235 4977 3415 5034 audiri
3443 4976 3542 5032 ite-

1937 5086 2060 5126 rum
2082 5112 2096 5141 ,
2129 5069 2510 5142 deprecatione
2541 5083 2641 5123 sua
2699 5066 2931 5122 moverit
2977 5066 3292 5138 episcopum
3340 5068 3540 5123 Roma-

1936 5175 2088 5228 num,
2120 5166 2179 5214 ut
2205 5175 2235 5214 e
2265 5159 2434 5214 latere
2459 5172 2558 5213 suo
2587 5154 2968 5227 presbyterum
3011 5155 3204 5226 mittat,
3235 5155 3339 5210 erit
3368 5155 3422 5208 in
3451 5170 3544 5226 po-

1935 5256 2125 5304 testate
2183 5245 2450 5318 episcOpi,
2485 5251 2538 5299 et
2596 5243 2727 5316 quid
2755 5245 2902 5312 velit,
2937 5252 2990 5300 et
3026 5244 3158 5317 quid
3183 5243 3431 5300 astimet.
3465 5242 3536 5298 Et

1936 5337 1983 5392 si
2027 5335 2331 5391 decreverit
2379 5333 2671 5389 mittendos
2713 5349 2856 5404 esse,
2928 5333 3019 5405 qui
3057 5339 3355 5404 prasentes
3411 5347 3538 5388 cum

1937 5421 2209 5495 episcopis
2252 5421 2531 5492 judicent,
2589 5421 2856 5478 habentes
2909 5421 3026 5490 ejus
3080 5419 3460 5478 auctoritatem
3503 5437 3536 5476 a

1937 5537 2044 5594 quo
2064 5519 2317 5577 destinati
2347 5525 2492 5588 sunt,
2526 5519 2630 5577 erit
2650 5520 2706 5576 in
2736 5535 2836 5577 suo
2865 5517 3107 5576 arbitrio.
3143 5517 3202 5574 Si
3247 5534 3381 5575 vero
3412 5533 3530 5575 cre-

3073 5621 3104 5670 8
