4088 6180
509 265 616 319 235
1549 252 1889 312 HINCMARI
1945 247 2348 306 RIIEMENSIS
2404 247 2952 304 ARCHIEPISCOPI.

518 385 712 442 diderit
741 385 1030 456 episcopos
1063 384 1332 452 sufﬁcere,
1359 391 1414 437 ut
1445 380 1667 452 negotio
1697 377 1986 433 terminum
2007 374 2115 427 im-
2145 373 2200 434 A
2221 371 2445 428 arbitrio
2476 373 2564 428 vel
2597 371 2802 441 judicio
2832 373 2924 445 qui
2951 389 3076 428 eum
3130 371 3523 441 judicaverunt,
3555 387 3677 426 cum
3705 372 3827 442 epi-

515 482 736 546 ponant,
763 472 920 528 faciet
961 473 1109 544 quod
1140 472 1540 542 sapientissimo
1585 467 1812 525 consilio
1836 464 2118 534 judicave-
2223 462 2404 532 scopis
2433 461 2526 532 qui
2582 462 2638 516 in
2686 461 2914 516 ﬁnitima
2942 470 2996 516 et
3050 460 3354 532 propinqua
3381 460 3664 531 provincia
3693 467 3824 515 sunt

516 562 604 617 rit.
641 561 861 617 Interim
891 570 1069 616 tamen
1092 561 1230 615 alter
1259 559 1548 629 episcopus
1575 557 1631 612 in
1655 555 1914 612 cathedra
1944 553 2118 621 depo-
2221 550 2542 620 praecipiunt
2597 550 2896 615 terminari,
2930 558 3196 621 quatenus
3252 549 3367 604 sive
3423 549 3478 604 in
3522 549 3818 615 manenda,

517 649 605 704 siti
648 649 894 721 episcopi
921 657 1045 720 post
1101 647 1518 719 appellationem
1537 647 1652 716 ejus
1681 660 1790 698 non
1819 641 2116 707 ordinetur,
2223 639 2338 694 sive
2365 639 2422 692 in
2451 639 2789 694 immutanda
2817 639 3104 705 sententia,
3131 639 3286 706 juxta
3314 637 3567 693 Nicaenos
3581 653 3822 693 canones

514 748 800 810 antequam
831 754 994 794 causa
1040 738 1159 806 ejus
1203 735 1359 792 fuerit
1406 735 1463 790 in
1507 733 1712 804 judicio
1741 729 1983 803 epiSCOpi
2011 729 2120 784 Ro-
2221 742 2510 782 commune
2541 726 2610 782 sit
2646 726 2926 797 placitum.
2983 729 3064 781 De
3095 726 3293 798 quibus
3321 725 3493 782 sacris
3521 725 3823 781 canonibus

3719 251 3832 304 236

513 827 660 883 mani
688 826 1059 882 determinata.
1100 845 1122 874 ι

583 917 680 971 ΙΧ.
715 914 848 984 Quae
893 913 1206 970 constitutio
1263 910 1642 984 appellationis
1671 909 1740 964 ad
1762 905 2117 979 apostolicam

513 998 702 1054 sedem
731 1014 842 1054 non
867 997 1148 1054 discordat
1175 1011 1209 1051 a
1238 1010 1395 1050 sacra
1424 1002 1476 1050 et
1513 993 1744 1064 mystica
1772 991 1996 1046 Nicaena
2029 1005 2116 1060 sy-

509 1087 674 1156 nodo,
707 1087 777 1142 de
807 1102 912 1158 qua
939 1101 1170 1158 magnus
1197 1085 1306 1139 Leo
1353 1097 1494 1154 papa
1539 1081 1610 1136 ad
1639 1079 1948 1136 Anatolium
1974 1077 2114 1133 scri-

509 1175 618 1246 psit
660 1176 849 1248 (epist.
893 1177 1003 1242 56).
1035 1195 1056 1224 «
1091 1173 1208 1238 Illa,
1265 1169 1538 1242 inquiens,
1569 1170 1917 1226 Nicanorum
1942 1181 2116 1222 cano-

511 1281 642 1319 num
689 1279 790 1334 per
819 1271 1068 1318 sanctum
1128 1276 1258 1316 vere
1297 1259 1558 1330 Spiritum
1589 1257 1842 1314 ordinata
1878 1253 2115 1312 conditio

508 1353 564 1407 in
593 1351 743 1406 nulla
771 1365 1010 1422 unquam
1036 1356 1190 1420 parte
1221 1357 1303 1404 est
1322 1347 1588 1403 solubilis.
1611 1345 1776 1400 Nulla
1793 1344 2027 1400 siblimet
2046 1342 2115 1397 de

511 1439 960 1510 multiplicatione
1039 1436 1486 1510 congregationis
1544 1433 1832 1507 synodalia
1889 1431 2114 1488 concilia

511 1527 879 1595 blandiantur,
911 1542 1088 1598 neque
1134 1529 1396 1582 trecentis
1449 1523 1557 1578 illis
1587 1523 1778 1579 decem
1809 1529 1967 1594 atque
1993 1529 2115 1576 octo

513 1615 785 1687 episcopis
831 1614 1227 1688 quantumlibet
1255 1611 1530 1684 copiosior
1559 1626 1820 1667 numerus
1859 1609 2116 1665 sacerdo-

2219 815 2458 871 Nictenis
2501 815 2822 870 Africanum
2875 815 3166 872 concilium
3198 814 3268 870 ad
3297 822 3543 870 sanctum
3572 813 3823 869 Caelesti-

2219 919 2346 958 num
2403 919 2602 975 papam
2662 904 2910 959 scribens
2940 905 3082 976 (cap.
3131 905 3276 974 105),
3312 925 3334 952 α
3368 902 3820 969 Prudentissime,

2217 991 2426 1064 inquit,
2453 991 2863 1064 justissimeque
2919 992 3292 1063 providerunt,
3327 1007 3663 1064 quascunque
3718 1007 3822 1046 ne-

2217 1081 2366 1152 gotia
2393 1079 2451 1136 in
2481 1081 2594 1136 suis
2622 1081 2758 1136 locis
2785 1080 2878 1135 ubi
2908 1089 3027 1136 orta
3051 1087 3174 1134 sunt
3203 1079 3459 1146 ﬁnienda,
3479 1095 3580 1136 nec
3609 1079 3822 1135 unicui-

2219 1185 2324 1240 que
2377 1169 2674 1240 provinciae
2731 1170 2960 1241 gratiam
3020 1169 3252 1240 Spiritus
3295 1169 3464 1225 sancti
3487 1167 3822 1232 defuturam,

2218 1273 2322 1329 qua
2340 1258 2574 1330 aequitas
2604 1274 2632 1312 a
2663 1257 2863 1313 Christi
2903 1257 3275 1315 sacerdotibus
3303 1265 3356 1312 et
3391 1256 3688 1328 prudenter
3741 1255 3826 1311 vi-

2217 1347 2428 1416 deatur,
2458 1354 2511 1403 et
2542 1347 2982 1404 constantissime
3026 1354 3291 1402 teneatur.
3332 1367 3356 1396 ι

2285 1435 2408 1492 ΧΠ.
2465 1437 2662 1492 Beatus
2741 1451 2957 1508 quoque
3013 1435 3360 1492 Innocentius
3386 1434 3455 1489 ad
3503 1433 3821 1490 Victricium

2216 1525 2717 1596 Rothomagensem
2746 1525 3064 1596 episcopum
3094 1523 3202 1579 duo
3221 1523 3454 1594 capitula
3473 1523 3658 1596 magni
3689 1538 3822 1579 con-

2217 1613 2328 1668 cilii
2359 1613 2568 1669 Nicani
2601 1631 2614 1666 :
2659 1614 2738 1667 De
2771 1613 2854 1667 his
2897 1611 3151 1668 videlicet
3180 1612 3272 1684 qui
3299 1611 3679 1668 communione
3707 1611 3824 1681 pri-

508 1713 621 1759 tum
653 1719 974 1775 comparare
1007 1718 1068 1760 se
1095 1701 1293 1759 audeat
1321 1701 1408 1757 vel
1461 1698 1747 1772 praeferre,
1780 1714 1905 1755 cum
1962 1703 2112 1753 tanto
2141 1729 2194 1790 B
2215 1710 2414 1758 vantur
2444 1717 2510 1757 ex
2540 1701 2724 1767 clero;
2758 1710 2810 1756 et
2840 1700 2982 1756 aliud
3017 1719 3030 1754 :
3066 1703 3135 1758 Ut
3183 1716 3284 1771 per
3313 1699 3558 1774 singulas
3588 1699 3822 1772 provin-

509 1791 769 1848 divinitus
798 1791 1092 1864 privilegio
1147 1790 1371 1846 Nicena
1400 1789 1468 1844 sit
1495 1788 1736 1860 synodus
1791 1793 2114 1842 consecrata
2169 1788 2178 1790 ἡ
2215 1791 2328 1846 cias
2357 1791 2470 1845 suis
2499 1790 2784 1862 privilegia
2816 1797 3102 1846 serventur
3129 1789 3424 1851 Ecclesiis;
3445 1797 3496 1843 et
3522 1788 3822 1860 capitulum

509 1888 570 1936 ut
598 1879 717 1936 sive
746 1897 848 1951 per
874 1880 1182 1951 pauciores,
1217 1877 1332 1933 sive
1361 1894 1463 1950 per
1507 1877 1694 1949 plures
1737 1875 2113 1934 ecclesiastica

503 1967 704 2037 judicia
736 1967 1104 2049 celebrentur,
1138 1967 1285 2022 omni
1313 1967 1530 2038 penitus
1561 1963 1879 2020 auctoritate
1918 1961 1986 2018 sit
2013 1979 2112 2018 va-

507 2071 670 2112 cuum
713 2055 978 2128 quidquid
1035 2055 1104 2110 ab
1153 2053 1372 2110 illorum
1419 2053 1584 2110 fuerit
1613 2051 2000 2108 constitutione
2030 2050 2112 2106 di-

506 2159 746 2202 versum.
777 2165 799 2194 n
835 2145 914 2199 De
944 2144 1098 2214 cujus
1125 2141 1416 2216 privilegio
1444 2149 1497 2198 et
1537 2142 1599 2196 Β.
1632 2139 1954 2197 Ambrosius
1984 2138 2116 2194 dicit

503 2232 663 2302 (lib.t
692 2233 759 2289 de
789 2233 942 2301 Fide,
976 2249 1027 2288 c.
1061 2232 1158 2302 9);
1196 2254 1218 2282 ι
1266 2232 1390 2287 Non
1415 2231 1656 2285 humana
1683 2227 1968 2294 industria,
2002 2243 2113 2284 non

504 2319 897 2392 compositione
954 2320 1157 2392 aliqua,
1192 2317 1422 2376 trecenti
1451 2318 1644 2375 decem
1699 2325 1752 2374 et
1808 2323 1932 2374 octo
1989 2315 2110 2388 epi-

504 2408 655 2480 sc0pi
701 2408 770 2464 ad
812 2407 1104 2465 concilium
1133 2414 1538 2473 convenerunt;
1569 2405 1666 2462 sed
1697 2413 1756 2461 ut
1799 2403 1856 2460 in
1883 2421 2110 2460 numero

513 2513 724 2568 eorum,
755 2513 857 2568 per
887 2495 1103 2569 signum
1161 2512 1275 2552 sua:
1301 2495 1574 2568 passionis
1619 2503 1672 2550 et
1715 2492 1969 2560 nominis,
1999 2492 2112 2550 Do-

505 2586 682 2641 minus
710 2586 872 2641 Jesus
902 2600 1002 2640 suo
1031 2600 1091 2640 se
1146 2584 1406 2656 probaret
1451 2584 1646 2639 adesse
1692 2581 1941 2650 consilio,
1975 2597 2108 2638 crux

503 2675 559 2730 in
589 2673 869 2742 trecentis,
891 2674 1052 2730 Jesus
1074 2688 1274 2728 nomen
1304 2673 1360 2728 in
1385 2672 1576 2729 decem
1599 2679 1651 2728 et
1679 2678 1801 2728 octo
1830 2677 1914 2726 est
1932 2685 2111 2727 sacer-

501 2751 739 2819 dotibus.
779 2785 800 2813 r
840 2785 863 2814 α
900 2763 967 2818 Et
995 2761 1148 2832 mihi,
1182 2761 1357 2834 inquit
1401 2760 1634 2816 Hilarius
1675 2762 1774 2832 (Dc
1790 2760 2006 2832 synod.,
2052 2758 2110 2814 in

503 2850 652 2924 line),
685 2850 777 2907 ille
806 2851 924 2924 ipse
955 2866 1218 2906 numerus
1245 2849 1334 2906 hic
1363 2858 1584 2906 sanctus
1615 2857 1716 2916 est,
1735 2848 1916 2920 inquo
1936 2847 2110 2904 Abra-

501 2941 631 2995 ham
659 2937 836 2996 victor
865 2955 1058 3012 regum
1089 2937 1402 3010 impiorum,
1449 2938 1516 2992 ab
1547 2953 1613 2994 eo
1645 2937 1734 3010 qui
1785 2935 1978 2993 aeterni
2010 2951 2105 2991 sa-

501 3027 728 3084 cerdotii
757 3035 838 3084 est
869 3026 1044 3084 forma
1073 3025 1434 3084 benedicitur.
1471 3046 1495 3076 n
1529 3027 1596 3082 Et
1626 3025 1750 3081 hinc
1805 3023 1934 3080 item
1965 3023 2102 3080 bea-

501 3125 586 3172 tus
615 3117 724 3172 Leo
753 3131 899 3188 papa
947 3115 1015 3171 ad
1045 3114 1357 3172 Anatolium
1406 3114 1594 3184 (epist,
1638 3116 1726 3180 56,
1785 3120 1910 3184 post
1939 3128 2102 3184 supe-

497 3203 665 3275 riora)
713 3223 727 3270 ;
775 3225 798 3256 ¢
847 3205 1032 3262 Sancti
1071 3204 1148 3260 illi
1188 3211 1240 3259 et
1283 3201 1621 3260 venerabiles
1656 3202 1864 3270 Patres,
1925 3199 2018 3272 qui
2046 3199 2102 3255 in

463 3293 638 3354 _urbe
681 3293 922 3363 Nicena,
982 3291 1255 3366 sacrilego
1309 3291 1438 3347 Ario
1497 3305 1620 3346 cum
1677 3305 1774 3344 sua
1827 3288 2102 3361 impietate

498 3381 771 3450 damnato,
804 3397 1090 3438 mansuras
1119 3396 1292 3453 usque
1320 3377 1375 3434 in
1404 3377 1568 3435 ﬁnem
1596 3378 1784 3434 mundi
1812 3377 1968 3452 leges
2004 3391 2102 3434 ec-

497 3469 929 3527 clesiasticarum
983 3485 1254 3527 canonum
1310 3466 1690 3534 condiderunt,
1727 3473 1781 3524 et
1808 3465 1956 3539 apud
2001 3482 2104 3523 nos

493 3559 550 3614 in
581 3567 720 3616 toto-
753 3559 887 3616 orbe
935 3566 1208 3616 terrarum
1230 3557 1286 3613 in
1343 3556 1457 3613 suis
1510 3555 1984 3614 constitutionibus
2022 3553 2103 3611 vi-

493 3655 646 3718 vunt,
677 3655 732 3704 et
781 3645 828 3704 si
859 3647 990 3720 quid
1045 3661 1281 3719 usquam
1339 3644 1500 3702 aliter
1553 3659 1716 3717 quam
1759 3643 1837 3698 illi
1866 3650 2104 3700 statuere

496 3735 868 3810 praesumitur,
901 3735 1019 3792 sine
1051 3733 1394 3792 cunctatione
1426 3741 1697 3790 cassatur.
1743 3752 1764 3782 ι

568 3827 640 3880 Χ.
677 3823 840 3893 Quod
879 3832 1129 3880 sanctum
1159 3830 1212 3878 ct
1241 3821 1532 3894 mysticum
1579 3818 1874 3876 concilium
1903 3819 2105 3890 praeci-

499 3913 579 3985 pit
610 3914 761 3983 (can.
798 3912 856 3984 v)
889 3927 903 3968 :
941 3932 964 3963 ι
1000 3913 1080 3966 De
1109 3910 1195 3966 his
1227 3909 1319 3982 qui
1370 3907 1752 3966 communione
1799 3907 2103 3980 privantur,

2215 1879 2550 1935 Sardicensis
2581 1877 2796 1934 concilii
2826 1879 2896 1934 de
2953 1878 3332 1950 episcoporum
3361 1877 3431 1934 ad
3461 1877 3824 1948 apostolicam

2215 1968 2401 2023 sedem
2457 1967 2855 2039 appellatione,
2887 1983 2998 2022 uno
3039 1966 3276 2038 capitulo
3325 1967 3600 2038 sagaciter
3654 1973 3823 2037 atque

2211 2064 2463 2127 patenter
2512 2055 2763 2127 explicat,
2797 2056 2990 2112 dicens
3027 2057 3214 2128 (epist.
3248 2053 3612 2126 Ihmocent.)
3645 2071 3660 2108 :
3697 2076 3720 2106 ι
3759 2053 3823 2110 Si

2220 2161 2344 2216 quae
2399 2151 2579 2200 autem
2631 2159 2812 2200 causae
2863 2144 2953 2200 vel
3009 2145 3386 2200 contentiones
3414 2143 3558 2198 inter
3578 2142 3821 2198 clericos

2215 2241 2324 2288 tam
2356 2233 2658 2304 superioris
2705 2233 2934 2307 gradus,
2969 2248 3132 2305 quam
3186 2232 3346 2288 etiam
3376 2231 3666 2302 inferioris,
3701 2229 3824 2286 fue-

2211 2321 2323 2377 rint
2353 2330 2578 2388 exortae,
2599 2321 2806 2393 placuit
2836 2329 2894 2377 ut
2925 2321 3224 2378 secundum
3238 2321 3506 2392 synodum
3535 2319 3826 2376 Nicenam

2215 2410 2570 2484 congregatis
2593 2410 2845 2466 omnibus
2866 2410 3111 2480 ejusdem
3129 2409 3422 2480 provinciae
3443 2408 3825 2480 episcopisju—

2212 2499 2414 2555 dicium
2440 2499 2790 2566 terminetur;
2827 2513 2928 2554 nec
2957 2497 3119 2555 alicui
3147 2497 3328 2564 liceat,
3351 2497 3470 2554 sine
3497 2495 3820 2568 prmjudicio

2211 2595 2395 2644 tamen
2443 2587 2702 2644 Romana
2754 2587 3037 2653 Ecclesia,
3069 2587 3158 2643 cui
3213 2585 3268 2640 in
3325 2587 3578 2642 omnibus
3629 2585 3817 2641 caussi

2210 2675 2374 2732 debet
2408 2675 2716 2732 reverentia
2753 2675 3046 2742 custodiri,
3080 2673 3287 2731 relictis
3314 2675 3399 2730 his
3447 2673 3824 2730 sacerdotibus

2211 2765 2305 2836 qui
2331 2764 2386 2818 in
2445 2763 2632 2819 eadem
2689 2763 2968 2834 provincia
2997 2763 3099 2820 Dei
3127 2761 3428 2820 Ecclesiam
3458 2768 3591 2818 nutu
3625 2761 3820 2818 divino

2211 2837 2540 2925 guber‘nant,
2575 2853 2647 2907 ad
2688 2851 2824 2908 alias
2861 2850 3156 2909 convolare
3211 2851 3545 2923 provincias.
3577 2848 3739 2919 Quod
3769 2851 3822 2906 si

2211 2941 2334 3012 quis
2366 2939 2506 2996 forte
2535 2940 2966 3012 praesumpserit,
2991 2947 3043 2995 et
3063 2940 3130 2996 ab
3151 2939 3329 2996 ofﬁcio
3348 2939 3482 2996 cleri
3499 2939 3815 3008 submotus,

2211 3035 2265 3084 et
2292 3027 2611 3098 injuriarum
2642 3044 2766 3084 reus
2807 3027 2878 3084 ab
2913 3028 3165 3084 omnibus
3217 3026 3507 3098 judicetur.
3545 3027 3605 3083 Si
3633 3035 3824 3082 autem

2209 3116 2444 3184 majores
2473 3131 2651 3172 causa}
2679 3117 2736 3170 in
2763 3117 2944 3173 medio
2975 3115 3175 3172 fuerint
3205 3116 3492 3182 devolutae,
3525 3117 3592 3170 ad
3623 3115 3822 3171 sedem

2203 3203 2555 3276 apostolicam
2612 3204 2750 3261 sicut
2797 3203 3039 3276 synodus
3093 3205 3309 3271 statuit,
3343 3213 3396 3259 et
3455 3205 3614 3260 beata
3671 3218 3818 3260 con-

2206 3292 2435 3350 suetudo
2464 3293 2632 3370 exigit
2669 3301 2793 3365 post
2813 3292 3079 3364 judicium
3097 3291 3407 3366 episcopale
3425 3291 3752 3349 referantur.
3787 3313 3812 3342 ι

2201 3381 2263 3436 In
2292 3395 2358 3437 eo
2386 3381 2532 3438 enim
2563 3381 2710 3453 quod
2738 3380 2891 3448 dicit,
2923 3389 2982 3437 ut
3001 3381 3303 3438 secundum
3339 3381 3608 3452 synodum
3637 3380 3821 3436 Nicae-

2203 3485 2351 3538 nam,
2382 3469 2736 3543 congregatis
2795 3469 3044 3539 ejusdem
3084 3469 3378 3542 provinciae
3431 3468 3704 3540 episcopis
3743 3469 3819 3524 de

2206 3557 2410 3614 exortis
2433 3558 2612 3614 causis
2629 3557 2892 3628 judicium
2913 3558 3254 3622 terminatur,
3281 3558 3576 3630 capitulum
3600 3557 3816 3614 Nicaeui

2205 3646 2421 3703 concilii
2475 3647 2543 3702 de
2601 3646 3082 3704 excommunicatis
3111 3647 3407 3718 explanat:
3455 3647 3515 3702 In
3562 3661 3628 3702 eo
3661 3645 3816 3718 quod

2207 3735 2279 3790 ad
2315 3734 2446 3789 alias
2503 3722 2980 3808 quemcunque'de
3029 3734 3400 3792 ecclesiastico
3437 3733 3626 3790 ordine
3686 3749 3818 3805 pro-

2207 3823 2357 3880 hibet
2383 3823 2678 3880 convolare
2719 3823 3050 3896 provincias,
3085 3823 3232 3880 aliud
3262 3823 3558 3896 capitulum
3603 3822 3822 3880 Niceni

2208 3911 2425 3968 concilii
2462 3912 2712 3983 explicat,
2767 3911 2913 3984 quod
2935 3912 3108 3981 jubet,
3141 3920 3199 3968 ut
3225 3928 3328 3985 per
3383 3912 3628 3986 singulas
3671 3926 3817 3984 pro-

499 4008 556 4057 ut
581 4000 699 4058 sive
729 4013 805 4057 ει
834 3997 1002 4068 clero,
1037 3999 1154 4055 sive
1185 4015 1250 4054 ex
1308 3997 1446 4054 laico
1485 3995 1696 4066 ordine,
1730 3996 1800 4052 ab
1828 3995 2108 4068 episcopis
2208 4001 2416 4058 vincias
2474 3999 2588 4056 suis
2642 4000 2934 4074 privilegia
3003 4009 3292 4056 serventur
3346 3999 3610 4057 Ecclesiis
3644 4045 3656 4067 ,
3691 4001 3817 4058 sine

499 4105 598 4162 per
626 4103 1066 4161 unamquamque
1121 4085 1457 4158 provinciam
1514 4084 1782 4142 sententia
1837 4085 2108 4159 regularis
2208 4087 2524 4162 praajudicio
2569 4098 2752 4146 tamen
2781 4089 3042 4146 Romamn
3069 4089 3332 4146 Ecclesiae
3363 4107 3377 4144 :
3409 4099 3468 4145 ut
3498 4089 3546 4145 si
3573 4089 3819 4158 majores

505 4176 763 4244 obtineat,
815 4183 872 4232 ut
912 4175 966 4231 hi
1007 4176 1100 4250 qui
1157 4174 1507 4246 abjiciuntur,
1541 4172 1611 4230 ab
1659 4172 1782 4229 aliis
1837 4188 1948 4230 non
1975 4173 2113 4231 reci-
2210 4193 2408 4246 causae,
2441 4193 2676 4250 quarum
2719 4193 2830 4232 una
2872 4185 2956 4234 est
2996 4177 3066 4234 de
3095 4177 3343 4250 episcopi
3363 4177 3589 4248 judicati
3615 4179 3817 4249 appel-

503 4265 724 4338 piantur
756 4282 770 4321 :
806 4262 1117 4338 requiratur
1171 4272 1374 4330 autem,
1406 4280 1476 4322 ne
1529 4261 1990 4336 pusillanimitate,
2021 4270 2112 4318 aut
2211 4267 2431 4335 latione,
2463 4267 2517 4321 in
2575 4264 2756 4322 medio
2787 4264 2988 4323 fuerint
3016 4266 3306 4333 devoluta,
3355 4267 3426 4323 ad
3455 4267 3643 4323 sedem
3672 4282 3817 4338 apo-

505 4353 871 4421 contentione,
906 4353 992 4411 vel
1037 4352 1146 4410 alio
1177 4352 1419 4426 quolibet
1449 4350 1695 4424 episcopi
1733 4351 1884 4418 vitio,
1915 4345 2109 4408 videa-
2213 4355 2484 4421 stolicam,
2515 4354 2655 4411 sicut
2684 4355 2946 4427 synodus,
2980 4355 3109 4426 quin
3130 4354 3492 4424 Sardicensis,
3526 4355 3727 4424 statuit,
3763 4364 3820 4411 et

505 4451 596 4500 tur
625 4459 658 4500 a
687 4433 1124 4517 congregatione
1156 4441 1425 4500 seclusus.
1459 4443 1526 4499 Ut
1544 4441 1650 4498 hoc
1671 4456 1807 4514 ergo
1827 4437 2108 4498 decentius
2135 4441 2190 4500 D
2213 4452 2368 4501 vetus
2405 4443 2743 4500 consuetudo
2801 4442 2986 4516 exigit,
3021 4451 3146 4514 post
3180 4443 3447 4512 judicium
3501 4443 3820 4516 episcopale

503 4531 826 4605 inquiratur,
859 4531 1000 4588 bene
1047 4529 1250 4603 placuit
1297 4529 1456 4586 annis
1485 4529 1716 4604 singulis
1772 4545 1872 4600 per
1925 4543 2114 4584 unam-

506 4636 780 4694 quamque
809 4618 1147 4691 provinciam
1176 4617 1260 4674 bis
1298 4618 1354 4673 in
1391 4634 1533 4674 anno
1580 4617 1814 4675 concilia
1843 4614 2113 4674 celebrari

503 4716 568 4766 ut
623 4707 1005 4776 communiter,
1057 4705 1312 4764 omnibus
1361 4705 1521 4764 simul
1567 4705 1846 4779 episcOpis
1872 4720 2114 4778 congre-

505 4796 646 4870 gatis
676 4795 992 4868 provinciae,
1025 4795 1406 4862 discutiantur,
1429 4794 1740 4865 hujusmodi
1783 4793 2115 4865 quzestiones

507 4893 562 4940 et
589 4885 688 4954 sic,
719 4885 812 4957 qui
851 4900 950 4941 suo
994 4891 1359 4957 peccaverunt
1388 4883 1672 4941 evidenter
1701 4881 1982 4954 episcopo,
2014 4897 2114 4938 ex-

507 4971 892 5030 communicati
937 4973 1328 5030 rationabiliter
1370 4973 1436 5028 ab
1485 4970 1756 5029 omnibus
1783 4970 2116 5026 aestimentur

506 5077 791 5136 usquequo
817 5061 906 5118 vel
950 5061 1006 5116 in
1035 5061 1332 5130 communi,
1365 5059 1452 5117 vel
1485 5059 1745 5131 episcOpo
1773 5057 1990 5132 placeat
2016 5059 2115 5114 hu-

509 5151 812 5208 maniorem
842 5165 942 5222 pro
973 5149 1172 5206 talibus
1201 5150 1349 5206 ferre
1379 5147 1720 5205 sententiam.
1749 5168 1774 5198 ι

578 5240 677 5296 XI.
720 5239 886 5309 Cujus
907 5247 1110 5297 sancta:
1140 5236 1334 5310 synodi
1363 5236 1801 5294 constitutionem
1831 5235 2118 5292 Sardicen-

509 5343 600 5384 ses
630 5341 872 5385 canones
898 5343 1008 5384 non
1062 5324 1377 5384 convellunt
1403 5326 1549 5398 (cap.
1581 5328 1658 5394 7),
1695 5325 1785 5398 qui
1821 5341 1947 5382 cum
1972 5339 2116 5396 pon-

507 5414 670 5473 tiﬁcis
688 5415 920 5474 Romani
963 5414 1174 5474 vicario
1201 5413 1290 5470 vel
1337 5413 1565 5472 arbitrio
1595 5429 1819 5470 causam
1874 5410 2118 5486 episcOpi

508 5513 565 5572 in
619 5513 938 5587 provinciali
998 5511 1208 5585 synodo
1249 5509 1496 5584 judicati,
1543 5511 1705 5568 etiam
1734 5510 2116 5584 episcoporum

2211 4530 2536 4588 referantur.
2592 4531 2827 4599 Scilicet,
2859 4540 2916 4587 ut
2969 4540 3061 4586 aut
3083 4532 3234 4602 juxta
3274 4531 3620 4604 praemissum
3649 4531 3823 4603 septi-

2210 4635 2362 4677 mum
2433 4619 2774 4676 Sardicensis
2825 4619 3042 4676 concilii
3073 4619 3369 4692 capitulum
3391 4663 3404 4688 ,
3489 4619 3821 4692 appellantis

2213 4708 2456 4781 episcopi
2485 4724 2646 4764 causa
2675 4708 2732 4763 in
2775 4708 3078 4780 provincia,
3111 4709 3166 4764 in
3193 4725 3298 4781 qua
3327 4707 3426 4764 fuit
3454 4717 3659 4779 exorta,
3684 4708 3822 4766 ditii-

2213 4797 2410 4864 niatur,
2441 4805 2531 4851 aut
2582 4796 2846 4866 judicium
2918 4797 3298 4870 episcoporum
3354 4797 3650 4870 provinciae
3677 4841 3697 4866 ,
3733 4813 3825 4855 se-

2214 4886 2451 4942 cundum
2504 4885 2724 4941 decreta
2780 4885 3060 4954 Bonifacii,
3091 4885 3406 4956 apostolicae
3461 4887 3608 4944 sedis
3637 4896 3825 4945 aucto-

2213 4973 2366 5029 ritate
2417 4971 2790 5042 conﬁrmetur,
2828 4982 2879 5028 et
2910 4973 3050 5030 sicut
3105 4975 3214 5031 Leo
3271 4975 3508 5047 scripsit,
3568 4976 3822 5045 ejusdem

2215 5061 2363 5118 sedis
2401 5062 2671 5118 sententia
2721 5055 3021 5118 roboratur.
3055 5061 3198 5132 Quia
3223 5079 3356 5120 vero
3395 5071 3616 5120 sanctus
3647 5065 3823 5120 Inno-

2215 5149 2424 5207 centius
2470 5167 2580 5206 non
2616 5151 2917 5220 Nicaanam,
2969 5149 3069 5206 sed
3101 5151 3481 5208 Sardicensem
3540 5153 3820 5223 synodum

2215 5238 2285 5294 de
2331 5239 2696 5311 appellatione
2735 5240 2978 5312 episcopi
3021 5240 3092 5296 ad
3133 5239 3323 5296 sedem
3377 5239 3736 5312 apostolicam
3765 5243 3825 5298 in

2216 5328 2592 5384 auctoritatem
2646 5327 2828 5397 traxit,
2873 5329 2966 5400 qui
3021 5335 3280 5402 utrasque
3339 5330 3579 5401 synodos
3635 5331 3821 5406 legit,

2215 5425 2401 5488 aperte
2437 5417 2709 5489 intelligit.

2285 5513 2411 5573 XII.
2445 5514 2626 5573 Sacrae
2672 5513 2827 5589 leges
2857 5531 2922 5573 ac
2978 5513 3204 5590 regulae,
3235 5516 3588 5592 presbyteros
3625 5525 3680 5576 et
3708 5533 3821 5577 cae-
