4004 6176
251 238 352 294 237

1757 243 2132 306 EPISTOLE.

3448 277 3552 331 238

257 370 403 416 teros
470 360 752 418 inferioris
807 364 1014 437 gradus
1068 366 1294 422 clericos
1317 407 1331 435 ,
1373 383 1482 424 non
1527 369 1658 424 alibi
1696 385 1862 442 quam
1887 369 2190 432 Achenum
2221 378 2537 452 episcopum
2583 384 2770 456 (epist.
2805 387 2928 459 30):
2953 389 3332 460 Revolventes,
3361 394 3554 468 inquit,

252 449 394 520 apud
428 465 561 506 suos
592 449 881 523 episcopos
901 454 1236 525 praecepith
1259 457 1506 512 accusari
1533 476 1545 512 :
1580 475 1611 512 a
1641 459 1857 531 quibus,

253 539 391 593 sicut
430 538 632 594 Africae
669 540 962 610 provinciae
1011 558 1250 598 canones
1298 545 1618 613 decernunt,
1673 563 1863 602 eorum

255 642 420 682 causa
449 627 614 682 debet
643 629 838 692 audiri,
869 637 924 686 et
953 631 1090 686 sicut
1135 641 1356 688 sanctus
1395 635 1694 706 Gregorius
1724 651 1860 692 con-

255 715 444 780 stituit,
497 731 624 772 cum
669 719 1011 789 presbyteris
1057 719 1144 776 vel
1190 721 1404 778 clericis
1449 740 1563 779 suae
1590 724 1864 796 parochia:

247 803 507 872 judicari.
545 803 652 874 Qui
682 804 822 861 forte
867 807 912 861 si
959 807 1028 862 de
1068 808 1291 876 judiciis
1319 811 1702 883 episcoporum
1732 830 1862 869 suo-

255 909 376 946 rum
407 893 592 964 questi
616 892 836 961 fuerint,
869 895 938 949 ad
969 911 1107 966 quos
1129 898 1208 952 eis
1239 899 1308 954 sit
1341 902 1764 971 provocandum,
1795 902 1864 957 de

255 980 625 1051 appellatione
695 983 1141 1054 presbyterorum
1205 1003 1267 1042 ac
1333 987 1724 1058 diaconorum,
1795 991 1863 1046 ad

255 1067 468 1124 vicinos
497 1079 550 1124 et
581 1069 838 1126 finitimos
867 1073 1173 1144 episcopos,
1205 1091 1346 1146 papa
1366 1077 1611 1133 Zosimus
1641 1079 1696 1133 in
1716 1095 1864 1135 com-

252 1157 552 1213 monitorio
583 1176 683 1230 per
738 1159 1057 1216 Faustinum
1099 1163 1417 1235 episcopum
1463 1174 1516 1221 et
1561 1167 1864 1238 Philippum

251 1261 316 1302 ac
344 1247 594 1302 Asellum
637 1250 990 1320 presbyteros
1036 1251 1243 1308 directo
1279 1253 1697 1326 Carthaginensi
1727 1273 1863 1313 con-

251 1335 396 1404 cilio,
439 1335 498 1390 in
555 1337 790 1394 concilio
841 1337 1149 1396 Sardicensi
1205 1341 1441 1412 capitulo
1500 1344 1713 1400 decimo
1769 1363 1864 1402 se-

250 1423 420 1494 ptimo
479 1427 792 1482 continetur
831 1428 936 1483 hoc
985 1429 1167 1496 modo,
1221 1430 1385 1486 Osius
1415 1432 1703 1504 episcopus
1731 1435 1865 1490 dixit

250 1519 400 1584 (cap.
461 1516 552 1582 t7)
588 1532 602 1568 :
643 1538 664 1564 α
701 1514 860 1584 Quod
891 1533 977 1571 me
1025 1519 1204 1575 adhuc
1255 1530 1456 1586 movet,
1491 1523 1718 1578 reticere
1756 1539 1863 1579 non

250 1601 455 1656 debeo.
498 1602 558 1657 Si
587 1603 880 1675 episcopus
913 1606 1037 1676 quis
1066 1605 1206 1662 forte
1227 1607 1539 1675 iracundus,
1565 1611 1711 1681 quod
1741 1627 1863 1667 esse

1964 460 2337 517 auctoritatem
2364 465 2603 521 Nicanae
2631 469 2858 540 synodi,
2891 488 3014 542 quae
3057 489 3162 529 una
3192 460 3566 553 omnium-per

1964 548 2153 603 orbem
2182 559 2455 607 terrarum
2501 563 2740 612 mentem
2770 560 3004 630 explicat
3047 565 3413 634 sacerdotum,
3445 548 3566 641 qua":

1963 639 2177 692 censuit
2205 640 2272 695 de
2302 642 2637 699 Antiochena
2666 647 2913 703 Ecclesia
2951 653 3160 708 cunctis
3190 639 3565 724 ﬁdelibus,ﬁne

1965 724 2201 782 dixerim
2230 731 2623 799 sacerdotibus,
2675 751 2798 792 esse
2845 741 3216 796 necessarium
3255 745 3562 814 custodire,

1967 829 2074 884 qua
2115 832 2282 887 super
2329 818 2612 876 dimcesim
2658 839 2808 879 suam
2866 827 3180 898 praedictam
3234 833 3559 904 Ecclesium,

1965 917 2074 956 non
2107 920 2271 974 super
2289 906 2452 962 aliam
2474 909 2709 981 aliquam
2739 914 3092 982 provinciam,
3117 923 3563 992 recognoscimus

1965 987 2330 1044 constitutam.
2368 1011 2390 1040 ιο
2426 991 2493 1045 Et
2523 993 2826 1051 Bonifacius
2857 1014 2996 1070 papa
3027 1001 3098 1056 ad
3127 987 3391 1060 Hilarium
3419 1009 3560 1063 Nar-

1967 1075 2266 1132 bonensem
2299 1078 2487 1151 (epist.
2524 1083 2648 1150 111)
2683 1100 2696 1139 :
2733 1105 2755 1134 α
2790 1085 2954 1156 Nulli,
3003 1089 3194 1161 inquit,
3230 1093 3444 1150 videtur
3473 1096 3561 1151 in-

1967 1161 2188 1232 cognita
2221 1164 2416 1232 synodi
2449 1165 2684 1223 Nicaeum
2727 1171 3056 1240 constitutio,
3109 1192 3228 1246 quae
3259 1177 3334 1233 ita
3361 1181 3560 1250 praeci-

1965 1247 2064 1319 pit,
2098 1259 2154 1304 ut
2184 1251 2380 1306 eadem
2427 1255 2646 1325 proprie
2691 1258 2861 1313 verba
2915 1277 3202 1333 ponamus,
3243 1283 3345 1336 per
3362 1247 3562 1324 unam-

1968 1353 2241 1409 quamque
2290 1341 2628 1410 provinciam
2669 1344 2758 1413 jus
2817 1350 3262 1420 metrOpolitanos
3315 1354 3564 1429 singulos

1966 1425 2172 1480 habere
2207 1426 2430 1496 debere,
2482 1447 2586 1488 nec
2630 1434 2886 1506 cuiquam
2933 1436 3072 1494 duas
3112 1457 3234 1498 esse
3264 1425 3556 1513 subje‘ctas.

1968 1512 2128 1581 Quod
2158 1514 2256 1582 illi,
2289 1517 2414 1589 quia
2433 1519 2591 1576 aliter
2610 1522 2944 1580 credendum
2965 1543 3076 1582 non
3101 1537 3202 1596 est,
3235 1512 3559 1590 servandum

1969 1602 2172 1673 Spiritu
2205 1615 2393 1662 sancto
2423 1619 2755 1682 suggerente
2774 1613 2990 1671 sibimet
3019 1627 3368 1676 censuerunt.
3403 1621 3562 1691 Quod

247 1705 358 1744 non
386 1690 576 1756 debet,
611 1691 718 1748 cito
749 1700 803 1747 el,
833 1708 1029 1764 aspere
1051 1705 1427 1754 commovetur
1459 1698 1724 1754 adversus
1745 1716 1860 1770 pre.
1886 1725 1942 1785 B
1965 1691 2171 1748 idcirco
2199 1693 2451 1764 dicimus,
2487 1705 2544 1752 ut
2571 1699 2822 1756 advertat
2867 1704 3107 1760 Charitas
3137 1714 3246 1775 tua,
3294 1690 3438 1765 adeo
3462 1727 3564 1767 nos

251 1778 540 1850 sbyterum
570 1779 686 1837 sive
715 1779 1002 1838 diaconum
1032 1800 1212 1852 suum,
1242 1793 1295 1840 et
1336 1788 1695 1843 exterminare
1733 1804 1858 1844 eum

249 1867 316 1922 de
340 1866 601 1923 Ecclesia
628 1868 880 1940 voluerit,
931 1872 1330 1941 providendum
1363 1883 1465 1945 est,
1499 1892 1568 1931 ne
1598 1876 1862 1932 innocens

248 1953 544 2011 damnetur
568 1999 582 2024 ,
623 1965 716 2012 aut
753 1958 947 2028 perdat
985 1963 1422 2019 communionem
1447 2007 1462 2031 ,
1503 1972 1556 2020 et
1593 1965 1717 2022 ideo
1756 1966 1860 2021 ha-

249 2043 375 2100 beat
421 2053 756 2115 potestatem
793 2046 840 2101 is
897 2048 988 2120 qui
1027 2049 1272 2119 abjectus
1310 2060 1412 2118 est,
1459 2061 1516 2107 ut
1574 2053 1861 2126 episcopos

249 2131 513 2188 finitimos
553 2133 881 2206 interpellet,
932 2144 986 2191 et
1029 2151 1190 2194 causa
1236 2139 1352 2209 ejus
1380 2141 1645 2211 audiatur,
1688 2150 1741 2196 et
1771 2143 1859 2198 di-

247 2221 515 2294 ligentius
547 2230 810 2279 tractetur
842 2240 854 2279 :
887 2223 1011 2297 quia
1051 2242 1162 2282 non
1205 2236 1413 2299 oportet
1443 2230 1635 2303 negari
1676 2230 1728 2285 ei
1756 2247 1860 2286 au-

249 2309 518 2366 dientiam
559 2311 793 2383 roganti.
845 2313 912 2368 Et
954 2313 1046 2368 ille
1095 2315 1384 2388 episcopus
1407 2361 1420 2383 ,
1469 2317 1560 2390 qui
1591 2319 1738 2388 juste
1769 2327 1862 2376 aut

245 2396 444 2468 injuste
477 2417 609 2455 eum
637 2400 862 2470 abjecit,
894 2403 1169 2474 patienter
1210 2406 1438 2477 accipiat
1488 2415 1545 2462 ut
1580 2408 1861 2480 negotium

249 2487 598 2556 discutiatur,
633 2498 692 2544 ut
720 2491 808 2546 vel
846 2493 1110 2564 probetur
1147 2494 1414 2550 sententia
1451 2495 1566 2566 ejus
1603 2511 1633 2550 a
1685 2496 1859 2569 pluri-

246 2577 368 2646 mis,
402 2577 497 2633 vel
527 2579 866 2636 emendetur.
917 2582 1121 2638 Tamcn
1159 2581 1474 2654 priusquam
1512 2585 1694 2640 omnia
1733 2585 1860 2641 dili-

247 2673 444 2736 genter
482 2673 538 2720 et
576 2665 814 2724 fideliter
853 2669 1251 2738 examinentur,
1298 2688 1422 2726 eum
1467 2673 1558 2744 qui
1605 2672 1784 2730 fuerat
1828 2689 1860 2729 a

248 2754 644 2812 communione
699 2765 979 2829 separatus
1013 2802 1025 2824 ,
1083 2767 1211 2814 ante
1266 2760 1631 2833 cognitionem
1681 2762 1861 2819 nullus

247 2842 413 2899 debet
449 2837 788 2916 praesumere
843 2855 901 2901 ut
957 2863 1081 2902 eum
1133 2849 1503 2905 communioni
1561 2849 1751 2906 societ.
1794 2851 1861 2906 Ili

247 2947 402 2999 vero,
466 2933 564 3004 qui
606 2934 936 2990 conveniunt
978 2936 1050 2990 ad
1105 2936 1476 3009 audiendum,
1537 2939 1582 2993 si
1627 2938 1861 2994 viderint

247 3019 580 3076 clericorum
611 3038 735 3077 esse
763 3023 966 3080 factum
998 3032 1052 3080 et
1098 3026 1430 3096 superbiam,
1463 3027 1591 3099 quia
1618 3043 1730 3082 non
1756 3028 1859 3084 de-
1889 3088 1897 3101 ι
1922 3082 1930 3101 ,

247 3117 330 3164 cet
360 3118 420 3164 ut
451 3109 746 3182 episcopus
776 3111 1028 3182 injuriam
1057 3113 1142 3169 vel
1171 3113 1558 3171 contumeliam
1597 3116 1853 3188 patiatur,

246 3197 626 3252 severioribus
646 3215 743 3254 eos
763 3200 946 3255 verbis
967 3201 1252 3274 castigent,
1276 3211 1334 3258 ut
1353 3203 1606 3260 obediant
1627 3206 1859 3261 honesta

245 3286 588 3358 praecipienti
615 3287 912 3360 episcOpo;
947 3291 1076 3362 quia
1120 3291 1256 3347 sicut
1303 3291 1394 3348 ille
1423 3292 1640 3349 clericis
1673 3294 1855 3350 since-

245 3392 362 3430 rum
393 3375 663 3432 exhibere
702 3377 864 3433 debet
906 3395 1150 3434 amorem
1195 3380 1496 3448 charitatis,
1530 3383 1604 3437 ita
1643 3399 1856 3456 quoque

246 3464 492 3520 vicissim
541 3465 773 3521 ministri
813 3465 1050 3524 infucata
1095 3469 1295 3525 debent
1341 3469 1598 3542 episcopo
1629 3487 1726 3528 suo
1757 3488 1856 3527 ex-

243 3553 434 3609 hibere
461 3554 751 3626 obsequia.
789 3576 810 3606 »

314 3640 470 3696 XIV.
505 3642 624 3698 Nec
655 3643 761 3700 hoc
789 3644 1088 3716 capitulum
1120 3645 1460 3702 Sardicensis
1492 3647 1708 3704 concilii
1734 3648 1853 3704 dis-

247 3730 452 3785 sentire
493 3730 714 3786 videtur
748 3747 782 3788 a
822 3733 1056 3805 capitulo
1097 3734 1306 3790 Nicami
1335 3735 1570 3803 concilii,
1618 3753 1725 3808 quo
1757 3753 1856 3794 ex-

241 3817 494 3888 pressius
535 3826 589 3873 et
619 3819 861 3890 apertius
884 3865 897 3887 ,
948 3837 1114 3893 quam
1160 3822 1484 3879 Sardicense
1523 3825 1812 3881 concilium
1839 3871 1851 3892 ,

244 3905 494 3962 decrevit
524 3906 595 3962 de
627 3907 712 3963 bis
742 3909 835 3980 qui
881 3910 1263 3966 communione
1309 3912 1594 3983 privantur
1639 3929 1672 3968 a
1718 3929 1854 3986 pro-

229 4051 234 4054 _
242 3995 362 4065 prio
390 3995 683 4066 episcopo,
719 3997 856 4053 sicut
888 4014 1054 4069 supra
1092 3999 1375 4070 posuimus
1401 4044 1413 4067 ,
1448 4009 1502 4056 et
1531 4001 1599 4057 de
1628 4003 1857 4074 privile-

242 4083 345 4156 giis
375 4083 727 4156 singulorum
771 4087 1306 4158 metrOpolitanorum
1337 4089 1524 4145 dicens
1553 4090 1706 4162 (can.
1751 4093 1806 4164 6)
1840 4108 1854 4146 :

253 4193 273 4220 ε
307 4174 552 4245 Antiqua
585 4175 926 4231 consuetudo
975 4186 1224 4233 servetur
1270 4195 1368 4249 per
1422 4179 1733 4251 IEgypIum,
1768 4181 1862 4236 Li-

245 4261 410 4333 byam
460 4271 518 4318 et
567 4265 905 4335 Pentapolim
941 4281 954 4320 :
987 4266 1058 4322 ita
1107 4274 1164 4321 ut
1205 4267 1605 4323 Alexandrinus
1639 4269 1857 4341 episco-

243 4366 342 4420 pus
369 4351 576 4408 horum
606 4352 850 4408 omnium
869 4353 1066 4410 habeat
1088 4361 1430 4425 potestatem,
1465 4355 1590 4428 quia
1620 4364 1672 4410 et
1703 4357 1857 4412 urbis

242 4439 429 4496 Roma:
460 4439 726 4512 episcopo
770 4441 954 4512 parilis
983 4458 1102 4498 mos
1151 4450 1250 4498 est.
1287 4443 1548 4500 Similiter
1589 4453 1768 4500 autem
1803 4455 1854 4503 et
1875 4435 1934 4501 D
1969 4461 1992 4492 α
2027 4443 2328 4500 Perfectum
2359 4461 2492 4500 vero
2523 4447 2815 4503 concilium
2841 4449 2978 4506 illud
3006 4459 3106 4518 est,
3141 4453 3232 4508 ubi
3260 4453 3562 4513 interfuerit
3623 4503 3627 4508 .
3709 4461 3720 4465 “

243 4529 384 4599 apud
415 4528 788 4598 Antiochiam,
822 4538 1158 4603 caeterasque
1186 4532 1517 4603 provincias,
1553 4533 1666 4589 suis
1685 4535 1856 4605 privi-

240 4615 387 4689 legia
419 4627 716 4674 serventur
743 4619 1024 4686 Ecclesiis,
1063 4641 1085 4669 ι
1119 4619 1279 4690 Quod
1309 4621 1530 4692 exponit
1559 4622 1852 4680 Antioche-

241 4719 310 4758 na
334 4707 587 4776 synodus
618 4706 808 4764 dicens
837 4707 987 4780 (can.
1014 4708 1069 4779 9)
1105 4725 1118 4762 :
1147 4730 1169 4758 α
1197 4709 1298 4765 Per
1327 4709 1572 4783 singulas
1591 4712 1852 4784 regiones

242 4794 498 4849 convenit
545 4795 840 4866 episcopos
895 4811 1082 4864 nosse,
1132 4797 1600 4868 metropolitanum
1631 4801 1850 4872 episco-

238 4899 369 4952 pum
401 4881 830 4939 sollicitudinem
862 4886 1024 4940 totius
1051 4885 1345 4957 provincize
1375 4904 1588 4959 gerere.
1623 4890 1851 4961 Propter

241 4971 389 5043 quod
434 4972 508 5026 ad
552 4973 900 5044 metropolim
943 4989 1134 5031 omnes
1183 4975 1444 5047 undique,
1491 4977 1582 5049 qui
1629 4979 1848 5052 negotia

238 5059 499 5116 videntur
525 5061 754 5128 habere,
787 5071 1131 5118 concurrant.
1173 5085 1194 5114 ι
1231 5065 1302 5119 Ει
1345 5064 1846 5138 ConstantinOpoli-

241 5155 430 5204 tanum
458 5149 755 5206 concilium
785 5151 976 5206 dicens
997 5151 1147 5220 (can.
1175 5152 1228 5225 1)
1261 5169 1275 5207 :
1314 5173 1336 5203 «
1373 5154 1442 5209 Ut
1462 5154 1556 5209 illa
1578 5171 1700 5228 qua:
1721 5164 1846 5211 sunt

237 5253 336 5306 per
363 5254 812 5311 unamquamque
845 5240 1203 5310 provinciam,
1241 5240 1412 5313 ipsius
1435 5244 1731 5314 provincia;
1761 5262 1846 5316 sy-

1964 1794 2234 1837 canonum
2263 1793 2534 1856 praicepta
2580 1804 2824 1858 servare,
2876 1800 2934 1846 ut
2963 1793 3038 1848 ita
3077 1797 3390 1854 constitutio
3420 1817 3564 1872 quo-

1964 1885 2070 1942 que
2100 1879 2284 1926 nostra
2313 1872 2558 1946 difiiniat,
2592 1886 2858 1948 quatenus
2887 1884 3294 1954 metropolitani
3323 1887 3408 1942 sui
3433 1905 3564 1946 una-

1964 1973 2194 2031 quaeque
2222 1961 2502 2031 provincia
2550 1963 2604 2019 in
2651 1967 2904 2024 omnibus
2952 1973 3117 2028 rebus
3161 1975 3560 2034 ordinationem

1962 2062 2178 2119 semper
2207 2059 2508 2122 exspectet.
2556 2073 2578 2104 θ
2610 2055 2678 2109 Et
2709 2055 2792 2110 his
2841 2069 3204 2118 censonanter
3233 2064 3561 2122 Coelestinus

1963 2134 2071 2208 (ep.
2109 2139 2195 2203 11,
2225 2154 2330 2210 per
2360 2140 2627 2199 Viennen.
2652 2148 2708 2199 et
2727 2145 3030 2218 Narbon.):
3068 2170 3091 2200 α
3123 2149 3282 2207 Juxta
3309 2151 3554 2221 decreta,

1961 2221 2154 2296 inquit,
2189 2240 2479 2294 canonum,
2531 2247 2869 2305 unaquaeque
2905 2237 3192 2307 provincia
3225 2255 3324 2296 suo
3351 2250 3557 2300 metro-

1959 2311 2201 2383 politano
2247 2324 2496 2372 contenta
2542 2318 2629 2386 sit,
2676 2329 2734 2376 ut
2781 2322 3091 2380 decessoris
3119 2329 3292 2384 nostri
3334 2329 3461 2386 data
3487 2333 3560 2388 ad

1960 2401 2379 2460 Narbonensem
2426 2405 2744 2479 episcopum
2799 2412 3077 2470 continent
3103 2418 3412 2475 constituta.
3442 2420 3562 2478 Nec

1961 2491 2298 2563 usurpationi
2327 2492 2482 2551 locus
2513 2496 2676 2554 alicui
2719 2501 2991 2558 sacerdoti
3019 2503 3077 2558 in
3105 2504 3333 2562 alterius
3362 2523 3560 2567 conce—

1961 2577 2120 2634 datur
2146 2579 2414 2650 injuriam.
2461 2583 2542 2639 Sit
2589 2589 2872 2644 concessis
2918 2591 3023 2646 sibi
3068 2603 3354 2652 contentus
3383 2615 3558 2654 unus-

1961 2667 2192 2739 quisque
2241 2669 2522 2739 limitibus,
2573 2674 2715 2730 alter
2759 2675 2816 2731 in
2862 2677 3080 2734 alterius
3118 2683 3394 2752 provincia
3425 2686 3562 2742 nihil

1961 2765 2274 2847 prmsumat.
2299 2779 2336 2847 γ»
2368 2759 2438 2814 Ει
2466 2761 2576 2816 Leo
2605 2762 2677 2817 ad
2704 2764 2997 2822 Maximum
3017 2769 3336 2842 episcopum
3365 2772 3557 2847 (epist.

1961 2844 2052 2914 66)
2085 2860 2098 2900 :
2139 2868 2160 2894 α
2195 2845 2331 2913 Etsi,
2382 2847 2575 2922 inquit,
2626 2850 2843 2908 diversa
2873 2871 3262 2930 nonnunquam
3293 2844 3558 2919 sunt—me-

1959 2931 2062 2988 rita
2089 2935 2402 3004 prmsulum,
2430 2937 2554 3007 jura
2582 2947 2765 2996 tamen
2793 2953 3112 3014 permanent
3140 2949 3372 3006 sedium.
3411 2971 3435 3002 ι

2029 3019 2176 3112 XVI.
2208 3024 2280 3079 Et
2315 3025 2714 3086 Antiochenum
2735 3033 3044 3102 concilium,
3068 3050 3102 3091 a
3125 3052 3330 3112 magna
3351 3041 3560 3112 synodo

1959 3109 2390 3170 Chalcedonensi
2435 3117 2650 3174 actione
2696 3119 3018 3178 duodecima
3047 3109 3416 3184 favorabiliter
3444 3129 3556 3186 col—

1956 3197 2258 3270 laudatum,
2292 3215 2532 3276 sequens
2562 3207 2788 3264 decreta
2814 3209 3022 3266 Nicaeni
3051 3214 3269 3271 concilii
3297 3217 3450 3286 (can.
3483 3219 3561 3291 6):

1961 3310 1982 3338 (κ
2019 3289 2076 3344 Si
2107 3291 2246 3361 quis,
2295 3292 2488 3364 inquit,
2530 3311 2564 3350 a
2609 3298 2835 3368 proprio
2881 3299 3141 3373 episcopo
3178 3289 3562 3364 communione

1954 3376 2201 3447 privatus
2257 3388 2360 3450 est,
2412 3398 2522 3437 non
2567 3391 2692 3440 ante
2737 3386 3068 3458 suscipiatur
3110 3391 3180 3444 ab
3209 3391 3350 3458 aliis,
3393 3409 3560 3465 quam

1957 3481 2054 3520 suo
2083 3468 2458 3524 reconcilietur
2485 3471 2746 3544 episcopo
2765 3482 2857 3530 aut
2877 3484 3024 3532 certe
3049 3477 3116 3532 ad
3147 3480 3417 3550 synodum
3437 3499 3561 3554 quae

1956 3563 2324 3628 congregatur
2371 3574 2666 3616 occurrens
2712 3579 2816 3634 pro
2859 3580 2919 3619 se
2967 3566 3304 3636 satisfaciat,
3351 3577 3406 3626 et
3433 3588 3562 3642 per-

1956 3642 2194 3698 suadens
2225 3647 2458 3702 concilio
2489 3650 2814 3706 sententiam
2857 3653 3118 3724 suscipiat
3155 3655 3399 3714 alteram.
3431 3660 3562 3718 Haec

1955 3739 2138 3786 autem
2168 3732 2416 3790 dillinitio
2444 3745 2662 3792 maneat
2692 3739 2838 3795 circa
2863 3740 3054 3810 laicos,
3109 3751 3163 3800 et
3209 3746 3562 3818 presbyteros

1957 3827 2010 3876 et
2057 3820 2338 3890 diaconos,
2389 3840 2692 3898 omnesque
2739 3829 2833 3900 qui
2881 3831 2983 3886 sub
3032 3832 3225 3904 regula
3253 3850 3379 3891 esse
3408 3853 3565 3893 mon-

1958 3916 2218 3966 strantur.
2258 3933 2280 3962 n
2314 3913 2382 3968 Et
2411 3913 2641 3987 loquens
2661 3917 2730 3971 de
2751 3919 2996 3975 conciliis
3017 3921 3254 3992 capitulo
3270 3922 3562 3998 [vigesimo

1957 3997 2086 4054 dicit
2121 4015 2134 4054 :
2173 4021 2195 4051 α
2229 4001 2291 4055 In
2318 4002 2453 4074 ipsis
2481 4005 2724 4060 conciliis
2771 4006 2953 4062 adsint
2980 4009 3310 4082 presbyteri,
3347 4020 3401 4068 et
3443 4013 3560 4072 dia-

1957 4087 2099 4156 coni,
2129 4095 2183 4144 et
2212 4105 2421 4157 omnes,
2476 4092 2566 4164 qui
2615 4110 2674 4148 se
2723 4093 2884 4150 laesos
2913 4096 3248 4168 existimant,
3281 4107 3336 4156 et
3364 4103 3560 4174 synodi

1958 4175 2308 4246 experiantur
2336 4181 2768 4237 examen.Nullis
2791 4200 2925 4239 vero
2953 4185 3112 4242 liceat
3141 4189 3289 4260 apud
3320 4205 3380 4245 se
3410 4189 3560 4247 cele-

1957 4262 2119 4320 brare
2149 4266 2400 4334 concilia,
2431 4277 2630 4339 praeter
2660 4286 2755 4326 eos
2789 4272 2986 4344 quibus
3007 4277 3423 4348 metropolitana
3439 4280 3562 4348 jura

1959 4352 2213 4410 videntur
2232 4372 2356 4411 esse
2378 4357 2690 4412 commissa.
2722 4379 2744 4409 υ
2769 4360 2838 4414 Et
2861 4361 3096 4432 capitulo
3127 4363 3342 4422 decimo
3365 4375 3519 4423 sexto
3544 4387 3558 4422 :

1954 4533 2408 4603 metropolitanus
2435 4535 2680 4592 antistes.
2719 4557 2742 4587 ν

2022 4628 2192 4684 XVII.
2226 4631 2576 4702 Appellantes
2607 4642 2788 4692 autem
2829 4637 3156 4710 presbyteri,
3204 4639 3293 4695 vel
3323 4639 3554 4711 diaconi,

1951 4731 1984 4770 a
2015 4717 2211 4788 quibus
2242 4727 2294 4774 et
2325 4721 2560 4793 qualiter
2607 4724 2714 4779 sint
2753 4725 3054 4794 judicandi,
3089 4727 3230 4784 sacri
3271 4730 3554 4805 Carthagi-

1949 4822 2150 4862 nenses
2177 4823 2417 4866 canones
2447 4811 2682 4883 capitulo
2727 4813 2993 4886 vigesimo
3041 4823 3095 4870 et
3135 4817 3371 4888 capitulo
3400 4820 3526 4894 vige

1949 4895 2088 4951 simo
2117 4905 2310 4956 octavo
2358 4900 2638 4957 evidenter
2684 4902 2994 4957 ostendunt.
3047 4905 3152 4960 Ubi
3195 4914 3380 4963 autem
3407 4909 3551 4966 inter

1947 4994 2292 5042 accusatores
2322 4995 2376 5042 et
2402 4996 2684 5044 accusatos
2729 5005 2893 5046 causa
2924 4991 3121 5048 debeat
3159 4995 3375 5067 agitari,
3407 4999 3548 5054 Car-

1946 5073 2272 5146 thaginense
2299 5076 2584 5132 concilium
2615 5078 2822 5148 statuit,
2855 5079 3045 5136 dicens
3075 5082 3229 5154 (can.
3261 5087 3352 5157 30)
3386 5104 3400 5140 :
3429 5107 3452 5139 α
3480 5088 3548 5144 Ut
3597 5155 3605 5164 Δ

1945 5171 2253 5234 accusatus,
2279 5163 2366 5219 vel
2385 5173 2692 5235 accusator,
2719 5165 2776 5221 in
2796 5183 2864 5224 eo
2879 5168 3023 5238 loco,
3054 5172 3202 5228 unde
3227 5181 3312 5228 est
3337 5174 3428 5229 ille
3448 5177 3546 5247 qui

1942 5259 2248 5318 accusatur,
2281 5252 2463 5311 locum
2491 5253 2594 5308 sibi
2624 5254 2791 5329 eligat
2817 5259 3145 5328 proximum,
3193 5277 3302 5332 quo
3331 5277 3442 5318 non
3468 5263 3540 5319 sit

235 5329 414 5382 nodus
462 5327 784 5399 dispenset,
845 5327 981 5384 sicut
1033 5329 1256 5387 Nicasno
1303 5339 1516 5388 constat
1560 5333 1842 5390 decretum
1941 5338 2156 5395 difﬁcile
2199 5347 2366 5396 testes
2410 5327 2734 5414 produceret,
2781 5327 2871 5400 ubi
2919 5362 3087 5404 causa
3123 5327 3356 5404 finiatur.
3397 5372 3419 5401 to
3467 5352 3540 5409 Et

237 5430 360 5470 esse
392 5417 648 5472 concilio.
689 5438 708 5465 ι

1937 5426 2065 5482 hinc
2092 5427 2245 5500 leges
2273 5429 2458 5484 dicunt
2482 5447 2495 5486 :
2525 5452 2548 5482 ι
2574 5431 2867 5490 Criminum
2885 5435 3155 5492 discussio
3182 5436 3256 5492 ibi
3275 5439 3535 5512 agitanda

305 5506 428 5564 XV.
463 5507 530 5562 Et
559 5505 689 5562 hinc
737 5505 1082 5564 Innocentius
1129 5507 1198 5566 ad
1247 5508 1614 5566 Alexandrum
1643 5511 1838 5570 Antio—
1936 5523 2037 5583 est,
2070 5516 2164 5574 ubi
2193 5517 2402 5574 crimen
2428 5519 2726 5580 admissum
2773 5531 2872 5580 est.
2906 5524 3044 5579 Nam
3075 5525 3204 5582 alibi
3243 5505 3530 5586 criininum
