4088 6180
476 238 582 294 239

1511 231 1854 288 HINCMARI
1891 224 2291 286 BHEMENSIS
2327 227 2874 286 ARCHIEPISCOPI.

3679 227 3789 283 240

479 376 610 415 reus
641 357 960 435 prohibetur
989 356 1186 412 audiri.
1225 377 1247 406 υ
1281 357 1352 412 Ει
1381 356 1508 412 item
1542 373 1555 410 :
1594 377 1616 406 ε
1653 355 1710 410 Si
1739 353 1862 427 quis
1890 354 2086 409 adver-
2112 349 2170 412 Α
2189 350 2384 408 iisdem
2416 352 2660 424 synodis,
2691 361 2814 408 ante
2845 350 3180 425 longissimae
3207 349 3385 406 aetatis
3413 364 3585 404 annos
3613 366 3790 421 usque

475 448 698 514 sarium,
731 454 823 502 aut
855 446 1194 518 repetitione,
1229 453 1320 500 aut
1348 443 1591 501 criminis
1620 443 1926 514 objectione
1955 442 2082 514 pul-

472 536 692 603 saverit,
739 535 1040 608 provincia,
1095 535 1150 590 in
1195 551 1298 606 qua
1348 532 1597 589 consistit
1641 532 1730 588 ille
1771 531 1864 604 qui
1892 531 2082 604 pulsa-

474 635 580 692 tur,
608 641 738 680 suas
767 631 952 680 exerat
1000 623 1261 692 actiones,
1306 637 1409 680 nec
1453 621 1681 678 aestimet
1709 620 2083 678 adversarium

483 731 640 770 suum
670 713 800 769 alibi
829 720 920 768 aut
950 711 1168 784 longius
1186 710 1631 782 pertrahendum.
1670 731 1691 760 ν
1727 709 1809 765 Illi
1838 725 1970 766 vero
1991 708 2087 780 qui

480 803 730 874 pulsatus
751 799 930 865 fuerit,
955 801 1000 855 si
1021 799 1259 870 judicem
1292 806 1604 871 suspectum
1635 797 1900 866 habuerit,
1926 797 2086 854 liceat

482 890 780 962 appellare,
816 887 1021 944 scilicet
1059 887 1448 944 ecclesiasticis
1476 887 1544 942 ad
1574 885 1832 941 ﬁnitimos
1864 885 2083 958 episco-

477 995 598 1050 pos,
641 985 698 1032 ut
737 977 1094 1034 Sardicenses
1143 984 1196 1032 et
1225 975 1687 1049 Carthaginenses
1718 991 1974 1041 canones,
2027 982 2086 1030 ut

479 1065 859 1138 praemisimus,
907 1067 1274 1132 decreverunt,
1333 1065 1420 1121 vel
1461 1064 1533 1120 ad
1571 1063 1922 1136 provincialia
1949 1079 2086 1119 con-

481 1155 620 1222 cilia,
657 1155 794 1211 sicut
824 1155 970 1210 sacri
994 1154 1204 1211 Nicaeni
1231 1163 1284 1208 et
1317 1153 1640 1208 Antiocheni
1679 1168 1917 1208 canones
1947 1167 2086 1208 con-

483 1243 791 1308 stituerunt,
840 1251 894 1298 et
923 1243 1063 1298 sicut
1107 1241 1420 1298 Africanum
1453 1241 1740 1298 concilium
1772 1242 1828 1296 in
1857 1241 2090 1313 epistola

483 1333 552 1388 ad
583 1331 940 1389 Caelestinum
987 1347 1183 1402 papam
1229 1329 1465 1386 ostendit
1494 1329 1640 1404 (cap.
1684 1331 1849 1402 105):
1893 1351 1915 1380 α
1950 1329 2088 1386 Ubi-

486 1421 704 1492 cuique,
737 1419 1009 1492 inquiens,
1045 1435 1366 1476 concessum
1397 1427 1496 1484 est,
1533 1419 1576 1472 si
1609 1419 1815 1488 judicio
1845 1417 2088 1474 offensus

488 1507 651 1564 fuerit
680 1507 1039 1581 cognitorum,
1074 1507 1144 1563 ad
1190 1507 1478 1563 concilium
1511 1523 1624 1562 suae
1653 1507 1968 1578 provinciae,
2000 1509 2088 1563 vel

493 1597 654 1652 etiam
695 1596 1004 1652 universale
1065 1611 1386 1668 provocare.
1445 1595 1562 1650 Nisi
1629 1593 1763 1650 forte
1802 1595 2092 1668 quisquam

495 1693 597 1755 est,
657 1685 748 1758 qui
804 1685 990 1742 credat
1038 1685 1356 1741 unicuilibet
1401 1700 1564 1756 posse
1613 1685 1784 1740 Deum
1842 1691 2088 1740 nostrum

499 1773 762 1830 examinis
807 1772 1073 1845 inspirare
1133 1773 1390 1842 justitiam
1423 1817 1438 1841 ,
1498 1780 1552 1828 et
1604 1772 2092 1828 innumerabilibus

489 1861 842 1934 congregatis
871 1862 927 1916 in
955 1861 1242 1918 concilium
1273 1861 1650 1918 sacerdotibus
1671 1861 1968 1934 denegare,
2001 1869 2094 1916 aut

497 1951 771 2024 quomodo
801 1951 977 2022 ipsum
1007 1951 1428 2005 transmarinum
1461 1949 1723 2018 judicium
1754 1950 1924 2022 (quod
1967 1958 2092 2005 tan-

493 2041 733 2096 tumdem
766 2047 866 2107 est,
915 2039 1373 2110 Transalpinum),
1421 2047 1594 2094 ratum
1652 2039 1774 2106 erit,
1835 2039 1905 2092 ad
1949 2038 2095 2110 quod

496 2129 714 2186 testium
743 2128 1068 2184 necessariae
1095 2143 1368 2199 personae,
1408 2127 1497 2182 vel
1539 2135 1763 2198 prOpter
1792 2143 1974 2194 sexus,
2007 2127 2096 2182 vel

493 2225 720 2290 propter
749 2216 1042 2273 senectutis
1072 2215 1468 2283 inﬁrmitatem,
1489 2217 1576 2270 vel
1624 2215 1810 2270 multis
1853 2216 1973 2270 aliis
2004 2215 2093 2270 in-

495 2307 843 2364 currentibus
886 2304 1310 2376 impedimentis,
1361 2305 1558 2361 adduci
1589 2321 1698 2359 non
1729 2304 2033 2374 poterunt?
2068 2325 2090 2354 ν

566 2395 766 2450 XVIII.
801 2397 848 2449 A
873 2393 1146 2463 judicibus
1175 2401 1374 2459 autem,
1409 2394 1523 2448 sive
1554 2408 1692 2465 quos
1715 2394 1868 2462 juxta
1897 2391 2099 2448 Africa-

494 2499 595 2540 nos
625 2497 866 2539 canones
891 2481 1150 2552 primates
1182 2481 1446 2551 dederint,
1471 2481 1586 2538 sive
1606 2497 1742 2554 quos
1764 2481 1866 2553 ipsi
1887 2481 2096 2537 vicinos

498 2591 564 2630 ex
595 2587 869 2628 concensu
915 2570 1240 2644 delegarint,
1286 2587 1448 2627 causa
1496 2559 1734 2625 finienda
1775 2571 2098 2644 regulariter

498 2661 790 2735 provocari
819 2675 926 2715 non
973 2667 1172 2731 potest.
1223 2660 1291 2714 Et.
1321 2667 1540 2716 sanctus
1571 2659 1872 2733 Gregorius
1895 2659 1950 2713 in
1983 2659 2098 2730 epi-

496 2751 634 2806 stola
663 2750 731 2805 ad
781 2749 1092 2805 Gallicanos
1135 2748 1420 2820 episcopos
1449 2748 1568 2820 (lib.
1616 2765 1688 2814 xi,
1723 2750 1885 2821 epist.
1921 2749 2044 2819 110)
2081 2765 2093 2804 :

502 2861 525 2890 α
561 2841 676 2894 Nec
704 2839 826 2904 hoc,
865 2837 1055 2908 inquit,
1105 2837 1158 2891 in
1190 2838 1290 2892 hac
1341 2837 1718 2893 sollicitudinis
1748 2845 1896 2907 parte
1925 2837 2096 2892 relin-

496 2927 731 2999 quimus,
766 2925 912 2996 quod
960 2926 1028 2980 de
1075 2925 1338 2981 habendis
1385 2942 1487 2997 per
1533 2925 1822 2996 parochias
1851 2925 2098 2981 conciliis

495 3017 714 3071 Patrum
775 3013 1112 3084 providentia
1168 3013 1408 3068 utilitatis
1466 3029 1630 3069 causa
1686 3014 1947 3069 sancitum
1988 3021 2089 3070 est.

496 3103 654 3162 Unde
683 3119 751 3158 ne
781 3119 885 3174 qua
928 3101 1072 3157 inter
1116 3101 1310 3157 fratres
1361 3101 1648 3171 dissensio,
1698 3119 1766 3158 ne
1816 3119 1921 3174 qua
1952 3103 2094 3159 inter

494 3191 820 3265 praepositos
851 3199 902 3246 et
951 3192 1224 3260 subjectos
1272 3192 1378 3246 sint
1424 3190 1662 3246 fomenta
1700 3191 2009 3259 discordize,
2042 3192 2097 3246 in

493 3297 659 3336 unum
691 3281 999 3336 sacerdotes
1030 3279 1321 3336 convenire
1364 3296 1593 3335 necesse
1621 3287 1723 3348 est,
1773 3289 1830 3335 ut
1859 3281 1926 3336 de
1955 3281 2095 3336 inci-

493 3371 744 3426 dentibus
774 3369 952 3424 causis
982 3369 1301 3440 disceptatio
1326 3411 1338 3435 ,
1372 3376 1423 3424 et
1453 3369 1521 3424 sit
1550 3368 1787 3424 salubris
1816 3369 1885 3426 de
1916 3369 2094 3426 eccle-

493 3458 682 3515 sistica
738 3459 1117 3514 observatione
1174 3457 1432 3525 collatio;
1495 3465 1760 3529 quatenus
1812 3458 1942 3512 dum
1997 3475 2096 3529 per

491 3547 596 3603 hoc
626 3555 677 3603 et
716 3547 990 3618 praeterita
1035 3547 1404 3620 corriguntur,
1456 3554 1510 3602 et
1551 3547 1799 3618 regulam
1856 3546 2096 3602 futuram

492 3635 812 3708 suscipiunt,
872 3637 1214 3706 omnipotens
1272 3637 1469 3708 ubique
1543 3636 1808 3691 Dominus
1868 3635 2095 3690 fratrum

493 3725 790 3781 concordia
820 3725 1152 3780 collaudetur
1185 3741 1197 3778 :
1232 3725 1384 3792 cujus
1427 3723 1584 3778 vobis
1621 3725 1814 3778 adesse
1846 3741 2096 3794 przrsen-

490 3813 638 3880 tiam,
701 3813 747 3866 si
793 3814 912 3868 haec
955 3811 1338 3876 observabitis,
1387 3811 1600 3876 scitote,
1653 3812 1781 3882 quia
1836 3811 2095 3882 scriptum

495 3909 578 3956 est
611 3917 625 3956 ε
663 3903 755 3958 Ubi
779 3902 1001 3970 fuerint
1029 3901 1349 3970 congregati
1371 3900 1480 3955 duo
1516 3901 1600 3955 vel
1630 3904 1741 3956 tres
1772 3903 1835 3955 in
1866 3903 2096 3957 nomine

493 4005 635 4058 meo,
663 3990 880 4044 ibisum
909 3989 970 4042 in
1000 3987 1184 4043 medio
1215 4004 1408 4043 eorum
1427 3987 1647 4058 (Matth.
1683 3989 1856 4060 xvni).
1885 3989 1940 4045 Si
1961 4007 2096 4062 ergo

497 4077 696 4132 adesse
725 4075 982 4146 dignatur
1011 4075 1102 4130 ubi
1131 4076 1238 4130 duo
1266 4077 1354 4131 vel
1385 4085 1496 4130 tres
1526 4075 1740 4144 fuerint,
1773 4086 1973 4150 quanto
2003 4078 2100 4133 mi-

495 4182 600 4220 nus
629 4181 740 4220 non
770 4163 960 4228 deerit,
995 4163 1086 4218 ubi
1128 4163 1315 4235 plures
1356 4165 1710 4220 convenerint
1739 4167 2098 4222 sacerdotes?

496 4255 567 4309 Et
597 4253 837 4325 quidem,
873 4252 1000 4325 quia
1041 4253 1110 4308 de
1143 4253 1452 4309 adhibendo
1483 4255 1566 4308 bis
1604 4255 1659 4308 in
1691 4271 1834 4311 anno
1867 4255 2096 4312 concilio

500 4344 719 4398 Patrum
751 4342 819 4396 sit
844 4342 1051 4414 regulis
1082 4349 1334 4398 statutum
1362 4387 1376 4410 ,
1404 4359 1512 4399 non
1543 4343 1702 4410 latet;
1737 4345 1832 4399 sed
1861 4361 1930 4400 ne
1960 4345 2097 4401 forte

496 4431 675 4504 aliqua
704 4431 914 4502 impleri
958 4433 1062 4486 hoc
1110 4431 1409 4488 necessitas
1451 4447 1558 4488 non
1603 4433 1889 4504 permittat,
1924 4435 2094 4489 semel

497 4529 682 4577 tamen
713 4519 830 4575 sine
874 4519 1224 4574 excusatione
1253 4519 1438 4592 aliqua
1481 4521 1826 4577 decernimus
1855 4538 2096 4596 congre-

497 4609 638 4682 gari,
683 4615 741 4664 ut
783 4607 1188 4678 exspectatione
1231 4608 1447 4665 concilii
1492 4609 1624 4664 nihil
1670 4626 1916 4680 pravum,
1963 4611 2094 4666 nihil

493 4703 855 4770 praesumatur
908 4695 1172 4752 illicitum.
1229 4697 1368 4751 Nam
1423 4698 1739 4770 plerumque
1759 4743 1772 4766 ,
1833 4699 1934 4755 etsi
1987 4717 2096 4756 non

496 4801 684 4843 amore
705 4785 946 4856 iustitiae,
996 4792 1144 4840 metu
1185 4793 1368 4842 tamen
1418 4787 1701 4854 examinis,
1735 4788 2096 4844 abstinebitur

496 4875 568 4930 ab
613 4875 720 4930 hoc
765 4874 909 4946 quod
956 4873 1199 4932 omnium
1245 4883 1433 4930 notum
1477 4883 1559 4952 est
1607 4891 1768 4948 posse
1807 4876 2094 4948 displicere

488 4961 714 5034 judicio.
752 4982 776 5012 ι

566 5051 718 5106 ΧΙΧ.
743 5051 871 5106 Haec
890 5049 1074 5123 itaque
1095 5051 1465 5124 Transalpinis
1492 5051 1776 5120 Ecclesiis,
1801 5069 2093 5126 earumque

495 5139 868 5201 rectoribus,a
898 5138 1030 5194 sede
1059 5141 1373 5212 apostolica,
1399 5142 1466 5198 de
1489 5141 1851 5214 appellatione
1881 5142 2094 5215 episco-

493 5241 690 5301 porum
719 5229 787 5283 ad
817 5229 954 5284 hanc
986 5227 1175 5284 sedem
1209 5230 1586 5301 apostolicam,
1619 5240 1671 5288 et
1700 5231 1770 5287 de
1799 5231 2092 5304 presbyte-

490 5331 676 5373 rorum
726 5332 790 5374 ac
831 5316 1183 5374 diaconorum
1232 5318 1612 5390 appellatione,
1667 5319 1713 5374 si
1771 5320 1840 5376 de
1873 5320 2093 5390 judiciis

492 5404 874 5477 episcoporum
904 5422 1125 5462 suorum
1156 5405 1331 5478 questi
1377 5407 1595 5474 fuerint,
1639 5407 1709 5464 ad
1748 5409 2093 5480 comprovin-

491 5493 659 5552 ciales
689 5495 947 5567 synodos,
999 5503 1052 5552 et
1099 5494 1480 5568 dijudicatione
1527 5496 1772 5572 regulari
1819 5513 2006 5555 eorum
2035 5498 2093 5554 in

2124 3065 2174 3129 C

2185 441 2256 496 ad
2304 449 2493 497 nostra
2538 449 2781 512 tempora
2825 448 3039 496 servata
3064 483 3078 507 ,
3130 447 3182 496 et
3227 455 3261 495 a
3307 438 3693 496 decessoribus
3721 452 3792 494 ac

2182 531 2680 601 praedecessoribus
2728 546 2917 586 eorum
2965 537 3150 586 secuta
3177 537 3231 585 et
3260 535 3516 585 exsecuta
3543 526 3786 582 fuerunt.

2185 618 2321 688 Quae
2351 619 2400 674 si
2428 620 2594 675 etiam
2619 619 2726 674 illis
2757 627 2988 685 servata,
3023 626 3076 674 et
3113 619 3182 672 ab
3213 617 3292 674 eis
3324 623 3511 672 secuta
3539 623 3594 672 et
3621 631 3790 672 exse-

2185 716 2310 764 cuta
2339 723 2448 764 non
2479 707 2692 776 fuerint,
2725 707 2856 762 nihil
2875 707 3098 778 prodest
3127 707 3238 780 {eos
3267 705 3569 763 secundum
3601 719 3791 760 sacros

2187 812 2426 853 canones
2475 806 2528 853 et
2575 797 2791 853 decreta
2834 796 2980 852 sedis
3027 796 3287 852 Romanae
3315 791 3651 866 pontificum,
3683 807 3792 864 pro

2187 885 2458 942 accusatis
2489 885 2825 957 presbyteris
2856 885 2925 940 de
2954 883 3258 940 manifestis
3287 882 3604 939 criminibus
3633 897 3792 938 com-

2189 973 2552 1046 provinciales
2603 973 2982 1046 episcoporum
3015 972 3256 1045 synodos
3283 972 3655 1044 frequentare,
3690 969 3791 1026 sed

2189 1062 2348 1120 faciet
2397 1063 2626 1120 licenter
2669 1063 2896 1134 quisque
2955 1062 3406 1134 presbyterorum
3461 1058 3741 1132 quodlibet
3777 1102 3792 1126 ,

2192 1151 2334 1206 unde
2364 1151 2411 1206 si
2438 1150 2599 1208 fuerit
2625 1151 2974 1224 redargutus,
3009 1150 3188 1208 veniat
3213 1151 3461 1206 Romam.

2261 1241 2390 1296 XX.
2441 1241 2510 1296 Et
2556 1241 2684 1312 quia
2726 1256 2828 1312 pro
2886 1238 3114 1312 singulis
3157 1239 3491 1310 presbyteris
3547 1236 3795 1308 episcopi

2191 1329 2532 1400 Transalpini
2561 1327 2880 1400 regulariter
2919 1328 3168 1398 iudicatis
3216 1327 3414 1382 missos
3444 1326 3704 1399 dirigere,
3739 1333 3795 1380 et

2195 1418 2463 1474 actionum
2495 1418 2816 1474 documenta
2837 1417 3078 1474 scribere
3099 1432 3209 1472 non
3229 1415 3426 1482 valent,
3452 1431 3554 1470 nec
3573 1413 3796 1470 testium

2196 1507 2537 1562 necessarias
2565 1522 2850 1578 personas,
2881 1505 2968 1562 vel
2999 1513 3217 1577 propter
3245 1521 3428 1572 sexus,
3454 1503 3541 1560 vel
3570 1511 3798 1575 propter

2197 1595 2489 1652 senectutis
2515 1593 2902 1661 infirmitatem,
2936 1594 3023 1650 vel
3051 1609 3150 1664 pro
3178 1593 3363 1649 multis
3406 1592 3527 1648 aliis
3555 1590 3798 1663 impedi-

2121 1709 2176 1770 B
2199 1683 2416 1753 mentis,
2449 1684 2556 1740 huc
2583 1684 2906 1754 producere,
2941 1680 3264 1738 fiducialiter
3289 1681 3488 1753 poterit
3514 1680 3795 1736 mentiens

2196 1773 2396 1845 quique
2441 1772 2807 1828 innocentiam
2855 1787 3008 1826 suam
3055 1785 3328 1836 asserere,
3377 1787 3501 1826 cum
3547 1785 3658 1824 non
3690 1768 3797 1824 erit

2192 1861 2282 1934 qui
2312 1861 2595 1917 mendacia
2625 1861 2740 1930 ejus
2771 1859 2942 1933 possit
2970 1859 3244 1916 refellere.
3279 1858 3452 1924 Unde,
3483 1857 3623 1914 sicut
3651 1873 3798 1928 prae-

2191 1950 2456 2020 misimus,
2489 1949 2676 2022 legum
2721 1957 2774 2004 et
2817 1965 3085 2005 canonum
3115 1948 3451 2013 conditores,
3483 1945 3800 2018 prudentis—

2193 2040 2329 2094 sime
2353 2039 2762 2110 justissimeque
2793 2037 3058 2106 viderunt,
3109 2052 3442 2108 quaecunque
3488 2034 3709 2106 negotia
3737 2035 3798 2088 in

2194 2128 2305 2183 suis
2335 2127 2488 2194 locis,
2522 2127 2614 2182 ubi
2647 2134 2765 2182 orta
2812 2133 2955 2193 sunt,
3006 2123 3262 2191 finienda,
3313 2132 3364 2179 et
3393 2140 3494 2195 per
3530 2137 3802 2194 expressa

2194 2216 2506 2288 regularum
2550 2215 2750 2284 judicia
2796 2213 3187 2270 discretissime
3223 2213 3540 2282 judicanda,
3587 2219 3800 2282 etpost

2188 2304 2452 2374 judicium
2497 2304 2892 2360 conservanda.
2926 2303 3157 2358 Maxime
3193 2301 3262 2357 de
3292 2300 3800 2358 subintroductione

2195 2401 2387 2450 contra
2441 2393 2666 2465 regulas
2721 2392 3011 2447 mulierum
3045 2408 3058 2446 :
3091 2406 3192 2462 pro
3249 2406 3358 2462 qua
3403 2390 3472 2446 ab
3519 2389 3798 2461 episcopis

2195 2482 2564 2553 Transalpinis
2593 2480 2901 2553 presbyteri
2949 2479 3272 2553 regulariter
3292 2479 3523 2548 judicati
3553 2479 3622 2532 ad
3650 2479 3798 2534 hanc

2197 2579 2436 2626 sanctam
2463 2572 2761 2626 Romanam
2791 2570 2981 2625 sedem
3009 2568 3194 2626 insciis
3225 2567 3338 2622 suis
3387 2567 3660 2639 episcopis
3697 2583 3802 2622 ve-

2196 2660 2366 2726 niunt,
2398 2668 2450 2716 et
2480 2660 2559 2715 eis
2589 2659 2844 2731 epistolas
2875 2675 3064 2714 eorum
3095 2657 3433 2730 refragantes
3455 2655 3659 2726 judicia
3687 2655 3788 2710 de-

2196 2748 2394 2816 ferunt,
2446 2763 2650 2820 eosque
2696 2747 2783 2804 vel
2829 2746 3232 2803 comministros
3279 2746 3496 2802 illorum
3538 2745 3606 2799 ad
3651 2745 3803 2800 hanc

2198 2838 2385 2893 sedem
2415 2837 2485 2892 ad
2517 2837 2964 2908 conquerendum
3005 2843 3193 2892 contra
3231 2850 3326 2890 eos
3373 2834 3559 2890 venire
3599 2832 3801 2904 praeci-

2197 2925 2370 2997 piunt,
2405 2925 2550 2998 quod
2598 2925 2760 2981 nullis
2808 2925 3153 2997 antiquorum
3201 2923 3414 2996 legibus
3458 2923 3546 2979 vel
3574 2930 3803 2994 patrum

2197 3013 2400 3088 regulis
2429 3015 2711 3070 decretum
2739 3013 2906 3069 fuisse
2937 3013 3197 3086 legimus.

2265 3104 2418 3158 XXI.
2464 3102 2611 3172 Quas
2654 3102 2908 3174 epistolas
2958 3101 3132 3158 sacris
3175 3100 3382 3174 regulis
3410 3099 3619 3167 obvias,
3651 3099 3805 3155 utin

2195 3191 2514 3264 praefatione
2552 3192 2710 3260 hujus
2761 3191 3005 3262 cpusculi
3053 3189 3599 3247 commemoravimus
3631 3232 3644 3255 ,
3690 3205 3805 3246 nec

2194 3281 2513 3336 auctoritate
2544 3278 2839 3352 apostolica
2887 3279 3054 3334 fuisse
3085 3279 3303 3344 missas,
3337 3279 3433 3334 sed
3473 3277 3804 3348 compilatas

2197 3388 2642 3444 quorumcunque
2672 3370 2900 3427 vafricia
2916 3369 3210 3426 credimus.
3244 3371 3369 3424 Non
3392 3369 3536 3424 enim
3564 3367 3668 3422 sibi
3689 3367 3810 3440 ipsi

2195 3461 2354 3516 sedes
2385 3461 2685 3532 apostolica
2731 3468 2908 3532 potest
2955 3476 3077 3516 esse
3124 3458 3397 3515 contraria
3437 3457 3524 3515 vel
3551 3457 3803 3514 diversa.

2195 3550 2274 3604 De
2309 3566 2416 3620 qua
2447 3549 2700 3604 Gelasius
2731 3565 2870 3620 papa
2896 3548 3026 3604 dicit
3056 3550 3244 3620 (epist.
3269 3551 3330 3601 11
3365 3547 3438 3602 ad
3466 3546 3742 3616 Dardan.)
3785 3563 3800 3602 :

2200 3658 2222 3688 «
2257 3637 2612 3703 Confidimus,
2662 3637 2808 3709 quod
2838 3636 3018 3690 nullus
3033 3637 3146 3704 jam
3167 3635 3432 3692 veraciter
3460 3633 3805 3690 Christianus

2195 3725 2430 3798 ignoret,
2463 3725 2882 3797 uniuscujusque
2905 3724 3098 3796 synodi
3120 3723 3489 3790 constitutum,
3513 3722 3661 3794 quod
3681 3722 3809 3777 uni-

2195 3814 2424 3868 versalis
2453 3813 2718 3870 Ecclesiae
2747 3813 2994 3884 probavit
3043 3829 3321 3878 assensus,
3373 3811 3578 3866 nullam
3613 3812 3808 3884 magis

2196 3902 2418 3974 exsequi
2449 3903 2636 3957 sedem
2666 3919 2778 3972 prae
2807 3901 3020 3958 caeteris
3042 3909 3316 3972 oportere,
3341 3915 3506 3972 quam
3533 3898 3808 3970 primam,

2196 4007 2317 4065 quae
2346 4000 2400 4046 et
2429 4007 2867 4063 unamquamque
2897 3991 3186 4062 synodum,
3238 3997 3293 4044 et
3343 4005 3440 4044 sua
3469 3988 3806 4044 auctoritate

2196 4079 2499 4148 confirmat,
2535 4088 2586 4136 et
2629 4080 2942 4136 continuata
2987 4078 3362 4135 moderatione
3407 4077 3662 4143 custodit,
3692 4093 3808 4148 pro

2197 4186 2294 4224 suo
2327 4168 2532 4226 scilicet
2556 4169 2883 4240 principatu,
2934 4185 3093 4240 quem
3127 4167 3316 4223 beatus
3358 4167 3545 4222 Petrus
3571 4173 3809 4237 aposto-

2195 4257 2281 4311 lus
2311 4257 2526 4314 Domini
2574 4273 2708 4313 voce
2753 4265 3104 4328 perceptum,
3151 4253 3401 4311 Ecclesia
3445 4253 3808 4310 nihilominus

2197 4347 2581 4418 subsequente,
2635 4354 2687 4402 et
2742 4347 2912 4400 tenuit
2971 4361 3226 4416 semper,
3299 4353 3352 4399 et
3395 4343 3606 4399 retinet.
3646 4364 3668 4393 ν
3725 4343 3810 4398 Et

2123 4425 2324 4490 Ditem
2355 4435 2543 4508 (epist.
2576 4436 2630 4502 1)
2664 4453 2677 4490 :
2715 4455 2736 4485 κ
2770 4435 3012 4505 Cumque
3058 4432 3217 4490 nobis
3259 4439 3448 4489 contra
3475 4429 3806 4487 salutarium

2196 4525 2558 4580 reverentiam
2587 4523 2902 4596 regularum
2940 4521 3220 4594 cupiamus
3247 4529 3452 4576 temere
3480 4519 3557 4574 nil
3603 4519 3802 4585 licere,

2195 4620 2247 4668 et
2277 4629 2403 4669 cum
2441 4613 2602 4668 sedes
2648 4611 2948 4682 apostolica
2993 4611 3244 4682 superior
3271 4609 3358 4665 his
3395 4609 3678 4677 omnibus,
3714 4605 3806 4662 fa-

2194 4709 2352 4758 vente
2381 4701 2638 4768 Domino,
2672 4717 2794 4772 quae
2822 4699 3060 4772 paternis
3090 4699 3390 4756 canonibus
3421 4704 3546 4753 sunt
3571 4693 3806 4768 praeﬁxa

2192 4791 2286 4862 pio
2314 4791 2622 4862 devotoque
2651 4790 2859 4844 studeat
2905 4797 3088 4846 tenere
3135 4787 3437 4860 proposito,
3491 4785 3625 4842 satis
3653 4783 3806 4839 indi-

2193 4894 2362 4951 gnum
2403 4886 2503 4946 est,
2557 4893 2887 4950 quemquam
2929 4878 3016 4934 vel
3063 4874 3381 4948 pontificum
3429 4874 3516 4931 vel
3543 4873 3808 4929 ordinum

2193 4965 2642 5038 subsequentium
2694 4966 2833 5022 hanc
2876 4965 3280 5022 observantiam
3322 4962 3576 5028 refutare,
3629 4979 3808 5034 quam

2192 5054 2339 5110 beati
2365 5053 2508 5110 Petri
2537 5055 2726 5110 sedem
2755 5062 2806 5111 et
2849 5053 3002 5126 sequi
3048 5053 3249 5123 videat,
3282 5061 3336 5110 et
3374 5053 3594 5119 docere,
3627 5051 3804 5105 satis-

2193 5159 2300 5215 que
2331 5143 2659 5200 conveniens
2689 5143 2778 5211 sit,
2810 5149 2867 5198 ut
2897 5149 3067 5198 totum
3090 5157 3290 5213 corpus
3309 5139 3575 5198 Ecclesiae
3597 5139 3660 5194 in
3693 5139 3806 5197 hac

2193 5231 2409 5288 sibimet
2455 5232 2834 5289 observatione
2883 5231 3202 5298 concordet,
3257 5246 3418 5302 quam
3464 5229 3576 5286 illic
3603 5227 3805 5300 vigere

2191 5319 2509 5392 conspiciat,
2542 5321 2632 5376 ubi
2655 5319 2918 5377 Dominus
2937 5319 3206 5376 Ecclesiae
3237 5319 3403 5374 totius
3429 5316 3612 5390 posuit
3640 5317 3805 5388 prin-

2191 5410 2444 5482 cipatum.
2487 5431 2508 5462 υ
2558 5411 2742 5466 Potest
2788 5409 2932 5466 enim
2978 5407 3099 5465 ﬁeri
3145 5416 3203 5464 ut
3246 5405 3323 5463 illi
3370 5407 3462 5480 qui
3504 5407 3560 5462 in
3598 5405 3805 5462 vicinis

2190 5498 2464 5578 parochiis
2491 5506 2616 5554 sunt
2645 5498 2804 5569 hujus
2833 5505 3036 5555 sanctae
3073 5499 3332 5555 Romanae
3358 5494 3640 5564 Ecclesiae,
3675 5493 3808 5568 qui,-
