4088 6180
303 256 398 314 2H

1795 248 2174 326 EPISTOLzE.

3467 281 3482 294 κ
3498 262 3608 318 242

306 395 409 452 que
432 378 588 447 juxta
619 391 812 434 sacras
833 377 1074 450 regulas,
1121 378 1191 432 ad
1235 392 1430 432 manus
1479 374 1902 448 impositionem,
1935 372 1992 434 A
2011 393 2131 434 rem
2161 380 2364 436 habere
2391 397 2500 436 non
2527 380 2874 452 permittitur,
2896 382 3131 440 maxime
3151 383 3218 438 ab
3236 383 3386 439 omni
3401 382 3602 440 femina

302 476 350 524 et
375 467 446 522 ad
475 467 716 538 synodos
747 467 856 522 huc
875 464 1173 522 convenire
1206 465 1403 536 solent,
1439 465 1543 537 ipsi
1576 480 1674 537 pro
1718 463 1899 520 recla-

301 556 737 612 mationecontra
751 556 1200 626 presbyterorum
1240 570 1464 610 suorum
1486 554 1556 610 ad
1623 552 1904 625 praefatam

302 644 756 701 examinationem
785 643 1134 709 conveniant,
1174 642 1314 698 sicut
1361 642 1507 699 sacri
1556 658 1794 698 canones
1839 657 1904 696 ac

302 734 452 806 leges
521 733 864 804 praecipiunt,
905 739 964 787 ut
1011 733 1083 788 ad
1140 733 1430 802 primatem
1479 731 1904 802 uniuscujusque

298 821 612 894 provinciae,
648 821 742 892 qui
771 821 991 893 negotia
1020 821 1274 876 videntur
1303 821 1508 876 habere
1558 826 1900 888 concurrant,

297 910 384 966 vel
429 909 502 964 ad
565 910 856 979 synodum,
921 909 1013 982 qui
1069 926 1128 964 se
1179 909 1342 966 laasos
1403 907 1733 974 existimant,
1795 924 1903 980 quo

297 1015 402 1054 non
431 997 503 1052 sit
530 997 747 1054 difﬁcile
777 1005 945 1053 testes
973 998 1291 1068 producere,
1311 996 1625 1052 invitentur.
1649 996 1903 1051 Transal-

298 1087 437 1158 pinis
468 1094 673 1152 autem,
706 1094 761 1142 et
789 1087 930 1154 aliis,
973 1087 1066 1158 qui
1094 1087 1150 1141 in
1185 1085 1433 1142 similiter
1467 1085 1781 1157 longinquis
1815 1100 1903 1140 re-

298 1175 552 1250 gionibus
573 1182 995 1240 commorantur,
1019 1174 1320 1246 apostolica
1333 1173 1514 1240 sedes,
1535 1181 1588 1229 et
1622 1189 1902 1230 sacrorum

298 1280 569 1322 canonum
597 1263 1057 1336 promulgatores,
1095 1264 1351 1337 loquente
1381 1263 1438 1318 in
1465 1263 1544 1318 eis
1575 1270 1763 1318 sancto
1781 1261 1902 1334 Spi-

296 1353 424 1421 ritu,
475 1369 601 1424 qua:
647 1361 771 1408 sunt
817 1352 1112 1424 unicuique
1157 1352 1456 1423 provinciae
1494 1351 1782 1424 possibilia
1851 1358 1902 1405 et

296 1441 606 1498 auctoritati
633 1441 1033 1507 convenientia,
1079 1448 1238 1512 atque
1288 1441 1412 1512 paci
1453 1439 1718 1496 Ecclesiae
1764 1455 1900 1495 con-

296 1531 569 1604 gruentia,
629 1530 863 1586 tenenda
929 1537 982 1585 et
1067 1529 1422 1601 exsequenda
1511 1528 1899 1584 discretissime

297 1617 668 1690 praefuerunt.

2005 467 2070 522 sit
2097 469 2479 526 abstinendus.
2517 472 2586 526 Et
2633 471 2760 525 item
2794 489 2808 525 :
2847 492 2868 522 α
2905 470 3178 527 Sacerdos
3241 471 3463 541 etenim,
3512 479 3605 528 aut

2005 557 2182 628 quivis
2201 558 2341 613 alius
2370 559 2425 614 in
2457 559 2708 613 ordinem
2739 559 3172 616 ecclesiasticum
3201 567 3518 631 provectus,
3553 559 3602 615 si

2003 645 2059 699 in
2088 662 2154 700 eo
2197 647 2408 703 scelere
2454 647 2782 712 inveniatur,
2833 663 2942 720 quo
2989 648 3326 716 abjiciendus
3387 649 3600 714 existat,

2003 734 2283 806 depositus
2337 735 2673 806 providentia
2703 736 2946 808 episcopi
2990 737 3130 794 bene
3181 737 3406 808 proviso
3476 737 3601 793 loco

2003 823 2380 888 constituatur,
2404 823 2495 878 ubi
2515 832 2742 894 peccata
2772 824 2972 896 lugeat,
2995 833 3048 881 et
3070 825 3299 881 ulterius
3321 841 3430 880 non
3453 840 3602 881 com-

2001 911 2194 966 mittat.
2233 932 2255 962 »
2291 911 2380 967 Sic
2405 919 2456 966 et
2485 927 2719 984 magnus
2748 911 2857 968 Leo
2902 929 3066 985 papa,
3114 913 3277 984 longe
3308 922 3434 968 ante
3459 914 3600 969 hanc

2003 999 2462 1065 constitutionem,
2489 1001 2808 1056 auctoritate
2837 1017 3008 1056 sacrae
3049 1001 3345 1072 Scripturae
3385 1001 3457 1056 ad
3505 1001 3600 1056 Hi-

2000 1087 2198 1142 larium
2211 1088 2629 1143 Narbonensem
2643 1089 2879 1144 decrevit
2900 1091 3085 1162 (epist.
3103 1092 3190 1155 95,
3207 1089 3278 1144 ad
3294 1092 3590 1147 Rusticum

2003 1177 2292 1245 Narbon.),
2326 1197 2348 1226 ι
2384 1185 2440 1231 ut
2467 1177 2776 1248 presbyteri
2806 1177 2894 1234 vel
2923 1177 3138 1234 diaconi
3163 1178 3301 1248 lapsi
3347 1178 3416 1233 ad
3464 1193 3590 1248 pro-

2001 1263 2319 1320 merendam
2365 1263 2798 1320 misericordiam
2849 1265 2969 1334 Dei,
3019 1267 3286 1336 privatam
3336 1274 3593 1337 expetant

2002 1353 2392 1422 secessionem,
2426 1353 2519 1408 ubi
2551 1353 2659 1408 illis
2692 1352 3006 1421 satisfactio,
3041 1354 3087 1410 si
3115 1353 3276 1409 fuerit
3309 1354 3492 1428 digna,
3527 1355 3598 1411 sit

1999 1441 2162 1496 etiam
2199 1440 2496 1497 fructuosa.
2538 1463 2560 1491 ν

2069 1530 2273 1585 XXIV.
2305 1529 2439 1585 Cum
2469 1530 2584 1587 haec
2615 1529 2689 1586 ita
2717 1547 2778 1586 se
2808 1530 3062 1596 habeant,
3095 1547 3206 1586 non
3250 1538 3332 1586 est
3376 1530 3600 1603 perfun-

1999 1618 2166 1674 ctorie
2195 1619 2579 1674 attendendum
2611 1628 2804 1674 vestrm
2834 1619 3128 1691 pontificali
3157 1620 3476 1686 auctoritati,
3547 1627 3602 1676 et

363 1708 546 1763 XXII.
583 1707 842 1780 Legimus
875 1707 1061 1774 etiam,
1113 1707 1364 1779 quamvis
1405 1706 1702 1775 rarissime,
1750 1723 1898 1778 prae-
1925 1714 2202 1799 Bnostrae
2233 1707 2500 1777 imperiali
2528 1708 2802 1778 potestati,
2838 1709 2968 1780 quid
3005 1709 3445 1780 praedecessores
3499 1725 3599 1764 no-

297 1805 513 1868 ceptum
531 1813 563 1850 a
579 1797 712 1852 sede
723 1797 1044 1867 apostolica,
1067 1797 1334 1868 quosdam
1349 1796 1417 1850 de
1429 1795 1898 1868 longinquioribus

293 1885 566 1957 parocbiis
597 1885 854 1956 specialis
881 1885 1184 1941 diceeeseos
1212 1884 1442 1941 Romani
1491 1883 1782 1955 pontificis,
1829 1885 1898 1938 ad

295 1973 444 2043 cujus
493 1972 922 2028 sollicitudinem
978 1973 1302 2028 universalis
1350 1971 1599 2028 Ecclesia
1639 1972 1893 2042 pertinet,

293 2071 515 2134 propter
543 2069 902 2116 contumaces
951 2061 1328 2116 contentiones
1377 2060 1590 2133 aliquos
1642 2060 1896 2116 invitatos

295 2149 463 2206 fuisse
497 2167 512 2204 :
547 2149 646 2205 sed
675 2149 742 2204 de
771 2148 1141 2220 Transalpinis
1161 2149 1495 2222 regionibus,
1547 2148 1745 2220 quibus
1792 2148 1894 2204 de-

293 2248 434 2295 creta
463 2237 759 2311 privilegia
789 2238 999 2294 servari
1029 2237 1246 2303 debent,
1266 2237 1374 2293 tale
1397 2237 1524 2309 quid
1540 2253 1638 2308 pro
1666 2237 1897 2308 presby-

293 2335 534 2384 terorum
565 2335 621 2382 et
637 2327 986 2381 diaconorum
1010 2325 1372 2398 appellatione
1394 2341 1426 2380 a
1447 2326 1577 2381 sede
1596 2325 1895 2396 apostolica

291 2423 628 2487 prmeeptum
673 2413 840 2469 fuisse
888 2429 998 2469 non
1045 2414 1300 2487 legimus.
1358 2415 1440 2468 De
1508 2413 1893 2469 ecclesiasticis

289 2503 641 2559 nihilominus
689 2502 992 2574 privilegiis
1035 2503 1092 2556 in
1136 2502 1378 2572 epistolis
1443 2503 1586 2556 beati
1637 2501 1892 2575 Gregorii

289 2593 526 2664 legimus
551 2592 624 2646 ad
655 2591 1000 2646 Dominicum
1019 2577 1522 2662 'Cai'tbaginensem
1575 2589 1891 2662 episcopum

293 2682 408 2750 (lib.
441 2696 527 2745 tu,
559 2683 727 2752 epist.
758 2679 850 2749 39)
885 2697 897 2734 :
937 2700 958 2729 α
999 2680 1194 2734 Vestra
1215 2677 1540 2746 fraternitas,
1567 2678 1759 2750 inquit,
1789 2679 1892 2733 hoc

290 2769 591 2840 postposita
636 2768 969 2823 dubitatione
1018 2767 1262 2836 retineat,
1307 2767 1434 2839 quia
1503 2767 1642 2822 sicut
1706 2775 1889 2821 nostra

294 2857 657 2925 defendimus,
689 2857 764 2912 ita
795 2855 1023 2927 singulis
1053 2855 1357 2927 quibusque
1376 2855 1638 2911 Ecclesiis
1655 2871 1750 2909 sua
1763 2855 1892 2924 jura

291 2961 595 3001 servamus.
629 2946 744 3001 Nec
773 2945 1011 3012 cuilibet,
1046 2943 1260 3000 favente
1293 2944 1495 2999 Christi
1524 2945 1723 3017 gratia,
1748 2945 1888 2998 ultra

293 3051 456 3106 quam
487 3042 728 3089 meretur
755 3033 1056 3104 impertiar,
1090 3049 1192 3088 nec
1223 3033 1316 3088 ulli
1345 3035 1446 3089 hoc
1477 3033 1624 3104 quod
1651 3032 1734 3087 sui
1750 3032 1888 3101 juris

291 3130 373 3178 est
401 3122 608 3178 ambitu
637 3121 947 3177 stimulante
979 3121 1262 3195 derogabo
1295 3140 1311 3188 ;
1345 3121 1442 3176 sed
1491 3120 1688 3182 fratres
1733 3137 1888 3176 meos

289 3211 562 3266 honorare
590 3227 691 3281 per
718 3210 900 3265 omnia
929 3210 1108 3282 cupio,
1141 3210 1330 3282 sicque
1361 3209 1555 3266 studeo
1585 3225 1681 3265 eos
1710 3209 1766 3264 in
1795 3211 1887 3264 Ιιο-

289 3315 479 3356 norem
509 3299 759 3364 subvehi,
793 3299 1088 3354 dummodo
1119 3315 1228 3353 non
1259 3299 1347 3364 sit,
1381 3298 1526 3370 quod
1571 3297 1724 3353 alteri
1763 3298 1888 3368 jure

289 3388 356 3442 ab
418 3387 592 3443 altero
621 3387 795 3459 possit
825 3387 1046 3458 opponi.
1086 3407 1108 3437 »
1141 3388 1206 3442 Et
1238 3386 1366 3442 alibi
1413 3386 1558 3442 idem
1587 3386 1713 3442 hinc
1759 3386 1890 3442 dicit

289 3478 410 3550 (lib.
442 3492 526 3543 ιι,
557 3478 723 3549 epist.
753 3477 845 3547 37)
879 3493 894 3530 :
930 3496 954 3527 ι
981 3475 1138 3546 Quod
1159 3491 1291 3531 vero
1311 3475 1510 3543 dicitis,
1532 3474 1730 3532 vestris
1752 3483 1888 3531 tem-

285 3565 516 3637 poribus
545 3565 746 3621 debere
777 3564 980 3620 servari
1009 3581 1131 3637 quae
1159 3579 1193 3620 a
1221 3564 1356 3620 meis
1387 3580 1603 3636 quoque
1633 3565 1888 3620 decesso-

283 3655 438 3710 ribus
467 3653 672 3709 tradita
701 3661 864 3724 atque
895 3653 1160 3710 custodita
1189 3661 1334 3720 sunt,
1385 3653 1528 3708 absit
1566 3653 1671 3709 hoc
1700 3669 1732 3706 a
1777 3669 1882 3723 me,

285 3752 342 3799 ut
373 3751 576 3798 statuta
592 3743 864 3812 majorum
889 3737 1521 3798 c'onsacerdotibusmeis
1551 3743 1605 3797 in
1652 3741 1890 3814 qualibet

285 3832 545 3888 Ecclesia
570 3830 886 3904 infringam,
918 3832 1047 3904 quia
1073 3831 1204 3886 mihi
1233 3831 1486 3902 injuriam
1515 3831 1673 3898 facio,
1699 3831 1744 3886 si
1778 3829 1888 3886 fra-

285 3930 435 3976 trum
463 3937 717 3976 meorum
740 3921 860 3989 jura
889 3921 1168 3992 perturbo.
1221 3942 1243 3971 »

355 4009 564 4066 XXIII.
597 4009 841 4064 Tandem
869 4009 1016 4077 hinc,
1050 4017 1250 4080 praeter
1278 4009 1530 4082 antiquas
1568 4008 1887 4082 regularum

284 4115 348 4156 ac
375 4099 565 4170 legum
593 4098 1025 4164 constitutiones,
1056 4097 1112 4154 in
1137 4105 1388 4170 promptu
1414 4098 1680 4154 habemus
1713 4112 1883 4170 syno-

288 4188 436 4244 dalia
465 4187 701 4259 capitula
730 4187 1178 4258 apostolicorum,
1212 4187 1463 4261 Eugenii,
1497 4203 1639 4242 anno
1668 4185 1886 4258 imperii

287 4277 504 4332 decimo
535 4276 694 4332 tertio
717 4275 904 4330 domni
931 4284 984 4331 et
1013 4276 1273 4348 genitoris
1303 4275 1478 4331 nostri
1505 4274 1784 4342 Ludovici,
1837 4282 1890 4330 et

292 4381 438 4420 anno
467 4365 684 4421 decimo
735 4364 950 4436 imperii
981 4364 1216 4420 Lotharii
1249 4363 1428 4419 fratris
1459 4365 1648 4430 nostri,
1697 4379 1888 4419 mense

2005 1797 2104 1850 stri
2133 1796 2201 1851 de
2231 1796 2513 1852 servandis
2558 1797 2732 1852 sacris
2772 1796 2988 1868 legibus
3045 1805 3098 1852 et
3137 1797 3340 1854 sanctis
3383 1797 3594 1870 regulis

1997 1886 2356 1941 decernentes
2385 1884 2798 1955 constituerunt,
2854 1902 2918 1940 ex
2970 1902 3199 1958 quorum
3266 1886 3598 1958 pluralitate,

1997 1989 2168 2044 pauca
2198 1989 2444 2040 numero,
2477 1989 2588 2028 non
2634 1988 2810 2044 pauca
2851 1973 3097 2044 pondere
3145 1975 3234 2030 hic
3282 1974 3594 2030 censuimus

1996 2077 2216 2132 ponere.
2251 2062 2331 2116 De
2363 2061 2577 2134 legibus
2608 2077 2843 2132 namque
2877 2061 3302 2130 Valentinianus,
3338 2063 3594 2118 Theodo-

1997 2149 2110 2203 sius
2153 2157 2206 2204 et
2251 2149 2519 2204 Arcadius
2569 2149 2926 2205 decreverunt
2967 2150 3211 2206 dicentes
3252 2151 3317 2222 (I.
3377 2166 3415 2204 ιι
3463 2151 3588 2208 Cod.

2006 2237 2226 2304 Theod.,
2265 2241 2341 2294 De
2375 2239 2678 2294 Constitut.
2711 2239 3098 2311 principum):
3124 2239 3465 2310 «Perpensas
3514 2255 3600 2295 se-

1995 2327 2239 2381 renitatis
2268 2335 2468 2382 nostrae
2507 2327 2672 2400 longa
2721 2327 3108 2382 deliberatione
3156 2329 3588 2396 constitutiones,

1994 2432 2097 2472 nec
2125 2415 2383 2488 ignorare
2413 2431 2764 2487 quemquam,
2797 2432 2898 2471 nec
2927 2415 3275 2472 dissimulare
3318 2416 3594 2488 permitti-

1993 2521 2136 2559 mus.
2169 2503 2568 2575 Interpretatio.
2601 2505 2778 2577 Leges
2827 2504 3042 2560 nescire
3086 2505 3220 2560 nulli
3265 2505 3446 2574 liceat,
3501 2514 3592 2561 aut

1991 2610 2112 2666 quae
2143 2601 2266 2648 sunt
2295 2600 2496 2647 statuta
2526 2601 2896 2648 contemnere.
2938 2614 2960 2642 ι
2994 2594 3062 2646 Et
3085 2601 3304 2649 sanctus
3345 2594 3595 2650 leesti-

1992 2697 2095 2735 nus
2123 2680 2276 2751 paria
2295 2681 2364 2735 de
2383 2680 2556 2736 sacris
2577 2681 2877 2735 canonibus
2895 2680 3022 2735 dicit
3043 2681 3230 2753 (epist.
3251 2685 3305 2752 3)
3330 2699 3343 2736 :
3373 2707 3394 2729 ι
3421 2681 3593 2750 Nulli,

1991 2769 2264 2840 inquiens,
2323 2769 2593 2824 sacerdoti
2635 2784 2766 2824 suos
2811 2767 2969 2824 liceat
3025 2784 3264 2824 canones
3309 2769 3590 2842 ignorare,

1992 2873 2094 2913 nec
2125 2857 2418 2930 quidquam
2461 2855 2664 2925 facere,
2701 2858 2848 2929 quod
2890 2858 3115 2913 Patrum
3163 2858 3337 2929 possit
3384 2859 3592 2931 regulis

1991 2945 2232 3001 obviare.
2263 2943 2396 3014 Quae
2425 2945 2570 3000 enim
2599 2962 2630 2998 a
2658 2945 2816 3000 nobis
2846 2962 2932 3001 res
2964 2945 3133 3017 digna
3162 2946 3491 3013 servabitur,
3543 2947 3590 3003 si

1991 3033 2343 3090 decretalium
2374 3050 2561 3089 norma
2591 3034 3007 3090 constitutorum
3034 3051 3134 3106 pro
3185 3035 3482 3107 aliquorum
3520 3035 3592 3090 li-

1988 3124 2102 3178 bitu
2131 3123 2348 3178 licentia
2377 3123 2594 3196 populis
2624 3123 2890 3194 permissa
2920 3123 3250 3196 frangatur?
3283 3146 3303 3174 ι
3329 3123 3490 3194 Quia,
3533 3133 3591 3180 ut

1987 3213 2221 3267 Hilarius
2250 3229 2388 3284 papa
2419 3212 2544 3268 dicit
2579 3213 2766 3286 (epist.
2803 3215 2888 3278 11,
2920 3213 2992 3267 ad
3023 3214 3367 3283 Leontium),
3407 3235 3428 3265 α
3463 3215 3587 3270 Non

1985 3301 2163 3356 minus
2193 3299 2247 3354 in
2279 3308 2586 3356 sanctarum
2621 3300 2965 3356 traditionum
2995 3301 3326 3374 delinquitur
3357 3302 3591 3359 sanctio-

1986 3406 2105 3456 nes,
2137 3405 2300 3462 quam
2325 3389 2382 3443 in
2411 3389 2657 3458 injuriam
2686 3389 2857 3461 ipsius
2889 3390 3107 3446 Domini
3136 3391 3438 3462 prosilitur,
3461 3406 3586 3447 cum

1988 3478 2320 3549 exspectatio
2349 3476 2559 3533 fructus
2591 3477 2760 3532 nostri
2790 3477 3091 3546 ministerii,
3131 3495 3240 3534 non
3304 3479 3359 3533 in
3398 3479 3584 3534 latitu-

1987 3567 2113 3622 dine
2143 3566 2450 3638 regionum,
2482 3565 2580 3621 sed
2609 3565 2665 3620 in
2697 3565 3056 3637 acquisitione
3085 3575 3318 3638 ponatur
3365 3567 3581 3622 anima-

1987 3672 2126 3711 rum.
2166 3675 2194 3705 ι
2220 3654 2291 3709 Et
2313 3654 2462 3721 item,
2491 3655 2560 3710 de
2579 3653 2793 3727 legibus
2815 3652 3026 3725 praefati
3047 3655 3276 3727 Augusti
3289 3655 3354 3724 (I.
3377 3671 3438 3710 ιιι
3455 3657 3580 3712 Cod.

1992 3746 2110 3810 Th.,
2143 3743 2290 3814 eod.)
2324 3761 2337 3798 :
2375 3766 2396 3791 α
2431 3741 2626 3798 Omnia
2673 3743 2964 3799 constituta
2992 3759 3103 3799 non
3149 3743 3438 3816 praeteritis
3483 3760 3582 3800 ca-

1987 3832 2246 3887 lumniam
2274 3831 2494 3901 faciunt,
2528 3831 2626 3886 sed
2654 3831 2848 3887 futuris
2876 3831 3125 3904 regulam
3154 3831 3452 3904 imponunt.
3486 3834 3581 3888 In-

1988 3920 2313 3992 terpretatio.
2343 3919 2552 3976 Omnes
2578 3920 2731 3993 leges
2760 3935 2871 3976 non
2897 3935 2964 3975 ea
2993 3937 3115 3992 quae
3141 3920 3393 3976 anteriori
3437 3928 3580 3976 tem-

1988 4025 2122 4081 pore
2152 4008 2290 4064 facta
2319 4017 2444 4064 sunt
2473 4009 2751 4075 damnant,
2785 4009 2883 4064 sed
2903 4008 2958 4064 in
2977 4008 3212 4064 futurum
3234 4009 3581 4068 observanda

1989 4097 2340 4155 constituunt.
2381 4119 2403 4148 ››

2061 4194 2236 4251 XXV.
2277 4196 2346 4250 Et
2409 4194 2536 4249 hinc
2578 4194 2934 4266 Symmachus
2982 4209 3124 4266 papa
3168 4195 3356 4268 (epist.
3409 4201 3460 4264 1,
3510 4199 3583 4254 ad

1989 4285 2254 4340 iEom'um
2281 4285 2302 4354 )
2333 4301 2346 4336 :
2383 4305 2404 4334 α
2441 4283 2582 4338 Dum
2611 4283 2680 4338 ad
2711 4281 2988 4338 Trinitatis
3035 4281 3229 4353 instar,
3278 4285 3434 4354 cujus
3474 4303 3585 4342 una

1991 4380 2074 4428 est
2102 4380 2265 4444 atque
2291 4371 2570 4427 individua
2597 4379 2859 4442 potestas,
2893 4387 3058 4425 unum
3087 4371 3156 4424 sit
3184 4387 3286 4442 per
3328 4373 3580 4430 diversos

283 4453 638 4520 Novembrio,
661 4460 825 4525 atque
857 4453 1050 4509 Leonis
1081 4454 1356 4520 IV,'ann0
1407 4453 1646 4509 LOIImI‘ii
1711 4453 1879 4508 triCC-
1915 4446 1968 4510 D
1990 4461 2254 4516 antistites
2285 4459 2668 4528 sacerdotium,
2701 4458 3157 4532 quemadmodum
3188 4459 3432 4530 priorum
3469 4470 3582 4518 sta-

291 4543 429 4597 simo
457 4541 714 4614 septimo,
739 4549 794 4596 et
813 4541 1070 4597 Ludovici
1097 4541 1310 4612 nepotis
1331 4541 1499 4597 nostri
1515 4557 1658 4597 anno
1676 4540 1883 4614 quinto,

289 4647 478 4687 mense
507 4629 836 4686 Decembrio
865 4629 1104 4696 decreta,
1130 4630 1326 4702 quibus
1344 4630 1685 4702 praecipiunt,
1717 4651 1738 4679 α
1761 4637 1819 4684 ιιι
1841 4629 1888 4685 si

293 4719 565 4791 quispiam
594 4719 962 4784 sacerdotum,
992 4719 1050 4774 id
1080 4726 1182 4786 est,
1215 4719 1527 4791 episcopus,
1579 4719 1884 4791 presbyter,

290 4807 577 4874 diaconus,
609 4807 696 4864 vel
726 4807 891 4862 etiam
921 4807 1302 4876 subdiaconus,
1335 4809 1402 4864 de
1435 4824 1758 4880 quacunque
1800 4806 1886 4864 fe-

291 4895 431 4951 mina
461 4895 696 4952 crimine
725 4895 1100 4952 fornicationis
1128 4904 1432 4969 suspectus,
1463 4905 1586 4969 post
1630 4896 1882 4968 primam,

292 4985 700 5056 secundamque
732 4993 786 5040 et
812 4985 1026 5040 tertiam
1055 4985 1532 5042 commonitionem
1579 4987 1884 5058 (metropo-

288 5072 454 5138 litani,
491 5073 580 5130 vel
608 5072 834 5129 alterius
863 5073 1123 5145 episcopi,
1157 5081 1248 5129 aut
1293 5075 1410 5144 ejus
1455 5074 1544 5131 cui
1599 5074 1883 5144 subjacere

287 5161 516 5234 videtur)
548 5161 885 5231 inveniatur,
909 5161 1133 5217 fabulari
1161 5178 1287 5218 cum
1299 5177 1384 5233 ea,
1410 5161 1498 5219 vel
1517 5162 1698 5236 aliquo
1719 5163 1883 5218 modo

280 5250 600 5307 conversari
629 5249 896 5306 canonice
917 5249 1208 5319 judicetur.
1249 5271 1270 5300 »
1307 5249 1652 5322 QuaprOpter
1707 5267 1881 5306 unus-

283 5340 508 5412 quisque
540 5337 836 5410 episcOpus
863 5338 918 5392 in
947 5338 1040 5394 tali
1079 5356 1140 5395 re
1193 5339 1432 5395 studiose
1479 5355 1542 5396 ac
1591 5339 1884 5412 diligenter

280 5443 463 5484 curam
491 5427 704 5482 habere
735 5425 916 5492 debet,
950 5443 1018 5483 ne
1046 5427 1297 5484 Ecclesia
1325 5428 1521 5484 Christi
1553 5444 1586 5483 a
1644 5427 1879 5500 prepriis

279 5519 447 5588 possit
474 5515 756 5572 sordidari
785 5515 1048 5574 ministris
1083 5536 1096 5572 :
1129 5517 1258 5590 quia
1286 5532 1412 5572 cum
1440 5515 1718 5589 propriam
1746 5533 1883 5574 uxo-

1987 4557 2101 4604 tuta
2128 4565 2158 4603 a
2189 4549 2540 4620 sequentibus
2595 4547 2846 4606 convenit
2886 4546 3074 4603 violari
3118 4548 3146 4602 ?
3188 4549 3303 4603 Huc
3350 4551 3580 4617 accedit,

1989 4633 2132 4704 quod
2161 4633 2280 4688 haec
2296 4632 2341 4687 si
2359 4633 2574 4688 eveniat
2593 4632 2978 4688 sententiarum
3003 4630 3257 4698 varietas,
3283 4631 3353 4687 ad
3396 4633 3574 4704 ipsam

1988 4727 2389 4778 sacrosanctam
2417 4722 2732 4778 catholicam
2762 4719 3081 4794 religionem
3110 4720 3384 4776 credimus
3411 4723 3578 4794 perti-

1986 4826 2136 4878 nere,
2165 4809 2316 4878 cujus
2343 4809 2518 4864 omnis
2547 4819 2787 4881 potestas
2806 4808 3134 4880 infringitur,
3158 4809 3264 4864 nisi
3297 4809 3575 4880 universa,

1988 4915 2109 4970 quae
2139 4915 2184 4978 a_
2201 4897 2418 4954 Domini
2447 4899 2820 4954 sacerdotibus
2869 4898 3040 4954 semel
3090 4898 3416 4970 regulariter
3457 4909 3576 4957 sta-

1985 4997 2226 5054 tuuntur,
2257 4995 2514 5058 perpetua
2541 4986 2664 5041 sint.
2689 4987 2848 5056 Quod
2867 4987 3005 5042 alias
3018 4988 3338 5061 contingere
3352 4991 3569 5062 poterit,

1985 5076 2031 5132 si
2061 5091 2347 5132 successor
2374 5075 2682 5132 decessoris
2711 5075 2920 5131 actibus
2950 5092 3060 5132 non
3103 5077 3350 5132 tribuerit
3396 5077 3573 5134 firmi-

1983 5172 2165 5230 tatem,
2199 5173 2252 5220 et
2282 5164 2585 5221 reborando
2615 5179 2736 5235 quae
2766 5171 2922 5237 gesta
2937 5172 3083 5232 sunt,
3107 5164 3268 5222 faciat
3289 5175 3404 5222 rata
3451 5184 3576 5225 esse

1983 5271 2107 5326 qua:
2133 5253 2382 5325 gesserit.
2414 5251 2624 5322 Quanta
2655 5251 2799 5307 enim
2829 5251 3047 5309 vicariis
3086 5253 3385 5310 beatissimi
3432 5257 3578 5312 Petri

1981 5341 2212 5413 apostoli
2234 5341 2564 5410 judicabitur
2589 5357 2712 5396 esse
2741 5343 3062 5411 reverentia,
3095 5343 3142 5396 si
3173 5359 3295 5414 quae
3322 5343 3377 5398 in
3389 5360 3577 5402 sacer-

1981 5430 2128 5487 dotio
2168 5429 2506 5501 prmcipiunt,
2558 5446 2621 5485 ea
2671 5430 2882 5485 hisdem
2930 5431 3335 5487 transeuntibus
3364 5434 3567 5491 dissol-

1983 5519 2221 5579 vantur?
2243 5541 2266 5570 »
2299 5519 2426 5576 Haec
2455 5517 2618 5590 igitur
2649 5534 2927 5576 servemus
2957 5519 3161 5576 nostris
3208 5523 3566 5593 temporibus,
