4088 6180
465 287 576 346 243

1364 279 1727 343 ιιιιιιαΜΑιιι·
1761 280 2166 340 BHEMENSIS
2221 255 2770 340 Ancmnmscorr.

3660 282 3763 336 2M»

459 419 612 468 tanto
641 413 873 484 gratius,
922 421 1126 487 quanto
1173 421 1226 470 et
1271 413 1534 469 Ecclesia
1582 419 1632 467 et
1686 409 1916 483 imperio
1966 409 2064 465 erit
2091 408 2394 474 Aanimas,
2427 423 2549 479 quae
2577 422 2688 462 non
2717 405 3040 475 moriuntur,
3075 411 3128 460 et
3159 403 3506 461 viviﬁcabant
3555 403 3764 460 animas

463 501 736 572 capacius,
769 511 820 558 et
865 505 1136 559 servando
1185 519 1306 575 quae
1348 500 1594 573 legaliter
1637 516 1702 556 ac
1745 499 2066 572 regulariter

464 597 620 660 gesta
649 599 792 657 sunt,
827 599 938 646 rata
959 607 1081 648 esse
1111 590 1374 648 faciamus
1409 605 1530 662 quae
1556 588 1824 661 legaliter,
1861 603 1926 643 ac
1969 603 2064 642 re—

467 677 732 750 gulariter
779 681 1131 752 gesserimus.

545 769 746 825 XXVI.
781 769 1200 844 Suggerendum
1230 767 1390 823 etiam
1417 775 1613 824 vestra:
1631 783 1857 823 summae
1872 773 2064 822 aucto-

463 863 610 921 ritati
637 860 1007 917 necessarium
1035 857 1328 928 credimus,
1360 865 1419 912 ut
1439 857 1508 913 de
1539 857 1898 929 quorumdam
1952 855 2066 926 epi-

463 966 757 1024 scoporum
785 947 1084 1004 coercenda
1103 946 1616 1012 inconsideratione,
1649 945 1782 1000 alios
1821 946 2062 1013 decreto,

467 1039 705 1112 generali
735 1038 1084 1102 instruentes,
1135 1042 1325 1091 cautos
1369 1033 1615 1089 efﬁciatis
1667 1052 1680 1088 :
1731 1041 1788 1087 ut
1835 1049 2067 1105 quorum

465 1129 665 1186 debent
699 1142 823 1182 esse
866 1133 1078 1180 matura
1123 1131 1178 1178 et
1221 1138 1493 1200 perpensa
1528 1121 1750 1192 judicia,
1801 1137 1910 1176 non
1959 1122 2066 1177 sint

466 1217 771 1290 praecipites
799 1215 854 1269 in
896 1212 1240 1286 proferendis
1288 1211 1589 1278 sententiis,
1649 1226 1752 1266 nec
1791 1211 1950 1266 facile
2001 1225 2066 1266 ac

464 1306 776 1374 indiscrete,
808 1319 984 1375 neque
1016 1301 1170 1356 aliter
1205 1301 1310 1356 nisi
1352 1301 1502 1369 juxta
1549 1307 1855 1355 sanctarum
1914 1299 2064 1354 Scri~

466 1403 746 1466 pturarum
787 1391 1075 1457 tramitem,
1143 1388 1594 1459 traditionemquc
1657 1388 1946 1458 majorum,
2015 1395 2068 1442 et

467 1499 567 1555 pro
596 1480 938 1537 evidentibus
969 1477 1164 1550 culpis,
1196 1492 1575 1550 quemcunque
1606 1492 1639 1532 a
1689 1476 2069 1532 communione

469 1569 714 1642 corporis
745 1575 797 1624 et
827 1566 1108 1640 sanguinis
1139 1565 1352 1621 Domini
1384 1565 1483 1620 Dei
1505 1565 1674 1621 nostri
1690 1567 1818 1620 Jesu
1848 1564 2065 1635 Christi,

469 1658 527 1712 in
570 1658 767 1730 quibus
811 1664 936 1727 post
981 1655 1199 1710 unicum
1247 1654 1572 1725 baptismum
1631 1654 1903 1725 praecipue
1970 1654 2070 1708 hu-

2172 514 2292 570 qua:
2313 511 2423 552 non
2451 495 2637 552 vivunt
2659 496 2882 566 (Ezech.
2909 493 3054 567 xm).
3079 495 3202 548 Non
3222 495 3540 548 morientem
3565 493 3761 565 quippe

2167 585 2476 652 mortiﬁcat,
2531 585 2622 656 qui
2679 584 2884 653 justum
2949 584 3184 650 damnat,
3238 590 3289 637 et
3333 598 3443 636 non
3494 582 3761 638 victurum

2166 671 2444 730 vivificare
2501 673 2702 738 nititur,
2739 671 2831 743 qui
2853 687 3004 726 reum
3047 669 3314 741 supplicio
3345 669 3626 726 absolvere
3666 685 3765 725 co-

2166 770 2348 817 natur.
2379 762 2572 817 Causa‘:
2599 777 2735 833 ergo
2772 760 3068 831 pensanda:
3108 766 3250 825 sunt,
3304 766 3356 813 et
3399 765 3522 814 tunc
3561 757 3768 830 ligandi

2173 859 2336 922 atque
2367 849 2615 906 solvendi
2643 857 2885 920 potestas
2915 849 3238 904 exercenda.
3277 867 3299 896 ι

2235 939 2487 994 XXVIII.
2523 937 2628 1007 Qui
2675 937 3020 992 beatissimus
3071 936 3266 992 doctor
3318 935 3520 1007 Spiritu
3577 943 3766 990 sancto

2167 1027 2400 1099 repletus
2431 1027 2637 1098 passim
2666 1025 2721 1079 in
2753 1025 2910 1082 dictis
2941 1025 3055 1080 suis
3084 1025 3337 1092 ostendit,
3370 1024 3628 1096 quoniam
3655 1023 3768 1094 epi-

2167 1131 2387 1188 scopus,
2422 1115 2515 1187 qui
2543 1115 2599 1169 in
2625 1113 2850 1187 ligando
2871 1121 2924 1169 et
2953 1113 3217 1170 solvendo
3232 1113 3444 1167 interim
3489 1113 3772 1168 arbitrium

2167 1221 2276 1260 non
2323 1203 2569 1275 sequitur
2607 1201 2828 1272 judicis,
2875 1203 2996 1273 ipse
3025 1201 3232 1275 ligandi
3263 1210 3315 1256 et
3337 1201 3580 1256 solvendi
3608 1209 3770 1273 pote-

2168 1301 2324 1360 state,
2359 1293 2491 1366 quin
2518 1300 2570 1346 et
2597 1307 2768 1362 regno
2795 1291 2896 1346 Dei
2928 1306 2986 1344 se
3006 1290 3200 1361 privat,
3227 1289 3272 1344 si
3285 1290 3616 1362 alligationis
3663 1305 3773 1345 ma-

2167 1382 2426 1437 ledictum
2454 1397 2564 1435 non
2597 1379 2805 1450 judicio
2849 1379 3090 1449 justitise,
3141 1379 3240 1434 sed
3286 1379 3458 1434 livore
3519 1378 3772 1434 vindicta

2169 1469 2460 1541 depromit,
2491 1469 2660 1524 Paulo
2695 1475 2999 1536 attestante,
3033 1467 3127 1538 qui
3155 1467 3288 1522 dicit
3319 1483 3332 1522 ε
3365 1467 3548 1539 Neque
3587 1469 3772 1521 male-

2169 1559 2284 1614 dici
2304 1574 2545 1630 regnum
2575 1560 2675 1613 Dei
2699 1557 3062 1630 possidebunt
3090 1556 3158 1628 (I
3181 1557 3300 1612 Cor.
3325 1555 3428 1626 γι).
3461 1554 3602 1623 Quia
3640 1570 3773 1610 vero

2171 1663 2325 1702 sacra
2357 1646 2632 1718 Scriptura
2663 1645 2875 1701 duobus
2902 1644 3080 1699 modis
3108 1643 3455 1698 maledictum
3483 1651 3771 1706 memorat,

470 1763 648 1803 manae
677 1746 868 1802 salutis
899 1744 1264 1800 reconciliatio
1295 1752 1348 1798 et
1396 1759 1607 1798 summa
1648 1743 1913 1812 consistit,
1967 1758 2068 1814 pro
2099 1767 2152 1826 B
2173 1735 2320 1790 aliud
2349 1735 2600 1826 videlicet
2631 1735 2774 1806 quod
2803 1733 3092 1826 approbat,
3137 1740 3191 1787 et
3219 1731 3384 1826 aliud
3424 1733 3572 1826 quod
3594 1732 3777 1826 -dam-

470 1835 586 1891 suis
617 1835 846 1906 injuriis,
871 1835 956 1890 vel
977 1833 1138 1888 animi
1161 1833 1244 1886 sui
1261 1832 1498 1886 motibus
1523 1848 1584 1887 ac
1606 1831 1890 1886 iracundia
1911 1846 2068 1901 sepa-

469 1932 611 1980 rent.
645 1923 916 1992 Quoniam
949 1945 972 1973 ‹‹
1005 1923 1089 1976 ira
1118 1921 1437 1991 sacerdotis,
1471 1929 1526 1975 ut
1543 1927 1759 1976 sanctus
1780 1920 1910 1976 dicit
1933 1919 2069 1976 Gre-

471 2013 662 2088 gorius
693 2012 862 2083 (hom.
900 2013 986 2078 17,
1019 2011 1082 2066 in
1101 2011 1355 2082 Evang.),
1381 2024 1729 2082 nequaquam
1747 2008 1910 2064 debet
1944 2025 2069 2064 esse

468 2116 715 2172 praeceps
743 2107 797 2155 et
823 2098 1151 2170 perturbata,
1184 2099 1281 2154 sed
1326 2097 1505 2170 magis
1544 2113 1610 2152 ex
1649 2097 1862 2152 consilii
1879 2097 2071 2171 gravi-

469 2197 578 2244 tate
607 2189 895 2244 metuenda
927 2207 942 2256 ;
974 2203 1077 2243 nec
1104 2186 1304 2242 debent
1331 2195 1538 2242 temere
1586 2185 1896 2241 indiscussa
1919 2185 2071 2254 judi-

472 2293 618 2344 care,
651 2291 756 2334 nec
791 2277 998 2348 passim
1025 2276 1170 2332 dicta
1202 2275 1318 2330 sine
1339 2274 1662 2346 probatione
1693 2275 1942 2341 credere,
1977 2274 2075 2329 sed

474 2365 710 2422 auctoris
739 2365 910 2420 nostri
939 2364 1080 2420 facta
1106 2377 1361 2434 pensare,
1393 2361 1481 2418 cui
1529 2378 1654 2418 cum
1699 2363 1883 2418 omnia
1927 2363 2076 2418 nuda

474 2462 528 2510 et
555 2461 745 2527 aperta
775 2453 900 2520 sint,
933 2452 1072 2508 mala
1103 2459 1286 2508 tamen
1315 2452 1568 2507 Sodomae
1595 2450 1764 2506 noluit
1784 2451 2076 2520 antejudi-

476 2557 624 2611 care,
658 2542 796 2599 sicut
825 2557 980 2597 sacra
1009 2542 1170 2598 docet
1198 2540 1445 2607 historia,
1481 2555 1642 2614 quam
1668 2539 1924 2610 probare,
1978 2555 2078 2595 nos

475 2631 754 2687 instruens
783 2647 871 2686 me
901 2630 1049 2685 mala
1076 2629 1357 2685 hominum
1387 2636 1508 2684 ante
1537 2645 1931 2700 prwsumamus
1962 2643 2078 2684 cre-

479 2721 611 2776 dere
650 2735 814 2793 quam
843 2719 1102 2791 probare.
1140 2741 1162 2767 υ

551 2809 778 2865 XXVII.
812 2809 1123 2880 Sequan-tur
1172 2814 1352 2863 autem
1397 2806 1453 2862 in
1497 2806 1828 2878 proferenda
1841 2805 2084 2876 judiciali

2171 1832 2284 1890 nat,
2326 1823 2484 1878 aliter
2513 1822 2658 1877 enim
2713 1821 3064 1877 maledictum
3112 1819 3384 1890 profertur
3435 1819 3645 1888 judicio
3684 1820 3778 1890 ju-

2169 1912 2350 1978 stitiaa,
2381 1911 2540 1966 aliter
2567 1911 2738 1966 livore
2764 1909 3038 1976 vindictae,
3073 1908 3245 1964 sancti
3276 1908 3404 1975 viri,
3440 1923 3564 1963 cum
3589 1907 3646 1962 in
3677 1924 3777 1963 ex-

2169 1999 2677 2058 communicationis
2723 1997 3036 2071 alligatione
3093 1996 3486 2052 maledictionis
3549 2004 3778 2052 senten-

2171 2090 2301 2146 tiam
2327 2088 2622 2161 proferunt,
2657 2103 2766 2143 non
2795 2087 2864 2142 ad
2896 2088 3036 2142 hanc
3065 2101 3127 2140 ex
3151 2093 3277 2141 voto
3317 2085 3500 2141 livida
3536 2085 3780 2152 ultionis,

2175 2180 2271 2234 sed
2299 2194 2371 2233 ex
2393 2177 2614 2247 justitiae
2641 2175 2887 2232 examine
2908 2182 3212 2245 erumpunt.
3238 2175 3387 2228 Intus
3407 2174 3552 2230 enim
3580 2174 3781 2229 subtile

2173 2267 2273 2322 Dei
2298 2267 2565 2336 judicium
2596 2265 2886 2337 aspiciunt,
2921 2271 2973 2320 et
3015 2263 3161 2318 mala
3205 2263 3358 2318 foras
3401 2263 3776 2336 exsurgentia,

2175 2355 2300 2428 quia
2327 2355 2616 2410 maledicto
2646 2353 2935 2426 alliganda:
2980 2351 3560 2408 excommunicationis
3613 2351 3782 2406 ferire

2178 2445 2428 2511 debeant,
2461 2451 2818 2517 cognoscunt,
2845 2450 2895 2497 et
2944 2455 3009 2496 eo
3037 2441 3092 2495 in
3112 2439 3442 2512 alligationis
3471 2455 3536 2496 ac
3556 2455 3785 2496 excom-

2180 2532 2558 2588 municationis
2607 2530 2898 2586 maledicto
2940 2545 3053 2584 non
3097 2535 3345 2600 peccant,
3397 2529 3540 2600 quod
3570 2529 3640 2582 ab
3701 2528 3786 2582 in-

2181 2629 2338 2676 terno
2360 2621 2566 2690 judicio
2595 2636 2706 2674 non
2735 2619 3064 2674 discordant.
3101 2619 3303 2673 Contra
3332 2617 3779 2674 excommunica-

2183 2710 2344 2765 tionis
2399 2709 2768 2776 maledictum,
2828 2707 2998 2762 livore
3074 2706 3326 2762 vindictae
3375 2707 3780 2778 depromptum,

2185 2814 2318 2854 voce
2347 2797 2495 2852 Pauli
2543 2794 2892 2868 praedicantis
2941 2795 3316 2860 admonemur,
3369 2794 3462 2867 qui
3503 2794 3623 2848 ait:
3676 2796 3779 2850 Be-

487 2897 755 2954 sententia
785 2904 1098 2953 sanctorum
1129 2896 1388 2952 Romana:
1418 2895 1564 2950 sedis
1589 2894 1906 2968 pontiﬁcum
1922 2895 2092 2952 docu—
2185 2889 2520 2952 nediCite,et
2533 2887 2710 2941 nolite
2724 2884 3241 2952 maledicereUiom.
3269 2899 3354 2938 xu
3385 2884 3492 2953 14),
3528 2884 3661 2956 quia
3676 2899 3784 2938 ne-

483 2995 686 3053 menta,
733 2985 950 3052 Leonis,
985 2992 1148 3056 atque
1170 2984 1427 3056 Gregorii
1459 3002 1471 3038 :
1508 3006 1530 3034 «
1551 2983 1872 3040 Beatissimo
1899 2985 2081 3050 Petro,

477 3074 652 3147 inquit
681 3075 790 3130 Leo
821 3074 1012 3144 (ser-nt.
1047 3077 1099 3140 3,
1134 3073 1198 3128 in
1227 3074 1432 3130 Anniv.
1465 3075 1786 3153 assumpt.),
1806 3087 1838 3126 a
1864 3073 2080 3128 Christo

482 3162 681 3220 dicitur
713 3181 727 3216 :
759 3161 879 3217 Tibi
909 3161 1049 3218 dabo
1077 3161 1258 3217 claves
1287 3161 1444 3234 regni
1493 3160 1774 3228 caelorum,
1827 3169 1880 3215 et
1926 3177 2079 3233 quae-

484 3267 706 3324 cunque
735 3251 997 3324 ligaveris
1025 3267 1192 3322 super
1242 3257 1466 3317 terram,
1515 3257 1672 3304 erunt
1716 3248 1888 3321 ligata
1933 3257 1986 3304 et
2028 3249 2084 3305 in

477 3339 674 3405 ctelis;
707 3347 760 3396 et
802 3354 1140 3412 quacunque
1170 3337 1398 3395 solveris
1444 3353 1609 3410 super
1655 3345 1876 3404 terram,
1930 3345 2086 3394 erunt

485 3427 662 3485 soluta
691 3436 744 3484 et
771 3428 828 3483 in
857 3428 1029 3484 caelis.
1063 3426 1337 3482 Transivit
1367 3426 1584 3500 quidem
1635 3425 1799 3482 etiam
1846 3425 1904 3480 in
1947 3425 2084 3482 alios

485 3516 765 3590 apostolos
788 3516 878 3586 jus
915 3515 1070 3571 istius
1095 3515 1398 3588 potestatis,
1449 3522 1501 3570 et
1520 3514 1589 3568 ad
1610 3529 1799 3570 omnes
1823 3515 2087 3572 Ecclesiae

481 3605 759 3677 principes
791 3605 997 3660 decreti
1026 3605 1188 3674 hujus
1217 3603 1528 3660 constitutio
1559 3603 1886 3660 commeavit
1919 3621 1932 3658 :
1986 3603 2085 3660 sed

481 3709 592 3749 non
625 3693 833 3748 frustra
860 3693 953 3748 uni
985 3693 1398 3750 commendatur
1427 3691 1570 3762 quod
1591 3691 1844 3746 omnibus
1865 3691 2085 3747 intime-

483 3790 588 3857 tur.
621 3783 778 3838 Petro
807 3781 954 3836 enim
981 3781 1105 3836 ideo
1133 3781 1238 3836 hoc
1269 3779 1624 3852 singulariter
1653 3779 1909 3844 creditur,
1960 3781 2085 3851 quia

484 3869 696 3928 cunctis
725 3867 989 3926 Ecclesia
1020 3867 1323 3924 rectoribus
1350 3867 1497 3922 Petri
1528 3866 1702 3921 forma
1728 3867 2084 3938 praeponitur.

484 3959 666 4013 Manet
694 3972 826 4029 ergo
854 3957 999 4012 Petri
1026 3955 1395 4028 privilegium,
1439 3954 1749 4026 ubicunque
1797 3955 1970 4010 fertur
2019 3971 2085 4011 ex

484 4045 657 4118 ipsius
685 4045 938 4116 aequitate
963 4044 1245 4112 judicium.
1268 4045 1384 4099 Nec
1411 4042 1580 4098 nimia
1608 4051 1709 4108 est,
1742 4043 1826 4099 vel
1847 4045 2086 4100 serveri-

489 4143 594 4200 tas,
623 4134 714 4188 'vel
743 4133 1017 4198 remissio,
1053 4132 1146 4186 ubi
1175 4131 1308 4186 nihil
1339 4132 1583 4204 ligatum,
1630 4132 1762 4186 nihil
1807 4140 1887 4186 est
1935 4133 2087 4188 solu-

487 4231 620 4289 tum,
653 4222 756 4277 nisi
787 4222 932 4294 quod
964 4221 1154 4276 beatus
1185 4222 1398 4288 Petrus,
1429 4228 1523 4276 aut
1569 4220 1768 4291 ligarit.
1801 4229 1888 4276 aut
1905 4222 2088 4276 solve-

493 4312 582 4368 rit.
621 4331 643 4362 »
676 4311 814 4366 Hinc
843 4317 993 4366 certa
1025 4309 1466 4366 consideratione
1495 4309 1656 4364 datur
1691 4309 1919 4382 intelligi
1963 4311 2090 4382 quia

487 4401 543 4456 in
567 4399 864 4471 judicando
897 4413 1006 4456 non
1037 4408 1120 4454 est
1147 4397 1290 4453 Petri
1320 4397 1691 4469 privilegium,
1732 4397 1824 4452 ubi
1869 4413 1976 4453 non
2023 4415 2092 4454 ex

2187 2993 2289 3049 que
2309 2976 2574 3031 maledici
2590 2991 2826 3046 regnum
2846 2975 2946 3029 Dei
2954 2974 3320 3046 possidebunt
3341 2973 3396 3042 (1
3422 2973 3540 3027 Cor.
3561 2985 3637 3037 γι,
3670 2975 3784 3043 10).

2187 3064 2328 3118 Nam
2360 3064 2466 3118 sia
2496 3063 2736 3134 quolibet
2767 3077 2876 3116 non
2923 3060 3151 3116 fortasse
3199 3077 3266 3115 ex
3305 3060 3525 3130 malitia,
3575 3061 3673 3116 sed
3722 3077 3788 3116 ex

2111 3122 2384 3226 Clinguae
2411 3151 2650 3219 incuria,
2693 3149 3096 3206 maledictionis
3139 3150 3366 3205 verbum
3407 3148 3681 3219 jaculatur
3733 3149 3788 3202 in

2181 3242 2510 3313 proximum,
2543 3240 2686 3312 apud
2717 3239 3025 3294 districtum
3049 3238 3310 3307 judicem,
3336 3253 3491 3309 aquo
3509 3238 3576 3292 de
3605 3237 3788 3292 otioso

2182 3331 2354 3386 verbo
2385 3329 2527 3384 ratio
2557 3328 2612 3384 in
2653 3327 2742 3383 die
2785 3327 2977 3397 judicii
3011 3326 3274 3399 poscitur,
3325 3325 3652 3380 damnabilis
3701 3335 3789 3382 est

2183 3418 2274 3474 ille
2303 3431 2503 3486 sermo,
2540 3416 2632 3489 qui
2658 3415 2862 3470 malitia
2891 3431 3002 3471 non
3027 3423 3197 3479 caret,
3223 3422 3277 3470 et
3302 3414 3532 3485 pcnnalis
3562 3422 3644 3468 est
3663 3414 3780 3480 ille,

2184 3507 2275 3580 qui
2325 3507 2392 3562 ab
2450 3504 2696 3561 utilitatis
2739 3503 2978 3560 bonitate
3038 3511 3212 3570 vacat,
3277 3503 3617 3574 pensandum
3701 3511 3792 3558 est

2179 3610 2519 3672 magnopere
2549 3601 2753 3666 quanta
2782 3591 3255 3648 animadversione
3283 3591 3571 3662 plectenda
3601 3599 3683 3646 est
3717 3592 3786 3646 ab

2187 3684 2465 3755 episcopo,
2499 3684 2654 3752 cujus
2687 3697 2869 3738 sermo
2899 3697 3118 3750 semper
3147 3681 3286 3746 sale,
3317 3679 3372 3734 id
3394 3688 3474 3735 est
3494 3679 3788 3750 sapientia,

2185 3771 2438 3827 conditus
2466 3787 2588 3826 esse
2617 3769 2927 3842 praecipitur
2957 3770 3157 3841 (Catos.
3205 3784 3282 3837 ιν,
3332 3771 3408 3838 6),
3451 3767 3689 3837 jaculata
3733 3769 3791 3822 in

2185 3860 2495 3931 proximum
2525 3859 2738 3928 injuste:
2765 3857 3098 3931 alligationis
3129 3855 3634 3922 excommunicatio,
3661 3873 3789 3930 quae

2186 3948 2366 4020 potius
2395 3949 2640 4005 vocanda
2683 3954 2766 4002 est
2811 3946 3141 4002 maledictio.

2258 4046 2469 4101 XXIX.
2493 4047 2800 4118 Sequamur
2819 4044 2998 4116 itaque
3019 4044 3281 4100 Ecclesiae
3300 4051 3504 4098 sanctae
3520 4050 3789 4109 rectores,

2191 4152 2419 4208 quorum
2449 4136 2612 4190 dorsa
2641 4134 2901 4189 mentium
2934 4133 3159 4190 incudes
3189 4139 3313 4186 sunt
3343 4131 3625 4186 hominum
3655 4147 3790 4202 pec-

2190 4233 2455 4289 catorum,
2488 4223 2700 4279 dicente
2731 4221 3016 4277 Psalmista
3050 4239 3063 4276 :
3095 4222 3278 4293 Supra
3322 4221 3550 4276 dorsum
3595 4237 3799 4276 meum

2189 4314 2612 4384 fabricaverunt
2625 4315 2947 4384 peccatores
2969 4309 3475 4380 (Psal.cxxvm,3),
3499 4309 3554 4362 in
3567 4324 3800 4380 separa-

2190 4401 2333 4456 tione
2363 4416 2394 4455 a
2415 4400 2814 4466 communione,
2849 4405 2902 4453 et
2922 4397 3367 4454 reconciliatione
3414 4405 3794 4453 sacramento-

485 4489 658 4561 ipsius
688 4487 856 4544 fertur
885 4488 1138 4560 aequitate
1163 4487 1447 4556 judicium.
1480 4487 1579 4542 Est
1623 4485 1788 4556 igitur
1831 4487 2086 4558 prajudi-
2116 4481 2168 4540 D
2191 4507 2311 4545 rum
2344 4489 2561 4558 Christi,
2596 4503 2807 4544 sacrum
2837 4488 3120 4543 Nicmnum
3149 4487 3457 4552 concilium,
3491 4495 3541 4541 et
3590 4485 3797 4543 Africa:

489 4579 654 4645 cium,
685 4594 794 4634 non
819 4576 1100 4646 judicium,
1133 4575 1262 4648 quia
1307 4591 1414 4632 non
1453 4577 1578 4646 jure
1625 4575 1847 4645 dictum,
1897 4577 1952 4630 id
2009 4585 2091 4631 est

490 4683 598 4724 non
621 4667 845 4736 justitiae
866 4667 990 4740 lege
1011 4665 1301 4737 prolatum.
1321 4665 1388 4720 Et
1407 4665 1463 4720 S.
1487 4665 1784 4740 Gregorius
1811 4665 1995 4736 (hom.
2019 4669 2088 4723 26

489 4758 552 4811 in
586 4758 823 4825 Ezech.)
859 4773 872 4809 :
911 4777 932 4806 cr
971 4756 1128 4826 Saepe
1143 4753 1342 4826 agitur,
1373 4761 1428 4808 ut
1448 4754 1539 4826 qui
1555 4754 1728 4809 nescit
1749 4761 1932 4809 tenere
1965 4769 2088 4808 mo-

491 4843 772 4898 deramina
803 4843 926 4898 vitm
956 4859 1088 4909 sum,
1130 4843 1297 4912 judex
1345 4841 1468 4898 vitae
1517 4841 1610 4897 ﬁat
1659 4843 1869 4909 alienas,
1909 4851 1967 4897 ut
2003 4843 2088 4898 vel

495 4933 717 4987 damnet
745 4931 1065 4997 immeritos,
1100 4931 1188 4987 vel
1217 4930 1354 4986 alios
1383 4931 1500 5002 ipse
1528 4931 1729 5005 ligatus
1747 4932 1938 5000 solvat,
1964 4947 2088 4987 cum

494 5036 606 5075 suae
637 5019 928 5076 voluntatis
958 5029 1152 5086 motus,
1187 5035 1297 5075 non
1327 5027 1504 5075 autem
1555 5035 1848 5076 causarum
1897 5020 2090 5075 merita

496 5108 754 5181 sequitur.
789 5107 946 5164 Unde
974 5107 1034 5164 fit
1077 5117 1134 5163 ut
1176 5109 1292 5180 ipse
1339 5109 1440 5164 hac
1483 5108 1690 5181 ligandi
1735 5125 1800 5166 ac
1847 5109 2094 5165 solvendi

495 5206 759 5271 potestate
791 5213 848 5251 se
878 5195 1074 5267 privet,
1107 5197 1198 5268 qui
1227 5199 1364 5254 hanc
1393 5215 1494 5269 pro
1545 5199 1658 5253 suis
1706 5197 2090 5262 voluntatibus,

498 5295 551 5342 et
582 5302 689 5342 non
710 5301 812 5357 pro
853 5284 1220 5354 subjectorum
1261 5287 1508 5341 moribus
1545 5294 1780 5343 exercet.
1841 5287 2094 5342 Judicare

499 5373 645 5430 enim
674 5373 838 5446 digne
870 5373 940 5429 de
969 5372 1198 5428 subditis
1227 5383 1519 5446 nequeunt,
1580 5375 1673 5446 qui
1730 5375 1785 5430 in
1816 5375 2094 5445 subjecto-

506 5478 624 5518 rum
648 5462 827 5518 causis
854 5478 956 5518 sua
1002 5463 1088 5518 vel
1135 5462 1258 5518 odia
1324 5463 1409 5519 vel
1473 5463 1707 5536 gratiam
1775 5473 2090 5537 sequuntur.

502 5550 656 5609 Unde
687 5558 833 5607 recte
863 5567 960 5622 per
1015 5553 1334 5624 prophetam
1391 5551 1632 5609 dicitur:
1703 5551 2096 5608 Mortiﬁcabant

2188 4577 2482 4651 provinciae
2528 4593 2782 4641 canones,
2833 4576 3010 4631 Siricii
3057 4591 3292 4648 quoque,
3347 4582 3396 4630 et
3465 4576 3791 4642 Innocentii,

2190 4676 2349 4740 atque
2380 4666 2576 4721 Leonis
2605 4666 2846 4729 decreta,
2881 4673 2932 4719 et
2965 4664 3247 4735 epistolam
3268 4664 3439 4734 ipsius
3481 4663 3679 4718 Leonis
3721 4666 3796 4720 ad

2189 4755 2533 4810 Theodorum
2587 4753 3012 4822 Forojuliensem
3070 4753 3388 4824 episcopum
3450 4752 3640 4823 (epist.
3683 4753 3798 4812 59).

2193 4845 2300 4900 Sed
2322 4852 2375 4898 et
2401 4859 2562 4914 quem
2593 4843 2661 4897 de
2689 4841 3060 4897 ecclesiastico
3093 4842 3300 4904 ordine,
3354 4840 3796 4896 clarescentibus

2190 4931 2532 5006 gravioribus
2581 4930 2774 5001 culpis,
2799 4930 2976 5003 gradu
3025 4929 3378 5000 privaverint,
3409 4929 3799 4984 communione

2193 5020 2438 5091 corporis
2467 5027 2521 5074 et
2551 5018 2830 5091 sanguinis
2861 5017 3084 5085 Christi,
3153 5026 3211 5072 ut
3258 5033 3496 5072 canones
3534 5015 3798 5087 praefixa-

2192 5117 2333 5178 runt,
2367 5123 2474 5163 non
2504 5107 2732 5179 privent.
2767 5109 2893 5162 Haec
2923 5115 3006 5162 est
3036 5107 3202 5173 enim,
3239 5106 3516 5176 Scriptura
3553 5105 3797 5176 dicente,

2193 5198 2408 5253 directa
2438 5199 2546 5262 via,
2567 5198 2653 5252 ita
2671 5201 2736 5252 ut
2753 5197 2898 5252 recti
2917 5196 3210 5252 ambulent
3230 5195 3292 5250 in
3314 5210 3397 5262 ea,
3422 5199 3476 5250 et
3497 5210 3600 5249 nec
3623 5195 3800 5250 stulti

2195 5289 2385 5342 errent
2411 5301 2514 5358 per
2544 5301 2666 5341 eam
2699 5286 2828 5352 (Isa.
2852 5299 3034 5350 xxxv,
3069 5287 3144 5354 8).
3179 5284 3259 5338 De
3287 5283 3485 5352 injuste
3523 5282 3798 5354 siquidem

2195 5373 2804 5441 excommunicantibus,
2835 5373 2922 5429 vel
2949 5372 3451 5437 excommunicatis,
3477 5371 3606 5442 quid
3629 5371 3798 5426 etiam
3841 5355 3855 5364 ’

2193 5464 2282 5519 lex
2311 5463 2612 5518 Justiniana
2643 5462 2924 5525 decernat,
2966 5470 3200 5518 vestram
3249 5459 3575 5532 sapientiam
3621 5459 3798 5516 latere

2194 5567 2304 5607 non
2323 5559 2523 5623 potest.
