4088 6180
325 181 428 238 245

806 303 1148 361 EPISTOLA
1177 305 1434 362 XXXIII.

315 407 387 446 AD
406 407 704 447 EPISCOPOS
735 407 1053 448 RHEMENSIS
1085 409 1360 450 DICECESIS
1393 411 1464 450 ET
1497 412 1685 451 OMNES
1723 413 1935 452 ECCLE-

727 495 832 535 SIE
856 496 1136 536 REC’I‘ORES
1167 498 1238 536 ET
1266 498 1518 538 FIDELES.

387 568 664 624 Adversus
683 569 986 638 Odacrum,
1013 573 1177 641 cujus
1194 574 1854 630 cxcommunicatio-ncm

977 659 1254 726 noti/icat.

713 763 808 816 (Ex
834 763 941 808 Act.
977 772 1117 818 prov.
1149 763 1280 808 Eccl.
1312 763 1513 820 Rhem.)

389 852 720 906 HINCIARUS
749 851 1041 922 episcopus
1069 867 1134 908 ac
1165 853 1342 923 plebis
1386 854 1486 909 Dei
1517 854 1772 923 famulus,
1797 871 1919 912 cum

317 939 548 1011 collegis
577 940 779 994 nostris
801 941 1205 996 venerabilibus
1225 941 1530 998 dioeceseos
1582 944 1917 1000 Rbemorum

317 1027 612 1098 episcopis,
637 1029 889 1082 omnibus
910 1029 1172 1085 Ecclesia
1193 1039 1397 1087 sancta
1419 1032 1726 1087 rectoribus
1755 1041 1918 1105 atque

317 1114 590 1185 ﬁdelibus,
625 1117 694 1170 ad
723 1132 955 1188 quorum
983 1118 1224 1173 notitiam
1265 1119 1384 1176 hac
1431 1121 1714 1192 sequentia
1757 1131 1917 1193 pote-

314 1213 436 1258 runt
463 1204 789 1275 pervenire:
823 1214 880 1260 ut
911 1206 1145 1261 scientes
1179 1222 1211 1261 a
1234 1207 1453 1279 quibus,
1489 1217 1543 1262 et
1574 1209 1826 1280 qualiter,
1850 1225 1916 1266 ac

315 1293 585 1364 quotiens,
621 1301 675 1348 et
703 1309 800 1363 pro
823 1293 1018 1364 quibus
1049 1295 1365 1350 excessibus
1397 1295 1647 1353 Odacrus
1695 1297 1916 1354 invasor

313 1376 577 1430 Ecclesia:
589 1375 958 1443 Belvacensis,
975 1375 1335 1450 suffraganea
1346 1387 1548 1434 nostra
1577 1382 1910 1452 metrOpolis,

317 1463 382 1518 sit
409 1464 928 1531 excommunicatus,
952 1465 1022 1519 ab
1055 1466 1172 1534 ejus
1192 1468 1506 1537 perniciosa
1532 1470 1912 1525 communione

315 1568 373 1608 se
402 1560 655 1620 caveant,
685 1568 773 1617 ne,
810 1561 867 1606 ut
911 1553 1172 1624 scriptum
1232 1563 1334 1625 est,
1391 1556 1569 1628 picem
1627 1565 1912 1630 tangentes

1861 181 2234 239 EPISTOLE.

1940 309 1996 370 A
2025 307 2237 363 futurus
2258 308 2569 380 episcopus,
2605 309 2697 382 qui
2719 309 2886 366 sacris
2916 311 3218 368 canonibus
3275 327 3387 368 non
3441 312 3625 370 valeat

2029 406 2266 474 obviare,
2292 413 2344 460 et
2373 422 2497 461 cum
2525 407 2748 462 decreto
2802 408 3144 482 singulorum
3173 410 3420 466 manibus
3449 411 3622 466 robo-

2031 502 2146 548 rato
2201 493 2271 548 ad
2327 495 2802 565 metropolitanum
2860 505 2914 551 et
2965 505 3197 553 cateros
3260 498 3624 570 provinciales

2027 581 2334 652 episcopos.
2359 583 2478 653 ipso
2497 583 2864 640 interventore
2880 585 3173 655 mediante,
3193 587 3521 658 perducatur
3555 588 3626 642 ad

2024 669 2442 736 ordinationem,
2475 680 2527 726 et
2569 671 2648 727 sic
2707 673 2980 728 communi
3041 682 3360 730 cunctorum
3405 675 3626 732 decreto

2023 757 2349 824 rationabili,
2407 767 2462 814 et
2517 760 2818 815 secundum
2871 761 3125 832 regulam
3188 763 3621 820 ecclesiasticam

2020 846 2393 916 comprobato,
2429 849 2728 902 secundum
2751 857 3005 920 quartum
3053 858 3107 904 et
3141 857 3352 906 sextum
3397 851 3612 922 capitu-

2019 934 2130 988 lum
2147 935 2392 1006 mystica
2421 936 2614 1006 synodi
2670 937 2926 1004 Nicana,
2985 946 3038 993 et
3078 939 3236 1007 juxta
3301 939 3624 996 vicesimum

2019 1031 2270 1094 quartum
2299 1023 2590 1093 capitulum
2655 1025 2978 1080 Antiocheni
3039 1027 3270 1082 concilia
3312 1028 3616 1094 ordinetur,

2018 1111 2156 1166 sicut
2186 1120 2238 1166 et
2267 1120 2488 1166 sanctus
2508 1111 2812 1186 Gregorius
2858 1113 3128 1170 multoties
3157 1115 3210 1170 in
3241 1124 3457 1188 regesto
3515 1133 3616 1172 suo

2017 1199 2282 1255 decernit.
2317 1199 2468 1268 Quos
2497 1217 2684 1256 sacros
2715 1217 2952 1256 canones
2974 1201 3239 1270 Odacrus,
3272 1205 3492 1260 invasor
3519 1221 3616 1276 per

2016 1296 2231 1343 exteras
2250 1295 2547 1358 potestates
2568 1289 2801 1344 viduata
2821 1290 3163 1346 Belvacensis
3184 1293 3448 1357 ecclesia,
3482 1308 3614 1348 con-

2014 1385 2263 1432 temnens
2291 1385 2452 1449 atque
2481 1377 2806 1433 conculcans
2837 1393 2936 1448 pro
2973 1379 3140 1434 nihilo
3197 1380 3364 1446 duxit,
3422 1389 3474 1435 et
3497 1381 3613 1450 jam

2011 1465 2134 1536 plus
2185 1481 2349 1536 quam
2401 1481 2602 1520 annum
2659 1483 2929 1537 usurpans
2954 1507 2968 1535 ,
3029 1483 3125 1522 sua
3181 1468 3460 1546 tyrannica
3521 1469 3615 1525 de-

2012 1553 2309 1608 vestatione
2365 1554 2706 1623 captivatam,
2768 1562 2960 1610 contra
3064 1571 3320 1629 magnum
3378 1556 3610 1612 Chalce-

311 1639 666 1712 iuquinentur
695 1640 764 1694 ab
793 1656 875 1704 ea,
909 1648 962 1695 et
991 1641 1108 1696 ovis
1137 1643 1406 1712 morbida,
1431 1644 1539 1699 nisi
1590 1647 1911 1716 quantocius
1931 1669 1985 1728 B
2015 1641 2257 1698 donense
2289 1642 2576 1698 concilium
2608 1651 2987 1698 sexcentorum
3029 1644 3251 1716 triginta
3287 1653 3340 1699 et
3391 1661 3459 1700 eo
3488 1660 3611 1700 am—

313 1744 347 1783 a
373 1743 505 1783 sano
531 1744 710 1803 grege
738 1727 902 1784 fuerit
931 1737 1199 1800 separata,
1233 1732 1434 1788 multos
1451 1749 1552 1788 suo
1570 1734 1762 1788 morbo
1791 1734 1910 1789 infi-

317 1817 440 1872 ciat.
457 1827 474 1838 ‘

379 1906 420 1960 Ι.
455 1905 607 1960 Sicut
627 1905 792 1978 longe
821 1913 946 1962 ante
973 1907 1296 1978 pradictum
1316 1917 1400 1964 est
1428 1926 1459 1964 a
1491 1911 1606 1965 Deo
1631 1927 1732 1981 per
1754 1912 1910 1966 Psal-

311 1994 558 2050 mistam:
587 1995 910 2050 Convallem
951 1997 1446 2054 tabernaculorum
1459 1999 1906 2071 dimetiar(Psal.

312 2083 588 2150 cvu,)hoc
619 2091 720 2150 est,
754 2091 811 2138 ut
833 2084 1085 2140 catholici
1114 2085 1366 2141 doctores
1393 2088 1644 2158 produnt,
1685 2088 1909 2144 univer-

309 2187 428 2225 sum
459 2171 654 2226 orbem
685 2179 969 2241 terrarum,
995 2173 1088 2244 qui
1118 2175 1275 2229 vallis
1302 2175 1779 2232 tabernaculorum
1808 2193 1909 2248 pro

306 2259 633 2315 habitaculis
661 2275 952 2332 corporum
979 2261 1157 2318 dictus
1207 2271 1308 2330 est,
1372 2264 1535 2319 etiam
1591 2265 1909 2337 priusquam

305 2348 550 2402 Christus
571 2349 774 2404 mundo
804 2365 902 2420 per
931 2350 1365 2408 incarnationem
1395 2351 1655 2422 illuxerit,
1688 2353 1908 2408 dimen-

309 2452 427 2490 sum
455 2435 625 2491 fuisse
656 2437 912 2510 legimus,
961 2454 1125 2510 quam
1163 2439 1558 2496 dimensionem
1621 2442 1904 2498 habemus.

305 2525 370 2578 Et
398 2533 618 2594 post,ut
647 2525 776 2580 item
791 2527 909 2597 ipse
920 2527 1202 2598 pracepit,
1258 2530 1608 2600 Distribuite,
1632 2529 1904 2603 inquiens,

309 2613 496 2668 domos
527 2615 1070 2685 ejus(Psal.x1.vn),
1093 2617 1346 2673 videlicet
1362 2617 1689 2673 universalis
1715 2620 1907 2675 Eccle-

305 2702 400 2758 sia
431 2711 545 2758 toto
575 2710 845 2758 terrarum
876 2704 1010 2758 orbe
1031 2703 1263 2772 diffusa,
1287 2722 1385 2777 per
1401 2707 1770 2762 custodiarum
1801 2725 1906 2780 pa-

307 2791 527 2846 rochias
557 2791 864 2847 distinctam
893 2795 1300 2866 cognoscimus,
1358 2812 1522 2867 quam
1583 2797 1746 2850 etiam
1793 2797 1906 2852 dis-

302 2878 622 2935 tinctionem
650 2880 937 2935 habemus.
969 2881 1125 2937 Unde
1181 2883 1324 2938 sacri
1384 2899 1642 2952 canones,
1708 2885 1905 2955 spiritu

309 2967 407 3023 Dei
438 2968 662 3032 conditi,
697 2978 750 3022 et
781 2969 944 3024 totius
973 2971 1161 3025 mundi
1206 2972 1516 3026 reverentia
1574 2975 1900 3038 consecrati,

305 3056 605 3112 decernunt
624 3056 866 3113 dicentes
883 3057 1063 3129 (conc.
1092 3059 1376 3128 Antioch.,
1397 3075 1466 3114 an
1486 3063 1608 3129 341,
1641 3079 1768 3118 can.
1795 3065 1850 3132 9)
1887 3081 1900 3117 ε

309 3166 329 3194 ‹
362 3146 467 3199 Per
497 3145 742 3217 singulas
776 3145 1033 3218 regiones
1085 3147 1375 3218 episcopos
1432 3151 1684 3204 convenit
1740 3167 1904 3206 nosse

302 3233 777 3302 metropolitanum
796 3233 1112 3304 episcopum
1141 3235 1556 3292 sollicitudinem
1588 3238 1747 3292 totius
1777 3255 1904 3309 pro-

301 3319 494 3376 vincia
523 3336 735 3392 gerere,
766 3342 788 3370 ν
815 3330 868 3376 et
913 3323 1122 3395 reliqua
1167 3340 1288 3395 qua
1341 3324 1544 3380 ibidem
1577 3335 1896 3398 sequuntur.

306 3409 371 3462 Et
403 3417 629 3464 sanctus
657 3408 966 3465 Bonifacius
988 3428 1144 3482 papa,
1179 3413 1480 3483 explanans
1511 3422 1722 3468 sextum
1754 3415 1902 3486 capi-

304 3496 473 3550 tulum
505 3499 752 3568 msytica
779 3499 1018 3556 Nicana
1047 3501 1258 3572 synodi,
1307 3517 1405 3572 per
1460 3518 1622 3573 quam
1679 3511 1901 3558 sanctus

303 3585 538 3656 Spiritus
587 3593 670 3640 est
701 3587 912 3642 locutus
958 3587 1034 3642 ait
1068 3605 1080 3641 :
1136 3611 1156 3635 α
1193 3589 1592 3660 Metropolitani
1651 3591 1732 3645 sui
1762 3607 1902 3646 una-

304 3691 534 3744 quaque
563 3677 842 3744 provincia
871 3675 927 3729 in
985 3677 1238 3731 omnibus
1284 3679 1452 3732 rebus
1507 3679 1901 3736 ordinationem

305 3777 492 3832 sempe
503 3779 531 3816 ι·
561 3772 856 3834 exspectet.
899 3789 918 3813 η

373 3851 438 3904 ΙΙ.
467 3851 698 3922 Pr0pter
715 3867 815 3909 nos
837 3862 1017 3909 autem
1035 3855 1300 3924 homines,
1323 3863 1375 3911 et
1399 3865 1622 3928 prepter
1660 3865 1901 3913 nostram

301 3939 558 4006 salutem,
590 3941 862 3996 mediator
891 3943 986 3997 Dei
1017 3951 1070 3997 et
1129 3944 1408 3998 hominum
1441 3947 1603 4000 homo
1653 3947 1898 4001 Christus
1927 3971 1948 3986 ο

297 4027 457 4082 Iesus
485 4029 553 4082 ad
586 4029 832 4084 homines
859 4031 1020 4085 dixit:
1064 4033 1183 4088 Non
1249 4050 1374 4088 sum
1412 4035 1620 4090 missus
1686 4036 1802 4090 nisi
1830 4037 1902 4090 ad

300 4131 423 4172 oves
437 4134 560 4190 qua
567 4121 867 4190 perierunt
879 4119 1074 4174 domus
1087 4121 1260 4176 Israel
1274 4122 1482 4192 (Matth
1503 4165 1541 4188 .,
1561 4123 1649 4183 15)
1673 4143 1690 4189 ;
1708 4123 1900 4179 etitem

299 4203 430 4260 dicit
454 4207 553 4259 :Et
573 4207 719 4260 alias
743 4222 866 4262 oves
880 4208 1066 4273 habeo,
1084 4225 1332 4280 quamon
1356 4215 1497 4265 sunt
1513 4227 1588 4266 ex
1609 4213 1710 4266 hoc
1757 4213 1895 4268 ovili

304 4297 358 4346 et
379 4294 514 4348 illas
527 4297 744 4365 oportet
763 4312 852 4350 me
866 4295 1162 4362 adducere,
1177 4301 1235 4352 et
1246 4314 1431 4353 vocem
1444 4315 1628 4354 meam
1641 4300 1896 4367 audient,

2017 1729 2158 1800 plius
2189 1731 2566 1800 episcOporum
2592 1773 2606 1798 ,
2639 1732 2785 1802 quod
2801 1731 3048 1802 pracipit
3097 1732 3234 1788 intra
3281 1739 3394 1787 tres
3448 1747 3609 1786 men-

2015 1834 2104 1873 ses
2131 1819 2510 1873 ordinationes
2538 1819 2916 1889 episcoporum
2938 1820 3209 1876 celebrari
3220 1820 3399 1890 (conc.
3452 1821 3612 1877 Chal-

2013 1908 2155 1974 ced.,
2217 1922 2340 1962 can.
2371 1909 2482 1976 25).
2543 1908 2665 1961 Non
2714 1923 2976 1962 reverens
3029 1908 3271 1964 divinum
3319 1909 3604 1978 judicium,

2012 2011 2114 2051 nec
2143 2011 2382 2066 pensans
2412 2003 2672 2066 quantum
2714 1996 3017 2066 periculum
3073 1997 3160 2062 sit,
3214 1997 3338 2070 quia
3384 1997 3437 2052 in
3485 2013 3612 2068 pro-

2013 2083 2153 2138 xime
2211 2083 2538 2154 praecedenti
2591 2099 2762 2140 cana
2817 2084 3116 2141 Dominica
3149 2085 3257 2152 die,
3331 2085 3486 2139 multi
3533 2085 3603 2140 ab

2011 2171 2203 2227 Odone
2263 2171 2522 2242 episcopo
2577 2188 2676 2242 pro
2729 2173 2963 2243 publicis
3017 2173 3333 2228 criminibus
3361 2173 3416 2227 in
3494 2190 3601 2244 pu-

2010 2260 2153 2315 blica
2172 2259 2492 2330 poenitentia
2536 2260 2828 2327 constituti,
2889 2261 3036 2333 quod
3091 2261 3196 2316 nisi
3226 2262 3297 2316 ab
3346 2261 3606 2332 episcopo

2009 2347 2124 2403 ﬁeri
2154 2349 2296 2416 licet,
2315 2349 2431 2403 sine
2461 2349 2902 2404 reconciliatione
2930 2357 2981 2404 et
3011 2350 3392 2405 communione
3438 2364 3600 2406 sacra

2008 2445 2293 2508 gementes
2341 2445 2740 2506 remanserunt,
2775 2437 2957 2509 quanti
3012 2438 3130 2492 sine
3185 2438 3448 2494 canonico
3507 2438 3604 2492 ba-

2007 2525 2206 2596 ptismo
2235 2533 2288 2579 et
2329 2525 2628 2596 episcopali
2684 2525 3100 2598 consignatione
3156 2527 3330 2581 relicti
3359 2525 3597 2590 fuerunt,

2007 2615 2223 2686 quantis
2251 2613 2643 2668 rusticanarum
2672 2614 3050 2684 parochiarum
3071 2615 3125 2668 in
3153 2622 3304 2669 tanto
3350 2623 3601 2684 tempore

2005 2701 2338 2773 presbyteris
2369 2700 2658 2768 defunctis,
2692 2703 2929 2772 ipsarum
2957 2703 3332 2772 parochiarum
3385 2701 3604 2773 parvuli

2008 2791 2124 2845 sine
2153 2789 2424 2860 baptismo
2452 2789 2632 2860 perire
2660 2797 2972 2860 potuerunt,
3009 2791 3195 2862 quanti
3223 2790 3346 2856 viri,
3380 2799 3596 2862 quanta

2006 2878 2240 2944 femina,
2275 2878 2391 2933 sine
2411 2877 2853 2934 reconciliatione
2883 2887 2936 2934 et
2994 2879 3134 2935 sacri
3189 2878 3294 2934 olei
3347 2879 3600 2934 unctione

2007 2976 2171 3038 atque
2196 2975 2386 3022 sancta
2415 2967 2814 3036 communione,
2851 2975 2905 3022 et
2935 2967 3051 3022 sine
3073 2983 3264 3024 eorum
3293 2967 3600 3023 animarum

2005 3073 2106 3128 per
2124 3055 2396 3110 orationes
2427 3056 2702 3110 solemnes
2745 3056 3214 3112 commendatione
3235 3057 3302 3111 de
3357 3057 3458 3111 isto
3490 3072 3598 3112 sa-

2005 3145 2130 3199 culo
2158 3143 2434 3198 exierunt.
2468 3145 2668 3199 Contra
2698 3145 2854 3212 cujus
2901 3145 3166 3200 diutinam
3197 3145 3596 3216 pervasionem,

2005 3233 2144 3288 ultra
2174 3233 2463 3287 terminum
2492 3232 2843 3287 constitutum
2872 3248 2905 3286 a
2943 3232 3170 3303 prafato
3227 3247 3430 3306 magno
3461 3248 3598 3288 con-

2004 3321 2147 3387 cilio,
2182 3321 2356 3376 sancti
2385 3320 2504 3390 Dei,
2533 3337 2633 3392 per
2659 3336 2798 3391 quos
2829 3329 3050 3376 sanctus
3083 3321 3316 3392 Spiritus
3373 3337 3435 3375 ea
3483 3337 3604 3391 qua

2003 3409 2077 3462 ibi
2109 3417 2234 3462 sunt
2263 3408 2489 3463 ditiinita
2518 3409 2781 3473 decrevit,
2829 3417 2882 3463 et
2933 3409 3042 3476 jam
3100 3425 3224 3464 cum
3282 3409 3498 3464 Christo
3546 3407 3602 3462 in

2003 3497 2143 3554 calo
2164 3504 2419 3570 regnant,
2451 3496 2769 3550 terribiliter
2811 3497 3063 3566 clamant,
3084 3513 3178 3552 eos
3205 3497 3293 3568 qui
3329 3497 3448 3552 ausi
3494 3495 3604 3552 fue-

2004 3587 2248 3656 rintpost
2278 3583 2650 3640 diﬁinitionem
2681 3600 2900 3657 magna
2944 3594 2997 3640 ct
3067 3585 3388 3640 universalis
3440 3585 3602 3652 hujus

2003 3674 2195 3744 synodi
2234 3674 2527 3745 quidquam
2558 3689 2623 3726 ex
2653 3672 2738 3726 his
2792 3690 2914 3745 qua
2944 3683 3070 3728 sunt
3098 3673 3360 3744 prohibiti
3412 3689 3602 3744 perpe-

2003 3770 2167 3828 trare,
2201 3761 2443 3817 decrevit
2473 3768 2654 3816 sancta
2679 3762 2920 3832 synodus
2951 3779 2982 3816 a
3021 3761 3243 3834 proprio
3292 3761 3604 3830 hujusmodi

2001 3851 2175 3924 gradu
2203 3851 2476 3905 recedere.
2510 3850 2576 3904 Et
2599 3858 2819 3905 sanctus
2848 3851 3152 3922 Gregorius
3179 3851 3248 3905 ad
3294 3850 3602 3906 Gallicanos

2003 3939 2288 4010 episcopos
2321 3939 2568 3994 scribens
2597 3941 2665 3994 de
2693 3939 3003 4007 hujusmodi
3024 3941 3321 4010 impostore
3347 3940 3466 4009 (lib.
3490 3955 3588 4004 vn,

2002 4030 2168 4101 epist.
2207 4029 2330 4099 110)
2362 4047 2376 4082 :
2413 4051 2434 4076 «
2471 4031 2632 4093 Dum,
2666 4029 2856 4100 inquit,
2891 4045 3000 4084 non
3017 4029 3253 4086 ofﬁcium
3277 4030 3375 4085 sed
3405 4045 3604 4084 nomen

2001 4117 2246 4182 attendit,
2281 4117 2542 4172 sacerdos
2572 4133 2678 4173 non
2712 4133 2853 4183 esse,
2888 4118 2986 4172 sed
3064 4119 3173 4174 dici
3223 4117 3594 4173 tantummodo

2000 4205 2232 4260 inaniter
2258 4205 2608 4275 concupiscit.
2637 4204 2796 4272 Quod
2827 4205 2972 4260 sisic
3004 4205 3150 4272 licet,
3186 4207 3314 4278 quid
3354 4222 3454 4277 per
3501 4207 3607 4261 hoc

2000 4293 2144 4348 aliud
2161 4293 2356 4364 agitur,
2402 4293 2507 4347 nisi
2553 4301 2609 4347 ut
2655 4293 2798 4347 nulla
2855 4293 2924 4348 de
2967 4302 3086 4350 actu
3144 4295 3414 4365 probatio.
3457 4294 3603 4348 nulla

305 4385 358 4435 et
376 4383 480 4450 ﬁet
498 4399 681 4437 unum
698 4385 860 4453 ovile,
875 4388 933 4438 et
955 4401 1103 4440 unus
1117 4386 1530 4458 pastor(.loan.,
1549 4392 1628 4456 χ).
1649 4389 1897 4442 Sanctam
1929 4377 1978 4435 D
2001 4381 2307 4436 sollicitudo
2336 4381 2406 4436 de
2451 4382 2718 4446 moribus,
2769 4381 2914 4435 nulla
2981 4381 3049 4435 sit
3083 4382 3266 4436 devita
3288 4382 3556 4436 discussio
3577 4383 3604 4437 ?

301 4469 606 4541 designans
637 4471 942 4526 Ecclesiam
991 4489 1054 4527 ex
1086 4473 1499 4530 circumcisione
1527 4491 1591 4532 ac
1631 4477 1899 4548 praputio

300 4558 400 4612 sub
434 4575 493 4614 se
523 4567 744 4629 pastore
767 4576 918 4624 vero,
953 4561 1045 4632 qui
1083 4563 1259 4632 posuit
1305 4563 1540 4618 animam
1598 4581 1748 4618 suam
1797 4582 1898 4636 pro

297 4648 490 4702 ovibus
507 4648 642 4714 suis,
679 4649 799 4718 ipso
831 4650 1082 4720 angulari
1097 4651 1275 4720 lapide
1304 4653 1618 4707 uniendam.
1644 4654 1723 4708 De
1747 4654 1896 4722 cujus

300 4744 506 4790 sancta
537 4736 804 4791 Ecclesia
846 4737 975 4792 ovili
1018 4739 1162 4793 idem
1193 4739 1322 4795 dicit
1359 4759 1370 4794 :
1420 4741 1523 4808 Qui
1569 4757 1681 4796 non
1712 4743 1899 4797 intrat

295 4840 397 4895 per
422 4826 638 4880 ostium
660 4827 722 4880 in
750 4825 892 4881 ovile
905 4829 1111 4892 ovium,
1128 4827 1226 4884 sed
1255 4831 1512 4884 ascendit
1534 4830 1786 4895 aliunde,
1805 4831 1896 4887 hic

296 4914 393 4980 fur
420 4917 509 4968 est
548 4917 604 4968 et
635 4913 783 4968 latro
813 4914 1022 4984 (Joan.,
1066 4919 1175 4985 10).
1227 4915 1472 4984 Qualiter
1503 4925 1683 4972 autem
1710 4927 1762 4973 et
1791 4933 1900 4990 quo

296 5001 488 5056 ordine
518 5000 752 5072 quisque
779 5002 848 5056 ad
881 5003 1038 5072 hujus
1068 5004 1240 5060 sancti
1271 5005 1430 5060 ovilis
1460 5007 1781 5073 custodiam,
1842 5007 1897 5060 id

296 5097 375 5142 est
405 5090 476 5144 ad
498 5089 751 5160 regimen
779 5099 981 5146 sancta
1010 5093 1257 5148 ecclesia
1276 5095 1544 5150 accedere
1577 5111 1641 5149 ac
1666 5095 1897 5166 provehi

295 5177 508 5243 debeat,
545 5178 686 5233 sacri
715 5193 955 5234 canones
976 5187 1226 5250 patenter
1255 5183 1568 5237 ostendunt.
1633 5183 1896 5238 Videlicet

299 5274 352 5320 ut
376 5282 598 5338 operam
629 5267 795 5322 dante
854 5267 1218 5324 interventore
1265 5271 1577 5341 constituto,
1637 5272 1900 5343 episcopo

295 5364 510 5424 pastore
543 5355 783 5410 viduata
813 5356 1076 5422 ecclesia,
1111 5366 1164 5411 et
1203 5374 1233 5412 a
1256 5359 1402 5414 clero
1447 5368 1499 5414 et
1528 5376 1558 5414 a
1588 5360 1766 5430 plebe,
1805 5377 1899 5416 se-

299 5445 534 5500 cundum
563 5444 928 5517 apostolicam
959 5453 1012 5500 et
1031 5445 1349 5502 canonicam
1381 5447 1634 5516 formam,
1667 5449 1902 5522 eligatur

1996 4471 2075 4524 Ex
2107 4485 2216 4542 qua
2247 4485 2323 4534 re,
2359 4469 2404 4523 si
2427 4478 2575 4524 recte
2604 4469 2908 4524 libraminis
2935 4469 3335 4525 examinatione
3393 4485 3599 4539 pense-

1999 4567 2104 4623 tur,
2137 4559 2266 4612 dum
2289 4558 2537 4630 improbe
2567 4558 2634 4613 ad
2664 4558 2879 4614 inanem
2895 4558 3130 4630 gloriam
3166 4557 3347 4613 locum
3387 4557 3604 4612 festinat

1997 4647 2239 4701 utilitatis
2267 4647 2533 4717 arripere,
2593 4663 2657 4702 eo
2713 4647 2832 4716 ipso
2884 4647 3061 4719 magis
3113 4647 3258 4718 quod
3333 4646 3596 4700 honorem

1999 4735 2193 4806 quarit
2245 4735 2502 4807 indignus
2561 4743 2662 4790 est.
2705 4735 2850 4790 Sicut
2895 4743 3076 4790 autem
3113 4735 3160 4788 is
3202 4733 3294 4804 qui
3343 4733 3602 4789 invitatus

1999 4833 2200 4897 renuit,
2235 4833 2493 4904 quasitus
2522 4831 2743 4904 refugit,
2769 4831 2939 4887 sacris
2969 4839 3050 4886 est
3080 4829 3342 4885 altaribus
3401 4831 3598 4886 admo-

1999 4921 2228 4987 vendus,
2255 4921 2334 4976 sic
2363 4921 2454 4992 qui
2483 4921 2622 4974 ultro
2651 4919 2838 4986 ambit,
2869 4919 2955 4973 vel
2985 4919 3298 4990 importune
3329 4935 3390 4974 se
3433 4918 3592 4990 iuge-

2001 5008 2090 5077 rit,
2125 5016 2206 5063 est
2261 5008 2453 5079 procul
2495 5007 2860 5078 repellendus.
2913 5008 3054 5061 Nam
3108 5007 3202 5080 qui
3261 5007 3340 5063 sic
3404 5007 3590 5062 nititur

2001 5097 2072 5150 ad
2103 5097 2299 5151 altiora
2328 5097 2720 5160 conscendere,
2753 5095 2882 5167 quid
2912 5096 3027 5168 agit
3047 5095 3154 5150 nisi
3179 5105 3238 5150 ut
3290 5097 3589 5153 crescendo

2002 5185 2306 5246 decrescat,
2342 5193 2394 5238 et
2421 5184 2769 5239 ascendendo
2817 5185 3054 5240 exterius
3096 5185 3322 5240 interius
3381 5185 3438 5238 in
3474 5199 3603 5254 pro-

2003 5273 2231 5328 fundum
2261 5273 2608 5328 descendat?
2633 5294 2656 5322 ι

2070 5363 2136 5416 Il.
2171 5362 2593 5416 Idemsanctum
2624 5376 2992 5433 magnumque
3025 5361 3314 5417 concilium
3359 5361 3606 5416 decrevit

2000 5451 2180 5521 (conc.
2238 5449 2519 5516 Chalced.,
2554 5465 2672 5505 can.
2724 5453 2856 5520 25):
2893 5451 3016 5506 «'Ut
3073 5449 3282 5504 reditus
3371 5449 3616 5506 viduata

3526 189 3631 245 ate
3713 258 3728 265 ,
