4004 6176
436 294 544 353 247

1470 283 1811 344 IIINCMARI
1848 281 2248 343 RHEMENSIS
2282 280 2836 340 ARCHIEPISCOPI.

3639 289 3740 344 2&8

447 415 698 474 ecclesiae
723 430 896 488 penes
914 425 1258 472 oeconomum
1289 411 1533 484 ejusdem
1553 411 1800 468 ecclesiae
1828 411 2042 484 integre
2071 408 2128 470 A
2147 410 2396 466 ctoritate
2428 410 2780 479 intendimus,
2813 409 2868 464 in
2897 409 3003 462 hac
3032 398 3314 480 tyrannica
3371 410 3578 468 Odacri
3617 427 3745 483 per-

447 513 862 572 conserventur,
892 527 914 554 »
937 519 1077 577 quos
1092 503 1383 575 praedictus
1411 501 1631 556 invasor
1660 500 1910 556 Odacrus
1931 499 2046 554 sine

445 593 558 650 ulla
584 593 786 650 divinae
824 593 966 666 legis
1007 591 1315 648 reverentia
1357 605 1619 662 usurpare
1674 589 2040 661 praesumpsit.

449 681 797 754 Quapropter
811 697 935 738 cum
955 679 1078 736 aliis
1103 679 1414 750 hujusmodi
1444 677 1935 750 praesumptoribus
1971 677 2042 732 ab

449 771 646 828 eodem
675 779 865 826 sancto
893 777 944 825 et
974 785 1178 842 magno
1207 767 1440 824 concilio
1466 766 1802 839 percellitur,
1853 775 1912 820 ut
1955 765 2049 838 qui

451 860 568 915 ausi
597 859 797 916 fuerint
823 865 948 930 post
975 857 1352 914 diffinitionem
1381 871 1598 927 magnae
1627 863 1681 910 et
1721 854 2048 911 universalis

448 948 607 1017 hujus
636 947 829 1020 synodi
855 947 1148 1018 quidquam
1181 962 1246 1000 ex
1287 945 1373 1000 his
1427 960 1548 1018 quia
1601 951 1726 999 sunt
1779 943 2047 1014 prohibita

448 1045 790 1110 perpetrare,
823 1035 1062 1092 decrevit
1083 1042 1274 1091 sancta
1295 1033 1542 1106 synodus
1563 1047 1595 1088 a
1613 1032 1838 1105 proprio
1867 1031 2048 1102 hujus-

445 1125 594 1182 modi
627 1125 798 1196 gradu
827 1124 1108 1180 recedere.
1576 1159 1590 1170 -

521 1215 614 1269 IV.
639 1213 913 1282 Odacrus,
937 1213 1128 1268 relicto
1147 1205 1518 1268 ecclesiastico
1533 1211 1739 1280 judicio
1769 1217 1825 1266 et
1860 1223 2046 1266 sacro-

449 1318 572 1358 rum
604 1317 877 1358 canonum
905 1299 1241 1370 diﬁ‘mitione,
1265 1316 1366 1372 per
1381 1301 1697 1356 saecularem
1723 1306 2046 1370 potestatem

448 1391 670 1447 invasor
699 1405 886 1446 rerum
917 1399 968 1445 et
981 1389 1292 1444 facultatum
1323 1388 1820 1445 ecclesiasticarum
1848 1387 2047 1443 Belva-

449 1479 632 1536 censis
679 1477 962 1543 Ecclesiae,
1010 1493 1129 1548 quae
1187 1479 1484 1532 secundum
1568 1491 1753 1533 sacras
1827 1475 2046 1548 regulas

447 1565 750 1623 oblationes
769 1566 1122 1638 appellantur,
1167 1567 1290 1638 quia
1342 1565 1574 1622 Domino
1621 1564 1942 1633 olferuntur,
1995 1571 2049 1618 et

449 1663 580 1711 vota
625 1663 750 1709 sunt
806 1653 1067 1720 fidelium,
1117 1669 1184 1710 ac
1247 1654 1425 1725 pretia
1463 1661 1832 1724 peccatorum,
1888 1661 2047 1724 atque

2148 499 2373 554 vasione
2424 500 2670 555 vacantis
2727 499 2976 556 ecclesiae
3045 499 3372 557 invenimus.
3450 501 3746 572 Apostolus

2149 603 2384 658 namque
2413 587 2576 643 dicit:
2611 589 2883 657 Avaritia,
2916 607 3039 664 qua:
3069 595 3155 647 est
3185 590 3466 645 idolorum
3500 591 3745 645 servitus

2147 675 2376 746 (Coloss.
2409 678 2512 743 ιιι).
2547 678 2613 733 Et
2641 678 2835 733 beatus
2867 679 3167 753 Gregorius
3193 679 3427 750 loquens
3456 679 3526 733 de
3561 685 3744 732 tenta-

2148 763 2291 818 tione
2311 764 2594 820 Dominica
2633 765 2687 818 in
2719 767 3005 837 Evangelii
3052 766 3297 836 homilia,
3330 773 3384 822 et
3411 766 3585 821 altera
3617 782 3749 820 sen-

2147 853 2312 908 tentia
2339 851 2544 923 prazfati
2571 855 2808 925 apostoli
2837 855 3075 911 ostendit
3113 853 3398 911 avaritiam
3456 870 3583 909 esse
3636 870 3750 910 non

2148 940 2325 995 solum
2355 941 2620 1011 pecuniae,
2673 942 2772 997 sed
2819 943 2980 1007 etiam
3002 943 3319 1000 altitudinis.
3378 943 3447 998 Et
3497 942 3751 997 Odacrus

2146 1028 2368 1084 invasor
2387 1030 2631 1084 vacantis
2661 1031 2929 1099 ecclesiae,
2955 1032 3079 1105 quia
3113 1032 3418 1088 secundum
3461 1045 3750 1087 sacrorum

2147 1134 2415 1174 canonum
2431 1119 2720 1186 tramitem,
2755 1121 2824 1174 ad
2853 1129 3170 1192 provectum
3203 1120 3530 1192 episcopalis
3593 1120 3751 1175 ordi-

2147 1207 2252 1272 nis,
2286 1215 2462 1262 utres
2493 1214 2544 1260 et
2594 1206 2872 1264 facultates
2916 1209 3088 1280 ipsius
3128 1209 3376 1265 ecclesiae
3419 1207 3751 1280 possideret,

2144 1297 2260 1349 Deo
2275 1295 2478 1363 judice,
2527 1297 2816 1368 pervenire
2867 1314 2973 1352 non
3011 1297 3228 1363 meruit,
3282 1313 3384 1368 per
3423 1297 3752 1352 saecularem

2145 1391 2467 1454 potestatem
2500 1385 2654 1456 prius
2684 1402 2774 1440 res
2821 1395 2873 1441 et
2917 1385 3224 1442 facultatem
3281 1385 3456 1456 ipsius
3499 1385 3755 1442 ecclesiae

2148 1472 2388 1538 vacantis
2417 1464 2666 1542 Obtinuit,
2699 1483 2758 1529 ut
2787 1474 2928 1530 saltu
2949 1490 3168 1546 quoquo
3229 1474 3393 1530 modo
3440 1475 3510 1529 ad
3556 1474 3753 1528 altitu-

2147 1561 2328 1616 dinem
2359 1563 2686 1633 episcOpalis
2716 1563 2950 1618 nominis
2977 1563 3308 1634 perveniret,
3367 1571 3421 1618 et
3485 1563 3753 1618 sacerdos

2147 1665 2256 1705 non
2287 1667 2428 1719 esse,
2461 1651 2558 1704 sed
2588 1650 2693 1706 dici
2735 1653 3104 1707 tantummodo
3134 1651 3366 1706 inaniter
3413 1651 3750 1722 concupivit.

449 1743 776 1814 patrimonia
803 1758 1122 1814 pauperum,
1146 1744 1262 1815 ipse
1290 1743 1344 1796 in
1394 1759 1453 1798 se
1508 1741 1868 1797 damnationis
1925 1756 2050 1796 sen—
2075 1739 2272 1826 BNon
2303 1740 2604 1804 attendens,
2658 1741 2782 1811 quia
2811 1740 2887 1795 sic
2947 1740 3018 1795 ab
3073 1739 3193 1811 ipso
3232 1740 3467 1806 Christo,
3528 1755 3752 1794 summo

450 1831 674 1888 tentiam
715 1831 992 1900 jaculavit,
1035 1832 1162 1904 quia
1195 1833 1334 1888 sicut
1365 1839 1584 1888 sanctus
1613 1831 1722 1888 Leo
1752 1845 1892 1901 papa
1923 1844 2046 1885 cum

451 1921 700 1976 Romana
727 1920 936 1992 synodo
963 1919 1212 1976 diﬁinivit
1248 1921 1435 1993 (epist.
1461 1921 1574 1990 ¹96)
1599 1938 1610 1972 ;
1641 1941 1662 1970 α
1727 1918 2046 1989 Quicunque

452 2009 552 2064 sub
581 2009 773 2080 regula
811 2008 990 2080 positi,
1045 2009 1236 2066 relicto
1291 2009 1665 2066 ecclesiastico
1715 2007 1941 2077 judicio,
1977 2007 2046 2061 ad

447 2097 750 2169 patrocinia
806 2096 1069 2154 laicorum
1089 2098 1404 2166 convolare,
1439 2107 1492 2153 et
1515 2098 1722 2167 judicia
1739 2111 1928 2154 eorum
1960 2111 2048 2151 ex-

449 2195 660 2258 petere,
693 2194 747 2242 et
774 2187 1142 2257 praetermisso
1173 2188 1458 2244 sacerdote
1516 2204 1630 2244 suae
1649 2189 1914 2260 ecclesiae,
1978 2189 2045 2244 ad

450 2275 902 2346 disceptationem
921 2275 1266 2331 saecularium
1282 2277 1549 2343 venerint,
1569 2278 2043 2352 sacrisliminibus,

453 2363 510 2418 id
537 2370 622 2418 est
653 2363 719 2416 ab
749 2363 995 2418 ecclesiae
1023 2363 1184 2418 aditis
1213 2365 1430 2434 expelli,
1470 2372 1522 2420 et
1549 2381 1580 2419 a
1610 2365 1818 2421 coelesti
1875 2371 2049 2424 arceri

454 2450 668 2519 altario,
703 2449 759 2506 id
788 2459 870 2506 est
896 2467 926 2506 a
957 2466 1185 2522 corpore
1218 2452 1546 2524 etsanguine
1579 2454 1778 2508 Christi
1807 2460 2049 2528 separari

452 2539 727 2608 jubentur.
754 2561 776 2588 »
795 2541 1116 2596 Etcanones
1129 2541 1271 2596 sacri
1282 2540 1546 2596 diffiniunt
1561 2541 1740 2612 (conc.
1764 2546 2043 2613 Antioch.,

457 2643 574 2693 can,
607 2630 664 2691 2)
699 2645 712 2683 :
750 2652 771 2674 ει
809 2631 875 2685 Ut
905 2628 1131 2699 quilibet
1176 2629 1381 2700 regulae
1426 2630 1710 2698 subjectus
1763 2633 2044 2701 Ecclesiae,

453 2724 651 2788 praeter
677 2717 962 2774 consilium
993 2725 1046 2773 et
1067 2711 1275 2790 litteras
1305 2719 1684 2790 episcoporum
1735 2723 2044 2791 provinciae,

453 2813 506 2862 et
535 2807 809 2878 praecipue
824 2807 1248 2878 metropolitani,
1269 2808 1464 2862 adierit
1477 2807 1884 2879 imperatorem,
1905 2813 2050 2869 hunc

455 2895 738 2964 reprobari
767 2903 820 2951 et
849 2895 1009 2964 abjici
1029 2905 1302 2966 oportere,
1335 2912 1444 2952 non
1500 2898 1671 2952 solum
1720 2915 1754 2954 a
1807 2916 2048 2956 commu-

456 2983 640 3052 nione,
658 2999 846 3038 verum
877 2991 930 3038 et
970 2983 1038 3038 ab
1072 2985 1277 3040 honore
1311 2985 1464 3054 cujus
1519 2987 1789 3058 particeps
1836 2989 2051 3045 videtur

457 3071 708 3126 existere.
736 3096 756 3118 ι»
779 3073 846 3126 Et
875 3080 1095 3128 sanctus
1123 3073 1341 3128 Hilarus
1370 3089 1510 3146 papa
1540 3074 1594 3128 in
1615 3075 1850 3132 decretis
1897 3079 2044 3134 suis:

2149 1827 2422 1898 pontiﬁce,
2447 1843 2510 1882 ac
2538 1843 2672 1900 rege
2695 1845 2908 1901 regum,
2942 1837 3068 1883 sunt
3104 1829 3360 1884 distincta
3413 1836 3756 1900 potestatum

2145 1915 2340 1981 ofﬁcia,
2375 1923 2433 1971 ut
2462 1916 2721 1986 spiritalis
2748 1917 2888 1972 actio
2909 1933 2938 1971 a
2967 1917 3280 1972 carnalibus
3310 1917 3532 1973 distaret
3563 1918 3756 1974 incur-

2143 2004 2316 2073 sibus,
2350 2013 2399 2059 et
2429 2005 2721 2060 militantes
2747 2007 2863 2062 Deo
2883 2005 3104 2060 minime
3125 2022 3184 2060 se
3222 2006 3457 2082 negotiis
3508 2008 3752 2062 saecula-

2145 2093 2297 2148 ribus
2327 2093 2686 2164 implicarent,
2721 2109 2786 2150 ac
2816 2094 3056 2150 vicissim
3072 2110 3180 2150 non
3215 2094 3292 2150 illi
3323 2095 3488 2150 rebus
3544 2093 3754 2150 divinis

2146 2181 2442 2252 praesidere
2459 2183 2793 2248 viderentur,
2815 2183 2908 2254 qui
2929 2193 3113 2238 essent
3128 2182 3362 2254 negotiis
3384 2183 3750 2238 saecularibus

2145 2269 2421 2340 implicati.
2471 2271 2540 2324 Et
2579 2272 2867 2326 smeulares
2913 2271 3016 2326 viri
3047 2272 3394 2327 sacerdotum
3433 2272 3748 2343 penderent

2139 2359 2362 2427 judicio,
2395 2375 2504 2414 non
2526 2359 2838 2415 sacerdotes
2869 2359 2936 2414 ad
2965 2376 3122 2415 suam
3173 2361 3434 2415 deberent
3487 2361 3752 2432 redigere

2145 2447 2508 2502 voluntatem:
2543 2456 2595 2502 et
2617 2449 2931 2504 sacerdotes
2954 2448 3294 2504 saecularium
3318 2447 3522 2518 judicia
3554 2449 3750 2506 discu-

2145 2544 2342 2603 terent,
2393 2551 2502 2591 non
2549 2545 2732 2592 autem
2785 2537 3078 2593 saeculares
3120 2537 3470 2593 sacerdotum
3534 2538 3750 2606 judicia

2145 2625 2515 2694 molestarent,
2551 2625 2688 2681 sicut
2708 2625 2896 2682 littera
2917 2626 3171 2681 divinitus
3217 2626 3496 2696 inspirata)
3558 2629 3750 2682 mani-

2145 2712 2281 2768 feste
2310 2714 2701 2789 demonstrant,
2736 2723 2790 2770 et
2814 2714 3200 2770 Constantinus
3228 2730 3459 2786 magnus
3499 2715 3751 2786 impera-

2147 2809 2230 2856 tor
2258 2802 2311 2855 in
2338 2803 2560 2859 Niczeno
2587 2803 2820 2858 concilio
2851 2820 2910 2858 se
2955 2803 3173 2858 illorum
3224 2803 3443 2872 judiciis
3500 2804 3750 2860 subdens

2147 2890 2400 2946 ostendit.
2434 2891 2530 2945 His
2558 2891 2723 2964 igitur
2753 2893 2827 2946 ita
2855 2908 2914 2948 se
2944 2891 3286 2957 habentibus,
3347 2892 3601 2948 Odacrus
3645 2909 3753 2964 per

2148 2979 2424 3034 avaritiam
2455 2989 2507 3034 et
2538 2980 2836 3034 altitudinis
2856 3023 2870 3046 ,
2903 2990 2952 3036 et
3012 2979 3494 3051 possessionis,'in
3546 2997 3758 3052 parvae

2149 3069 2302 3136 sione
2332 3068 2576 3124 vacantis
2609 3069 2856 3124 ecclesiae
2910 3069 3198 3124 idololatra
3243 3085 3365 3124 esse
3414 3071 3746 3126 ostenditur.

461 3181 484 3207 (ι
519 3160 643 3214 Non
673 3160 866 3225 minus,
899 3161 1073 3233 inquit
1099 3161 1155 3216 in
1185 3122 1492 3218 δεηοιαῖιιιῑι
1519 3163 1866 3220 "editionum
1943 3167 2044 3222 de-
2077 3122 2250 3212 Cl’er
2279 3157 2501 3228 Moysen
2531 3159 2599 3213 de
2637 3158 2870 3214 Domino
2930 3159 3159 3213 dicitur:
3213 3160 3278 3215 In
3331 3159 3574 3215 dextera
3623 3163 3751 3231 ejus

453 3246 715 3320 linquitur
743 3249 1070 3316 sanctiones,
1095 3265 1256 3322 quam
1305 3251 1361 3305 in
1404 3251 1658 3321 injuriam
1712 3253 1882 3325 ipsius
1937 3256 2046 3310 Do-

456 3335 591 3392 mini
628 3337 925 3408 prosilitur.
965 3362 987 3387 n
1037 3339 1424 3396 Schismaticus
1477 3341 1664 3414 igitur,
1725 3343 1797 3397 ab
1843 3343 2045 3400 unitate

441 3425 706 3482 Ecclesiae
734 3443 837 3499 per
861 3443 1146 3484 sacrorum
1166 3443 1432 3484 canonum
1461 3438 1850 3502 contemptum,
1895 3434 1986 3504 qui
2014 3451 2045 3488 a

443 3523 635 3572 sancto
672 3523 798 3572 sunt
825 3517 1024 3588 Spiritu
1037 3517 1240 3574 conditi
1256 3527 1310 3575 et
1336 3519 1502 3576 totius
1517 3520 1707 3576 mundi
1739 3523 2045 3578 reverentia

447 3605 770 3671 censecrati,
805 3605 1046 3678 seipsum
1129 3607 1404 3674 scindens,
1465 3608 1592 3664 licet
1650 3607 1791 3666 forte
1849 3611 2044 3668 eodem

449 3693 619 3760 cultu,
653 3695 845 3750 eodem
877 3695 979 3751 ritu
1007 3696 1197 3752 credat
1223 3705 1281 3750 ut
1311 3697 1579 3765 catholici,
1611 3697 1668 3752 in
1684 3699 1831 3754 malo
1861 3707 2043 3755 tamen

450 3798 552 3838 suo
595 3799 696 3853 per
741 3784 1092 3854 cupiditatem
1138 3793 1324 3840 manet
1369 3785 1731 3842 damnationis
1794 3787 2040 3845 dissidio.

449 3871 727 3939 Quantum
765 3879 947 3927 autem
1002 3873 1071 3928 sit
1111 3874 1315 3928 malum
1371 3875 1654 3928 dissidium
1713 3876 2038 3946 schismatis,

449 3967 672 4014 sanctus
693 3960 1028 4032 Augustinus
1061 3961 1118 4016 in
1145 3962 1288 4017 libro
1326 3962 1395 4017 de
1425 3963 1698 4034 Baptismo
1753 3980 1820 4020 ex
1877 3967 2043 4023 sacris

447 4047 785 4102 demonstrat
815 4048 1106 4119 Scripturis
1123 4049 1226 4106 hoc
1279 4051 1480 4106 modo:
1519 4075 1540 4099 «
1583 4052 1706 4108 Non
1753 4052 2042 4110 offeramus

446 4137 676 4185 steteras
689 4131 940 4202 dolosas,
972 4133 1064 4188 ubi
1111 4134 1480 4205 appendamus
1501 4137 1645 4208 quod
1675 4137 1944 4206 volumus,
1989 4147 2044 4194 et

448 4220 725 4290 quomodo
755 4221 1027 4288 volumus,
1061 4237 1162 4294 pro
1181 4223 1403 4278 arbitrio
1432 4231 1618 4280 nostro
1669 4225 1912 4282 dicentes
1938 4229 2042 4284 hoc

444 4324 637 4382 grave,
670 4310 774 4365 hoc
809 4309 930 4366 leve
961 4319 1061 4374 est,
1092 4312 1190 4367 sed
1219 4311 1512 4368 efferamus
1532 4313 2038 4372 divinamstateram

443 4397 512 4454 de
541 4397 830 4469 Scripturis
861 4399 1064 4456 sanctis
1085 4409 1344 4474 tanquam
1367 4403 1435 4458 de
1466 4403 1738 4460 thesauris
1781 4406 2034 4461 Domini-

2145 3247 2311 3317 ignea
2342 3247 2435 3302 lex
2457 3248 2640 3314 (Deut.
2672 3248 2904 3316 χχχιιι).
2941 3270 2963 3294 α
2992 3245 3308 3312 In'sinistra,
3331 3247 3510 3318 inquit
3529 3249 3750 3320 Grego-

2145 3333 2276 3400 rius,
2309 3335 2531 3404 reprobi
2588 3335 2680 3407 qui
2737 3345 2791 3390 et
2846 3336 2915 3390 ad
2973 3336 3248 3391 sinistram
3292 3336 3534 3406 ponendi
3596 3345 3743 3404 sunt,

2145 3423 2370 3478 dextera
2390 3431 2570 3478 autem
2618 3423 2717 3479 Dei
2773 3423 3114 3496 appellantur
3161 3423 3339 3480 electi.
3401 3425 3463 3478 In
3510 3425 3740 3482 dextera

2143 3525 2278 3585 ergo
2309 3511 2410 3567 Dei
2437 3513 2525 3567 lex
2553 3513 2714 3584 ignea
2734 3521 2836 3578 est,
2870 3512 2995 3584 quia
3015 3513 3172 3568 electi
3204 3512 3458 3568 mandata
3495 3515 3746 3570 co‘lestia

2140 3615 2484 3672 nequaquam
2514 3599 2716 3674 frigido
2749 3602 2915 3657 corde
2943 3601 3184 3670 audiunt,
3219 3601 3320 3657 sed
3347 3602 3418 3656 ad
3439 3603 3561 3658 haec
3582 3619 3744 3658 amo-

2141 3689 2217 3744 ris
2246 3689 2417 3744 intimi
2445 3689 2654 3745 facibus
2683 3691 3062 3745 inardescunt.
3102 3714 3122 3739 »
3143 3692 3210 3746 Et
3240 3691 3533 3762 Apostolus
3577 3692 3741 3748 dicit:

2140 3779 2288 3833 Deus
2317 3782 2507 3834 noster
2535 3781 2685 3850 ignis
2705 3795 3038 3835 consumens
3059 3783 3144 3834 est
3167 3779 3350 3850 (Hebr.
3374 3780 3503 3848 xu);
3533 3788 3588 3835 et
3636 3781 3748 3836 Do-

2142 3865 2341 3922 minus:
2365 3869 2556 3938 Ignem
2585 3869 2714 3923 veni
2730 3869 2958 3923 mittere
2987 3869 3051 3922 in
3084 3872 3318 3934 terram,
3353 3872 3408 3922 et
3439 3868 3573 3940 quid
3620 3870 3743 3925 volo

2115 3956 2258 4014 .m'si
2285 3959 2350 4010 ut
2369 3956 2568 4011 ardeat
2603 3955 2796 4026 ?(Luc.
2819 3958 2944 4025 xu).
2965 3957 3154 4026 Ignem
3173 3957 3438 4014 Dominus
3454 3955 3510 4010 in
3539 3963 3744 4012 terram

2141 4042 2318 4109 mittit,
2350 4059 2472 4100 cum
2494 4043 2671 4099 adlata
2719 4044 2952 4114 Spiritus
2995 4045 3168 4100 sancti
3205 4045 3370 4100 corda
3439 4045 3744 4101 carnalium

2135 4131 2393 4188 incendit.
2463 4132 2698 4203 Spiritus
2728 4133 2896 4205 igitur
2925 4139 3147 4188 sanctus
3179 4133 3321 4205 ignis
3349 4141 3453 4190 est.
3486 4135 3555 4189 Et
3596 4137 3747 4192 sacri

2141 4235 2396 4288 canones,
2427 4220 2565 4276 sicut
2586 4221 2838 4295 legimus,
2875 4230 3064 4278 saneto
3093 4229 3219 4277 sunt
3249 4222 3447 4293 Spiritu
3515 4223 3742 4292 conditi,

2141 4325 2279 4381 quos
2309 4309 2560 4365 Odacrus
2615 4309 2823 4366 facibus
2882 4327 2992 4366 suae
3038 4310 3348 4382 cupiditatis
3417 4327 3740 4379 succensus,

2140 4413 2266 4454 cum
2293 4413 2400 4454 non
2430 4415 2527 4469 per
2554 4399 2852 4469 spiritalem
2884 4398 3314 4454 ecclesiasticam
3371 4400 3743 4464 traditionem.

441 4486 540 4554 cis,
573 4495 628 4542 et
654 4487 711 4542 in
747 4487 837 4542 illa
890 4488 1018 4561 quid
1086 4489 1154 4544 sit
1207 4491 1433 4562 gravius
1463 4495 1860 4564 appendamus,
1921 4495 2030 4552 imo
2053 4483 2106 4544 D
2135 4487 2232 4542 sed
2262 4503 2362 4558 per
2387 4488 2658 4543 carnalem
2689 4487 2872 4543 saeculi
2901 4496 3223 4559 potestatem
3249 4495 3407 4558 pasto
3427 4505 3484 4543 re
3533 4505 3746 4546 vacan-

438 4592 548 4632 non
576 4577 974 4648 appendamus,
1005 4577 1103 4632 sed
1133 4594 1166 4634 a
1194 4579 1431 4634 Domino
1471 4596 1712 4653 appensa
1753 4598 2030 4656 recogno-

438 4680 672 4721 scamus.
705 4666 968 4736 Tempore
986 4665 1112 4742 illo,
1135 4683 1242 4740 quo
1273 4668 1534 4724 Dominus
1577 4671 1778 4740 prioria
1831 4673 2029 4729 delicta

436 4754 748 4808 recentibus
774 4769 1056 4825 poenarum
1085 4755 1348 4826 exemplis
1393 4759 1638 4812 cavenda
1687 4762 2026 4831 monstravit,

438 4847 494 4894 et
519 4839 724 4895 idolum
743 4841 1061 4900 fabricatum
1091 4852 1255 4916 atque
1274 4845 1558 4900 adoratum
1587 4854 1690 4914 est,
1713 4855 1766 4902 et
1793 4850 2032 4920 prephe-

435 4925 575 4982 ticus
589 4927 729 4983 liber
744 4929 828 4984 ira
845 4932 994 5004 regis
1005 4933 1394 5005 contemptoris
1415 4933 1698 5001 incensus;
1725 4943 1776 4992 et
1792 4937 2030 4994 schisma

437 5023 724 5082 tentatum,
756 5017 1058 5075 idololatria
1077 5023 1262 5093 gladio
1291 5023 1478 5094 punita
1505 5031 1608 5092 est,
1642 5025 1850 5081 exustio
1905 5027 2028 5082 libri

434 5103 630 5162 bellica
659 5105 810 5161 caede
845 5115 898 5162 et
925 5111 1216 5182 peregrina
1245 5113 1576 5184 captivitate,
1608 5114 1850 5170 schisma
1877 5115 2028 5171 hiatu

435 5201 592 5250 terrae
614 5193 841 5265 sepultis
870 5198 1177 5254 auctoribus
1225 5201 1382 5266 vivis,
1441 5209 1493 5257 et
1550 5203 1762 5258 caeteris
1818 5204 2027 5260 ccelesti
2072 5231 2082 5244 -

426 5281 555 5352 igne
586 5283 940 5354 consumptis,
975 5285 1098 5356 quis
1121 5287 1233 5355 jam
1255 5290 1578 5348 dubitaverit
1603 5293 1708 5349 hoc
1737 5309 1860 5348 esse
1909 5309 2028 5350 sce-

429 5370 648 5427 leratius
679 5372 1051 5439 commissum,
1087 5375 1231 5447 quod
1257 5385 1338 5433 est
1365 5380 1582 5450 gravius
1612 5381 1982 5438 vindicatum?
2000 5405 2020 5433 ιι

429 5457 564 5527 Quae
592 5461 692 5514 tria
720 5463 913 5533 gravia
945 5463 1256 5531 commissa,
1291 5473 1345 5521 et
1361 5483 1466 5522 non
1483 5469 1590 5525 levi
1605 5471 1886 5541 punitione
1907 5472 2028 5527 vin-

2133 4583 2241 4630 tem
2271 4576 2563 4631 ecclesiam
2610 4575 2908 4647 usurpavit,
2985 4575 3244 4647 Spiritum
3303 4585 3555 4633 sanctum
3632 4597 3743 4651 quo

2134 4664 2262 4720 facti
2293 4672 2418 4719 sunt
2447 4664 2650 4720 conditi
2697 4680 2955 4732 canones,
3021 4665 3354 4722 reclamante
3409 4665 3697 4737 Scriptura
3729 4682 3743 4722 :

2130 4753 2600 4825 Spiritumnolite
2630 4755 3000 4825 exstinguere
3030 4754 3080 4824 (Ι
3113 4754 3297 4810 Thess.
3359 4755 3448 4818 ν).
3482 4763 3748 4826 quantum

2129 4857 2196 4896 ex
2215 4840 2336 4912 ipso
2378 4850 2457 4897 est
2487 4841 2838 4914 exstinguere
2892 4843 3218 4912 procuravit,
3251 4851 3302 4897 et
3362 4843 3746 4899 auctoritatem

2133 4946 2414 4986 sacrorum
2443 4946 2732 4994 canonum,
2754 4947 2824 4986 ne
2843 4929 3056 5001 vigeret
3099 4931 3154 4986 in
3203 4930 3438 4988 ecclesia
3459 4947 3559 4987 sua
3623 4948 3744 4988 mo-

2130 5018 2316 5074 litione
2347 5019 2499 5091 quasi
2526 5020 2820 5076 incendere
2857 5019 3153 5076 attentavit.
3215 5019 3356 5089 Quia
3413 5037 3545 5076 vero
3619 5038 3742 5077 cum

2133 5115 2412 5172 catholica;
2450 5116 2654 5171 unitate
2700 5115 2980 5182 Ecclesiae,
3033 5132 3065 5170 a
3138 5133 3246 5188 quo
3303 5125 3529 5188 propter
3612 5133 3744 5174 suos

2133 5219 2392 5260 excessus
2417 5204 2556 5262 sicut
2585 5205 2920 5260 ostendimus
2947 5211 3002 5260 et
3057 5205 3114 5260 in
3141 5206 3410 5278 reliquum
3467 5207 3734 5262 ostende-

2129 5309 2270 5358 mus,
2304 5302 2387 5348 est
2428 5293 2940 5360 excommunicatus,
3002 5309 3189 5350 sacros
3243 5309 3482 5351 canones
3572 5296 3742 5352 totius

2129 5381 2316 5436 mundi
2347 5383 2652 5439 reverentia
2681 5390 3030 5438 consecratos
3061 5398 3171 5438 non
3188 5383 3452 5455 sequitur,
3500 5384 3643 5440 sicut
3671 5400 3738 5440 ex

2127 5471 2514 5543 suprascriptis
2529 5471 2696 5528 sacris
2716 5471 2997 5528 sententiis
3014 5471 3401 5538 manifestatur,
3468 5472 3737 5529 schisma-

429 5547 676 5616 dicanda,
697 5549 744 5605 si
772 5551 1066 5622 diligenter
1098 5561 1408 5610 sanctarum
1465 5557 1865 5630 Scripturarum
1922 5575 2025 5616 au-
2116 5559 2261 5615 ticus
2292 5575 2414 5616 esse
2443 5560 2630 5631 negari
2661 5576 2770 5616 non
2799 5568 2996 5632 potest,
3032 5561 3171 5618 sicut
3201 5568 3419 5617 sanctus
3467 5563 3734 5634 Augusti-
