4088 6180
295 297 399 354 εις

1786 289 2159 351 ΕΡΙΞΤΟΙιιΕ.

3497 297 3604 354 250

300 437 404 476 nus
433 420 490 476 in
519 426 752 478 tractatu
778 419 1064 494 Evangelii
1093 417 1392 476 secundum
1421 419 1687 476 Joannem
1714 417 1969 479 osten-A
1999 417 2102 486 sis,
2167 417 2303 474 sicut
2367 418 2529 474 etiam
2595 418 2869 476 solemnes
2935 419 3210 477 orationes
3275 420 3599 478 universalis

302 511 397 565 dit.
436 531 458 559 ι
493 510 791 580 Habemus,
825 509 1096 582 inquiens,
1130 517 1374 566 sanctum
1407 509 1664 582 Spiritum
1693 507 1738 562 si
1759 522 1900 563 ama-

301 615 422 653 mus
450 597 780 664 Ecclesiam,
811 613 1058 652 amamus
1087 606 1284 663 autem,
1319 599 1366 653 si
1395 599 1452 653 in
1489 597 1606 668 ejus
1635 611 1900 669 compage

301 695 353 742 et
379 687 646 742 charitate
675 687 1041 744 consistimus.
1081 708 1102 736 ι
1137 688 1204 742 Et
1236 687 1292 742 in
1330 685 1559 758 epistola
1589 685 1804 744 concilii
1833 685 1901 740 ad

303 775 611 830 Donatistas
645 793 659 830 :
715 796 738 826 α
770 775 1031 848 Quisquis
1080 792 1113 830 a
1159 777 1430 832 catholica
1472 775 1716 832 Ecclesia
1743 774 1900 830 fuerit

301 871 605 935 separatus,
655 864 1046 936 quantumlibet
1095 863 1442 919 laudabiliter
1470 881 1529 920 se
1572 865 1753 920 vivere
1781 865 1900 919 exi-

301 952 500 1017 stimet,
531 953 639 1008 hoc
669 952 788 1007 solo
823 952 1032 1008 scelere
1061 953 1206 1024 quod
1235 969 1268 1008 a
1317 953 1514 1008 Christi
1551 952 1754 1008 unitate
1783 951 1900 1006 dis-

295 1041 514 1110 junctus
543 1049 647 1110 est,
681 1056 791 1096 non
834 1040 1054 1096 habebit
1098 1041 1280 1106 vitam,
1333 1042 1431 1096 sed
1475 1042 1555 1096 ira
1594 1040 1693 1096 Dei
1723 1049 1902 1096 manet

299 1145 464 1200 super
491 1145 638 1185 eum.
691 1129 949 1200 Quisquis
996 1138 1176 1184 autem
1220 1130 1276 1184 in
1319 1131 1418 1186 hac
1465 1130 1717 1186 Ecclesia
1761 1131 1900 1186 bene

300 1218 513 1282 vixerit,
568 1218 700 1272 nihil
748 1217 800 1274 ei
849 1218 1202 1288 praejudicant
1247 1219 1426 1274 aliena
1468 1228 1708 1290 peccata.
1761 1219 1902 1286 Quia

299 1309 682 1380 unusquisque
709 1307 766 1360 in
795 1321 862 1361 ea
886 1309 1180 1379 proprium
1197 1325 1340 1364 onus
1363 1309 1612 1381 portabit
1642 1308 1786 1378 (Gal.
1821 1307 1898 1380 v),

299 1395 438 1450 sicut
467 1395 600 1450 dicit
641 1395 952 1466 Apostolus.
1005 1397 1076 1450 Et
1123 1397 1442 1469 quicunque
1490 1397 1551 1451 in
1603 1413 1669 1452 ea
1700 1413 1901 1469 corpus

310 1485 521 1540 Christi
549 1485 984 1540 manducauerit
1012 1485 1260 1556 indigne,
1285 1487 1570 1556 judicium
1599 1487 1704 1541 sibi
1731 1503 1901 1540 man-

303 1573 470 1628 ducat
502 1577 560 1626 et
593 1573 728 1628 bibit
759 1573 811 1642 (I
835 1573 956 1628 Cor.
987 1573 1094 1643 ιι).
1119 1573 1254 1626 Cum
1289 1573 1434 1627 enim
1464 1573 1592 1628 dicit
1615 1573 1903 1645 judicium

304 1662 403 1715 sibi
431 1660 765 1727 manducat,
815 1661 947 1715 satis
997 1661 1232 1716 ostendit
1281 1661 1408 1732 quia
1438 1678 1549 1716 non
1575 1661 1730 1717 alteri
1752 1661 1902 1731 judi-

2000 504 2262 562 Ecclesia:
2308 507 2364 561 in
2420 507 2508 562 die
2551 509 2723 565 sancti
2768 524 3100 581 parasceves
3146 518 3333 582 aperte
3363 503 3596 566 d'emon-

2002 601 2195 660 strant,
2229 604 2498 652 annuente
2544 596 2774 653 veritate
2821 599 3110 654 ostendere
3161 599 3593 670 procurabimus,

2002 683 2126 756 quia
2177 699 2279 739 nec
2334 699 2366 739 a
2421 685 2770 741 damnatione
2827 687 3136 744 simoniaca:
3189 689 3460 743 haereseos
3517 696 3600 742 est

2002 771 2274 829 immunis.
2308 774 2573 830 Dominus
2601 775 2732 830 dicit
2771 775 2826 830 in
2855 775 3160 849 Evangelia
3199 777 3268 832 de
3298 775 3597 850 largiendis

2003 861 2176 918 sacris
2228 862 2512 918 ordinibus
2555 881 2568 917 :
2611 863 2800 920 Gratis
2856 866 3172 937 accepistis,
3231 867 3410 937 gratis
3467 866 3598 920 date

2003 950 2220 1021 (Matth.
2254 951 2340 1016 χ).
2377 971 2399 1000 α
2435 951 2784 1018 Praesciebat,
2829 951 3003 1024 inquit
3051 954 3244 1008 beatus
3273 953 3594 1026 Gregorius,

1947 1045 1959 1053 '
2001 1039 2292 1094 nonnullos
2346 1041 2449 1095 hoc
2503 1041 2680 1110 ipsum
2736 1041 2939 1096 donum
2992 1041 3200 1112 accepti
3259 1042 3486 1112 Spiritus
3543 1043 3598 1096 in

2001 1143 2156 1182 usum
2185 1127 2570 1201 negotiationis
2599 1128 2900 1197 inﬂectere,
2934 1139 2986 1186 et
3030 1130 3412 1186 miraculorum
3441 1129 3603 1203 signa

2003 1217 2074 1272 ad
2105 1217 2344 1272 avaritiae
2383 1217 2708 1290 obsequium
2752 1216 3047 1274 declinare.
3093 1220 3230 1275 Hinc
3276 1227 3358 1273 est
3415 1219 3594 1285 enim,

2003 1305 2150 1376 quod
2181 1305 2366 1360 Simon
2399 1322 2595 1379 magus
2641 1323 2742 1378 per
2785 1307 3180 1378 impositionem
3227 1324 3418 1363 manus
3457 1307 3600 1362 edita

2001 1393 2266 1450 miracula
2331 1393 2693 1464 conspiciens,
2752 1394 3035 1466 percipere
3112 1396 3314 1450 donum
3373 1395 3602 1466 Spiritus

2005 1483 2178 1539 sancti
2206 1483 2436 1554 pecunia
2465 1482 2652 1549 voluit,
2713 1483 2919 1540 scilicet
2963 1489 3019 1538 ut
3063 1484 3300 1539 deterius
3341 1484 3601 1540 venderet

2005 1572 2152 1642 quod
2206 1572 2349 1626 male
2398 1580 2792 1642 comparasset.
2844 1571 2999 1627 Unde
3047 1572 3187 1627 bene
3234 1589 3357 1628 cum
3397 1574 3599 1642 justum

2003 1661 2179 1715 virum
2206 1659 2541 1716 describeret
2568 1662 2837 1732 propheta
2857 1661 2931 1714 ait
2955 1678 2969 1714 :
3008 1662 3112 1730 Qui
3141 1665 3365 1718 excutit
3394 1678 3604 1717 manus

301 1748 440 1804 cium
470 1749 786 1814 manducat,
823 1749 921 1803 sed
952 1749 1073 1816 sibi,
1126 1750 1254 1822 quia
1297 1750 1604 1805 communio
1634 1751 1900 1806 malorum
1929 1774 1983 1834 B
2005 1766 2136 1805 suas
2165 1750 2230 1805 ab
2261 1753 2416 1805 omni
2437 1749 2786 1822 munere(ls.
2810 1751 3044 1820 xxxm).
3066 1751 3257 1822 Neque
3280 1751 3425 1806 enim
3450 1749 3596 1817 dicit,

301 1852 405 1891 non
431 1837 675 1892 maculat
704 1836 943 1908 aliquem
972 1837 1385 1908 participatione
1415 1848 1897 1906 sacramentorum,

300 1925 392 1980 sed
424 1941 708 1980 consensu
755 1924 1035 1980 factorum.
1077 1927 1215 1980 Nam
1245 1927 1290 1980 si
1321 1927 1376 1981 in
1424 1927 1578 1982 factis
1606 1927 1764 1982 malis
1793 1943 1901 1983 non

301 2014 377 2067 eis
410 2014 646 2084 quisque
676 2013 1000 2084 consentiat,
1033 2023 1218 2086 portat
1237 2015 1413 2070 malus
1429 2031 1648 2072 causam
1681 2033 1832 2072 suam
1850 2025 1903 2072 et

301 2117 596 2174 personam
644 2118 814 2168 suam,
873 2119 983 2158 non
1037 2102 1351 2174 praejudicat
1409 2105 1584 2172 alteri,
1638 2122 1798 2178 quem
1846 2105 1902 2160 in

305 2191 671 2246 consensione
699 2191 826 2246 mali
856 2191 1036 2263 Operis
1057 2193 1266 2248 socium
1281 2209 1390 2248 non
1410 2194 1572 2272 habet
1601 2194 1896 2250 criminis.»

305 2279 408 2348 Qui
439 2295 570 2334 vero
601 2296 667 2335 ex
699 2295 1025 2352 quocunque
1058 2289 1220 2350 statu,
1252 2283 1340 2337 vel
1357 2299 1683 2356 quocunque
1713 2284 1900 2339 ordine

299 2367 577 2422 schismati
608 2368 724 2437 ejus
753 2367 958 2435 favent,
993 2371 1270 2424 attendant
1289 2379 1338 2424 et
1365 2372 1676 2442 appendant
1705 2372 1902 2426 difﬁni-

301 2457 498 2511 tionem
535 2457 848 2528 apostolicae
877 2457 1043 2524 sedis,
1077 2475 1242 2530 quam
1270 2460 1505 2514 decretis
1535 2460 1646 2514 suis
1675 2460 1901 2516 inseruit

297 2545 506 2611 dicens,
545 2568 567 2596 α
605 2545 884 2618 Quisquis,
917 2546 1108 2618 inquit,
1133 2547 1362 2601 assentit
1381 2548 1612 2620 principi
1640 2549 1904 2604 schisma-

300 2634 386 2700 tis,
422 2634 810 2690 schismaticus
838 2651 960 2690 esse
989 2635 1180 2708 negari
1210 2651 1317 2690 non
1338 2637 1556 2706 poterit.
1587 2636 1744 2706 Quod
1774 2645 1824 2693 et
1856 2638 1901 2692 si

300 2739 495 2778 omnes
553 2725 868 2780 sacerdotes
915 2732 968 2780 et
1022 2725 1256 2780 mundus
1299 2727 1577 2796 assentiat,
1628 2726 1901 2782 damnatio

300 2814 708 2868 consentientes
763 2813 1006 2881 involvit,
1053 2830 1164 2870 non
1209 2815 1716 2885 pravaricationem
1763 2831 1898 2871 con-

298 2913 494 2953 sensus
552 2897 806 2954 absolvit.
855 2899 979 2954 Non
1025 2899 1170 2954 enim
1225 2899 1433 2955 crimen
1476 2900 1750 2968 minuitur,
1804 2901 1902 2955 sed

296 2986 581 3050 accrescit,
633 3003 758 3040 cum
802 2987 1064 3059 generale
1107 2985 1164 3060 ﬁt
1214 3004 1280 3042 ex
1319 2988 1553 3059 privato.
1603 2990 1718 3045 Hoc
1758 2988 1900 3043 enim

296 3075 442 3130 Deus
499 3075 744 3130 omnium
785 3075 1062 3142 indicavit,
1121 3076 1212 3148 qui
1260 3077 1523 3132 mundum
1581 3085 1897 3148 peccantem

295 3161 542 3236 generali
571 3163 777 3220 diluvio
808 3163 1100 3219 interemit.
1141 3187 1162 3215 ιθ
1217 3166 1396 3220 Isdem
1427 3181 1579 3233 vero,
1611 3175 1668 3221 ut
1691 3167 1899 3237 jactant

293 3251 534 3308 fautores
563 3252 664 3322 sui,
717 3261 770 3308 et
813 3253 1144 3324 applaudunt
1189 3254 1239 3309 ei
1277 3255 1572 3326 complices
1600 3272 1899 3327 praesump-

295 3340 454 3396 tionis
486 3359 620 3409 suaa,
653 3357 760 3396 non
791 3358 1105 3414 proponens
1153 3345 1326 3398 Deum
1375 3351 1496 3398 ante
1547 3353 1898 3416 conspectum

296 3446 472 3496 suum,
501 3429 796 3501 persuadet
827 3430 930 3485 sibi
978 3439 1160 3488 tenere
1209 3441 1260 3488 et
1287 3449 1558 3504 usurpare
1590 3449 1680 3488 res
1716 3449 1780 3489 ac
1810 3433 1896 3488 fa-

297 3519 522 3574 cultates
568 3535 603 3574 a
651 3535 711 3576 se
754 3519 958 3576 invasa
1005 3520 1270 3588 ecclesiae,
1325 3521 1537 3576 etiamsi
1589 3523 1659 3577 ad
1700 3537 1897 3578 nomen

296 3607 611 3680 episcOpale
639 3610 927 3680 pervenire
971 3610 1294 3682 nequiverit,
1337 3619 1679 3667 assumentes
1713 3611 1766 3666 in
1797 3627 1898 3666 au-

297 3707 578 3770 gmentum
605 3714 718 3752 suae
765 3699 1131 3754 damnationis
1176 3701 1428 3772 exempla
1469 3701 1537 3756 de
1569 3700 1898 3772 quibusdam

299 3785 566 3856 ecclesiis,
619 3803 740 3858 quae
793 3789 1150 3859 quorumdam
1205 3789 1511 3861 principum
1564 3790 1898 3862 temporibus

296 3875 382 3930 diu
413 3875 532 3930 sine
561 3883 782 3946 pastore
810 3885 1105 3944 vacarunt,
1140 3894 1238 3933 sua
1271 3895 1440 3950 opera
1471 3879 1623 3951 quasi
1651 3895 1715 3935 ex
1745 3895 1896 3934 mor-

299 3963 403 4018 tuis
429 3964 686 4035 pellibus,
719 3973 776 4020 ut
823 3966 1017 4021 beatus
1046 3967 1386 4022 demonstrat
1414 3967 1738 4041 Gregorius,
1772 3984 1896 4024 cre-

297 4052 485 4108 dentes
542 4054 761 4122 muniri,
824 4055 954 4110 dum
1007 4056 1330 4127 pravitatem
1383 4073 1536 4112 suam
1581 4073 1648 4112 ex
1703 4057 1898 4112 alienis

295 4141 654 4212 pravitatibus
711 4150 946 4199 tuentur.
1009 4143 1146 4214 Quia
1219 4145 1363 4200 enim
1416 4145 1546 4200 talia
1599 4145 1897 4219 contigisse

297 4231 663 4298 considerant,
711 4248 770 4287 se
825 4233 942 4288 haec
981 4232 1165 4290 facere
1221 4234 1451 4290 licenter
1496 4241 1710 4306 putant,
1751 4235 1896 4308 quod

298 4320 535 4374 schisma
563 4337 688 4376 esse
733 4327 924 4378 contra
977 4322 1324 4379 traditionem
1373 4323 1797 4379 ecclesiasticam
1843 4332 1896 4380 et

299 4423 582 4465 sacrorum
611 4425 885 4466 canonum
914 4411 1349 4468 constitutionem
1379 4420 1629 4483 patenter
1655 4411 1895 4468 ostendi-

1931 3131 1980 3194 C

2004 1839 2094 1910 qui
2124 1839 2323 1894 excutit
2359 1855 2550 1892 manus
2581 1853 2708 1894 suas
2755 1854 2786 1893 a
2817 1855 3060 1904 munere,
3109 1839 3205 1893 sed
3253 1839 3496 1908 adjunxit
3537 1839 3604 1895 ab

2002 1929 2174 1996 omni,
2211 1927 2334 1998 quia
2365 1927 2510 1982 aliud
2542 1934 2620 1981 est
2651 1943 2850 1981 munus
2879 1928 2948 1982 ab
2991 1927 3274 1999 obsequio,
3310 1927 3457 1982 aliud
3485 1944 3604 1982 mu-

2001 2031 2102 2070 nus
2149 2031 2184 2070 a
2229 2031 2414 2082 manu,
2455 2015 2602 2071 aliud
2644 2032 2842 2070 munus
2871 2031 2904 2070 a
2931 2016 3138 2086 lingua.
3171 2017 3365 2071 Munus
3403 2017 3602 2088 quippe

2003 2105 2072 2159 ab
2101 2105 2366 2176 obsequio
2395 2113 2495 2170 est,
2531 2095 2794 2174 subjec'tio
2823 2105 3062 2160 indebite
3106 2105 3374 2175 impensa,
3405 2121 3601 2159 munus

2003 2208 2035 2248 a
2061 2209 2226 2248 manu
2254 2194 2501 2264 pecunia,
2552 2210 2751 2249 munus
2795 2210 2829 2248 a
2875 2193 3062 2267 lingua
3110 2193 3286 2249 favor.
3329 2192 3433 2262 Qui
3464 2209 3600 2266 ergo

2003 2297 2192 2338 sacros
2223 2283 2444 2337 ordines
2475 2282 2675 2349 tribuit,
2719 2291 2845 2338 tunc
2876 2284 2946 2338 ab
2975 2283 3125 2339 omni
3153 2298 3378 2338 munere
3407 2298 3601 2337 manus

2003 2371 2223 2438 excutit,
2259 2371 2478 2444 quando
2507 2371 2562 2425 in
2590 2371 2788 2427 divinis
2826 2372 2992 2427 rebus
3038 2388 3148 2426 non
3179 2371 3353 2426 solum
3394 2369 3601 2426 nullam

2001 2460 2308 2530 pecuniam,
2344 2461 2440 2515 sed
2471 2460 2635 2514 etiam
2662 2461 2959 2514 humanam
2989 2460 3223 2534 gratiam
3255 2476 3364 2516 non
3407 2460 3600 2531 requi-

2003 2548 2090 2603 rit.
2130 2569 2152 2599 ν
2185 2550 2338 2604 Unde
2370 2549 2634 2604 Dominus
2663 2549 2962 2604 vendentes
2993 2557 3041 2604 et
3073 2559 3316 2604 ementes
3361 2537 3600 2604 extem-

2002 2637 2094 2708 plo
2124 2636 2387 2702 eliminat,
2419 2633 2554 2708 quia?
2575 2638 2660 2692 vel
2692 2654 2788 2692 eos
2819 2653 2918 2708 pro
2947 2654 3174 2692 munere
3202 2637 3600 2708 impositionem

2001 2742 2260 2780 manuum
2291 2725 2548 2792 tribuunt,
2583 2726 2669 2782 vel
2699 2742 2794 2782 eos
2823 2727 2915 2798 qui
2935 2726 3138 2780 donum
3161 2725 3394 2796 Spiritus
3415 2741 3600 2781 emere

2001 2815 2246 2868 nituntur
2275 2813 2515 2869 damnat.
2551 2815 2858 2870 Vendentes
2888 2815 3087 2887 quippe
3133 2815 3187 2868 in
3218 2813 3422 2886 templo
3451 2822 3595 2880 sunt,

2004 2903 2093 2975 qui
2123 2905 2228 2959 hoc
2259 2903 2404 2975 quod
2447 2903 2773 2975 quibusdam
2815 2904 2938 2972 jure
2979 2903 3236 2974 competit
3263 2903 3332 2958 ad
3361 2903 3600 2974 pretium

2002 2991 2326 3064 largiuntur.
2371 2993 2628 3048 Ementes
2673 3008 2803 3048 vero
2845 2993 2900 3048 in
2931 2992 3136 3064 templo
3165 3000 3316 3058 sunt,
3351 2991 3443 3064 qui
3471 2991 3600 3048 dato

2001 3080 2247 3150 patronis
2290 3081 2518 3152 praemio
2563 3090 2748 3136 emunt
2795 3089 3100 3153 peccatum.
3143 3081 3280 3136 Hinc
3323 3089 3406 3136 est
3453 3081 3600 3152 quod

2002 3171 2144 3225 sacri
2174 3185 2414 3227 canones
2446 3170 2797 3226 simoniacam
2827 3170 3080 3226 haresim
3107 3170 3385 3236 damnant,
3420 3177 3472 3225 et
3503 3185 3599 3224 eos

2001 3258 2310 3314 sacerdotio
2331 3259 2533 3330 privari
2561 3259 2898 3330 prazcipiunt,
2925 3259 3018 3331 qui
3035 3261 3102 3315 de
3133 3258 3433 3332 largiendis
3450 3257 3602 3312 ordi-

1999 3347 2158 3401 nibus
2185 3347 2423 3418 pretium
2471 3356 2738 3419 quaerunt.
2779 3350 2846 3402 Et
2891 3364 3014 3402 cum
3041 3347 3220 3418 prima
3257 3355 3448 3402 contra
3477 3362 3600 3400 san-

1999 3443 2141 3490 ctam
2173 3435 2475 3491 Ecclesium
2519 3435 2814 3491 simoniaca
2859 3437 3082 3492 haeresis
3127 3436 3196 3490 sit
3239 3443 3448 3502 exorta,
3501 3451 3600 3491 cur

1999 3540 2109 3579 non
2135 3524 2352 3579 videtur
2380 3524 2508 3596 quia
2535 3540 2660 3580 eum
2691 3541 2854 3596 quem
2883 3540 3006 3580 cum
3036 3524 3210 3595 pretio
3239 3523 3600 3594 ordinatpro-

1998 3613 2246 3668 vehendo
2274 3612 2388 3686 agit
2414 3620 2473 3667 ut
2501 3613 2789 3669 haereticus
2819 3611 2955 3668 fiat?
2985 3613 3128 3669 sacri
3159 3629 3390 3686 namque
3421 3627 3595 3668 cano-

1972 3717 2096 3764 .nes
2125 3709 2178 3756 et
2206 3701 2522 3757 ordinantes
2568 3709 2621 3756 et
2667 3701 2948 3758 ordinatos
2993 3718 3096 3774 pro
3125 3718 3372 3767 munere,
3415 3701 3513 3758 sed
3543 3709 3597 3758 et

1996 3789 2394 3846 interventores
2440 3789 2889 3864 irrefragabiliter
2933 3791 3214 3857 damnant,
3258 3790 3396 3846 sicut
3425 3789 3598 3846 lector

1997 3877 2052 3934 in
2083 3878 2323 3935 secundo
2365 3879 2602 3951 capitulo
2645 3879 2832 3952 magni
2880 3879 3342 3936 Chalcedonensis
3381 3877 3598 3935 concilii

1997 3969 2194 4038 poterit
2223 3969 2486 4024 invenire.
2517 3969 2632 4024 Nos
2681 3968 2900 4041 quidem
2941 3984 3052 4024 non
3083 3969 3290 4041 incerta
3329 3967 3596 4024 relatione

1997 4074 2143 4128 saepe
2172 4056 2341 4112 fatum
2372 4057 2664 4124 Odacrum,
2695 4040 2807 4113 non
2855 4057 3030 4113 solum
3074 4040 3384 4128 pe‘cuniam,
3417 4057 3515 4112 sed
3545 4063 3599 4112 et

1997 4161 2086 4201 res
2116 4163 2214 4218 per
2242 4162 2351 4202 non
2371 4146 2584 4220 ignotas
2603 4161 2870 4218 personas
2891 4161 2991 4218 pro
3011 4145 3364 4218 percipiendo
3385 4145 3598 4218 episco-

1996 4235 2106 4306 pali
2133 4235 2325 4290 ordine
2356 4235 2616 4290 obtulisse
2645 4235 3032 4306 comperimus.
3066 4236 3134 4290 Et
3165 4243 3384 4290 sanctus
3412 4237 3598 4306 Augu—

1997 4323 2172 4378 stinus
2201 4323 2257 4378 in
2284 4323 2426 4378 libro
2453 4324 2522 4378 de
2552 4323 2777 4379 utilitate
2805 4323 3060 4379 credendi
3081 4323 3156 4378 ait
3188 4340 3200 4378 :
3239 4345 3261 4375 ι
3297 4323 3597 4380 Ηαξινθῐὶουε

1999 4419 2082 4467 est
2111 4411 2202 4484 qui
2229 4411 2454 4480 alicujus
2477 4411 2794 4482 temporalis
2827 4410 3096 4468 commodi
3128 4419 3180 4466 et
3209 4411 3445 4466 maxime
3475 4411 3597 4484 glo-

297 4505 399 4552 tur.
435 4497 594 4566 Quod
640 4507 862 4554 sanctus
905 4500 1206 4574 Gregorius
1253 4501 1310 4554 in
1351 4500 1636 4573 Evangelii
1677 4491 1966 4556 homiliaD
1995 4500 2088 4555 rice
2117 4499 2561 4572 principatusque
2591 4500 2790 4574 gratia,
2821 4499 2984 4555 falsas
3014 4515 3080 4556 ac
3107 4515 3279 4555 novas
3308 4499 3596 4570 opiniones

297 4586 576 4660 redarguit
635 4585 870 4644 dicens:
908 4610 929 4638 σε
966 4589 1098 4644 Sunt
1144 4589 1407 4658 nonnulli,
1453 4589 1542 4661 qui
1593 4591 1724 4644 dum
1775 4590 1896 4661 plus

297 4683 566 4730 terrenam
625 4677 981 4731 substantiam
1022 4693 1185 4750 quam
1231 4694 1364 4732 oves
1404 4677 1654 4751 diligunt,
1702 4678 1896 4734 merito

296 4779 494 4819 nomen
523 4764 760 4834 pastoris
789 4765 1042 4836 perdunt,
1077 4767 1203 4838 quia
1231 4781 1337 4821 non
1359 4781 1460 4836 pro
1490 4781 1678 4821 amore
1709 4765 1896 4821 intimo

297 4868 427 4906 oves
458 4851 794 4918 Dominicas,
842 4853 938 4909 sed
977 4855 1045 4908 ad
1088 4854 1418 4926 temporales
1460 4855 1746 4911 mercedes
1791 4870 1895 4926 pa-

300 4948 470 4996 scunt.
503 4941 873 4996 Mercenarius
921 4942 1120 5014 quippe
1164 4951 1266 5014 est,
1318 4943 1412 5015 qui
1454 4943 1633 4999 locum
1662 4943 1897 5014 pastoris

296 5036 457 5096 tenet,
512 5031 614 5085 sed
671 5030 828 5086 lucra
875 5031 1183 5086 animarum
1237 5047 1348 5088 non
1401 5032 1612 5109 quaerit,
1663 5033 1896 5088 terrenis

297 5119 602 5174 commodis
649 5119 840 5186 inhiat,
886 5121 1096 5176 honore
1139 5121 1469 5192 prazlationis
1499 5121 1722 5194 gaudet,
1754 5130 1895 5177 tem-

297 5208 581 5278 poralibus
609 5207 777 5264 lucris
805 5210 1066 5280 pascitur,
1099 5210 1349 5281 impensa
1377 5210 1482 5264 sibi
1502 5211 1570 5264 ab
1591 5211 1897 5266 hominibus

297 5297 600 5352 reverentia
630 5297 841 5353 letatur
859 5341 871 5365 ,
901 5307 953 5352 et
982 5314 1081 5369 pro
1111 5315 1180 5355 eo
1209 5298 1328 5370 ipso
1371 5299 1516 5371 quod
1546 5298 1602 5352 in
1630 5299 1896 5372 regimine

298 5382 526 5454 laborat,
560 5385 650 5442 hic
679 5387 824 5458 quod
854 5387 1048 5458 querit
1089 5387 1347 5454 inveniat,
1401 5394 1452 5442 et
1482 5387 1550 5442 ab
1587 5387 1898 5444 haereditate

299 5475 480 5548 gregis
511 5475 568 5530 in
599 5482 881 5546 posterum
911 5475 1124 5531 alienus
1154 5476 1372 5532 existat.
1408 5497 1430 5526 ι»

365 5564 426 5618 ν.
460 5564 734 5619 Craterum
764 5564 893 5636 quia
936 5572 1173 5638 cognata
1213 5573 1336 5622 sunt
1379 5565 1620 5621 schisma
1647 5572 1700 5620 et
1726 5565 1897 5621 haere-

1997 4590 2084 4645 vel
2114 4587 2292 4662 gignit
2338 4589 2426 4644 vel
2473 4589 2737 4661 sequitur.
2777 4589 2872 4645 Ille
2915 4597 3097 4644 autem
3145 4587 3238 4661 qui
3286 4587 3597 4658 hujusmodi

1996 4677 2204 4733 homini
2233 4678 2426 4746 credit,
2457 4679 2620 4734 homo
2649 4687 2730 4733 est
2761 4677 3148 4751 imaginatione
3198 4676 3431 4749 quadam
3473 4675 3594 4748 pie-

1998 4766 2123 4822 tatis
2151 4766 2362 4821 illusus.
2406 4788 2428 4817 ι

2069 4856 2164 4910 VI.-
2191 4856 2254 4910 In
2283 4855 2572 4928 privilegio
2619 4853 2962 4911 Belvacensis
3008 4852 3290 4921 Ecclesiae,
3323 4869 3595 4910 consensu

1997 4943 2184 4999 domni
2217 4945 2399 4999 Karoli
2447 4960 2546 4998 nos
2590 4943 2834 5015 episcopi
2877 4950 3112 5014 quatuor
3165 4943 3592 5014 provinciarum,

1997 5033 2330 5088 Rhemorum
2380 5033 2602 5097 scilicet,
2645 5032 3194 5103 Rhotomagensium,
3255 5033 3593 5089 Turonorum

1995 5137 2061 5178 ac
2092 5123 2389 5192 Senonum,
2421 5122 2689 5192 majorum
2733 5120 2983 5192 exempla
3013 5122 3218 5188 secuti,
3251 5122 3515 5178 canonica
3543 5127 3596 5176 et

1997 5211 2296 5283 episcOpali
2342 5210 2659 5268 auctoritate
2717 5210 3071 5266 decernentes
3127 5210 3545 5282 subscripsimus
3578 5251 3594 5279 ,

2003 5320 2024 5350 α
2061 5301 2130 5355 Ut
2159 5299 2304 5354 nulla
2335 5299 2614 5356 saecularis
2634 5305 2878 5370 potestas
2905 5299 2974 5356 de
3003 5300 3166 5354 rebus
3193 5297 3454 5370 episcopii
3475 5297 3596 5354 Bel-

1997 5387 2248 5442 vacensis
2295 5388 2560 5444 Ecclesiae
2605 5396 2927 5460 praesumat.
2967 5387 3023 5442 Si
3053 5387 3174 5460 quis
3212 5403 3344 5442 vero
3375 5403 3590 5462 regum,

1997 5476 2362 5543 sacerdotum,
2397 5484 2448 5532 et
2491 5477 2754 5546 judicum,
2805 5485 2966 5549 atque
3015 5475 3353 5532 saecularium
3398 5493 3593 5549 perso-

1995 5580 2212 5633 narum,
2277 5567 2417 5622 hanc
2482 5565 2878 5624 constitutionis
2933 5563 3195 5638 paginam
3249 5580 3592 5642 cognoscens
