  <div class='ocr_page' id='page_1' title='image "/cluster/home/n/w/nwhite01/storage/ocr_20150623/126/hvd.32044052819513/132.png"; bbox 0 0 4004 6176; ppageno 0'>
   <div class='ocr_carea' id='block_1_1' title="bbox 229 287 332 343">
    <p class='ocr_par' dir='ltr' id='par_1_1' title="bbox 229 287 332 343">
     <span class='ocr_line' id='line_1_1' title="bbox 229 287 332 343; baseline -0.039 0"><span class='ocrx_word' id='word_1_1' title='bbox 229 287 332 343; x_wconf 74' lang='lat'>253</span> 
     </span>
    </p>
   </div>
   <div class='ocr_carea' id='block_1_2' title="bbox 1726 274 2098 336">
    <p class='ocr_par' dir='ltr' id='par_1_2' title="bbox 1726 274 2098 336">
     <span class='ocr_line' id='line_1_2' title="bbox 1726 274 2098 336; baseline -0.003 0"><span class='ocrx_word' id='word_1_2' title='bbox 1726 276 1877 336; x_wconf 84' lang='lat' dir='ltr'>EPIS</span> <span class='ocrx_word' id='word_1_3' title='bbox 1887 274 2098 335; x_wconf 65' lang='lat' dir='ltr'>l‘OLjE.</span> 
     </span>
    </p>
   </div>
   <div class='ocr_carea' id='block_1_3' title="bbox 3423 279 3532 334">
    <p class='ocr_par' dir='ltr' id='par_1_3' title="bbox 3423 279 3532 334">
     <span class='ocr_line' id='line_1_3' title="bbox 3423 279 3532 334; baseline -0.009 0"><span class='ocrx_word' id='word_1_4' title='bbox 3423 279 3532 334; x_wconf 73' lang='grc'>254</span> 
     </span>
    </p>
   </div>
   <div class='ocr_carea' id='block_1_4' title="bbox 231 400 3532 480">
    <p class='ocr_par' dir='ltr' id='par_1_4' title="bbox 231 400 3532 480">
     <span class='ocr_line' id='line_1_4' title="bbox 231 400 3532 480; baseline -0.002 -14"><span class='ocrx_word' id='word_1_5' title='bbox 231 411 382 480; x_wconf 83' lang='lat' dir='ltr'>juxta</span> <span class='ocrx_word' id='word_1_6' title='bbox 410 414 754 480; x_wconf 66' lang='lat' dir='ltr'>praeceptum</span> <span class='ocrx_word' id='word_1_7' title='bbox 785 406 1026 474; x_wconf 89' lang='lat' dir='ltr'>Levitici,</span> <span class='ocrx_word' id='word_1_8' title='bbox 1060 407 1116 461; x_wconf 91' lang='lat' dir='ltr'>in</span> <span class='ocrx_word' id='word_1_9' title='bbox 1147 420 1254 479; x_wconf 91' lang='lat' dir='ltr'>quo</span> <span class='ocrx_word' id='word_1_10' title='bbox 1299 405 1506 478; x_wconf 88' lang='lat' dir='ltr'>leprosi</span> <span class='ocrx_word' id='word_1_11' title='bbox 1547 405 1836 461; x_wconf 89' lang='lat' dir='ltr'>domorum</span> <span class='ocrx_word' id='word_1_12' title='bbox 1856 403 1912 464; x_wconf 84' lang='lat' dir='ltr'>A</span> <span class='ocrx_word' id='word_1_13' title='bbox 1941 400 2266 472; x_wconf 67' lang='lat' dir='ltr'>praecipiunt</span> <span class='ocrx_word' id='word_1_14' title='bbox 2292 401 2518 476; x_wconf 80' lang='lat' dir='ltr'>regulae.</span> <span class='ocrx_word' id='word_1_15' title='bbox 2550 403 2916 460; x_wconf 79' lang='lat' dir='ltr'>Accusatores</span> <span class='ocrx_word' id='word_1_16' title='bbox 2941 409 3120 460; x_wconf 89' lang='lat' dir='ltr'>autem</span> <span class='ocrx_word' id='word_1_17' title='bbox 3159 417 3223 460; x_wconf 86' lang='lat' dir='ltr'>ac</span> <span class='ocrx_word' id='word_1_18' title='bbox 3270 409 3439 460; x_wconf 85' lang='lat' dir='ltr'>testes</span> <span class='ocrx_word' id='word_1_19' title='bbox 3465 403 3532 458; x_wconf 87' lang='lat' dir='ltr'>ad</span> 
     </span>
    </p>
   </div>
   <div class='ocr_carea' id='block_1_5' title="bbox 235 491 1842 570">
    <p class='ocr_par' dir='ltr' id='par_1_5' title="bbox 235 491 1842 570">
     <span class='ocr_line' id='line_1_5' title="bbox 235 491 1842 570; baseline -0.004 -17"><span class='ocrx_word' id='word_1_20' title='bbox 235 499 448 570; x_wconf 86' lang='lat' dir='ltr'>lapides</span> <span class='ocrx_word' id='word_1_21' title='bbox 479 515 510 552; x_wconf 89' lang='lat' dir='ltr'>a</span> <span class='ocrx_word' id='word_1_22' title='bbox 541 497 826 554; x_wconf 72' lang='lat' dir='ltr'>sacerdote</span> <span class='ocrx_word' id='word_1_23' title='bbox 853 497 1069 568; x_wconf 86' lang='lat' dir='ltr'>inspici,</span> <span class='ocrx_word' id='word_1_24' title='bbox 1103 503 1156 551; x_wconf 90' lang='lat' dir='ltr'>et</span> <span class='ocrx_word' id='word_1_25' title='bbox 1185 495 1276 568; x_wconf 89' lang='lat' dir='ltr'>qui</span> <span class='ocrx_word' id='word_1_26' title='bbox 1323 511 1390 550; x_wconf 82' lang='lat' dir='ltr'>ex</span> <span class='ocrx_word' id='word_1_27' title='bbox 1438 494 1518 550; x_wconf 89' lang='lat' dir='ltr'>eis</span> <span class='ocrx_word' id='word_1_28' title='bbox 1563 491 1842 566; x_wconf 82' lang='lat' dir='ltr'>purificari</span> 
     </span>
    </p>
   </div>
   <div class='ocr_carea' id='block_1_6' title="bbox 235 582 1840 659">
    <p class='ocr_par' dir='ltr' id='par_1_6' title="bbox 235 582 1840 659">
     <span class='ocr_line' id='line_1_6' title="bbox 235 582 1840 659; baseline -0.004 -17"><span class='ocrx_word' id='word_1_29' title='bbox 235 585 564 659; x_wconf 67' lang='lat' dir='ltr'>nequiverit,</span> <span class='ocrx_word' id='word_1_30' title='bbox 592 587 709 656; x_wconf 89' lang='lat' dir='ltr'>jam</span> <span class='ocrx_word' id='word_1_31' title='bbox 751 587 892 640; x_wconf 91' lang='lat' dir='ltr'>inter</span> <span class='ocrx_word' id='word_1_32' title='bbox 937 585 1248 640; x_wconf 88' lang='lat' dir='ltr'>immundos</span> <span class='ocrx_word' id='word_1_33' title='bbox 1291 583 1612 656; x_wconf 78' lang='lat' dir='ltr'>computari,</span> <span class='ocrx_word' id='word_1_34' title='bbox 1662 597 1729 638; x_wconf 88' lang='lat' dir='ltr'>ac</span> <span class='ocrx_word' id='word_1_35' title='bbox 1770 582 1840 636; x_wconf 89' lang='lat' dir='ltr'>de</span> 
     </span>
    </p>
   </div>
   <div class='ocr_carea' id='block_1_7' title="bbox 237 671 1840 745">
    <p class='ocr_par' dir='ltr' id='par_1_7' title="bbox 237 671 1840 745">
     <span class='ocr_line' id='line_1_7' title="bbox 237 671 1840 745; baseline -0.003 -14"><span class='ocrx_word' id='word_1_36' title='bbox 237 676 430 731; x_wconf 84' lang='lat' dir='ltr'>ordine</span> <span class='ocrx_word' id='word_1_37' title='bbox 461 675 798 730; x_wconf 90' lang='lat' dir='ltr'>mundorum</span> <span class='ocrx_word' id='word_1_38' title='bbox 840 673 1082 745; x_wconf 87' lang='lat' dir='ltr'>lapidum</span> <span class='ocrx_word' id='word_1_39' title='bbox 1131 672 1444 744; x_wconf 64' lang='lat' dir='ltr'>praecipitur</span> <span class='ocrx_word' id='word_1_40' title='bbox 1486 671 1624 739; x_wconf 89' lang='lat' dir='ltr'>erui,</span> <span class='ocrx_word' id='word_1_41' title='bbox 1672 679 1726 726; x_wconf 92' lang='lat' dir='ltr'>et</span> <span class='ocrx_word' id='word_1_42' title='bbox 1771 671 1840 726; x_wconf 92' lang='lat' dir='ltr'>de</span> 
     </span>
    </p>
   </div>
   <div class='ocr_carea' id='block_1_8' title="bbox 238 759 1841 829">
    <p class='ocr_par' dir='ltr' id='par_1_8' title="bbox 238 759 1841 829">
     <span class='ocr_line' id='line_1_8' title="bbox 238 759 1841 829; baseline -0.004 -10"><span class='ocrx_word' id='word_1_43' title='bbox 238 763 450 820; x_wconf 66' lang='lat' dir='ltr'>mlesti</span> <span class='ocrx_word' id='word_1_44' title='bbox 507 762 744 819; x_wconf 53' lang='lat' dir='ltr'>aedificio</span> <span class='ocrx_word' id='word_1_45' title='bbox 767 806 780 829; x_wconf 92' lang='lat'>,</span> <span class='ocrx_word' id='word_1_46' title='bbox 833 761 1086 818; x_wconf 81' lang='lat' dir='ltr'>videlicet</span> <span class='ocrx_word' id='word_1_47' title='bbox 1133 769 1318 817; x_wconf 90' lang='lat' dir='ltr'>sancta</span> <span class='ocrx_word' id='word_1_48' title='bbox 1362 760 1642 826; x_wconf 85' lang='lat' dir='ltr'>Ecclesia,</span> <span class='ocrx_word' id='word_1_49' title='bbox 1692 759 1841 816; x_wconf 88' lang='lat' dir='ltr'>velut</span> 
     </span>
    </p>
   </div>
   <div class='ocr_carea' id='block_1_9' title="bbox 237 849 1840 926">
    <p class='ocr_par' dir='ltr' id='par_1_9' title="bbox 237 849 1840 926">
     <span class='ocr_line' id='line_1_9' title="bbox 237 849 1840 926; baseline -0.004 -18"><span class='ocrx_word' id='word_1_50' title='bbox 237 853 499 926; x_wconf 87' lang='lat' dir='ltr'>indignus</span> <span class='ocrx_word' id='word_1_51' title='bbox 529 851 712 920; x_wconf 89' lang='lat' dir='ltr'>abjici,</span> <span class='ocrx_word' id='word_1_52' title='bbox 746 867 809 907; x_wconf 89' lang='lat' dir='ltr'>ac</span> <span class='ocrx_word' id='word_1_53' title='bbox 837 850 1022 905; x_wconf 87' lang='lat' dir='ltr'>divino</span> <span class='ocrx_word' id='word_1_54' title='bbox 1049 850 1300 906; x_wconf 84' lang='lat' dir='ltr'>examine</span> <span class='ocrx_word' id='word_1_55' title='bbox 1329 849 1465 904; x_wconf 87' lang='lat' dir='ltr'>alius</span> <span class='ocrx_word' id='word_1_56' title='bbox 1512 849 1603 922; x_wconf 90' lang='lat' dir='ltr'>qui</span> <span class='ocrx_word' id='word_1_57' title='bbox 1641 849 1840 920; x_wconf 85' lang='lat' dir='ltr'>dignus</span> 
     </span>
    </p>
   </div>
   <div class='ocr_carea' id='block_1_10' title="bbox 237 936 1840 1010">
    <p class='ocr_par' dir='ltr' id='par_1_10' title="bbox 237 936 1840 1010">
     <span class='ocr_line' id='line_1_10' title="bbox 237 936 1840 1010; baseline -0.002 -14"><span class='ocrx_word' id='word_1_58' title='bbox 237 951 316 996; x_wconf 90' lang='lat' dir='ltr'>est</span> <span class='ocrx_word' id='word_1_59' title='bbox 342 941 399 995; x_wconf 88' lang='lat' dir='ltr'>in</span> <span class='ocrx_word' id='word_1_60' title='bbox 430 941 557 996; x_wconf 90' lang='lat' dir='ltr'>loco</span> <span class='ocrx_word' id='word_1_61' title='bbox 586 940 733 994; x_wconf 89' lang='lat' dir='ltr'>illius</span> <span class='ocrx_word' id='word_1_62' title='bbox 765 938 1034 1006; x_wconf 90' lang='lat' dir='ltr'>substitui,</span> <span class='ocrx_word' id='word_1_63' title='bbox 1069 938 1193 1010; x_wconf 86' lang='lat' dir='ltr'>quia</span> <span class='ocrx_word' id='word_1_64' title='bbox 1223 954 1369 1008; x_wconf 62' lang='lat' dir='ltr'>saepe</span> <span class='ocrx_word' id='word_1_65' title='bbox 1404 938 1542 992; x_wconf 86' lang='lat' dir='ltr'>fatus</span> <span class='ocrx_word' id='word_1_66' title='bbox 1589 936 1840 993; x_wconf 91' lang='lat' dir='ltr'>Odacrus</span> 
     </span>
    </p>
   </div>
   <div class='ocr_carea' id='block_1_11' title="bbox 237 1025 1838 1097">
    <p class='ocr_par' dir='ltr' id='par_1_11' title="bbox 237 1025 1838 1097">
     <span class='ocr_line' id='line_1_11' title="bbox 237 1025 1838 1097; baseline -0.003 -12"><span class='ocrx_word' id='word_1_67' title='bbox 237 1045 343 1086; x_wconf 93' lang='lat' dir='ltr'>non</span> <span class='ocrx_word' id='word_1_68' title='bbox 397 1037 484 1084; x_wconf 91' lang='lat' dir='ltr'>est</span> <span class='ocrx_word' id='word_1_69' title='bbox 533 1028 767 1084; x_wconf 88' lang='lat' dir='ltr'>clericus</span> <span class='ocrx_word' id='word_1_70' title='bbox 817 1027 1141 1083; x_wconf 81' lang='lat' dir='ltr'>Rhemensis</span> <span class='ocrx_word' id='word_1_71' title='bbox 1183 1034 1381 1082; x_wconf 69' lang='lat' dir='ltr'>nostra:</span> <span class='ocrx_word' id='word_1_72' title='bbox 1427 1025 1739 1097; x_wconf 63' lang='lat' dir='ltr'>provincia},</span> <span class='ocrx_word' id='word_1_73' title='bbox 1787 1033 1838 1080; x_wconf 92' lang='lat' dir='ltr'>et</span> 
     </span>
    </p>
   </div>
   <div class='ocr_carea' id='block_1_12' title="bbox 237 1115 1838 1189">
    <p class='ocr_par' dir='ltr' id='par_1_12' title="bbox 237 1115 1838 1189">
     <span class='ocr_line' id='line_1_12' title="bbox 237 1115 1838 1189; baseline -0.004 -15"><span class='ocrx_word' id='word_1_74' title='bbox 237 1125 420 1174; x_wconf 86' lang='lat' dir='ltr'>contra</span> <span class='ocrx_word' id='word_1_75' title='bbox 467 1132 658 1173; x_wconf 88' lang='lat' dir='ltr'>sacras</span> <span class='ocrx_word' id='word_1_76' title='bbox 710 1117 864 1189; x_wconf 85' lang='lat' dir='ltr'>leges</span> <span class='ocrx_word' id='word_1_77' title='bbox 919 1123 972 1172; x_wconf 89' lang='lat' dir='ltr'>et</span> <span class='ocrx_word' id='word_1_78' title='bbox 1027 1115 1242 1186; x_wconf 84' lang='lat' dir='ltr'>regulas</span> <span class='ocrx_word' id='word_1_79' title='bbox 1289 1122 1572 1170; x_wconf 88' lang='lat' dir='ltr'>vacantem</span> <span class='ocrx_word' id='word_1_80' title='bbox 1619 1123 1838 1185; x_wconf 88' lang='lat' dir='ltr'>pastore</span> 
     </span>
    </p>
   </div>
   <div class='ocr_carea' id='block_1_13' title="bbox 237 1202 1838 1278">
    <p class='ocr_par' dir='ltr' id='par_1_13' title="bbox 237 1202 1838 1278">
     <span class='ocr_line' id='line_1_13' title="bbox 237 1202 1838 1278; baseline -0.003 -17"><span class='ocrx_word' id='word_1_81' title='bbox 237 1206 647 1278; x_wconf 67' lang='lat' dir='ltr'>suﬂ‘raganeam</span> <span class='ocrx_word' id='word_1_82' title='bbox 677 1205 995 1275; x_wconf 85' lang='lat' dir='ltr'>metropolis</span> <span class='ocrx_word' id='word_1_83' title='bbox 1040 1211 1240 1258; x_wconf 61' lang='lat' dir='ltr'>nostra</span> <span class='ocrx_word' id='word_1_84' title='bbox 1285 1203 1534 1259; x_wconf 63' lang='lat' dir='ltr'>ecclesiae</span> <span class='ocrx_word' id='word_1_85' title='bbox 1580 1202 1838 1258; x_wconf 86' lang='lat' dir='ltr'>invadere</span> 
     </span>
    </p>
   </div>
   <div class='ocr_carea' id='block_1_14' title="bbox 237 1291 1838 1368">
    <p class='ocr_par' dir='ltr' id='par_1_14' title="bbox 237 1291 1838 1368">
     <span class='ocr_line' id='line_1_14' title="bbox 237 1291 1838 1368; baseline -0.004 -17"><span class='ocrx_word' id='word_1_86' title='bbox 237 1294 606 1368; x_wconf 67' lang='lat' dir='ltr'>praesumpsit,</span> <span class='ocrx_word' id='word_1_87' title='bbox 636 1301 691 1348; x_wconf 88' lang='lat' dir='ltr'>et</span> <span class='ocrx_word' id='word_1_88' title='bbox 719 1293 926 1348; x_wconf 90' lang='lat' dir='ltr'>reditus</span> <span class='ocrx_word' id='word_1_89' title='bbox 955 1292 1204 1348; x_wconf 82' lang='lat' dir='ltr'>ecclesiae</span> <span class='ocrx_word' id='word_1_90' title='bbox 1231 1291 1482 1358; x_wconf 65' lang='lat' dir='ltr'>viduatae,</span> <span class='ocrx_word' id='word_1_91' title='bbox 1534 1306 1671 1363; x_wconf 90' lang='lat' dir='ltr'>quas</span> <span class='ocrx_word' id='word_1_92' title='bbox 1718 1306 1838 1346; x_wconf 89' lang='lat' dir='ltr'>ma-</span> 
     </span>
    </p>
   </div>
   <div class='ocr_carea' id='block_1_15' title="bbox 237 1379 1839 1454">
    <p class='ocr_par' dir='ltr' id='par_1_15' title="bbox 237 1379 1839 1454">
     <span class='ocr_line' id='line_1_15' title="bbox 237 1379 1839 1454; baseline -0.002 -17"><span class='ocrx_word' id='word_1_93' title='bbox 237 1399 402 1454; x_wconf 74' lang='lat' dir='ltr'>gnum</span> <span class='ocrx_word' id='word_1_94' title='bbox 451 1381 904 1436; x_wconf 87' lang='lat' dir='ltr'>Cbalcedoneuse</span> <span class='ocrx_word' id='word_1_95' title='bbox 949 1379 1239 1436; x_wconf 89' lang='lat' dir='ltr'>concilium</span> <span class='ocrx_word' id='word_1_96' title='bbox 1280 1395 1450 1450; x_wconf 91' lang='lat' dir='ltr'>penes</span> <span class='ocrx_word' id='word_1_97' title='bbox 1497 1393 1839 1435; x_wconf 87' lang='lat' dir='ltr'>oeconomum</span> 
     </span>
    </p>
   </div>
   <div class='ocr_carea' id='block_1_16' title="bbox 237 1467 1841 1540">
    <p class='ocr_par' dir='ltr' id='par_1_16' title="bbox 237 1467 1841 1540">
     <span class='ocr_line' id='line_1_16' title="bbox 237 1467 1841 1540; baseline -0.003 -13"><span class='ocrx_word' id='word_1_98' title='bbox 237 1472 481 1540; x_wconf 86' lang='lat' dir='ltr'>ejusdem</span> <span class='ocrx_word' id='word_1_99' title='bbox 516 1469 769 1526; x_wconf 77' lang='lat' dir='ltr'>ecclesiae</span> <span class='ocrx_word' id='word_1_100' title='bbox 797 1469 1008 1540; x_wconf 81' lang='lat' dir='ltr'>integre</span> <span class='ocrx_word' id='word_1_101' title='bbox 1039 1468 1354 1524; x_wconf 89' lang='lat' dir='ltr'>conservari</span> <span class='ocrx_word' id='word_1_102' title='bbox 1380 1467 1649 1538; x_wconf 68' lang='lat' dir='ltr'>praecipit,</span> <span class='ocrx_word' id='word_1_103' title='bbox 1673 1467 1841 1522; x_wconf 89' lang='lat' dir='ltr'>sacri-</span> 
     </span>
    </p>
   </div>
   <div class='ocr_carea' id='block_1_17' title="bbox 237 1555 1836 1632">
    <p class='ocr_par' dir='ltr' id='par_1_17' title="bbox 237 1555 1836 1632">
     <span class='ocr_line' id='line_1_17' title="bbox 237 1555 1836 1632; baseline -0.003 -18"><span class='ocrx_word' id='word_1_104' title='bbox 237 1561 358 1632; x_wconf 82' lang='lat' dir='ltr'>lege</span> <span class='ocrx_word' id='word_1_105' title='bbox 387 1558 696 1630; x_wconf 84' lang='lat' dir='ltr'>usurpavit,</span> <span class='ocrx_word' id='word_1_106' title='bbox 731 1573 855 1614; x_wconf 91' lang='lat' dir='ltr'>cum</span> <span class='ocrx_word' id='word_1_107' title='bbox 883 1557 1108 1612; x_wconf 73' lang='lat' dir='ltr'>ditiinito</span> <span class='ocrx_word' id='word_1_108' title='bbox 1131 1555 1336 1625; x_wconf 89' lang='lat' dir='ltr'>judicio</span> <span class='ocrx_word' id='word_1_109' title='bbox 1381 1555 1554 1626; x_wconf 87' lang='lat' dir='ltr'>ipsius</span> <span class='ocrx_word' id='word_1_110' title='bbox 1600 1555 1836 1622; x_wconf 85' lang='lat' dir='ltr'>concilii,</span> 
     </span>
    </p>
   </div>
   <div class='ocr_carea' id='block_1_18' title="bbox 240 1644 1838 1716">
    <p class='ocr_par' dir='ltr' id='par_1_18' title="bbox 240 1644 1838 1716">
     <span class='ocr_line' id='line_1_18' title="bbox 240 1644 1838 1716; baseline -0.003 -13"><span class='ocrx_word' id='word_1_111' title='bbox 240 1657 291 1704; x_wconf 88' lang='lat' dir='ltr'>et</span> <span class='ocrx_word' id='word_1_112' title='bbox 317 1646 886 1703; x_wconf 80' lang='lat' dir='ltr'>excommunicatione</span> <span class='ocrx_word' id='word_1_113' title='bbox 934 1645 1316 1716; x_wconf 89' lang='lat' dir='ltr'>episcoporum</span> <span class='ocrx_word' id='word_1_114' title='bbox 1356 1652 1584 1716; x_wconf 88' lang='lat' dir='ltr'>quatuor</span> <span class='ocrx_word' id='word_1_115' title='bbox 1613 1644 1838 1715; x_wconf 90' lang='lat' dir='ltr'>provin-</span> 
     </span>
    </p>
   </div>
   <div class='ocr_carea' id='block_1_19' title="bbox 1939 490 3538 562">
    <p class='ocr_par' dir='ltr' id='par_1_19' title="bbox 1939 490 3538 562">
     <span class='ocr_line' id='line_1_19' title="bbox 1939 490 3538 562; baseline 0.002 -18"><span class='ocrx_word' id='word_1_116' title='bbox 1939 491 2300 546; x_wconf 88' lang='lat' dir='ltr'>accusandum</span> <span class='ocrx_word' id='word_1_117' title='bbox 2331 491 2417 546; x_wconf 85' lang='lat' dir='ltr'>vel</span> <span class='ocrx_word' id='word_1_118' title='bbox 2445 491 2514 546; x_wconf 88' lang='lat' dir='ltr'>ad</span> <span class='ocrx_word' id='word_1_119' title='bbox 2542 490 2940 548; x_wconf 82' lang='lat' dir='ltr'>testificandum</span> <span class='ocrx_word' id='word_1_120' title='bbox 2987 493 3124 548; x_wconf 89' lang='lat' dir='ltr'>tales</span> <span class='ocrx_word' id='word_1_121' title='bbox 3168 491 3538 562; x_wconf 89' lang='lat' dir='ltr'>suscipiuntur</span> 
     </span>
    </p>
   </div>
   <div class='ocr_carea' id='block_1_20' title="bbox 1939 578 3538 654">
    <p class='ocr_par' dir='ltr' id='par_1_20' title="bbox 1939 578 3538 654">
     <span class='ocr_line' id='line_1_20' title="bbox 1939 578 3538 654; baseline 0.003 -22"><span class='ocrx_word' id='word_1_122' title='bbox 1939 579 2238 634; x_wconf 89' lang='lat' dir='ltr'>secundum</span> <span class='ocrx_word' id='word_1_123' title='bbox 2265 578 2580 636; x_wconf 76' lang='lat' dir='ltr'>Africanum</span> <span class='ocrx_word' id='word_1_124' title='bbox 2599 581 2910 647; x_wconf 88' lang='lat' dir='ltr'>concilium,</span> <span class='ocrx_word' id='word_1_125' title='bbox 2929 581 3121 652; x_wconf 90' lang='lat' dir='ltr'>quales</span> <span class='ocrx_word' id='word_1_126' title='bbox 3135 579 3368 652; x_wconf 69' lang='lat' dir='ltr'>publicae</span> <span class='ocrx_word' id='word_1_127' title='bbox 3382 580 3538 654; x_wconf 86' lang='lat' dir='ltr'>leges</span> 
     </span>
    </p>
   </div>
   <div class='ocr_carea' id='block_1_21' title="bbox 1938 666 3537 726">
    <p class='ocr_par' dir='ltr' id='par_1_21' title="bbox 1938 666 3537 726">
     <span class='ocr_line' id='line_1_21' title="bbox 1938 666 3537 726; baseline 0.002 -5"><span class='ocrx_word' id='word_1_128' title='bbox 1938 666 1994 721; x_wconf 91' lang='lat' dir='ltr'>in</span> <span class='ocrx_word' id='word_1_129' title='bbox 2024 667 2190 722; x_wconf 92' lang='lat' dir='ltr'>mallo</span> <span class='ocrx_word' id='word_1_130' title='bbox 2219 668 2306 723; x_wconf 87' lang='lat' dir='ltr'>vel</span> <span class='ocrx_word' id='word_1_131' title='bbox 2337 668 2615 724; x_wconf 90' lang='lat' dir='ltr'>audientia</span> <span class='ocrx_word' id='word_1_132' title='bbox 2645 669 2716 724; x_wconf 93' lang='lat' dir='ltr'>ad</span> <span class='ocrx_word' id='word_1_133' title='bbox 2745 671 3116 726; x_wconf 88' lang='lat' dir='ltr'>accusandum</span> <span class='ocrx_word' id='word_1_134' title='bbox 3165 677 3219 726; x_wconf 91' lang='lat' dir='ltr'>et</span> <span class='ocrx_word' id='word_1_135' title='bbox 3245 670 3316 724; x_wconf 89' lang='lat' dir='ltr'>ad</span> <span class='ocrx_word' id='word_1_136' title='bbox 3340 667 3537 726; x_wconf 88' lang='lat' dir='ltr'>testiﬁ-</span> 
     </span>
    </p>
   </div>
   <div class='ocr_carea' id='block_1_22' title="bbox 1939 755 3536 814">
    <p class='ocr_par' dir='ltr' id='par_1_22' title="bbox 1939 755 3536 814">
     <span class='ocr_line' id='line_1_22' title="bbox 1939 755 3536 814; baseline 0.002 -5"><span class='ocrx_word' id='word_1_137' title='bbox 1939 755 2174 810; x_wconf 87' lang='lat' dir='ltr'>candum</span> <span class='ocrx_word' id='word_1_138' title='bbox 2207 755 2514 812; x_wconf 89' lang='lat' dir='ltr'>admittunt.</span> <span class='ocrx_word' id='word_1_139' title='bbox 2550 757 2608 812; x_wconf 92' lang='lat' dir='ltr'>Si</span> <span class='ocrx_word' id='word_1_140' title='bbox 2635 766 2813 813; x_wconf 90' lang='lat' dir='ltr'>autem</span> <span class='ocrx_word' id='word_1_141' title='bbox 2844 758 2990 813; x_wconf 87' lang='lat' dir='ltr'>mala</span> <span class='ocrx_word' id='word_1_142' title='bbox 3038 758 3179 812; x_wconf 89' lang='lat' dir='ltr'>fama</span> <span class='ocrx_word' id='word_1_143' title='bbox 3225 774 3292 813; x_wconf 85' lang='lat' dir='ltr'>ex</span> <span class='ocrx_word' id='word_1_144' title='bbox 3339 757 3536 814; x_wconf 90' lang='lat' dir='ltr'>simili-</span> 
     </span>
    </p>
   </div>
   <div class='ocr_carea' id='block_1_23' title="bbox 1938 843 3540 918">
    <p class='ocr_par' dir='ltr' id='par_1_23' title="bbox 1938 843 3540 918">
     <span class='ocr_line' id='line_1_23' title="bbox 1938 843 3540 918; baseline 0.002 -20"><span class='ocrx_word' id='word_1_145' title='bbox 1938 843 2124 899; x_wconf 87' lang='lat' dir='ltr'>tudine</span> <span class='ocrx_word' id='word_1_146' title='bbox 2179 860 2281 915; x_wconf 84' lang='lat' dir='ltr'>per</span> <span class='ocrx_word' id='word_1_147' title='bbox 2335 845 2649 916; x_wconf 87' lang='lat' dir='ltr'>parochiam</span> <span class='ocrx_word' id='word_1_148' title='bbox 2709 847 2778 903; x_wconf 91' lang='lat' dir='ltr'>de</span> <span class='ocrx_word' id='word_1_149' title='bbox 2833 847 3151 918; x_wconf 85' lang='lat' dir='ltr'>presbytero</span> <span class='ocrx_word' id='word_1_150' title='bbox 3207 846 3426 912; x_wconf 88' lang='lat' dir='ltr'>exierit,</span> <span class='ocrx_word' id='word_1_151' title='bbox 3485 854 3540 902; x_wconf 86' lang='lat' dir='ltr'>et</span> 
     </span>
    </p>
   </div>
   <div class='ocr_carea' id='block_1_24' title="bbox 1939 933 3538 1006">
    <p class='ocr_par' dir='ltr' id='par_1_24' title="bbox 1939 933 3538 1006">
     <span class='ocr_line' id='line_1_24' title="bbox 1939 933 3538 1006; baseline 0.001 -19"><span class='ocrx_word' id='word_1_152' title='bbox 1939 940 2290 988; x_wconf 86' lang='lat' dir='ltr'>accusatores</span> <span class='ocrx_word' id='word_1_153' title='bbox 2324 941 2378 988; x_wconf 88' lang='lat' dir='ltr'>et</span> <span class='ocrx_word' id='word_1_154' title='bbox 2423 941 2586 988; x_wconf 86' lang='lat' dir='ltr'>testes</span> <span class='ocrx_word' id='word_1_155' title='bbox 2630 934 2838 1006; x_wconf 84' lang='lat' dir='ltr'>legales</span> <span class='ocrx_word' id='word_1_156' title='bbox 2887 933 3178 1000; x_wconf 85' lang='lat' dir='ltr'>defuerint,</span> <span class='ocrx_word' id='word_1_157' title='bbox 3229 951 3300 990; x_wconf 90' lang='lat' dir='ltr'>ne</span> <span class='ocrx_word' id='word_1_158' title='bbox 3346 942 3538 991; x_wconf 88' lang='lat' dir='ltr'>contra</span> 
     </span>
    </p>
   </div>
   <div class='ocr_carea' id='block_1_25' title="bbox 1937 1020 3536 1094">
    <p class='ocr_par' dir='ltr' id='par_1_25' title="bbox 1937 1020 3536 1094">
     <span class='ocr_line' id='line_1_25' title="bbox 1937 1020 3536 1094; baseline 0.001 -18"><span class='ocrx_word' id='word_1_159' title='bbox 1937 1021 2260 1091; x_wconf 81' lang='lat' dir='ltr'>Apostolum</span> <span class='ocrx_word' id='word_1_160' title='bbox 2289 1020 2626 1076; x_wconf 85' lang='lat' dir='ltr'>infirmorum</span> <span class='ocrx_word' id='word_1_161' title='bbox 2663 1023 2832 1079; x_wconf 88' lang='lat' dir='ltr'>corda</span> <span class='ocrx_word' id='word_1_162' title='bbox 2861 1023 2930 1078; x_wconf 91' lang='lat' dir='ltr'>de</span> <span class='ocrx_word' id='word_1_163' title='bbox 2958 1023 3101 1078; x_wconf 89' lang='lat' dir='ltr'>mala</span> <span class='ocrx_word' id='word_1_164' title='bbox 3129 1021 3272 1078; x_wconf 83' lang='lat' dir='ltr'>fama</span> <span class='ocrx_word' id='word_1_165' title='bbox 3301 1023 3536 1094; x_wconf 86' lang='lat' dir='ltr'>presby-</span> 
     </span>
    </p>
   </div>
   <div class='ocr_carea' id='block_1_26' title="bbox 1938 1109 3536 1181">
    <p class='ocr_par' dir='ltr' id='par_1_26' title="bbox 1938 1109 3536 1181">
     <span class='ocr_line' id='line_1_26' title="bbox 1938 1109 3536 1181; baseline 0.002 -18"><span class='ocrx_word' id='word_1_166' title='bbox 1938 1109 2039 1163; x_wconf 89' lang='lat' dir='ltr'>teri</span> <span class='ocrx_word' id='word_1_167' title='bbox 2094 1109 2493 1180; x_wconf 89' lang='lat' dir='ltr'>percutiantur,</span> <span class='ocrx_word' id='word_1_168' title='bbox 2556 1117 2607 1165; x_wconf 89' lang='lat' dir='ltr'>et</span> <span class='ocrx_word' id='word_1_169' title='bbox 2663 1126 2732 1164; x_wconf 91' lang='lat' dir='ltr'>ne</span> <span class='ocrx_word' id='word_1_170' title='bbox 2787 1110 3123 1181; x_wconf 88' lang='lat' dir='ltr'>vituperetur</span> <span class='ocrx_word' id='word_1_171' title='bbox 3174 1111 3536 1166; x_wconf 86' lang='lat' dir='ltr'>ministerium</span> 
     </span>
    </p>
   </div>
   <div class='ocr_carea' id='block_1_27' title="bbox 1938 1194 3536 1266">
    <p class='ocr_par' dir='ltr' id='par_1_27' title="bbox 1938 1194 3536 1266">
     <span class='ocr_line' id='line_1_27' title="bbox 1938 1194 3536 1266; baseline 0.003 -20"><span class='ocrx_word' id='word_1_172' title='bbox 1938 1201 2218 1259; x_wconf 88' lang='lat' dir='ltr'>nostrum,</span> <span class='ocrx_word' id='word_1_173' title='bbox 2281 1209 2459 1265; x_wconf 88' lang='lat' dir='ltr'>neque</span> <span class='ocrx_word' id='word_1_174' title='bbox 2517 1194 2820 1250; x_wconf 83' lang='lat' dir='ltr'>securiores</span> <span class='ocrx_word' id='word_1_175' title='bbox 2877 1196 3182 1266; x_wconf 85' lang='lat' dir='ltr'>presbyteri</span> <span class='ocrx_word' id='word_1_176' title='bbox 3239 1196 3536 1251; x_wconf 84' lang='lat' dir='ltr'>existentes</span> 
     </span>
    </p>
   </div>
   <div class='ocr_carea' id='block_1_28' title="bbox 1939 1281 3536 1353">
    <p class='ocr_par' dir='ltr' id='par_1_28' title="bbox 1939 1281 3536 1353">
     <span class='ocr_line' id='line_1_28' title="bbox 1939 1281 3536 1353; baseline 0.003 -18"><span class='ocrx_word' id='word_1_177' title='bbox 1939 1281 2187 1338; x_wconf 90' lang='lat' dir='ltr'>licentius</span> <span class='ocrx_word' id='word_1_178' title='bbox 2221 1282 2278 1337; x_wconf 91' lang='lat' dir='ltr'>in</span> <span class='ocrx_word' id='word_1_179' title='bbox 2320 1290 2605 1353; x_wconf 86' lang='lat' dir='ltr'>peccatum</span> <span class='ocrx_word' id='word_1_180' title='bbox 2651 1282 2919 1348; x_wconf 88' lang='lat' dir='ltr'>labantur,</span> <span class='ocrx_word' id='word_1_181' title='bbox 2970 1284 3268 1339; x_wconf 88' lang='lat' dir='ltr'>secundum</span> <span class='ocrx_word' id='word_1_182' title='bbox 3311 1284 3536 1340; x_wconf 82' lang='lat' dir='ltr'>decreta</span> 
     </span>
    </p>
   </div>
   <div class='ocr_carea' id='block_1_29' title="bbox 1937 1371 3530 1444">
    <p class='ocr_par' dir='ltr' id='par_1_29' title="bbox 1937 1371 3530 1444">
     <span class='ocr_line' id='line_1_29' title="bbox 1937 1371 3530 1444; baseline 0.003 -20"><span class='ocrx_word' id='word_1_183' title='bbox 1937 1371 2218 1440; x_wconf 89' lang='lat' dir='ltr'>majorum,</span> <span class='ocrx_word' id='word_1_184' title='bbox 2251 1387 2376 1426; x_wconf 90' lang='lat' dir='ltr'>cum</span> <span class='ocrx_word' id='word_1_185' title='bbox 2407 1371 2774 1427; x_wconf 88' lang='lat' dir='ltr'>deuominatis</span> <span class='ocrx_word' id='word_1_186' title='bbox 2805 1371 2908 1426; x_wconf 88' lang='lat' dir='ltr'>sibi</span> <span class='ocrx_word' id='word_1_187' title='bbox 2938 1371 3131 1428; x_wconf 90' lang='lat' dir='ltr'>vicinis</span> <span class='ocrx_word' id='word_1_188' title='bbox 3173 1372 3530 1444; x_wconf 86' lang='lat' dir='ltr'>presbyteris,</span> 
     </span>
    </p>
   </div>
   <div class='ocr_carea' id='block_1_30' title="bbox 1940 1459 3536 1531">
    <p class='ocr_par' dir='ltr' id='par_1_30' title="bbox 1940 1459 3536 1531">
     <span class='ocr_line' id='line_1_30' title="bbox 1940 1459 3536 1531; baseline 0.002 -18"><span class='ocrx_word' id='word_1_189' title='bbox 1940 1474 2078 1531; x_wconf 90' lang='lat' dir='ltr'>quos</span> <span class='ocrx_word' id='word_1_190' title='bbox 2109 1459 2312 1515; x_wconf 91' lang='lat' dir='ltr'>scimus</span> <span class='ocrx_word' id='word_1_191' title='bbox 2341 1475 2400 1514; x_wconf 91' lang='lat' dir='ltr'>se</span> <span class='ocrx_word' id='word_1_192' title='bbox 2429 1460 2576 1514; x_wconf 90' lang='lat' dir='ltr'>nolle</span> <span class='ocrx_word' id='word_1_193' title='bbox 2605 1460 2887 1530; x_wconf 90' lang='lat' dir='ltr'>perjurare</span> <span class='ocrx_word' id='word_1_194' title='bbox 2928 1468 3285 1528; x_wconf 89' lang='lat' dir='ltr'>sacramento,</span> <span class='ocrx_word' id='word_1_195' title='bbox 3332 1460 3536 1516; x_wconf 90' lang='lat' dir='ltr'>famam</span> 
     </span>
    </p>
   </div>
   <div class='ocr_carea' id='block_1_31' title="bbox 1939 1548 3539 1620">
    <p class='ocr_par' dir='ltr' id='par_1_31' title="bbox 1939 1548 3539 1620">
     <span class='ocr_line' id='line_1_31' title="bbox 1939 1548 3539 1620; baseline 0.003 -20"><span class='ocrx_word' id='word_1_196' title='bbox 1939 1561 2094 1601; x_wconf 90' lang='lat' dir='ltr'>suam</span> <span class='ocrx_word' id='word_1_197' title='bbox 2136 1555 2355 1620; x_wconf 81' lang='lat' dir='ltr'>purget.</span> <span class='ocrx_word' id='word_1_198' title='bbox 2405 1548 2464 1603; x_wconf 88' lang='lat' dir='ltr'>Si</span> <span class='ocrx_word' id='word_1_199' title='bbox 2509 1555 2688 1603; x_wconf 89' lang='lat' dir='ltr'>autem</span> <span class='ocrx_word' id='word_1_200' title='bbox 2732 1548 3114 1604; x_wconf 86' lang='lat' dir='ltr'>denominatos</span> <span class='ocrx_word' id='word_1_201' title='bbox 3153 1565 3186 1604; x_wconf 90' lang='lat' dir='ltr'>a</span> <span class='ocrx_word' id='word_1_202' title='bbox 3227 1548 3384 1604; x_wconf 90' lang='lat' dir='ltr'>nobis</span> <span class='ocrx_word' id='word_1_203' title='bbox 3435 1549 3539 1604; x_wconf 91' lang='lat' dir='ltr'>sibi</span> 
     </span>
    </p>
   </div>
   <div class='ocr_carea' id='block_1_32' title="bbox 1939 1635 3537 1709">
    <p class='ocr_par' dir='ltr' id='par_1_32' title="bbox 1939 1635 3537 1709">
     <span class='ocr_line' id='line_1_32' title="bbox 1939 1635 3537 1709; baseline 0.003 -21"><span class='ocrx_word' id='word_1_204' title='bbox 1939 1635 2292 1706; x_wconf 85' lang='lat' dir='ltr'>presbyteros</span> <span class='ocrx_word' id='word_1_205' title='bbox 2321 1637 2390 1691; x_wconf 90' lang='lat' dir='ltr'>ad</span> <span class='ocrx_word' id='word_1_206' title='bbox 2420 1635 2622 1692; x_wconf 86' lang='lat' dir='ltr'>famam</span> <span class='ocrx_word' id='word_1_207' title='bbox 2653 1652 2804 1691; x_wconf 90' lang='lat' dir='ltr'>suam</span> <span class='ocrx_word' id='word_1_208' title='bbox 2835 1638 3176 1709; x_wconf 89' lang='lat' dir='ltr'>purgandam</span> <span class='ocrx_word' id='word_1_209' title='bbox 3205 1637 3410 1693; x_wconf 88' lang='lat' dir='ltr'>habere</span> <span class='ocrx_word' id='word_1_210' title='bbox 3439 1653 3537 1693; x_wconf 92' lang='lat' dir='ltr'>ne-</span> 
     </span>
    </p>
   </div>
   <div class='ocr_carea' id='block_1_33' title="bbox 239 1723 3539 1818">
    <p class='ocr_par' dir='ltr' id='par_1_33' title="bbox 239 1723 3539 1818">
     <span class='ocr_line' id='line_1_33' title="bbox 239 1723 3539 1818; baseline -0.003 -25"><span class='ocrx_word' id='word_1_211' title='bbox 239 1737 468 1800; x_wconf 84' lang='lat' dir='ltr'>ciarum,</span> <span class='ocrx_word' id='word_1_212' title='bbox 501 1736 729 1806; x_wconf 90' lang='lat' dir='ltr'>insuper</span> <span class='ocrx_word' id='word_1_213' title='bbox 757 1741 810 1790; x_wconf 91' lang='lat' dir='ltr'>et</span> <span class='ocrx_word' id='word_1_214' title='bbox 847 1733 1032 1789; x_wconf 90' lang='lat' dir='ltr'>domui</span> <span class='ocrx_word' id='word_1_215' title='bbox 1080 1749 1236 1805; x_wconf 65' lang='lat' dir='ltr'>papae</span> <span class='ocrx_word' id='word_1_216' title='bbox 1274 1733 1487 1788; x_wconf 89' lang='lat' dir='ltr'>Nicolai</span> <span class='ocrx_word' id='word_1_217' title='bbox 1530 1733 1841 1804; x_wconf 55' lang='lat' dir='ltr'>apostolicae</span> <span class='ocrx_word' id='word_1_218' title='bbox 1868 1757 1922 1818; x_wconf 82' lang='grc' dir='ltr'>Β</span> <span class='ocrx_word' id='word_1_219' title='bbox 1943 1723 2075 1818; x_wconf 45' lang='lat' dir='ltr'>(lilii.</span> <span class='ocrx_word' id='word_1_220' title='bbox 2111 1733 2164 1779; x_wconf 62' lang='lat' dir='ltr'>et</span> <span class='ocrx_word' id='word_1_221' title='bbox 2191 1723 2328 1818; x_wconf 71' lang='lat' dir='ltr'>ali0_S</span> <span class='ocrx_word' id='word_1_222' title='bbox 2356 1725 2424 1779; x_wconf 82' lang='lat' dir='ltr'>ad</span> <span class='ocrx_word' id='word_1_223' title='bbox 2455 1741 2641 1782; x_wconf 86' lang='lat' dir='ltr'>secum</span> <span class='ocrx_word' id='word_1_224' title='bbox 2671 1725 2966 1795; x_wconf 84' lang='lat' dir='ltr'>jurandum</span> <span class='ocrx_word' id='word_1_225' title='bbox 3009 1726 3346 1793; x_wconf 85' lang='lat' dir='ltr'>conduxerit,</span> <span class='ocrx_word' id='word_1_226' title='bbox 3399 1741 3539 1798; x_wconf 86' lang='lat' dir='ltr'>quo-</span> 
     </span>
    </p>
   </div>
   <div class='ocr_carea' id='block_1_34' title="bbox 240 1821 1842 1895">
    <p class='ocr_par' dir='ltr' id='par_1_34' title="bbox 240 1821 1842 1895">
     <span class='ocr_line' id='line_1_34' title="bbox 240 1821 1842 1895; baseline -0.001 -15"><span class='ocrx_word' id='word_1_227' title='bbox 240 1825 383 1881; x_wconf 88' lang='lat' dir='ltr'>sedis</span> <span class='ocrx_word' id='word_1_228' title='bbox 440 1823 748 1895; x_wconf 84' lang='lat' dir='ltr'>pontificis,</span> <span class='ocrx_word' id='word_1_229' title='bbox 804 1839 836 1877; x_wconf 90' lang='lat' dir='ltr'>a</span> <span class='ocrx_word' id='word_1_230' title='bbox 883 1822 1041 1877; x_wconf 89' lang='lat' dir='ltr'>nobis</span> <span class='ocrx_word' id='word_1_231' title='bbox 1087 1821 1404 1894; x_wconf 81' lang='lat' dir='ltr'>evangelica</span> <span class='ocrx_word' id='word_1_232' title='bbox 1446 1830 1499 1877; x_wconf 92' lang='lat' dir='ltr'>et</span> <span class='ocrx_word' id='word_1_233' title='bbox 1547 1821 1842 1892; x_wconf 89' lang='lat' dir='ltr'>apostolica</span> 
     </span>
    </p>
   </div>
   <div class='ocr_carea' id='block_1_35' title="bbox 237 1911 1845 1986">
    <p class='ocr_par' dir='ltr' id='par_1_35' title="bbox 237 1911 1845 1986">
     <span class='ocr_line' id='line_1_35' title="bbox 237 1911 1845 1986; baseline -0.002 -18"><span class='ocrx_word' id='word_1_234' title='bbox 237 1923 396 1986; x_wconf 87' lang='lat' dir='ltr'>atque</span> <span class='ocrx_word' id='word_1_235' title='bbox 425 1913 692 1968; x_wconf 86' lang='lat' dir='ltr'>canonica</span> <span class='ocrx_word' id='word_1_236' title='bbox 735 1911 1049 1967; x_wconf 84' lang='lat' dir='ltr'>auctoritate</span> <span class='ocrx_word' id='word_1_237' title='bbox 1098 1911 1167 1965; x_wconf 89' lang='lat' dir='ltr'>sit</span> <span class='ocrx_word' id='word_1_238' title='bbox 1213 1911 1735 1978; x_wconf 86' lang='lat' dir='ltr'>excommunicatus,</span> <span class='ocrx_word' id='word_1_239' title='bbox 1785 1918 1845 1966; x_wconf 89' lang='lat' dir='ltr'>ut</span> 
     </span>
    </p>
   </div>
   <div class='ocr_carea' id='block_1_36' title="bbox 239 1999 1844 2074">
    <p class='ocr_par' dir='ltr' id='par_1_36' title="bbox 239 1999 1844 2074">
     <span class='ocr_line' id='line_1_36' title="bbox 239 1999 1844 2074; baseline -0.002 -17"><span class='ocrx_word' id='word_1_240' title='bbox 239 2018 514 2074; x_wconf 86' lang='lat' dir='ltr'>nunquam</span> <span class='ocrx_word' id='word_1_241' title='bbox 545 2001 631 2057; x_wconf 88' lang='lat' dir='ltr'>vel</span> <span class='ocrx_word' id='word_1_242' title='bbox 645 2016 930 2072; x_wconf 75' lang='lat' dir='ltr'>nusquam</span> <span class='ocrx_word' id='word_1_243' title='bbox 959 1999 1015 2054; x_wconf 91' lang='lat' dir='ltr'>in</span> <span class='ocrx_word' id='word_1_244' title='bbox 1044 1999 1330 2071; x_wconf 89' lang='lat' dir='ltr'>provincia</span> <span class='ocrx_word' id='word_1_245' title='bbox 1357 1999 1680 2070; x_wconf 88' lang='lat' dir='ltr'>metropolis</span> <span class='ocrx_word' id='word_1_246' title='bbox 1707 2001 1844 2056; x_wconf 82' lang='lat' dir='ltr'>Rhe-</span> 
     </span>
    </p>
   </div>
   <div class='ocr_carea' id='block_1_37' title="bbox 237 2088 1847 2161">
    <p class='ocr_par' dir='ltr' id='par_1_37' title="bbox 237 2088 1847 2161">
     <span class='ocr_line' id='line_1_37' title="bbox 237 2088 1847 2161; baseline -0.002 -15"><span class='ocrx_word' id='word_1_247' title='bbox 237 2107 452 2146; x_wconf 87' lang='lat' dir='ltr'>morum</span> <span class='ocrx_word' id='word_1_248' title='bbox 481 2089 753 2146; x_wconf 72' lang='lat' dir='ltr'>Ecclesiae</span> <span class='ocrx_word' id='word_1_249' title='bbox 780 2089 836 2143; x_wconf 89' lang='lat' dir='ltr'>in</span> <span class='ocrx_word' id='word_1_250' title='bbox 866 2089 1044 2161; x_wconf 86' lang='lat' dir='ltr'>gradu</span> <span class='ocrx_word' id='word_1_251' title='bbox 1073 2088 1444 2144; x_wconf 88' lang='lat' dir='ltr'>ecclesiastico</span> <span class='ocrx_word' id='word_1_252' title='bbox 1473 2088 1760 2155; x_wconf 87' lang='lat' dir='ltr'>ministret,</span> <span class='ocrx_word' id='word_1_253' title='bbox 1793 2095 1847 2143; x_wconf 92' lang='lat' dir='ltr'>et</span> 
     </span>
    </p>
   </div>
   <div class='ocr_carea' id='block_1_38' title="bbox 238 2177 1844 2250">
    <p class='ocr_par' dir='ltr' id='par_1_38' title="bbox 238 2177 1844 2250">
     <span class='ocr_line' id='line_1_38' title="bbox 238 2177 1844 2250; baseline 0 -17"><span class='ocrx_word' id='word_1_254' title='bbox 238 2179 360 2234; x_wconf 88' lang='lat' dir='ltr'>siin</span> <span class='ocrx_word' id='word_1_255' title='bbox 389 2178 700 2250; x_wconf 84' lang='lat' dir='ltr'>pertinacia</span> <span class='ocrx_word' id='word_1_256' title='bbox 727 2194 842 2232; x_wconf 60' lang='lat' dir='ltr'>sum</span> <span class='ocrx_word' id='word_1_257' title='bbox 876 2177 1220 2248; x_wconf 90' lang='lat' dir='ltr'>pervasionis</span> <span class='ocrx_word' id='word_1_258' title='bbox 1267 2177 1335 2232; x_wconf 91' lang='lat' dir='ltr'>de</span> <span class='ocrx_word' id='word_1_259' title='bbox 1381 2184 1576 2232; x_wconf 66' lang='lat' dir='ltr'>caetero</span> <span class='ocrx_word' id='word_1_260' title='bbox 1619 2192 1844 2233; x_wconf 87' lang='lat' dir='ltr'>manere</span> 
     </span>
    </p>
   </div>
   <div class='ocr_carea' id='block_1_39' title="bbox 239 2264 1844 2339">
    <p class='ocr_par' dir='ltr' id='par_1_39' title="bbox 239 2264 1844 2339">
     <span class='ocr_line' id='line_1_39' title="bbox 239 2264 1844 2339; baseline -0.002 -16"><span class='ocrx_word' id='word_1_261' title='bbox 239 2266 676 2339; x_wconf 65' lang='lat' dir='ltr'>praesumpserit,</span> <span class='ocrx_word' id='word_1_262' title='bbox 709 2281 984 2337; x_wconf 88' lang='lat' dir='ltr'>nunquam</span> <span class='ocrx_word' id='word_1_263' title='bbox 1013 2265 1100 2320; x_wconf 87' lang='lat' dir='ltr'>vel</span> <span class='ocrx_word' id='word_1_264' title='bbox 1137 2280 1406 2336; x_wconf 89' lang='lat' dir='ltr'>nusquam</span> <span class='ocrx_word' id='word_1_265' title='bbox 1450 2264 1506 2319; x_wconf 92' lang='lat' dir='ltr'>in</span> <span class='ocrx_word' id='word_1_266' title='bbox 1549 2264 1844 2320; x_wconf 84' lang='lat' dir='ltr'>Rhemensi</span> 
     </span>
    </p>
   </div>
   <div class='ocr_carea' id='block_1_40' title="bbox 241 2353 1843 2427">
    <p class='ocr_par' dir='ltr' id='par_1_40' title="bbox 241 2353 1843 2427">
     <span class='ocr_line' id='line_1_40' title="bbox 241 2353 1843 2427; baseline -0.002 -15"><span class='ocrx_word' id='word_1_267' title='bbox 241 2356 530 2427; x_wconf 85' lang='lat' dir='ltr'>provincia</span> <span class='ocrx_word' id='word_1_268' title='bbox 560 2371 683 2410; x_wconf 90' lang='lat' dir='ltr'>cum</span> <span class='ocrx_word' id='word_1_269' title='bbox 712 2353 896 2425; x_wconf 88' lang='lat' dir='ltr'>aliquo</span> <span class='ocrx_word' id='word_1_270' title='bbox 924 2353 1228 2409; x_wconf 87' lang='lat' dir='ltr'>Christiano</span> <span class='ocrx_word' id='word_1_271' title='bbox 1257 2354 1640 2420; x_wconf 89' lang='lat' dir='ltr'>communicet,</span> <span class='ocrx_word' id='word_1_272' title='bbox 1664 2369 1843 2426; x_wconf 89' lang='lat' dir='ltr'>neque</span> 
     </span>
    </p>
   </div>
   <div class='ocr_carea' id='block_1_41' title="bbox 242 2441 1844 2516">
    <p class='ocr_par' dir='ltr' id='par_1_41' title="bbox 242 2441 1844 2516">
     <span class='ocr_line' id='line_1_41' title="bbox 242 2441 1844 2516; baseline -0.002 -15"><span class='ocrx_word' id='word_1_273' title='bbox 242 2460 442 2516; x_wconf 88' lang='lat' dir='ltr'>corpus</span> <span class='ocrx_word' id='word_1_274' title='bbox 471 2451 530 2498; x_wconf 87' lang='lat' dir='ltr'>et</span> <span class='ocrx_word' id='word_1_275' title='bbox 559 2443 882 2516; x_wconf 84' lang='lat' dir='ltr'>sanguinem</span> <span class='ocrx_word' id='word_1_276' title='bbox 912 2442 1128 2508; x_wconf 86' lang='lat' dir='ltr'>Christi,</span> <span class='ocrx_word' id='word_1_277' title='bbox 1163 2443 1266 2496; x_wconf 90' lang='lat' dir='ltr'>nisi</span> <span class='ocrx_word' id='word_1_278' title='bbox 1297 2441 1458 2508; x_wconf 88' lang='lat' dir='ltr'>forte,</span> <span class='ocrx_word' id='word_1_279' title='bbox 1476 2443 1626 2511; x_wconf 85' lang='lat' dir='ltr'>juxta</span> <span class='ocrx_word' id='word_1_280' title='bbox 1654 2443 1844 2513; x_wconf 87' lang='lat' dir='ltr'>mysti-</span> 
     </span>
    </p>
   </div>
   <div class='ocr_carea' id='block_1_42' title="bbox 241 2529 1843 2602">
    <p class='ocr_par' dir='ltr' id='par_1_42' title="bbox 241 2529 1843 2602">
     <span class='ocr_line' id='line_1_42' title="bbox 241 2529 1843 2602; baseline -0.002 -12"><span class='ocrx_word' id='word_1_281' title='bbox 241 2549 356 2590; x_wconf 85' lang='lat' dir='ltr'>cam</span> <span class='ocrx_word' id='word_1_282' title='bbox 387 2533 677 2589; x_wconf 76' lang='lat' dir='ltr'>Nicaenam</span> <span class='ocrx_word' id='word_1_283' title='bbox 708 2531 977 2602; x_wconf 88' lang='lat' dir='ltr'>synodum</span> <span class='ocrx_word' id='word_1_284' title='bbox 1007 2532 1158 2600; x_wconf 84' lang='lat' dir='ltr'>(can.</span> <span class='ocrx_word' id='word_1_285' title='bbox 1189 2531 1298 2596; x_wconf 79' lang='lat' dir='ltr'>t3),</span> <span class='ocrx_word' id='word_1_286' title='bbox 1351 2530 1406 2584; x_wconf 90' lang='lat' dir='ltr'>in</span> <span class='ocrx_word' id='word_1_287' title='bbox 1442 2529 1586 2585; x_wconf 87' lang='lat' dir='ltr'>exitu</span> <span class='ocrx_word' id='word_1_288' title='bbox 1633 2531 1843 2602; x_wconf 90' lang='lat' dir='ltr'>positus</span> 
     </span>
    </p>
   </div>
   <div class='ocr_carea' id='block_1_43' title="bbox 241 2617 1628 2689">
    <p class='ocr_par' dir='ltr' id='par_1_43' title="bbox 241 2617 1628 2689">
     <span class='ocr_line' id='line_1_43' title="bbox 241 2617 1628 2689; baseline -0.003 -13"><span class='ocrx_word' id='word_1_289' title='bbox 241 2621 491 2677; x_wconf 87' lang='lat' dir='ltr'>viaticum</span> <span class='ocrx_word' id='word_1_290' title='bbox 525 2635 722 2675; x_wconf 75' lang='lat' dir='ltr'>munus</span> <span class='ocrx_word' id='word_1_291' title='bbox 753 2634 928 2675; x_wconf 67' lang='lat' dir='ltr'>sacrae</span> <span class='ocrx_word' id='word_1_292' title='bbox 957 2617 1351 2675; x_wconf 91' lang='lat' dir='ltr'>communionis</span> <span class='ocrx_word' id='word_1_293' title='bbox 1379 2618 1628 2689; x_wconf 89' lang='lat' dir='ltr'>accipiat.</span> 
     </span>
    </p>
   </div>
   <div class='ocr_carea' id='block_1_44' title="bbox 723 2732 1359 2789">
    <p class='ocr_par' dir='ltr' id='par_1_44' title="bbox 723 2732 1359 2789">
     <span class='ocr_line' id='line_1_44' title="bbox 723 2732 1359 2789; baseline -0.002 -1"><span class='ocrx_word' id='word_1_294' title='bbox 723 2732 1064 2789; x_wconf 82' lang='lat' dir='ltr'>EPISTOLA</span> <span class='ocrx_word' id='word_1_295' title='bbox 1101 2732 1359 2788; x_wconf 84' lang='lat' dir='ltr'>XXXIV.</span> 
     </span>
    </p>
   </div>
   <div class='ocr_carea' id='block_1_45' title="bbox 427 2854 1650 2898">
    <p class='ocr_par' dir='ltr' id='par_1_45' title="bbox 427 2854 1650 2898">
     <span class='ocr_line' id='line_1_45' title="bbox 427 2854 1650 2898; baseline -0.002 -1"><span class='ocrx_word' id='word_1_296' title='bbox 427 2858 503 2898; x_wconf 71' lang='lat' dir='ltr'><strong>AD</strong></span> <span class='ocrx_word' id='word_1_297' title='bbox 540 2855 804 2897; x_wconf 68' lang='lat' dir='ltr'>JOANNEM</span> <span class='ocrx_word' id='word_1_298' title='bbox 841 2855 1149 2896; x_wconf 77' lang='lat' dir='ltr'>EPISCOPUM</span> <span class='ocrx_word' id='word_1_299' title='bbox 1189 2854 1650 2896; x_wconf 68' lang='lat' dir='ltr'>CAMERACENSEH.</span> 
     </span>
    </p>
   </div>
   <div class='ocr_carea' id='block_1_46' title="bbox 238 2945 1839 3019">
    <p class='ocr_par' dir='ltr' id='par_1_46' title="bbox 238 2945 1839 3019">
     <span class='ocr_line' id='line_1_46' title="bbox 238 2945 1839 3019; baseline -0.003 -12"><span class='ocrx_word' id='word_1_300' title='bbox 238 2952 307 3007; x_wconf 82' lang='lat' dir='ltr'>De</span> <span class='ocrx_word' id='word_1_301' title='bbox 332 2949 597 3006; x_wconf 77' lang='lat' dir='ltr'>Humido</span> <span class='ocrx_word' id='word_1_302' title='bbox 629 2953 685 3004; x_wconf 86' lang='lat' dir='ltr'>et</span> <span class='ocrx_word' id='word_1_303' title='bbox 715 2949 885 3003; x_wconf 76' lang='lat' dir='ltr'>malw</span> <span class='ocrx_word' id='word_1_304' title='bbox 914 2949 1085 3018; x_wconf 62' lang='lat' dir='ltr'>fama</span> <span class='ocrx_word' id='word_1_305' title='bbox 1126 2947 1438 3019; x_wconf 78' lang='lat' dir='ltr'>presbyteri</span> <span class='ocrx_word' id='word_1_306' title='bbox 1483 2945 1839 3018; x_wconf 78' lang='lat' dir='ltr'>purgatione.</span> 
     </span>
    </p>
   </div>
   <div class='ocr_carea' id='block_1_47' title="bbox 311 3060 1762 3121">
    <p class='ocr_par' dir='ltr' id='par_1_47' title="bbox 311 3060 1762 3121">
     <span class='ocr_line' id='line_1_47' title="bbox 311 3060 1762 3121; baseline -0.002 -10"><span class='ocrx_word' id='word_1_307' title='bbox 311 3063 476 3121; x_wconf 74' lang='lat' dir='ltr'>(Apud</span> <span class='ocrx_word' id='word_1_308' title='bbox 499 3062 776 3117; x_wconf 89' lang='lat' dir='ltr'>Sirmond.,</span> <span class='ocrx_word' id='word_1_309' title='bbox 799 3072 859 3108; x_wconf 84' lang='lat' dir='ltr'>ex</span> <span class='ocrx_word' id='word_1_310' title='bbox 895 3061 1068 3108; x_wconf 86' lang='lat' dir='ltr'>codice</span> <span class='ocrx_word' id='word_1_311' title='bbox 1089 3062 1136 3107; x_wconf 90' lang='lat' dir='ltr'>S.</span> <span class='ocrx_word' id='word_1_312' title='bbox 1158 3060 1409 3107; x_wconf 86' lang='lat' dir='ltr'>Laurentii</span> <span class='ocrx_word' id='word_1_313' title='bbox 1433 3061 1762 3118; x_wconf 88' lang='lat' dir='ltr'>Leodiensis.)</span> 
     </span>
    </p>
   </div>
   <div class='ocr_carea' id='block_1_48' title="bbox 1943 1813 3539 1886">
    <p class='ocr_par' dir='ltr' id='par_1_48' title="bbox 1943 1813 3539 1886">
     <span class='ocr_line' id='line_1_48' title="bbox 1943 1813 3539 1886; baseline 0.003 -20"><span class='ocrx_word' id='word_1_314' title='bbox 1943 1813 2090 1867; x_wconf 89' lang='lat' dir='ltr'>niam</span> <span class='ocrx_word' id='word_1_315' title='bbox 2109 1813 2318 1884; x_wconf 87' lang='lat' dir='ltr'>experti</span> <span class='ocrx_word' id='word_1_316' title='bbox 2340 1829 2526 1868; x_wconf 90' lang='lat' dir='ltr'>sumus</span> <span class='ocrx_word' id='word_1_317' title='bbox 2546 1815 2812 1886; x_wconf 88' lang='lat' dir='ltr'>quosdam</span> <span class='ocrx_word' id='word_1_318' title='bbox 2834 1815 2904 1869; x_wconf 91' lang='lat' dir='ltr'>ad</span> <span class='ocrx_word' id='word_1_319' title='bbox 2923 1814 3156 1870; x_wconf 90' lang='lat' dir='ltr'>invicem</span> <span class='ocrx_word' id='word_1_320' title='bbox 3173 1815 3539 1886; x_wconf 88' lang='lat' dir='ltr'>conspirasse,</span> 
     </span>
    </p>
   </div>
   <div class='ocr_carea' id='block_1_49' title="bbox 1942 1901 3542 1975">
    <p class='ocr_par' dir='ltr' id='par_1_49' title="bbox 1942 1901 3542 1975">
     <span class='ocr_line' id='line_1_49' title="bbox 1942 1901 3542 1975; baseline 0.002 -19"><span class='ocrx_word' id='word_1_321' title='bbox 1942 1908 2000 1956; x_wconf 90' lang='lat' dir='ltr'>ut</span> <span class='ocrx_word' id='word_1_322' title='bbox 2030 1901 2260 1972; x_wconf 89' lang='lat' dir='ltr'>reputati</span> <span class='ocrx_word' id='word_1_323' title='bbox 2302 1909 2488 1958; x_wconf 89' lang='lat' dir='ltr'>mutuo</span> <span class='ocrx_word' id='word_1_324' title='bbox 2534 1903 2589 1957; x_wconf 92' lang='lat' dir='ltr'>in</span> <span class='ocrx_word' id='word_1_325' title='bbox 2639 1918 2740 1957; x_wconf 89' lang='lat' dir='ltr'>sua</span> <span class='ocrx_word' id='word_1_326' title='bbox 2785 1903 3108 1975; x_wconf 82' lang='lat' dir='ltr'>purgatione</span> <span class='ocrx_word' id='word_1_327' title='bbox 3149 1903 3353 1972; x_wconf 90' lang='lat' dir='ltr'>jurent,</span> <span class='ocrx_word' id='word_1_328' title='bbox 3399 1904 3542 1961; x_wconf 89' lang='lat' dir='ltr'>sicut</span> 
     </span>
    </p>
   </div>
   <div class='ocr_carea' id='block_1_50' title="bbox 1943 1990 3541 2062">
    <p class='ocr_par' dir='ltr' id='par_1_50' title="bbox 1943 1990 3541 2062">
     <span class='ocr_line' id='line_1_50' title="bbox 1943 1990 3541 2062; baseline 0.002 -17"><span class='ocrx_word' id='word_1_329' title='bbox 1943 1997 1998 2045; x_wconf 86' lang='lat' dir='ltr'>et</span> <span class='ocrx_word' id='word_1_330' title='bbox 2025 1990 2352 2060; x_wconf 88' lang='lat' dir='ltr'>presbyteri,</span> <span class='ocrx_word' id='word_1_331' title='bbox 2385 1990 2534 2060; x_wconf 90' lang='lat' dir='ltr'>pleni</span> <span class='ocrx_word' id='word_1_332' title='bbox 2562 1990 2748 2062; x_wconf 91' lang='lat' dir='ltr'>iniqua</span> <span class='ocrx_word' id='word_1_333' title='bbox 2775 1990 3104 2062; x_wconf 82' lang='lat' dir='ltr'>cogitatione</span> <span class='ocrx_word' id='word_1_334' title='bbox 3134 1992 3401 2047; x_wconf 90' lang='lat' dir='ltr'>adversus</span> <span class='ocrx_word' id='word_1_335' title='bbox 3431 1993 3541 2049; x_wconf 93' lang='lat' dir='ltr'>Su-</span> 
     </span>
    </p>
   </div>
   <div class='ocr_carea' id='block_1_51' title="bbox 1943 2078 3534 2150">
    <p class='ocr_par' dir='ltr' id='par_1_51' title="bbox 1943 2078 3534 2150">
     <span class='ocr_line' id='line_1_51' title="bbox 1943 2078 3534 2150; baseline 0.001 -18"><span class='ocrx_word' id='word_1_336' title='bbox 1943 2093 2176 2132; x_wconf 88' lang='lat' dir='ltr'>sannam</span> <span class='ocrx_word' id='word_1_337' title='bbox 2204 2078 2668 2150; x_wconf 87' lang='lat' dir='ltr'>conspiraverunt,</span> <span class='ocrx_word' id='word_1_338' title='bbox 2694 2094 2881 2134; x_wconf 89' lang='lat' dir='ltr'>coram</span> <span class='ocrx_word' id='word_1_339' title='bbox 2903 2079 3071 2135; x_wconf 86' lang='lat' dir='ltr'>misse</span> <span class='ocrx_word' id='word_1_340' title='bbox 3086 2079 3246 2134; x_wconf 91' lang='lat' dir='ltr'>nobis</span> <span class='ocrx_word' id='word_1_341' title='bbox 3265 2079 3534 2145; x_wconf 90' lang='lat' dir='ltr'>credibili,</span> 
     </span>
    </p>
   </div>
   <div class='ocr_carea' id='block_1_52' title="bbox 1941 2153 3539 2240">
    <p class='ocr_par' dir='ltr' id='par_1_52' title="bbox 1941 2153 3539 2240">
     <span class='ocr_line' id='line_1_52' title="bbox 1941 2153 3539 2240; baseline 0.003 -20"><span class='ocrx_word' id='word_1_342' title='bbox 1941 2167 2266 2238; x_wconf 86' lang='lat' dir='ltr'>presbyteri,</span> <span class='ocrx_word' id='word_1_343' title='bbox 2301 2166 2395 2238; x_wconf 85' lang='lat' dir='ltr'>qui</span> <span class='ocrx_word' id='word_1_344' title='bbox 2423 2167 2477 2220; x_wconf 91' lang='lat' dir='ltr'>in</span> <span class='ocrx_word' id='word_1_345' title='bbox 2508 2167 2830 2240; x_wconf 83' lang='lat' dir='ltr'>purgatione</span> <span class='ocrx_word' id='word_1_346' title='bbox 2861 2153 3104 2223; x_wconf 73' lang='lat' dir='ltr'>infamati</span> <span class='ocrx_word' id='word_1_347' title='bbox 3149 2167 3449 2224; x_wconf 87' lang='lat' dir='ltr'>sacerdotis</span> <span class='ocrx_word' id='word_1_348' title='bbox 3479 2184 3539 2224; x_wconf 89' lang='lat' dir='ltr'>se</span> 
     </span>
    </p>
   </div>
   <div class='ocr_carea' id='block_1_53' title="bbox 1942 2255 3540 2336">
    <p class='ocr_par' dir='ltr' id='par_1_53' title="bbox 1942 2255 3540 2336">
     <span class='ocr_line' id='line_1_53' title="bbox 1942 2255 3540 2336; baseline 0 -26"><span class='ocrx_word' id='word_1_349' title='bbox 1942 2271 2052 2310; x_wconf 90' lang='lat' dir='ltr'>una</span> <span class='ocrx_word' id='word_1_350' title='bbox 2081 2270 2204 2310; x_wconf 91' lang='lat' dir='ltr'>cum</span> <span class='ocrx_word' id='word_1_351' title='bbox 2235 2271 2300 2310; x_wconf 88' lang='lat' dir='ltr'>eo</span> <span class='ocrx_word' id='word_1_352' title='bbox 2329 2256 2398 2310; x_wconf 88' lang='lat' dir='ltr'>ad</span> <span class='ocrx_word' id='word_1_353' title='bbox 2415 2255 2794 2325; x_wconf 86' lang='lat' dir='ltr'>jusjurandum</span> <span class='ocrx_word' id='word_1_354' title='bbox 2812 2255 3066 2324; x_wconf 72' lang='lat' dir='ltr'>offerunt,</span> <span class='ocrx_word' id='word_1_355' title='bbox 3087 2255 3540 2336; x_wconf 79' lang='lat' dir='ltr'>examinationem</span> 
     </span>
    </p>
   </div>
   <div class='ocr_carea' id='block_1_54' title="bbox 1935 2342 3534 2416">
    <p class='ocr_par' dir='ltr' id='par_1_54' title="bbox 1935 2342 3534 2416">
     <span class='ocr_line' id='line_1_54' title="bbox 1935 2342 3534 2416; baseline 0.001 -19"><span class='ocrx_word' id='word_1_356' title='bbox 1935 2343 2135 2412; x_wconf 88' lang='lat' dir='ltr'>judicis</span> <span class='ocrx_word' id='word_1_357' title='bbox 2164 2359 2264 2414; x_wconf 91' lang='lat' dir='ltr'>per</span> <span class='ocrx_word' id='word_1_358' title='bbox 2295 2344 2614 2399; x_wconf 88' lang='lat' dir='ltr'>advocatum</span> <span class='ocrx_word' id='word_1_359' title='bbox 2643 2342 2882 2398; x_wconf 86' lang='lat' dir='ltr'>infamati</span> <span class='ocrx_word' id='word_1_360' title='bbox 2911 2343 3216 2415; x_wconf 89' lang='lat' dir='ltr'>presbyteri</span> <span class='ocrx_word' id='word_1_361' title='bbox 3244 2344 3534 2416; x_wconf 90' lang='lat' dir='ltr'>recipiunt,</span> 
     </span>
    </p>
   </div>
   <div class='ocr_carea' id='block_1_55' title="bbox 1941 2432 3542 2507">
    <p class='ocr_par' dir='ltr' id='par_1_55' title="bbox 1941 2432 3542 2507">
     <span class='ocr_line' id='line_1_55' title="bbox 1941 2432 3542 2507; baseline 0.001 -21"><span class='ocrx_word' id='word_1_362' title='bbox 1941 2439 2000 2486; x_wconf 92' lang='lat' dir='ltr'>ut</span> <span class='ocrx_word' id='word_1_363' title='bbox 2028 2432 2083 2486; x_wconf 91' lang='lat' dir='ltr'>in</span> <span class='ocrx_word' id='word_1_364' title='bbox 2114 2441 2454 2488; x_wconf 87' lang='lat' dir='ltr'>sacramento</span> <span class='ocrx_word' id='word_1_365' title='bbox 2481 2449 2541 2488; x_wconf 91' lang='lat' dir='ltr'>se</span> <span class='ocrx_word' id='word_1_366' title='bbox 2568 2433 2685 2488; x_wconf 92' lang='lat' dir='ltr'>Deo</span> <span class='ocrx_word' id='word_1_367' title='bbox 2713 2448 2824 2488; x_wconf 89' lang='lat' dir='ltr'>non</span> <span class='ocrx_word' id='word_1_368' title='bbox 2843 2433 3092 2504; x_wconf 89' lang='lat' dir='ltr'>perdant,</span> <span class='ocrx_word' id='word_1_369' title='bbox 3115 2432 3251 2488; x_wconf 90' lang='lat' dir='ltr'>sicut</span> <span class='ocrx_word' id='word_1_370' title='bbox 3278 2433 3542 2507; x_wconf 81' lang='lat' dir='ltr'>quosdam</span> 
     </span>
    </p>
   </div>
   <div class='ocr_carea' id='block_1_56' title="bbox 1943 2519 3544 2592">
    <p class='ocr_par' dir='ltr' id='par_1_56' title="bbox 1943 2519 3544 2592">
     <span class='ocr_line' id='line_1_56' title="bbox 1943 2519 3544 2592; baseline 0.002 -19"><span class='ocrx_word' id='word_1_371' title='bbox 1943 2519 2070 2575; x_wconf 89' lang='lat' dir='ltr'>hinc</span> <span class='ocrx_word' id='word_1_372' title='bbox 2121 2521 2236 2590; x_wconf 90' lang='lat' dir='ltr'>jam</span> <span class='ocrx_word' id='word_1_373' title='bbox 2291 2521 2528 2577; x_wconf 88' lang='lat' dir='ltr'>revictos</span> <span class='ocrx_word' id='word_1_374' title='bbox 2585 2520 2974 2592; x_wconf 87' lang='lat' dir='ltr'>comperimus.</span> <span class='ocrx_word' id='word_1_375' title='bbox 3031 2521 3304 2578; x_wconf 88' lang='lat' dir='ltr'>Invocatio</span> <span class='ocrx_word' id='word_1_376' title='bbox 3361 2529 3544 2578; x_wconf 91' lang='lat' dir='ltr'>autem</span> 
     </span>
    </p>
   </div>
   <div class='ocr_carea' id='block_1_57' title="bbox 1944 2609 3542 2682">
    <p class='ocr_par' dir='ltr' id='par_1_57' title="bbox 1944 2609 3542 2682">
     <span class='ocr_line' id='line_1_57' title="bbox 1944 2609 3542 2682; baseline 0.002 -20"><span class='ocrx_word' id='word_1_377' title='bbox 1944 2624 2106 2678; x_wconf 90' lang='lat' dir='ltr'>super</span> <span class='ocrx_word' id='word_1_378' title='bbox 2134 2625 2258 2663; x_wconf 90' lang='lat' dir='ltr'>eum</span> <span class='ocrx_word' id='word_1_379' title='bbox 2288 2609 2380 2682; x_wconf 90' lang='lat' dir='ltr'>qui</span> <span class='ocrx_word' id='word_1_380' title='bbox 2408 2611 2480 2665; x_wconf 91' lang='lat' dir='ltr'>ad</span> <span class='ocrx_word' id='word_1_381' title='bbox 2500 2610 2765 2679; x_wconf 91' lang='lat' dir='ltr'>judicium</span> <span class='ocrx_word' id='word_1_382' title='bbox 2795 2609 2904 2664; x_wconf 87' lang='lat' dir='ltr'>exit</span> <span class='ocrx_word' id='word_1_383' title='bbox 2934 2609 3056 2665; x_wconf 91' lang='lat' dir='ltr'>talis</span> <span class='ocrx_word' id='word_1_384' title='bbox 3091 2610 3342 2678; x_wconf 85' lang='lat' dir='ltr'>habetur,</span> <span class='ocrx_word' id='word_1_385' title='bbox 3396 2611 3542 2681; x_wconf 92' lang='lat' dir='ltr'>quod</span> 
     </span>
    </p>
   </div>
   <div class='ocr_carea' id='block_1_58' title="bbox 1941 2697 3544 2770">
    <p class='ocr_par' dir='ltr' id='par_1_58' title="bbox 1941 2697 3544 2770">
     <span class='ocr_line' id='line_1_58' title="bbox 1941 2697 3544 2770; baseline 0.002 -20"><span class='ocrx_word' id='word_1_386' title='bbox 1941 2697 2059 2767; x_wconf 91' lang='lat' dir='ltr'>ipse</span> <span class='ocrx_word' id='word_1_387' title='bbox 2087 2699 2372 2770; x_wconf 90' lang='lat' dir='ltr'>presbyter</span> <span class='ocrx_word' id='word_1_388' title='bbox 2413 2699 2575 2754; x_wconf 88' lang='lat' dir='ltr'>talem</span> <span class='ocrx_word' id='word_1_389' title='bbox 2617 2713 2902 2754; x_wconf 89' lang='lat' dir='ltr'>accessum</span> <span class='ocrx_word' id='word_1_390' title='bbox 2953 2706 3008 2754; x_wconf 90' lang='lat' dir='ltr'>et</span> <span class='ocrx_word' id='word_1_391' title='bbox 3049 2698 3544 2770; x_wconf 89' lang='lat' dir='ltr'>frequentationem</span> 
     </span>
    </p>
   </div>
   <div class='ocr_carea' id='block_1_59' title="bbox 1941 2786 3548 2844">
    <p class='ocr_par' dir='ltr' id='par_1_59' title="bbox 1941 2786 3548 2844">
     <span class='ocr_line' id='line_1_59' title="bbox 1941 2786 3548 2844; baseline 0.002 -4"><span class='ocrx_word' id='word_1_392' title='bbox 1941 2792 1995 2840; x_wconf 91' lang='lat' dir='ltr'>et</span> <span class='ocrx_word' id='word_1_393' title='bbox 2024 2786 2482 2841; x_wconf 88' lang='lat' dir='ltr'>cohabitationem</span> <span class='ocrx_word' id='word_1_394' title='bbox 2528 2795 2714 2842; x_wconf 89' lang='lat' dir='ltr'>contra</span> <span class='ocrx_word' id='word_1_395' title='bbox 2759 2802 2946 2842; x_wconf 89' lang='lat' dir='ltr'>sacros</span> <span class='ocrx_word' id='word_1_396' title='bbox 2991 2801 3232 2844; x_wconf 91' lang='lat' dir='ltr'>canones</span> <span class='ocrx_word' id='word_1_397' title='bbox 3277 2803 3403 2843; x_wconf 90' lang='lat' dir='ltr'>cum</span> <span class='ocrx_word' id='word_1_398' title='bbox 3450 2787 3548 2844; x_wconf 90' lang='lat' dir='ltr'>illa</span> 
     </span>
    </p>
   </div>
   <div class='ocr_carea' id='block_1_60' title="bbox 1942 2872 3545 2947">
    <p class='ocr_par' dir='ltr' id='par_1_60' title="bbox 1942 2872 3545 2947">
     <span class='ocr_line' id='line_1_60' title="bbox 1942 2872 3545 2947; baseline 0.002 -20"><span class='ocrx_word' id='word_1_399' title='bbox 1942 2872 2142 2928; x_wconf 86' lang='lat' dir='ltr'>femina</span> <span class='ocrx_word' id='word_1_400' title='bbox 2170 2889 2280 2929; x_wconf 92' lang='lat' dir='ltr'>non</span> <span class='ocrx_word' id='word_1_401' title='bbox 2311 2875 2580 2944; x_wconf 90' lang='lat' dir='ltr'>habuerit,</span> <span class='ocrx_word' id='word_1_402' title='bbox 2613 2875 2758 2931; x_wconf 91' lang='lat' dir='ltr'>unde</span> <span class='ocrx_word' id='word_1_403' title='bbox 2788 2875 2932 2931; x_wconf 90' lang='lat' dir='ltr'>mala</span> <span class='ocrx_word' id='word_1_404' title='bbox 2964 2875 3203 2947; x_wconf 90' lang='lat' dir='ltr'>suspicio</span> <span class='ocrx_word' id='word_1_405' title='bbox 3247 2883 3301 2932; x_wconf 90' lang='lat' dir='ltr'>et</span> <span class='ocrx_word' id='word_1_406' title='bbox 3345 2876 3545 2932; x_wconf 85' lang='lat' dir='ltr'>incon-</span> 
     </span>
    </p>
   </div>
   <div class='ocr_carea' id='block_1_61' title="bbox 1942 2961 3545 3035">
    <p class='ocr_par' dir='ltr' id='par_1_61' title="bbox 1942 2961 3545 3035">
     <span class='ocr_line' id='line_1_61' title="bbox 1942 2961 3545 3035; baseline 0.001 -19"><span class='ocrx_word' id='word_1_407' title='bbox 1942 2961 2166 3018; x_wconf 90' lang='lat' dir='ltr'>veniens</span> <span class='ocrx_word' id='word_1_408' title='bbox 2197 2963 2460 3019; x_wconf 89' lang='lat' dir='ltr'>sacerdoti</span> <span class='ocrx_word' id='word_1_409' title='bbox 2509 2963 2655 3018; x_wconf 89' lang='lat' dir='ltr'>fama</span> <span class='ocrx_word' id='word_1_410' title='bbox 2697 2963 2896 3019; x_wconf 89' lang='lat' dir='ltr'>merito</span> <span class='ocrx_word' id='word_1_411' title='bbox 2948 2971 3136 3035; x_wconf 90' lang='lat' dir='ltr'>posset</span> <span class='ocrx_word' id='word_1_412' title='bbox 3179 2964 3343 3020; x_wconf 88' lang='lat' dir='ltr'>exire.</span> <span class='ocrx_word' id='word_1_413' title='bbox 3396 2964 3545 3020; x_wconf 87' lang='lat' dir='ltr'>Sicut</span> 
     </span>
    </p>
   </div>
   <div class='ocr_carea' id='block_1_62' title="bbox 1947 3050 3546 3123">
    <p class='ocr_par' dir='ltr' id='par_1_62' title="bbox 1947 3050 3546 3123">
     <span class='ocr_line' id='line_1_62' title="bbox 1947 3050 3546 3123; baseline 0.002 -17"><span class='ocrx_word' id='word_1_414' title='bbox 1947 3050 2093 3106; x_wconf 91' lang='lat' dir='ltr'>enim</span> <span class='ocrx_word' id='word_1_415' title='bbox 2123 3051 2301 3107; x_wconf 90' lang='lat' dir='ltr'>vitiosi</span> <span class='ocrx_word' id='word_1_416' title='bbox 2335 3051 2664 3123; x_wconf 88' lang='lat' dir='ltr'>presbyteri,</span> <span class='ocrx_word' id='word_1_417' title='bbox 2715 3053 2982 3108; x_wconf 90' lang='lat' dir='ltr'>suadente</span> <span class='ocrx_word' id='word_1_418' title='bbox 3026 3052 3262 3117; x_wconf 88' lang='lat' dir='ltr'>diabolo,</span> <span class='ocrx_word' id='word_1_419' title='bbox 3315 3052 3546 3109; x_wconf 82' lang='lat' dir='ltr'>adiuve-</span> 
     </span>
    </p>
   </div>
   <div class='ocr_carea' id='block_1_63' title="bbox 303 3113 3549 3231">
    <p class='ocr_par' dir='ltr' id='par_1_63' title="bbox 303 3113 3549 3231">
     <span class='ocr_line' id='line_1_63' title="bbox 303 3113 3549 3231; baseline -0.001 -32"><span class='ocrx_word' id='word_1_420' title='bbox 303 3164 645 3218; x_wconf 54' lang='lat' dir='ltr'>Hmwuvs</span> <span class='ocrx_word' id='word_1_421' title='bbox 692 3161 1023 3216; x_wconf 72' lang='lat' dir='ltr'>Rhemomm</span> <span class='ocrx_word' id='word_1_422' title='bbox 1079 3159 1369 3231; x_wconf 71' lang='lat' dir='ltr'>episcopus</span> <span class='ocrx_word' id='word_1_423' title='bbox 1417 3173 1480 3216; x_wconf 70' lang='lat' dir='ltr'>ac</span> <span class='ocrx_word' id='word_1_424' title='bbox 1514 3159 1693 3230; x_wconf 73' lang='lat' dir='ltr'>plebis</span> <span class='ocrx_word' id='word_1_425' title='bbox 1740 3160 1839 3216; x_wconf 69' lang='lat' dir='ltr'>Dei</span> <span class='ocrx_word' id='word_1_426' title='bbox 1871 3113 1920 3178; x_wconf 65' lang='grc' dir='ltr'>α</span> <span class='ocrx_word' id='word_1_427' title='bbox 1941 3139 2113 3205; x_wconf 89' lang='lat' dir='ltr'>niunt,</span> <span class='ocrx_word' id='word_1_428' title='bbox 2147 3147 2206 3194; x_wconf 92' lang='lat' dir='ltr'>ut</span> <span class='ocrx_word' id='word_1_429' title='bbox 2237 3139 2292 3194; x_wconf 91' lang='lat' dir='ltr'>in</span> <span class='ocrx_word' id='word_1_430' title='bbox 2321 3140 2529 3195; x_wconf 75' lang='lat' dir='ltr'>mensis</span> <span class='ocrx_word' id='word_1_431' title='bbox 2559 3140 2671 3194; x_wconf 90' lang='lat' dir='ltr'>suis</span> <span class='ocrx_word' id='word_1_432' title='bbox 2699 3141 2768 3196; x_wconf 94' lang='lat' dir='ltr'>de</span> <span class='ocrx_word' id='word_1_433' title='bbox 2798 3141 2978 3206; x_wconf 91' lang='lat' dir='ltr'>alode,</span> <span class='ocrx_word' id='word_1_434' title='bbox 3026 3140 3114 3196; x_wconf 87' lang='lat' dir='ltr'>vel</span> <span class='ocrx_word' id='word_1_435' title='bbox 3165 3141 3418 3208; x_wconf 85' lang='lat' dir='ltr'>naturali,</span> <span class='ocrx_word' id='word_1_436' title='bbox 3460 3141 3549 3197; x_wconf 89' lang='lat' dir='ltr'>vel</span> 
     </span>
    </p>
   </div>
   <div class='ocr_carea' id='block_1_64' title="bbox 239 3248 1842 3320">
    <p class='ocr_par' dir='ltr' id='par_1_64' title="bbox 239 3248 1842 3320">
     <span class='ocr_line' id='line_1_64' title="bbox 239 3248 1842 3320; baseline -0.001 -15"><span class='ocrx_word' id='word_1_437' title='bbox 239 3251 469 3306; x_wconf 89' lang='lat' dir='ltr'>famulus</span> <span class='ocrx_word' id='word_1_438' title='bbox 503 3293 518 3318; x_wconf 90' lang='lat'>,</span> <span class='ocrx_word' id='word_1_439' title='bbox 587 3249 788 3307; x_wconf 90' lang='lat' dir='ltr'>dilecto</span> <span class='ocrx_word' id='word_1_440' title='bbox 844 3248 991 3304; x_wconf 84' lang='lat' dir='ltr'>fratri</span> <span class='ocrx_word' id='word_1_441' title='bbox 1051 3256 1101 3304; x_wconf 88' lang='lat' dir='ltr'>et</span> <span class='ocrx_word' id='word_1_442' title='bbox 1159 3248 1457 3304; x_wconf 89' lang='lat' dir='ltr'>venerabili</span> <span class='ocrx_word' id='word_1_443' title='bbox 1517 3248 1842 3320; x_wconf 88' lang='lat' dir='ltr'>coepiscopo</span> 
     </span>
    </p>
   </div>
   <div class='ocr_carea' id='block_1_65' title="bbox 237 3339 1284 3394">
    <p class='ocr_par' dir='ltr' id='par_1_65' title="bbox 237 3339 1284 3394">
     <span class='ocr_line' id='line_1_65' title="bbox 237 3339 1284 3394; baseline -0.005 0"><span class='ocrx_word' id='word_1_444' title='bbox 237 3340 441 3394; x_wconf 69' lang='lat' dir='ltr'>10mm</span> <span class='ocrx_word' id='word_1_445' title='bbox 472 3339 726 3393; x_wconf 90' lang='lat' dir='ltr'>salutem.</span> <span class='ocrx_word' id='word_1_446' title='bbox 1279 3348 1284 3352; x_wconf 89' lang='grc'><strong>·</strong></span> 
     </span>
    </p>
   </div>
   <div class='ocr_carea' id='block_1_66' title="bbox 305 3423 1842 3498">
    <p class='ocr_par' dir='ltr' id='par_1_66' title="bbox 305 3423 1842 3498">
     <span class='ocr_line' id='line_1_66' title="bbox 305 3423 1842 3498; baseline -0.002 -15"><span class='ocrx_word' id='word_1_447' title='bbox 305 3431 414 3483; x_wconf 89' lang='lat' dir='ltr'>Iste</span> <span class='ocrx_word' id='word_1_448' title='bbox 443 3427 756 3498; x_wconf 88' lang='lat' dir='ltr'>presbyter,</span> <span class='ocrx_word' id='word_1_449' title='bbox 789 3425 1008 3481; x_wconf 90' lang='lat' dir='ltr'>nomine</span> <span class='ocrx_word' id='word_1_450' title='bbox 1043 3425 1345 3492; x_wconf 87' lang='lat' dir='ltr'>Hunoldus,</span> <span class='ocrx_word' id='word_1_451' title='bbox 1392 3425 1524 3480; x_wconf 88' lang='lat' dir='ltr'>dixit</span> <span class='ocrx_word' id='word_1_452' title='bbox 1553 3424 1684 3479; x_wconf 90' lang='lat' dir='ltr'>mihi</span> <span class='ocrx_word' id='word_1_453' title='bbox 1716 3423 1842 3498; x_wconf 85' lang='lat' dir='ltr'>quia</span> 
     </span>
    </p>
   </div>
   <div class='ocr_carea' id='block_1_67' title="bbox 239 3513 1842 3588">
    <p class='ocr_par' dir='ltr' id='par_1_67' title="bbox 239 3513 1842 3588">
     <span class='ocr_line' id='line_1_67' title="bbox 239 3513 1842 3588; baseline -0.002 -17"><span class='ocrx_word' id='word_1_454' title='bbox 239 3518 592 3588; x_wconf 85' lang='lat' dir='ltr'>presbyteros</span> <span class='ocrx_word' id='word_1_455' title='bbox 622 3515 833 3570; x_wconf 90' lang='lat' dir='ltr'>habens</span> <span class='ocrx_word' id='word_1_456' title='bbox 863 3530 986 3570; x_wconf 91' lang='lat' dir='ltr'>cum</span> <span class='ocrx_word' id='word_1_457' title='bbox 1018 3514 1216 3586; x_wconf 87' lang='lat' dir='ltr'>quibus</span> <span class='ocrx_word' id='word_1_458' title='bbox 1247 3513 1448 3568; x_wconf 92' lang='lat' dir='ltr'>famam</span> <span class='ocrx_word' id='word_1_459' title='bbox 1471 3529 1625 3568; x_wconf 86' lang='lat' dir='ltr'>suam</span> <span class='ocrx_word' id='word_1_460' title='bbox 1656 3529 1842 3568; x_wconf 87' lang='lat' dir='ltr'>sacra-</span> 
     </span>
    </p>
   </div>
   <div class='ocr_carea' id='block_1_68' title="bbox 239 3601 1842 3677">
    <p class='ocr_par' dir='ltr' id='par_1_68' title="bbox 239 3601 1842 3677">
     <span class='ocr_line' id='line_1_68' title="bbox 239 3601 1842 3677; baseline -0.002 -18"><span class='ocrx_word' id='word_1_461' title='bbox 239 3614 419 3661; x_wconf 89' lang='lat' dir='ltr'>mento</span> <span class='ocrx_word' id='word_1_462' title='bbox 449 3620 694 3677; x_wconf 85' lang='lat' dir='ltr'>purgare</span> <span class='ocrx_word' id='word_1_463' title='bbox 725 3603 891 3659; x_wconf 90' lang='lat' dir='ltr'>voluit</span> <span class='ocrx_word' id='word_1_464' title='bbox 921 3603 990 3658; x_wconf 88' lang='lat' dir='ltr'>de</span> <span class='ocrx_word' id='word_1_465' title='bbox 1016 3603 1251 3674; x_wconf 89' lang='lat' dir='ltr'>quadam</span> <span class='ocrx_word' id='word_1_466' title='bbox 1270 3602 1490 3668; x_wconf 89' lang='lat' dir='ltr'>femina,</span> <span class='ocrx_word' id='word_1_467' title='bbox 1512 3611 1564 3658; x_wconf 90' lang='lat' dir='ltr'>et</span> <span class='ocrx_word' id='word_1_468' title='bbox 1585 3601 1842 3674; x_wconf 89' lang='lat' dir='ltr'>quoniam</span> 
     </span>
    </p>
   </div>
   <div class='ocr_carea' id='block_1_69' title="bbox 241 3690 1844 3762">
    <p class='ocr_par' dir='ltr' id='par_1_69' title="bbox 241 3690 1844 3762">
     <span class='ocr_line' id='line_1_69' title="bbox 241 3690 1844 3762; baseline -0.002 -14"><span class='ocrx_word' id='word_1_469' title='bbox 241 3693 658 3748; x_wconf 87' lang='lat' dir='ltr'>examinationis</span> <span class='ocrx_word' id='word_1_470' title='bbox 679 3691 946 3761; x_wconf 89' lang='lat' dir='ltr'>judicium</span> <span class='ocrx_word' id='word_1_471' title='bbox 975 3691 1146 3746; x_wconf 91' lang='lat' dir='ltr'>noluit</span> <span class='ocrx_word' id='word_1_472' title='bbox 1171 3691 1369 3756; x_wconf 87' lang='lat' dir='ltr'>facere,</span> <span class='ocrx_word' id='word_1_473' title='bbox 1419 3698 1477 3746; x_wconf 91' lang='lat' dir='ltr'>ut</span> <span class='ocrx_word' id='word_1_474' title='bbox 1506 3691 1583 3746; x_wconf 92' lang='lat' dir='ltr'>illi</span> <span class='ocrx_word' id='word_1_475' title='bbox 1613 3690 1844 3762; x_wconf 92' lang='lat' dir='ltr'>presby-</span> 
     </span>
    </p>
   </div>
   <div class='ocr_carea' id='block_1_70' title="bbox 241 3778 1845 3851">
    <p class='ocr_par' dir='ltr' id='par_1_70' title="bbox 241 3778 1845 3851">
     <span class='ocr_line' id='line_1_70' title="bbox 241 3778 1845 3851; baseline -0.002 -15"><span class='ocrx_word' id='word_1_476' title='bbox 241 3783 336 3838; x_wconf 86' lang='lat' dir='ltr'>teri</span> <span class='ocrx_word' id='word_1_477' title='bbox 397 3798 524 3837; x_wconf 90' lang='lat' dir='ltr'>cum</span> <span class='ocrx_word' id='word_1_478' title='bbox 576 3796 644 3835; x_wconf 93' lang='lat' dir='ltr'>eo</span> <span class='ocrx_word' id='word_1_479' title='bbox 693 3780 938 3836; x_wconf 89' lang='lat' dir='ltr'>securius</span> <span class='ocrx_word' id='word_1_480' title='bbox 981 3779 1166 3848; x_wconf 89' lang='lat' dir='ltr'>jurare</span> <span class='ocrx_word' id='word_1_481' title='bbox 1213 3787 1457 3851; x_wconf 83' lang='lat' dir='ltr'>possent,</span> <span class='ocrx_word' id='word_1_482' title='bbox 1507 3778 1845 3835; x_wconf 89' lang='lat' dir='ltr'>sacerdotale</span> 
     </span>
    </p>
   </div>
   <div class='ocr_carea' id='block_1_71' title="bbox 238 3867 1844 3940">
    <p class='ocr_par' dir='ltr' id='par_1_71' title="bbox 238 3867 1844 3940">
     <span class='ocr_line' id='line_1_71' title="bbox 238 3867 1844 3940; baseline -0.002 -14"><span class='ocrx_word' id='word_1_483' title='bbox 238 3870 610 3926; x_wconf 86' lang='lat' dir='ltr'>ministerium</span> <span class='ocrx_word' id='word_1_484' title='bbox 652 3869 998 3924; x_wconf 89' lang='lat' dir='ltr'>interdictum</span> <span class='ocrx_word' id='word_1_485' title='bbox 1047 3877 1128 3923; x_wconf 91' lang='lat' dir='ltr'>est</span> <span class='ocrx_word' id='word_1_486' title='bbox 1171 3868 1266 3922; x_wconf 88' lang='lat' dir='ltr'>illi.</span> <span class='ocrx_word' id='word_1_487' title='bbox 1319 3868 1474 3925; x_wconf 91' lang='lat' dir='ltr'>Unde</span> <span class='ocrx_word' id='word_1_488' title='bbox 1523 3867 1751 3940; x_wconf 89' lang='lat' dir='ltr'>qualiter</span> <span class='ocrx_word' id='word_1_489' title='bbox 1789 3868 1844 3922; x_wconf 94' lang='lat' dir='ltr'>in</span> 
     </span>
    </p>
   </div>
   <div class='ocr_carea' id='block_1_72' title="bbox 239 3957 1841 4030">
    <p class='ocr_par' dir='ltr' id='par_1_72' title="bbox 239 3957 1841 4030">
     <span class='ocr_line' id='line_1_72' title="bbox 239 3957 1841 4030; baseline -0.002 -16"><span class='ocrx_word' id='word_1_490' title='bbox 239 3969 423 4014; x_wconf 89' lang='lat' dir='ltr'>nostra</span> <span class='ocrx_word' id='word_1_491' title='bbox 455 3957 727 4030; x_wconf 87' lang='lat' dir='ltr'>parochia</span> <span class='ocrx_word' id='word_1_492' title='bbox 773 3974 838 4013; x_wconf 89' lang='lat' dir='ltr'>ex</span> <span class='ocrx_word' id='word_1_493' title='bbox 886 3957 1208 4012; x_wconf 88' lang='lat' dir='ltr'>auctoritate</span> <span class='ocrx_word' id='word_1_494' title='bbox 1257 3957 1527 4026; x_wconf 87' lang='lat' dir='ltr'>majorum</span> <span class='ocrx_word' id='word_1_495' title='bbox 1577 3965 1841 4022; x_wconf 87' lang='lat' dir='ltr'>tenemus,</span> 
     </span>
    </p>
   </div>
   <div class='ocr_carea' id='block_1_73' title="bbox 245 4045 1845 4118">
    <p class='ocr_par' dir='ltr' id='par_1_73' title="bbox 245 4045 1845 4118">
     <span class='ocr_line' id='line_1_73' title="bbox 245 4045 1845 4118; baseline -0.001 -16"><span class='ocrx_word' id='word_1_496' title='bbox 245 4058 342 4104; x_wconf 72' lang='lat' dir='ltr'>tua:</span> <span class='ocrx_word' id='word_1_497' title='bbox 372 4047 659 4105; x_wconf 88' lang='lat' dir='ltr'>dilectioni</span> <span class='ocrx_word' id='word_1_498' title='bbox 687 4047 1032 4101; x_wconf 89' lang='lat' dir='ltr'>mandamus.</span> <span class='ocrx_word' id='word_1_499' title='bbox 1085 4046 1232 4102; x_wconf 88' lang='lat' dir='ltr'>Sicut</span> <span class='ocrx_word' id='word_1_500' title='bbox 1283 4046 1338 4100; x_wconf 92' lang='lat' dir='ltr'>S.</span> <span class='ocrx_word' id='word_1_501' title='bbox 1391 4045 1694 4118; x_wconf 82' lang='lat' dir='ltr'>Gregorius</span> <span class='ocrx_word' id='word_1_502' title='bbox 1744 4045 1845 4100; x_wconf 88' lang='lat' dir='ltr'>de-</span> 
     </span>
    </p>
   </div>
   <div class='ocr_carea' id='block_1_74' title="bbox 241 4133 1846 4208">
    <p class='ocr_par' dir='ltr' id='par_1_74' title="bbox 241 4133 1846 4208">
     <span class='ocr_line' id='line_1_74' title="bbox 241 4133 1846 4208; baseline -0.004 -14"><span class='ocrx_word' id='word_1_503' title='bbox 241 4140 430 4205; x_wconf 81' lang='lat' dir='ltr'>crevit,</span> <span class='ocrx_word' id='word_1_504' title='bbox 465 4154 568 4208; x_wconf 86' lang='lat' dir='ltr'>per</span> <span class='ocrx_word' id='word_1_505' title='bbox 599 4137 828 4192; x_wconf 91' lang='lat' dir='ltr'>idoneos</span> <span class='ocrx_word' id='word_1_506' title='bbox 858 4143 1024 4189; x_wconf 89' lang='lat' dir='ltr'>testes</span> <span class='ocrx_word' id='word_1_507' title='bbox 1063 4142 1400 4190; x_wconf 89' lang='lat' dir='ltr'>sacramento</span> <span class='ocrx_word' id='word_1_508' title='bbox 1450 4133 1732 4205; x_wconf 90' lang='lat' dir='ltr'>inquiritur</span> <span class='ocrx_word' id='word_1_509' title='bbox 1778 4133 1846 4187; x_wconf 91' lang='lat' dir='ltr'>de</span> 
     </span>
    </p>
   </div>
   <div class='ocr_carea' id='block_1_75' title="bbox 243 4222 1847 4296">
    <p class='ocr_par' dir='ltr' id='par_1_75' title="bbox 243 4222 1847 4296">
     <span class='ocr_line' id='line_1_75' title="bbox 243 4222 1847 4296; baseline -0.004 -15"><span class='ocrx_word' id='word_1_510' title='bbox 243 4228 400 4282; x_wconf 57' lang='lat' dir='ltr'>maliv</span> <span class='ocrx_word' id='word_1_511' title='bbox 428 4228 591 4281; x_wconf 68' lang='lat' dir='ltr'>famae</span> <span class='ocrx_word' id='word_1_512' title='bbox 619 4225 963 4296; x_wconf 85' lang='lat' dir='ltr'>presbytero,</span> <span class='ocrx_word' id='word_1_513' title='bbox 989 4231 1046 4278; x_wconf 92' lang='lat' dir='ltr'>ut</span> <span class='ocrx_word' id='word_1_514' title='bbox 1073 4223 1200 4278; x_wconf 90' lang='lat' dir='ltr'>inde</span> <span class='ocrx_word' id='word_1_515' title='bbox 1233 4223 1469 4278; x_wconf 90' lang='lat' dir='ltr'>scientes</span> <span class='ocrx_word' id='word_1_516' title='bbox 1490 4239 1593 4278; x_wconf 90' lang='lat' dir='ltr'>nec</span> <span class='ocrx_word' id='word_1_517' title='bbox 1617 4222 1847 4276; x_wconf 90' lang='lat' dir='ltr'>menda-</span> 
     </span>
    </p>
   </div>
   <div class='ocr_carea' id='block_1_76' title="bbox 241 4311 1844 4382">
    <p class='ocr_par' dir='ltr' id='par_1_76' title="bbox 241 4311 1844 4382">
     <span class='ocr_line' id='line_1_76' title="bbox 241 4311 1844 4382; baseline -0.005 -10"><span class='ocrx_word' id='word_1_518' title='bbox 241 4316 374 4372; x_wconf 86' lang='lat' dir='ltr'>cium</span> <span class='ocrx_word' id='word_1_519' title='bbox 419 4315 624 4379; x_wconf 81' lang='lat' dir='ltr'>dicant,</span> <span class='ocrx_word' id='word_1_520' title='bbox 683 4329 786 4370; x_wconf 92' lang='lat' dir='ltr'>nec</span> <span class='ocrx_word' id='word_1_521' title='bbox 833 4312 1122 4368; x_wconf 85' lang='lat' dir='ltr'>veritatem</span> <span class='ocrx_word' id='word_1_522' title='bbox 1168 4313 1468 4378; x_wconf 87' lang='lat' dir='ltr'>reticeant;</span> <span class='ocrx_word' id='word_1_523' title='bbox 1512 4320 1563 4367; x_wconf 89' lang='lat' dir='ltr'>et</span> <span class='ocrx_word' id='word_1_524' title='bbox 1604 4311 1844 4382; x_wconf 87' lang='lat' dir='ltr'>exceptis</span> 
     </span>
    </p>
   </div>
   <div class='ocr_carea' id='block_1_77' title="bbox 241 4401 1844 4472">
    <p class='ocr_par' dir='ltr' id='par_1_77' title="bbox 241 4401 1844 4472">
     <span class='ocr_line' id='line_1_77' title="bbox 241 4401 1844 4472; baseline -0.002 -15"><span class='ocrx_word' id='word_1_525' title='bbox 241 4403 672 4472; x_wconf 88' lang='lat' dir='ltr'>accusatoribus,</span> <span class='ocrx_word' id='word_1_526' title='bbox 707 4411 760 4457; x_wconf 87' lang='lat' dir='ltr'>et</span> <span class='ocrx_word' id='word_1_527' title='bbox 791 4415 886 4457; x_wconf 89' lang='lat' dir='ltr'>sex</span> <span class='ocrx_word' id='word_1_528' title='bbox 917 4410 1084 4456; x_wconf 89' lang='lat' dir='ltr'>testes</span> <span class='ocrx_word' id='word_1_529' title='bbox 1108 4403 1313 4472; x_wconf 88' lang='lat' dir='ltr'>jurent.</span> <span class='ocrx_word' id='word_1_530' title='bbox 1333 4402 1401 4454; x_wconf 92' lang='lat' dir='ltr'>Et</span> <span class='ocrx_word' id='word_1_531' title='bbox 1421 4408 1544 4471; x_wconf 88' lang='lat' dir='ltr'>post</span> <span class='ocrx_word' id='word_1_532' title='bbox 1559 4402 1663 4456; x_wconf 88' lang='lat' dir='ltr'>hoc</span> <span class='ocrx_word' id='word_1_533' title='bbox 1687 4401 1844 4469; x_wconf 87' lang='lat' dir='ltr'>jura-</span> 
     </span>
    </p>
   </div>
   <div class='ocr_carea' id='block_1_78' title="bbox 239 4476 1917 4562">
    <p class='ocr_par' dir='ltr' id='par_1_78' title="bbox 239 4476 1917 4562">
     <span class='ocr_line' id='line_1_78' title="bbox 239 4476 1917 4562; baseline -0.003 -15"><span class='ocrx_word' id='word_1_534' title='bbox 239 4503 500 4559; x_wconf 88' lang='lat' dir='ltr'>mentum,</span> <span class='ocrx_word' id='word_1_535' title='bbox 538 4507 649 4548; x_wconf 90' lang='lat' dir='ltr'>non</span> <span class='ocrx_word' id='word_1_536' title='bbox 679 4491 1082 4562; x_wconf 86' lang='lat' dir='ltr'>interrogamus</span> <span class='ocrx_word' id='word_1_537' title='bbox 1111 4491 1179 4545; x_wconf 91' lang='lat' dir='ltr'>de</span> <span class='ocrx_word' id='word_1_538' title='bbox 1212 4490 1500 4545; x_wconf 88' lang='lat' dir='ltr'>concubitu</span> <span class='ocrx_word' id='word_1_539' title='bbox 1540 4488 1843 4560; x_wconf 88' lang='lat' dir='ltr'>presbyteri</span> <span class='ocrx_word' id='word_1_540' title='bbox 1864 4476 1917 4536; x_wconf 85' lang='lat' dir='ltr'><strong>D</strong></span> 
     </span>
    </p>
   </div>
   <div class='ocr_carea' id='block_1_79' title="bbox 239 4578 1834 4654">
    <p class='ocr_par' dir='ltr' id='par_1_79' title="bbox 239 4578 1834 4654">
     <span class='ocr_line' id='line_1_79' title="bbox 239 4578 1834 4654; baseline -0.004 -18"><span class='ocrx_word' id='word_1_541' title='bbox 239 4598 353 4636; x_wconf 90' lang='lat' dir='ltr'>cum</span> <span class='ocrx_word' id='word_1_542' title='bbox 385 4596 715 4654; x_wconf 82' lang='lat' dir='ltr'>quacunque</span> <span class='ocrx_word' id='word_1_543' title='bbox 745 4579 962 4646; x_wconf 80' lang='lat' dir='ltr'>femina,</span> <span class='ocrx_word' id='word_1_544' title='bbox 997 4579 1124 4651; x_wconf 92' lang='lat' dir='ltr'>quia</span> <span class='ocrx_word' id='word_1_545' title='bbox 1155 4595 1256 4633; x_wconf 90' lang='lat' dir='ltr'>nec</span> <span class='ocrx_word' id='word_1_546' title='bbox 1293 4579 1396 4633; x_wconf 93' lang='lat' dir='ltr'>hoc</span> <span class='ocrx_word' id='word_1_547' title='bbox 1446 4593 1685 4634; x_wconf 88' lang='lat' dir='ltr'>canones</span> <span class='ocrx_word' id='word_1_548' title='bbox 1729 4578 1834 4631; x_wconf 90' lang='lat' dir='ltr'>ha-</span> 
     </span>
    </p>
   </div>
   <div class='ocr_carea' id='block_1_80' title="bbox 239 4665 1836 4738">
    <p class='ocr_par' dir='ltr' id='par_1_80' title="bbox 239 4665 1836 4738">
     <span class='ocr_line' id='line_1_80' title="bbox 239 4665 1836 4738; baseline -0.003 -16"><span class='ocrx_word' id='word_1_549' title='bbox 239 4669 379 4734; x_wconf 84' lang='lat' dir='ltr'>bent,</span> <span class='ocrx_word' id='word_1_550' title='bbox 419 4671 522 4725; x_wconf 89' lang='lat' dir='ltr'>sed</span> <span class='ocrx_word' id='word_1_551' title='bbox 553 4669 623 4724; x_wconf 90' lang='lat' dir='ltr'>de</span> <span class='ocrx_word' id='word_1_552' title='bbox 653 4684 877 4724; x_wconf 89' lang='lat' dir='ltr'>accessu</span> <span class='ocrx_word' id='word_1_553' title='bbox 909 4675 961 4723; x_wconf 91' lang='lat' dir='ltr'>et</span> <span class='ocrx_word' id='word_1_554' title='bbox 1003 4666 1452 4738; x_wconf 84' lang='lat' dir='ltr'>frequentatione,</span> <span class='ocrx_word' id='word_1_555' title='bbox 1503 4681 1569 4721; x_wconf 90' lang='lat' dir='ltr'>ac</span> <span class='ocrx_word' id='word_1_556' title='bbox 1617 4665 1836 4722; x_wconf 88' lang='lat' dir='ltr'>cohabi-</span> 
     </span>
    </p>
   </div>
   <div class='ocr_carea' id='block_1_81' title="bbox 237 4755 1836 4814">
    <p class='ocr_par' dir='ltr' id='par_1_81' title="bbox 237 4755 1836 4814">
     <span class='ocr_line' id='line_1_81' title="bbox 237 4755 1836 4814; baseline -0.003 -2"><span class='ocrx_word' id='word_1_557' title='bbox 237 4761 434 4814; x_wconf 90' lang='lat' dir='ltr'>tatione</span> <span class='ocrx_word' id='word_1_558' title='bbox 486 4774 613 4814; x_wconf 91' lang='lat' dir='ltr'>eum</span> <span class='ocrx_word' id='word_1_559' title='bbox 671 4756 888 4812; x_wconf 89' lang='lat' dir='ltr'>feminis</span> <span class='ocrx_word' id='word_1_560' title='bbox 939 4764 1125 4812; x_wconf 89' lang='lat' dir='ltr'>contra</span> <span class='ocrx_word' id='word_1_561' title='bbox 1173 4755 1513 4810; x_wconf 91' lang='lat' dir='ltr'>interdictum</span> <span class='ocrx_word' id='word_1_562' title='bbox 1556 4770 1836 4810; x_wconf 90' lang='lat' dir='ltr'>sacrorum</span> 
     </span>
    </p>
   </div>
   <div class='ocr_carea' id='block_1_82' title="bbox 239 4844 1835 4916">
    <p class='ocr_par' dir='ltr' id='par_1_82' title="bbox 239 4844 1835 4916">
     <span class='ocr_line' id='line_1_82' title="bbox 239 4844 1835 4916; baseline -0.003 -14"><span class='ocrx_word' id='word_1_563' title='bbox 239 4863 526 4914; x_wconf 88' lang='lat' dir='ltr'>canonum,</span> <span class='ocrx_word' id='word_1_564' title='bbox 562 4846 707 4902; x_wconf 88' lang='lat' dir='ltr'>unde</span> <span class='ocrx_word' id='word_1_565' title='bbox 740 4845 884 4900; x_wconf 86' lang='lat' dir='ltr'>mala</span> <span class='ocrx_word' id='word_1_566' title='bbox 913 4845 1151 4916; x_wconf 88' lang='lat' dir='ltr'>suspicio</span> <span class='ocrx_word' id='word_1_567' title='bbox 1173 4852 1225 4899; x_wconf 90' lang='lat' dir='ltr'>et</span> <span class='ocrx_word' id='word_1_568' title='bbox 1241 4844 1630 4900; x_wconf 88' lang='lat' dir='ltr'>inconveniens</span> <span class='ocrx_word' id='word_1_569' title='bbox 1651 4859 1835 4900; x_wconf 85' lang='lat' dir='ltr'>sacer-</span> 
     </span>
    </p>
   </div>
   <div class='ocr_carea' id='block_1_83' title="bbox 240 4932 1834 5006">
    <p class='ocr_par' dir='ltr' id='par_1_83' title="bbox 240 4932 1834 5006">
     <span class='ocr_line' id='line_1_83' title="bbox 240 4932 1834 5006; baseline -0.004 -14"><span class='ocrx_word' id='word_1_570' title='bbox 240 4937 346 4992; x_wconf 87' lang='lat' dir='ltr'>doti</span> <span class='ocrx_word' id='word_1_571' title='bbox 377 4937 526 4992; x_wconf 88' lang='lat' dir='ltr'>fama</span> <span class='ocrx_word' id='word_1_572' title='bbox 555 4935 740 4992; x_wconf 88' lang='lat' dir='ltr'>exivit.</span> <span class='ocrx_word' id='word_1_573' title='bbox 795 4937 861 4990; x_wconf 87' lang='lat' dir='ltr'>Et</span> <span class='ocrx_word' id='word_1_574' title='bbox 889 4942 1012 5006; x_wconf 90' lang='lat' dir='ltr'>post</span> <span class='ocrx_word' id='word_1_575' title='bbox 1053 4934 1273 4989; x_wconf 89' lang='lat' dir='ltr'>illorum</span> <span class='ocrx_word' id='word_1_576' title='bbox 1304 4932 1692 4996; x_wconf 91' lang='lat' dir='ltr'>testimonium,</span> <span class='ocrx_word' id='word_1_577' title='bbox 1741 4949 1834 4987; x_wconf 92' lang='lat' dir='ltr'>se-</span> 
     </span>
    </p>
   </div>
   <div class='ocr_carea' id='block_1_84' title="bbox 237 5021 1834 5096">
    <p class='ocr_par' dir='ltr' id='par_1_84' title="bbox 237 5021 1834 5096">
     <span class='ocr_line' id='line_1_84' title="bbox 237 5021 1834 5096; baseline -0.004 -16"><span class='ocrx_word' id='word_1_578' title='bbox 237 5026 436 5096; x_wconf 89' lang='lat' dir='ltr'>ptimus</span> <span class='ocrx_word' id='word_1_579' title='bbox 463 5025 639 5093; x_wconf 89' lang='lat' dir='ltr'>testis,</span> <span class='ocrx_word' id='word_1_580' title='bbox 675 5025 722 5078; x_wconf 91' lang='lat' dir='ltr'>si</span> <span class='ocrx_word' id='word_1_581' title='bbox 749 5023 988 5080; x_wconf 90' lang='lat' dir='ltr'>conditio</span> <span class='ocrx_word' id='word_1_582' title='bbox 1017 5022 1102 5078; x_wconf 90' lang='lat' dir='ltr'>vel</span> <span class='ocrx_word' id='word_1_583' title='bbox 1133 5021 1363 5094; x_wconf 88' lang='lat' dir='ltr'>qualitas</span> <span class='ocrx_word' id='word_1_584' title='bbox 1405 5037 1658 5093; x_wconf 68' lang='lat' dir='ltr'>persona:</span> <span class='ocrx_word' id='word_1_585' title='bbox 1702 5036 1834 5091; x_wconf 87' lang='lat' dir='ltr'>per-</span> 
     </span>
    </p>
   </div>
   <div class='ocr_carea' id='block_1_85' title="bbox 238 5108 1836 5184">
    <p class='ocr_par' dir='ltr' id='par_1_85' title="bbox 238 5108 1836 5184">
     <span class='ocr_line' id='line_1_85' title="bbox 238 5108 1836 5184; baseline -0.003 -16"><span class='ocrx_word' id='word_1_586' title='bbox 238 5114 414 5184; x_wconf 90' lang='lat' dir='ltr'>mittit,</span> <span class='ocrx_word' id='word_1_587' title='bbox 448 5114 520 5169; x_wconf 89' lang='lat' dir='ltr'>ad</span> <span class='ocrx_word' id='word_1_588' title='bbox 543 5112 808 5183; x_wconf 87' lang='lat' dir='ltr'>judicium</span> <span class='ocrx_word' id='word_1_589' title='bbox 841 5111 967 5178; x_wconf 88' lang='lat' dir='ltr'>exit,</span> <span class='ocrx_word' id='word_1_590' title='bbox 1000 5110 1238 5183; x_wconf 90' lang='lat' dir='ltr'>quodilli</span> <span class='ocrx_word' id='word_1_591' title='bbox 1269 5127 1362 5165; x_wconf 90' lang='lat' dir='ltr'>sex</span> <span class='ocrx_word' id='word_1_592' title='bbox 1393 5109 1679 5166; x_wconf 90' lang='lat' dir='ltr'>veritatem</span> <span class='ocrx_word' id='word_1_593' title='bbox 1709 5108 1836 5164; x_wconf 90' lang='lat' dir='ltr'>inde</span> 
     </span>
    </p>
   </div>
   <div class='ocr_carea' id='block_1_86' title="bbox 237 5197 1834 5272">
    <p class='ocr_par' dir='ltr' id='par_1_86' title="bbox 237 5197 1834 5272">
     <span class='ocr_line' id='line_1_86' title="bbox 237 5197 1834 5272; baseline -0.004 -15"><span class='ocrx_word' id='word_1_594' title='bbox 237 5219 332 5272; x_wconf 87' lang='lat' dir='ltr'>per</span> <span class='ocrx_word' id='word_1_595' title='bbox 362 5209 771 5258; x_wconf 87' lang='lat' dir='ltr'>sacramentum</span> <span class='ocrx_word' id='word_1_596' title='bbox 805 5201 1056 5254; x_wconf 88' lang='lat' dir='ltr'>dixerunt</span> <span class='ocrx_word' id='word_1_597' title='bbox 1090 5217 1102 5254; x_wconf 93' lang='lat'>:</span> <span class='ocrx_word' id='word_1_598' title='bbox 1139 5199 1264 5270; x_wconf 90' lang='lat' dir='ltr'>quia</span> <span class='ocrx_word' id='word_1_599' title='bbox 1291 5198 1446 5253; x_wconf 91' lang='lat' dir='ltr'>multi</span> <span class='ocrx_word' id='word_1_600' title='bbox 1482 5199 1592 5268; x_wconf 90' lang='lat' dir='ltr'>jam</span> <span class='ocrx_word' id='word_1_601' title='bbox 1631 5197 1834 5269; x_wconf 92' lang='lat' dir='ltr'>depre-</span> 
     </span>
    </p>
   </div>
   <div class='ocr_carea' id='block_1_87' title="bbox 237 5286 1834 5362">
    <p class='ocr_par' dir='ltr' id='par_1_87' title="bbox 237 5286 1834 5362">
     <span class='ocr_line' id='line_1_87' title="bbox 237 5286 1834 5362; baseline -0.003 -18"><span class='ocrx_word' id='word_1_602' title='bbox 237 5292 392 5346; x_wconf 85' lang='lat' dir='ltr'>bensi</span> <span class='ocrx_word' id='word_1_603' title='bbox 424 5291 570 5362; x_wconf 89' lang='lat' dir='ltr'>apud</span> <span class='ocrx_word' id='word_1_604' title='bbox 601 5305 704 5344; x_wconf 91' lang='lat' dir='ltr'>nos</span> <span class='ocrx_word' id='word_1_605' title='bbox 731 5289 1018 5353; x_wconf 86' lang='lat' dir='ltr'>habentur,</span> <span class='ocrx_word' id='word_1_606' title='bbox 1068 5287 1323 5360; x_wconf 89' lang='lat' dir='ltr'>quoniam</span> <span class='ocrx_word' id='word_1_607' title='bbox 1364 5286 1537 5358; x_wconf 91' lang='lat' dir='ltr'>pretio</span> <span class='ocrx_word' id='word_1_608' title='bbox 1580 5286 1834 5342; x_wconf 90' lang='lat' dir='ltr'>conducti</span> 
     </span>
    </p>
   </div>
   <div class='ocr_carea' id='block_1_88' title="bbox 238 5376 1834 5450">
    <p class='ocr_par' dir='ltr' id='par_1_88' title="bbox 238 5376 1834 5450">
     <span class='ocr_line' id='line_1_88' title="bbox 238 5376 1834 5450; baseline -0.001 -18"><span class='ocrx_word' id='word_1_609' title='bbox 238 5396 294 5434; x_wconf 88' lang='lat' dir='ltr'>se</span> <span class='ocrx_word' id='word_1_610' title='bbox 323 5381 763 5450; x_wconf 85' lang='lat' dir='ltr'>perjuraverunt.</span> <span class='ocrx_word' id='word_1_611' title='bbox 813 5378 882 5432; x_wconf 89' lang='lat' dir='ltr'>Et</span> <span class='ocrx_word' id='word_1_612' title='bbox 922 5378 966 5431; x_wconf 90' lang='lat' dir='ltr'>si</span> <span class='ocrx_word' id='word_1_613' title='bbox 998 5377 1102 5432; x_wconf 89' lang='lat' dir='ltr'>hoc</span> <span class='ocrx_word' id='word_1_614' title='bbox 1149 5377 1314 5431; x_wconf 91' lang='lat' dir='ltr'>modo</span> <span class='ocrx_word' id='word_1_615' title='bbox 1361 5376 1649 5447; x_wconf 89' lang='lat' dir='ltr'>presbyter</span> <span class='ocrx_word' id='word_1_616' title='bbox 1696 5391 1834 5431; x_wconf 90' lang='lat' dir='ltr'>con-</span> 
     </span>
    </p>
   </div>
   <div class='ocr_carea' id='block_1_89' title="bbox 237 5464 1831 5524">
    <p class='ocr_par' dir='ltr' id='par_1_89' title="bbox 237 5464 1831 5524">
     <span class='ocr_line' id='line_1_89' title="bbox 237 5464 1831 5524; baseline -0.003 -1"><span class='ocrx_word' id='word_1_617' title='bbox 237 5469 412 5524; x_wconf 83' lang='lat' dir='ltr'>victus</span> <span class='ocrx_word' id='word_1_618' title='bbox 444 5467 606 5523; x_wconf 86' lang='lat' dir='ltr'>fuerit</span> <span class='ocrx_word' id='word_1_619' title='bbox 635 5467 703 5522; x_wconf 89' lang='lat' dir='ltr'>de</span> <span class='ocrx_word' id='word_1_620' title='bbox 743 5465 1145 5522; x_wconf 88' lang='lat' dir='ltr'>inconvenienti</span> <span class='ocrx_word' id='word_1_621' title='bbox 1194 5464 1596 5520; x_wconf 87' lang='lat' dir='ltr'>cohabitatione</span> <span class='ocrx_word' id='word_1_622' title='bbox 1645 5471 1831 5520; x_wconf 89' lang='lat' dir='ltr'>contra</span> 
     </span>
    </p>
   </div>
   <div class='ocr_carea' id='block_1_90' title="bbox 233 5553 1835 5629">
    <p class='ocr_par' dir='ltr' id='par_1_90' title="bbox 233 5553 1835 5629">
     <span class='ocr_line' id='line_1_90' title="bbox 233 5553 1835 5629; baseline -0.001 -19"><span class='ocrx_word' id='word_1_623' title='bbox 233 5557 386 5629; x_wconf 82' lang='lat' dir='ltr'>leges</span> <span class='ocrx_word' id='word_1_624' title='bbox 418 5567 470 5612; x_wconf 89' lang='lat' dir='ltr'>et</span> <span class='ocrx_word' id='word_1_625' title='bbox 500 5571 747 5614; x_wconf 88' lang='lat' dir='ltr'>canones</span> <span class='ocrx_word' id='word_1_626' title='bbox 777 5571 903 5612; x_wconf 90' lang='lat' dir='ltr'>cum</span> <span class='ocrx_word' id='word_1_627' title='bbox 932 5553 1151 5620; x_wconf 88' lang='lat' dir='ltr'>femina,</span> <span class='ocrx_word' id='word_1_628' title='bbox 1175 5553 1484 5626; x_wconf 88' lang='lat' dir='ltr'>deponitur,</span> <span class='ocrx_word' id='word_1_629' title='bbox 1509 5553 1646 5610; x_wconf 91' lang='lat' dir='ltr'>sicut</span> <span class='ocrx_word' id='word_1_630' title='bbox 1661 5567 1835 5610; x_wconf 76' lang='lat' dir='ltr'>sacrae</span> 
     </span>
    </p>
   </div>
   <div class='ocr_carea' id='block_1_91' title="bbox 1941 3227 3548 3300">
    <p class='ocr_par' dir='ltr' id='par_1_91' title="bbox 1941 3227 3548 3300">
     <span class='ocr_line' id='line_1_91' title="bbox 1941 3227 3548 3300; baseline 0 -17"><span class='ocrx_word' id='word_1_631' title='bbox 1941 3236 2279 3298; x_wconf 89' lang='lat' dir='ltr'>comparato,</span> <span class='ocrx_word' id='word_1_632' title='bbox 2323 3227 2551 3283; x_wconf 86' lang='lat' dir='ltr'>feminas</span> <span class='ocrx_word' id='word_1_633' title='bbox 2600 3229 2856 3295; x_wconf 88' lang='lat' dir='ltr'>habeant,</span> <span class='ocrx_word' id='word_1_634' title='bbox 2907 3245 3030 3300; x_wconf 67' lang='lat' dir='ltr'>quae</span> <span class='ocrx_word' id='word_1_635' title='bbox 3071 3228 3291 3284; x_wconf 88' lang='lat' dir='ltr'>illorum</span> <span class='ocrx_word' id='word_1_636' title='bbox 3333 3245 3548 3299; x_wconf 85' lang='lat' dir='ltr'>pannos</span> 
     </span>
    </p>
   </div>
   <div class='ocr_carea' id='block_1_92' title="bbox 1942 3315 3547 3382">
    <p class='ocr_par' dir='ltr' id='par_1_92' title="bbox 1942 3315 3547 3382">
     <span class='ocr_line' id='line_1_92' title="bbox 1942 3315 3547 3382; baseline 0 -12"><span class='ocrx_word' id='word_1_637' title='bbox 1942 3316 2144 3382; x_wconf 88' lang='lat' dir='ltr'>lavant,</span> <span class='ocrx_word' id='word_1_638' title='bbox 2177 3324 2230 3371; x_wconf 90' lang='lat' dir='ltr'>et</span> <span class='ocrx_word' id='word_1_639' title='bbox 2259 3317 2584 3372; x_wconf 88' lang='lat' dir='ltr'>vestimenta</span> <span class='ocrx_word' id='word_1_640' title='bbox 2612 3316 2718 3370; x_wconf 92' lang='lat' dir='ltr'>illis</span> <span class='ocrx_word' id='word_1_641' title='bbox 2749 3315 2969 3381; x_wconf 86' lang='lat' dir='ltr'>faciunt,</span> <span class='ocrx_word' id='word_1_642' title='bbox 2999 3324 3053 3371; x_wconf 89' lang='lat' dir='ltr'>et</span> <span class='ocrx_word' id='word_1_643' title='bbox 3083 3315 3356 3371; x_wconf 88' lang='lat' dir='ltr'>interdum</span> <span class='ocrx_word' id='word_1_644' title='bbox 3387 3316 3547 3371; x_wconf 89' lang='lat' dir='ltr'>etiam</span> 
     </span>
    </p>
   </div>
   <div class='ocr_carea' id='block_1_93' title="bbox 1942 3403 3547 3474">
    <p class='ocr_par' dir='ltr' id='par_1_93' title="bbox 1942 3403 3547 3474">
     <span class='ocr_line' id='line_1_93' title="bbox 1942 3403 3547 3474; baseline -0.001 -15"><span class='ocrx_word' id='word_1_645' title='bbox 1942 3403 2123 3460; x_wconf 88' lang='lat' dir='ltr'>claves</span> <span class='ocrx_word' id='word_1_646' title='bbox 2178 3403 2489 3460; x_wconf 87' lang='lat' dir='ltr'>facultatum</span> <span class='ocrx_word' id='word_1_647' title='bbox 2537 3404 2751 3459; x_wconf 90' lang='lat' dir='ltr'>illorum</span> <span class='ocrx_word' id='word_1_648' title='bbox 2797 3403 3153 3474; x_wconf 69' lang='lat' dir='ltr'>praevideaut,</span> <span class='ocrx_word' id='word_1_649' title='bbox 3189 3403 3376 3474; x_wconf 88' lang='lat' dir='ltr'>sicque</span> <span class='ocrx_word' id='word_1_650' title='bbox 3422 3419 3547 3459; x_wconf 90' lang='lat' dir='ltr'>cum</span> 
     </span>
    </p>
   </div>
   <div class='ocr_carea' id='block_1_94' title="bbox 1942 3491 3547 3559">
    <p class='ocr_par' dir='ltr' id='par_1_94' title="bbox 1942 3491 3547 3559">
     <span class='ocr_line' id='line_1_94' title="bbox 1942 3491 3547 3559; baseline -0.001 -11"><span class='ocrx_word' id='word_1_651' title='bbox 1942 3493 2022 3548; x_wconf 88' lang='lat' dir='ltr'>eis</span> <span class='ocrx_word' id='word_1_652' title='bbox 2074 3491 2522 3548; x_wconf 89' lang='lat' dir='ltr'>inconvenienter</span> <span class='ocrx_word' id='word_1_653' title='bbox 2577 3492 2911 3556; x_wconf 87' lang='lat' dir='ltr'>cohabitent,</span> <span class='ocrx_word' id='word_1_654' title='bbox 2975 3491 3064 3559; x_wconf 89' lang='lat' dir='ltr'>ita,</span> <span class='ocrx_word' id='word_1_655' title='bbox 3131 3491 3270 3546; x_wconf 91' lang='lat' dir='ltr'>sicut</span> <span class='ocrx_word' id='word_1_656' title='bbox 3327 3499 3547 3548; x_wconf 87' lang='lat' dir='ltr'>sanctus</span> 
     </span>
    </p>
   </div>
   <div class='ocr_carea' id='block_1_95' title="bbox 1941 3579 3548 3652">
    <p class='ocr_par' dir='ltr' id='par_1_95' title="bbox 1941 3579 3548 3652">
     <span class='ocr_line' id='line_1_95' title="bbox 1941 3579 3548 3652; baseline 0 -16"><span class='ocrx_word' id='word_1_657' title='bbox 1941 3581 2276 3651; x_wconf 83' lang='lat' dir='ltr'>Augustinus</span> <span class='ocrx_word' id='word_1_658' title='bbox 2305 3579 2455 3648; x_wconf 89' lang='lat' dir='ltr'>dicit,</span> <span class='ocrx_word' id='word_1_659' title='bbox 2490 3579 2638 3635; x_wconf 87' lang='lat' dir='ltr'>varia</span> <span class='ocrx_word' id='word_1_660' title='bbox 2667 3581 2980 3636; x_wconf 90' lang='lat' dir='ltr'>morborum</span> <span class='ocrx_word' id='word_1_661' title='bbox 3013 3594 3219 3652; x_wconf 78' lang='lat' dir='ltr'>genere</span> <span class='ocrx_word' id='word_1_662' title='bbox 3238 3595 3380 3636; x_wconf 86' lang='lat' dir='ltr'>nova</span> <span class='ocrx_word' id='word_1_663' title='bbox 3407 3596 3548 3652; x_wconf 66' lang='lat' dir='ltr'>quae-</span> 
     </span>
    </p>
   </div>
   <div class='ocr_carea' id='block_1_96' title="bbox 1945 3667 3548 3740">
    <p class='ocr_par' dir='ltr' id='par_1_96' title="bbox 1945 3667 3548 3740">
     <span class='ocr_line' id='line_1_96' title="bbox 1945 3667 3548 3740; baseline -0.001 -16"><span class='ocrx_word' id='word_1_664' title='bbox 1945 3685 2070 3724; x_wconf 90' lang='lat' dir='ltr'>rere</span> <span class='ocrx_word' id='word_1_665' title='bbox 2104 3677 2307 3740; x_wconf 85' lang='lat' dir='ltr'>cogunt</span> <span class='ocrx_word' id='word_1_666' title='bbox 2335 3668 2864 3724; x_wconf 87' lang='lat' dir='ltr'>medicamentorum</span> <span class='ocrx_word' id='word_1_667' title='bbox 2894 3667 3284 3738; x_wconf 87' lang='lat' dir='ltr'>experimenta,</span> <span class='ocrx_word' id='word_1_668' title='bbox 3333 3677 3392 3723; x_wconf 90' lang='lat' dir='ltr'>ut</span> <span class='ocrx_word' id='word_1_669' title='bbox 3422 3668 3548 3740; x_wconf 88' lang='lat' dir='ltr'>quia</span> 
     </span>
    </p>
   </div>
   <div class='ocr_carea' id='block_1_97' title="bbox 1941 3757 3544 3830">
    <p class='ocr_par' dir='ltr' id='par_1_97' title="bbox 1941 3757 3544 3830">
     <span class='ocr_line' id='line_1_97' title="bbox 1941 3757 3544 3830; baseline -0.001 -18"><span class='ocrx_word' id='word_1_670' title='bbox 1941 3757 2233 3814; x_wconf 89' lang='lat' dir='ltr'>interdicto</span> <span class='ocrx_word' id='word_1_671' title='bbox 2263 3773 2534 3814; x_wconf 89' lang='lat' dir='ltr'>canonum</span> <span class='ocrx_word' id='word_1_672' title='bbox 2565 3765 2618 3812; x_wconf 91' lang='lat' dir='ltr'>et</span> <span class='ocrx_word' id='word_1_673' title='bbox 2647 3758 2830 3830; x_wconf 86' lang='lat' dir='ltr'>legum</span> <span class='ocrx_word' id='word_1_674' title='bbox 2874 3757 3135 3812; x_wconf 89' lang='lat' dir='ltr'>obaudire</span> <span class='ocrx_word' id='word_1_675' title='bbox 3181 3771 3294 3813; x_wconf 92' lang='lat' dir='ltr'>non</span> <span class='ocrx_word' id='word_1_676' title='bbox 3334 3765 3544 3822; x_wconf 89' lang='lat' dir='ltr'>curant,</span> 
     </span>
    </p>
   </div>
   <div class='ocr_carea' id='block_1_98' title="bbox 1944 3845 3544 3902">
    <p class='ocr_par' dir='ltr' id='par_1_98' title="bbox 1944 3845 3544 3902">
     <span class='ocr_line' id='line_1_98' title="bbox 1944 3845 3544 3902; baseline -0.002 0"><span class='ocrx_word' id='word_1_677' title='bbox 1944 3861 2190 3902; x_wconf 72' lang='lat' dir='ltr'>censurae</span> <span class='ocrx_word' id='word_1_678' title='bbox 2221 3847 2509 3902; x_wconf 89' lang='lat' dir='ltr'>severitate</span> <span class='ocrx_word' id='word_1_679' title='bbox 2539 3847 2606 3900; x_wconf 91' lang='lat' dir='ltr'>ab</span> <span class='ocrx_word' id='word_1_680' title='bbox 2638 3846 2719 3902; x_wconf 93' lang='lat' dir='ltr'>eis</span> <span class='ocrx_word' id='word_1_681' title='bbox 2745 3845 3028 3901; x_wconf 89' lang='lat' dir='ltr'>discedere</span> <span class='ocrx_word' id='word_1_682' title='bbox 3049 3845 3289 3901; x_wconf 89' lang='lat' dir='ltr'>timeant.</span> <span class='ocrx_word' id='word_1_683' title='bbox 3314 3845 3450 3901; x_wconf 91' lang='lat' dir='ltr'>Data</span> <span class='ocrx_word' id='word_1_684' title='bbox 3466 3860 3544 3900; x_wconf 79' lang='lat' dir='ltr'>xv</span> 
     </span>
    </p>
   </div>
   <div class='ocr_carea' id='block_1_99' title="bbox 1946 3935 2898 4006">
    <p class='ocr_par' dir='ltr' id='par_1_99' title="bbox 1946 3935 2898 4006">
     <span class='ocr_line' id='line_1_99' title="bbox 1946 3935 2898 4006; baseline -0.001 -17"><span class='ocrx_word' id='word_1_685' title='bbox 1946 3935 2174 3990; x_wconf 88' lang='lat' dir='ltr'>Kalend.</span> <span class='ocrx_word' id='word_1_686' title='bbox 2207 3935 2443 4006; x_wconf 84' lang='lat' dir='ltr'>Apriles,</span> <span class='ocrx_word' id='word_1_687' title='bbox 2476 3935 2770 3990; x_wconf 89' lang='lat' dir='ltr'>indictione</span> <span class='ocrx_word' id='word_1_688' title='bbox 2801 3949 2898 3989; x_wconf 82' lang='lat' dir='ltr'>vn.</span> 
     </span>
    </p>
   </div>
   <div class='ocr_carea' id='block_1_100' title="bbox 2435 4073 3051 4131">
    <p class='ocr_par' dir='ltr' id='par_1_100' title="bbox 2435 4073 3051 4131">
     <span class='ocr_line' id='line_1_100' title="bbox 2435 4073 3051 4131; baseline 0.002 -1"><span class='ocrx_word' id='word_1_689' title='bbox 2435 4073 2776 4131; x_wconf 85' lang='lat' dir='ltr'>EPISTOLA</span> <span class='ocrx_word' id='word_1_690' title='bbox 2819 4075 3051 4131; x_wconf 81' lang='lat' dir='ltr'><strong>XXXV.</strong></span> 
     </span>
    </p>
   </div>
   <div class='ocr_carea' id='block_1_101' title="bbox 2440 4206 3041 4247">
    <p class='ocr_par' dir='ltr' id='par_1_101' title="bbox 2440 4206 3041 4247">
     <span class='ocr_line' id='line_1_101' title="bbox 2440 4206 3041 4247; baseline 0.002 -3"><span class='ocrx_word' id='word_1_691' title='bbox 2440 4206 2512 4245; x_wconf 76' lang='lat' dir='ltr'><strong>AD</strong></span> <span class='ocrx_word' id='word_1_692' title='bbox 2553 4206 2738 4247; x_wconf 72' lang='lat' dir='ltr'>OMNES</span> <span class='ocrx_word' id='word_1_693' title='bbox 2792 4206 3041 4246; x_wconf 82' lang='lat' dir='ltr'>FIDELES.</span> 
     </span>
    </p>
   </div>
   <div class='ocr_carea' id='block_1_102' title="bbox 1949 4306 3544 4379">
    <p class='ocr_par' dir='ltr' id='par_1_102' title="bbox 1949 4306 3544 4379">
     <span class='ocr_line' id='line_1_102' title="bbox 1949 4306 3544 4379; baseline 0 -17"><span class='ocrx_word' id='word_1_694' title='bbox 1949 4306 2215 4362; x_wconf 83' lang='lat' dir='ltr'>Godbaldi</span> <span class='ocrx_word' id='word_1_695' title='bbox 2239 4307 2554 4379; x_wconf 79' lang='lat' dir='ltr'>presbyteri</span> <span class='ocrx_word' id='word_1_696' title='bbox 2605 4307 2673 4362; x_wconf 85' lang='lat' dir='ltr'>de</span> <span class='ocrx_word' id='word_1_697' title='bbox 2713 4307 2937 4377; x_wconf 82' lang='lat' dir='ltr'>femina</span> <span class='ocrx_word' id='word_1_698' title='bbox 2976 4307 3226 4363; x_wconf 79' lang='lat' dir='ltr'>convicti</span> <span class='ocrx_word' id='word_1_699' title='bbox 3252 4307 3544 4378; x_wconf 83' lang='lat' dir='ltr'>depositio.</span> 
     </span>
    </p>
   </div>
   <div class='ocr_carea' id='block_1_103' title="bbox 1945 4419 3548 4529">
    <p class='ocr_par' dir='ltr' id='par_1_103' title="bbox 1945 4419 3548 4529">
     <span class='ocr_line' id='line_1_103' title="bbox 1945 4419 3548 4529; baseline -0.001 -61"><span class='ocrx_word' id='word_1_700' title='bbox 1945 4421 2103 4478; x_wconf 82' lang='lat' dir='ltr'>(Apud</span> <span class='ocrx_word' id='word_1_701' title='bbox 2144 4421 2397 4474; x_wconf 87' lang='lat' dir='ltr'>eumdem,</span> <span class='ocrx_word' id='word_1_702' title='bbox 2435 4431 2494 4467; x_wconf 85' lang='lat' dir='ltr'>ex</span> <span class='ocrx_word' id='word_1_703' title='bbox 2533 4419 2906 4529; x_wconf 51' lang='lat' dir='ltr'>veteiriielpggipe</span> <span class='ocrx_word' id='word_1_704' title='bbox 2941 4420 3100 4466; x_wconf 86' lang='lat' dir='ltr'>sancti</span> <span class='ocrx_word' id='word_1_705' title='bbox 3138 4420 3392 4466; x_wconf 88' lang='lat' dir='ltr'>Laurentii</span> <span class='ocrx_word' id='word_1_706' title='bbox 3422 4423 3548 4466; x_wconf 88' lang='lat' dir='ltr'>Leo-</span> 
     </span>
    </p>
   </div>
   <div class='ocr_carea' id='block_1_104' title="bbox 2015 4571 3386 4646">
    <p class='ocr_par' dir='ltr' id='par_1_104' title="bbox 2015 4571 3386 4646">
     <span class='ocr_line' id='line_1_104' title="bbox 2015 4571 3386 4646; baseline 0.002 -18"><span class='ocrx_word' id='word_1_707' title='bbox 2015 4571 2348 4628; x_wconf 71' lang='lat' dir='ltr'>ancmaus</span> <span class='ocrx_word' id='word_1_708' title='bbox 2379 4573 2668 4646; x_wconf 84' lang='lat' dir='ltr'>episcopus</span> <span class='ocrx_word' id='word_1_709' title='bbox 2699 4590 2766 4630; x_wconf 89' lang='lat' dir='ltr'>ac</span> <span class='ocrx_word' id='word_1_710' title='bbox 2795 4574 2970 4645; x_wconf 90' lang='lat' dir='ltr'>plebis</span> <span class='ocrx_word' id='word_1_711' title='bbox 2998 4573 3102 4630; x_wconf 88' lang='lat' dir='ltr'>Dei</span> <span class='ocrx_word' id='word_1_712' title='bbox 3135 4571 3386 4631; x_wconf 87' lang='lat' dir='ltr'>famulus.</span> 
     </span>
    </p>
   </div>
   <div class='ocr_carea' id='block_1_105' title="bbox 2010 4661 3542 4731">
    <p class='ocr_par' dir='ltr' id='par_1_105' title="bbox 2010 4661 3542 4731">
     <span class='ocr_line' id='line_1_105' title="bbox 2010 4661 3542 4731; baseline 0.003 -15"><span class='ocrx_word' id='word_1_713' title='bbox 2010 4663 2208 4717; x_wconf 90' lang='lat' dir='ltr'>Notum</span> <span class='ocrx_word' id='word_1_714' title='bbox 2233 4661 2298 4716; x_wconf 90' lang='lat' dir='ltr'>sit</span> <span class='ocrx_word' id='word_1_715' title='bbox 2314 4662 2568 4718; x_wconf 90' lang='lat' dir='ltr'>omnibus</span> <span class='ocrx_word' id='word_1_716' title='bbox 2586 4671 2790 4720; x_wconf 70' lang='lat' dir='ltr'>sancta:</span> <span class='ocrx_word' id='word_1_717' title='bbox 2811 4663 2911 4718; x_wconf 85' lang='lat' dir='ltr'>Del</span> <span class='ocrx_word' id='word_1_718' title='bbox 2925 4662 3190 4718; x_wconf 70' lang='lat' dir='ltr'>Ecclesiae</span> <span class='ocrx_word' id='word_1_719' title='bbox 3217 4663 3542 4731; x_wconf 90' lang='lat' dir='ltr'>rectoribus,</span> 
     </span>
    </p>
   </div>
   <div class='ocr_carea' id='block_1_106' title="bbox 1937 4750 3541 4824">
    <p class='ocr_par' dir='ltr' id='par_1_106' title="bbox 1937 4750 3541 4824">
     <span class='ocr_line' id='line_1_106' title="bbox 1937 4750 3541 4824; baseline 0.002 -20"><span class='ocrx_word' id='word_1_720' title='bbox 1937 4750 2203 4804; x_wconf 89' lang='lat' dir='ltr'>ministris</span> <span class='ocrx_word' id='word_1_721' title='bbox 2259 4767 2478 4823; x_wconf 90' lang='lat' dir='ltr'>quoque</span> <span class='ocrx_word' id='word_1_722' title='bbox 2532 4767 2598 4807; x_wconf 91' lang='lat' dir='ltr'>ac</span> <span class='ocrx_word' id='word_1_723' title='bbox 2643 4751 2788 4818; x_wconf 85' lang='lat' dir='ltr'>ﬁliis,</span> <span class='ocrx_word' id='word_1_724' title='bbox 2837 4752 2904 4805; x_wconf 89' lang='lat' dir='ltr'>ad</span> <span class='ocrx_word' id='word_1_725' title='bbox 2955 4766 3090 4822; x_wconf 90' lang='lat' dir='ltr'>quos</span> <span class='ocrx_word' id='word_1_726' title='bbox 3137 4753 3256 4808; x_wconf 84' lang='lat' dir='ltr'>haec</span> <span class='ocrx_word' id='word_1_727' title='bbox 3285 4760 3541 4824; x_wconf 89' lang='lat' dir='ltr'>poterunt</span> 
     </span>
    </p>
   </div>
   <div class='ocr_carea' id='block_1_107' title="bbox 1938 4840 3548 4914">
    <p class='ocr_par' dir='ltr' id='par_1_107' title="bbox 1938 4840 3548 4914">
     <span class='ocr_line' id='line_1_107' title="bbox 1938 4840 3548 4914; baseline 0.002 -20"><span class='ocrx_word' id='word_1_728' title='bbox 1938 4840 2246 4911; x_wconf 88' lang='lat' dir='ltr'>pervenire,</span> <span class='ocrx_word' id='word_1_729' title='bbox 2281 4840 2410 4911; x_wconf 86' lang='lat' dir='ltr'>quia</span> <span class='ocrx_word' id='word_1_730' title='bbox 2445 4840 2770 4895; x_wconf 90' lang='lat' dir='ltr'>Godbaldus</span> <span class='ocrx_word' id='word_1_731' title='bbox 2800 4841 3073 4910; x_wconf 89' lang='lat' dir='ltr'>quondam</span> <span class='ocrx_word' id='word_1_732' title='bbox 3091 4841 3380 4912; x_wconf 89' lang='lat' dir='ltr'>presbyter</span> <span class='ocrx_word' id='word_1_733' title='bbox 3392 4857 3548 4914; x_wconf 87' lang='lat' dir='ltr'>paro-</span> 
     </span>
    </p>
   </div>
   <div class='ocr_carea' id='block_1_108' title="bbox 1936 4927 3542 5000">
    <p class='ocr_par' dir='ltr' id='par_1_108' title="bbox 1936 4927 3542 5000">
     <span class='ocr_line' id='line_1_108' title="bbox 1936 4927 3542 5000; baseline 0.002 -17"><span class='ocrx_word' id='word_1_734' title='bbox 1936 4929 2074 4984; x_wconf 67' lang='lat' dir='ltr'>chias</span> <span class='ocrx_word' id='word_1_735' title='bbox 2102 4937 2324 4996; x_wconf 67' lang='lat' dir='ltr'>nostra},</span> <span class='ocrx_word' id='word_1_736' title='bbox 2361 4929 2429 4983; x_wconf 89' lang='lat' dir='ltr'>de</span> <span class='ocrx_word' id='word_1_737' title='bbox 2461 4929 2696 5000; x_wconf 88' lang='lat' dir='ltr'>quadam</span> <span class='ocrx_word' id='word_1_738' title='bbox 2727 4927 2930 4982; x_wconf 89' lang='lat' dir='ltr'>femina</span> <span class='ocrx_word' id='word_1_739' title='bbox 2960 4928 3184 4985; x_wconf 89' lang='lat' dir='ltr'>nomine</span> <span class='ocrx_word' id='word_1_740' title='bbox 3233 4930 3391 4986; x_wconf 89' lang='lat' dir='ltr'>Doda</span> <span class='ocrx_word' id='word_1_741' title='bbox 3429 4932 3542 4986; x_wconf 91' lang='lat' dir='ltr'>cri-</span> 
     </span>
    </p>
   </div>
   <div class='ocr_carea' id='block_1_109' title="bbox 1936 5015 3541 5094">
    <p class='ocr_par' dir='ltr' id='par_1_109' title="bbox 1936 5015 3541 5094">
     <span class='ocr_line' id='line_1_109' title="bbox 1936 5015 3541 5094; baseline 0.003 -23"><span class='ocrx_word' id='word_1_742' title='bbox 1936 5017 2190 5094; x_wconf 82' lang='lat' dir='ltr'>minatus,</span> <span class='ocrx_word' id='word_1_743' title='bbox 2225 5026 2278 5073; x_wconf 92' lang='lat' dir='ltr'>et</span> <span class='ocrx_word' id='word_1_744' title='bbox 2306 5017 2519 5072; x_wconf 88' lang='lat' dir='ltr'>idoneis</span> <span class='ocrx_word' id='word_1_745' title='bbox 2551 5015 2779 5072; x_wconf 91' lang='lat' dir='ltr'>testibus</span> <span class='ocrx_word' id='word_1_746' title='bbox 2808 5017 3236 5089; x_wconf 36' lang='lat' dir='ltr'>comprobatus”</span> <span class='ocrx_word' id='word_1_747' title='bbox 3258 5027 3310 5074; x_wconf 90' lang='lat' dir='ltr'>et</span> <span class='ocrx_word' id='word_1_748' title='bbox 3339 5035 3541 5076; x_wconf 88' lang='lat' dir='ltr'>secun-</span> 
     </span>
    </p>
   </div>
   <div class='ocr_carea' id='block_1_110' title="bbox 1935 5105 3534 5179">
    <p class='ocr_par' dir='ltr' id='par_1_110' title="bbox 1935 5105 3534 5179">
     <span class='ocr_line' id='line_1_110' title="bbox 1935 5105 3534 5179; baseline 0.003 -19"><span class='ocrx_word' id='word_1_749' title='bbox 1935 5106 2064 5167; x_wconf 90' lang='lat' dir='ltr'>dum</span> <span class='ocrx_word' id='word_1_750' title='bbox 2114 5122 2302 5162; x_wconf 88' lang='lat' dir='ltr'>sacros</span> <span class='ocrx_word' id='word_1_751' title='bbox 2356 5121 2596 5162; x_wconf 90' lang='lat' dir='ltr'>canones</span> <span class='ocrx_word' id='word_1_752' title='bbox 2653 5105 2723 5159; x_wconf 90' lang='lat' dir='ltr'>ad</span> <span class='ocrx_word' id='word_1_753' title='bbox 2759 5105 3023 5174; x_wconf 90' lang='lat' dir='ltr'>judicium</span> <span class='ocrx_word' id='word_1_754' title='bbox 3066 5116 3412 5179; x_wconf 88' lang='lat' dir='ltr'>provocatus,</span> <span class='ocrx_word' id='word_1_755' title='bbox 3464 5110 3534 5165; x_wconf 90' lang='lat' dir='ltr'>de</span> 
     </span>
    </p>
   </div>
   <div class='ocr_carea' id='block_1_111' title="bbox 1935 5185 3535 5270">
    <p class='ocr_par' dir='ltr' id='par_1_111' title="bbox 1935 5185 3535 5270">
     <span class='ocr_line' id='line_1_111' title="bbox 1935 5185 3535 5270; baseline 0.003 -21"><span class='ocrx_word' id='word_1_756' title='bbox 1935 5185 2056 5266; x_wconf 80' lang='lat' dir='ltr'>ipso</span> <span class='ocrx_word' id='word_1_757' title='bbox 2079 5195 2285 5265; x_wconf 91' lang='lat' dir='ltr'>judicio</span> <span class='ocrx_word' id='word_1_758' title='bbox 2315 5193 2644 5250; x_wconf 91' lang='lat' dir='ltr'>conscientia</span> <span class='ocrx_word' id='word_1_759' title='bbox 2669 5209 2765 5248; x_wconf 89' lang='lat' dir='ltr'>sua</span> <span class='ocrx_word' id='word_1_760' title='bbox 2807 5194 3137 5268; x_wconf 83' lang='lat' dir='ltr'>redargutus</span> <span class='ocrx_word' id='word_1_761' title='bbox 3176 5195 3306 5270; x_wconf 86' lang='lat' dir='ltr'>fuga</span> <span class='ocrx_word' id='word_1_762' title='bbox 3349 5197 3535 5268; x_wconf 90' lang='lat' dir='ltr'>lapsus</span> 
     </span>
    </p>
   </div>
   <div class='ocr_carea' id='block_1_112' title="bbox 1939 5282 3534 5356">
    <p class='ocr_par' dir='ltr' id='par_1_112' title="bbox 1939 5282 3534 5356">
     <span class='ocr_line' id='line_1_112' title="bbox 1939 5282 3534 5356; baseline 0.001 -15"><span class='ocrx_word' id='word_1_763' title='bbox 1939 5292 2039 5341; x_wconf 91' lang='lat' dir='ltr'>est.</span> <span class='ocrx_word' id='word_1_764' title='bbox 2097 5286 2392 5356; x_wconf 81' lang='lat' dir='ltr'>PrOpterea</span> <span class='ocrx_word' id='word_1_765' title='bbox 2448 5282 2747 5338; x_wconf 83' lang='lat' dir='ltr'>secundum</span> <span class='ocrx_word' id='word_1_766' title='bbox 2802 5299 2992 5340; x_wconf 90' lang='lat' dir='ltr'>sacros</span> <span class='ocrx_word' id='word_1_767' title='bbox 3045 5300 3282 5340; x_wconf 91' lang='lat' dir='ltr'>canones</span> <span class='ocrx_word' id='word_1_768' title='bbox 3328 5285 3534 5356; x_wconf 91' lang='lat' dir='ltr'>Spiritu</span> 
     </span>
    </p>
   </div>
   <div class='ocr_carea' id='block_1_113' title="bbox 1935 5372 3534 5443">
    <p class='ocr_par' dir='ltr' id='par_1_113' title="bbox 1935 5372 3534 5443">
     <span class='ocr_line' id='line_1_113' title="bbox 1935 5372 3534 5443; baseline 0.001 -13"><span class='ocrx_word' id='word_1_769' title='bbox 1935 5373 2036 5430; x_wconf 90' lang='lat' dir='ltr'>Dei</span> <span class='ocrx_word' id='word_1_770' title='bbox 2067 5372 2334 5436; x_wconf 90' lang='lat' dir='ltr'>conditos,</span> <span class='ocrx_word' id='word_1_771' title='bbox 2368 5380 2420 5428; x_wconf 90' lang='lat' dir='ltr'>et</span> <span class='ocrx_word' id='word_1_772' title='bbox 2450 5373 2616 5429; x_wconf 90' lang='lat' dir='ltr'>totius</span> <span class='ocrx_word' id='word_1_773' title='bbox 2631 5373 2819 5428; x_wconf 89' lang='lat' dir='ltr'>mundi</span> <span class='ocrx_word' id='word_1_774' title='bbox 2839 5373 3144 5429; x_wconf 89' lang='lat' dir='ltr'>reverentia</span> <span class='ocrx_word' id='word_1_775' title='bbox 3160 5382 3534 5443; x_wconf 88' lang='lat' dir='ltr'>consecratos,</span> 
     </span>
    </p>
   </div>
   <div class='ocr_carea' id='block_1_114' title="bbox 1934 5460 3628 5533">
    <p class='ocr_par' dir='ltr' id='par_1_114' title="bbox 1934 5460 3628 5533">
     <span class='ocr_line' id='line_1_114' title="bbox 1934 5460 3628 5533; baseline 0.002 -15"><span class='ocrx_word' id='word_1_776' title='bbox 1934 5461 2080 5518; x_wconf 90' lang='lat' dir='ltr'>omni</span> <span class='ocrx_word' id='word_1_777' title='bbox 2111 5461 2436 5518; x_wconf 88' lang='lat' dir='ltr'>sacerdotali</span> <span class='ocrx_word' id='word_1_778' title='bbox 2466 5460 2646 5518; x_wconf 77' lang='lat' dir='ltr'>ofﬁcio</span> <span class='ocrx_word' id='word_1_779' title='bbox 2675 5470 2758 5518; x_wconf 91' lang='lat' dir='ltr'>est</span> <span class='ocrx_word' id='word_1_780' title='bbox 2789 5462 3048 5533; x_wconf 88' lang='lat' dir='ltr'>privatus,</span> <span class='ocrx_word' id='word_1_781' title='bbox 3100 5463 3330 5520; x_wconf 89' lang='lat' dir='ltr'>docente</span> <span class='ocrx_word' id='word_1_782' title='bbox 3378 5463 3536 5521; x_wconf 90' lang='lat' dir='ltr'>beato</span> <span class='ocrx_word' id='word_1_783' title='bbox 3613 5513 3628 5527; x_wconf 84' lang='grc'><em>,</em></span> 
     </span>
    </p>
   </div>
   <div class='ocr_carea' id='block_1_115' title="bbox 1933 5550 3534 5624">
    <p class='ocr_par' dir='ltr' id='par_1_115' title="bbox 1933 5550 3534 5624">
     <span class='ocr_line' id='line_1_115' title="bbox 1933 5550 3534 5624; baseline 0.001 -16"><span class='ocrx_word' id='word_1_784' title='bbox 1933 5551 2210 5608; x_wconf 88' lang='lat' dir='ltr'>Bonifacio</span> <span class='ocrx_word' id='word_1_785' title='bbox 2240 5567 2383 5622; x_wconf 84' lang='lat' dir='ltr'>papa</span> <span class='ocrx_word' id='word_1_786' title='bbox 2425 5552 2616 5624; x_wconf 78' lang='lat' dir='ltr'>(epist.</span> <span class='ocrx_word' id='word_1_787' title='bbox 2653 5553 2742 5622; x_wconf 82' lang='grc'>11)</span> <span class='ocrx_word' id='word_1_788' title='bbox 2777 5569 2790 5606; x_wconf 89' lang='lat'><strong>:</strong></span> <span class='ocrx_word' id='word_1_789' title='bbox 2829 5573 2852 5604; x_wconf 85' lang='grc'><strong>«</strong></span> <span class='ocrx_word' id='word_1_790' title='bbox 2887 5550 3046 5620; x_wconf 89' lang='lat' dir='ltr'>Quod</span> <span class='ocrx_word' id='word_1_791' title='bbox 3095 5551 3140 5607; x_wconf 90' lang='lat' dir='ltr'>si</span> <span class='ocrx_word' id='word_1_792' title='bbox 3187 5553 3384 5610; x_wconf 89' lang='lat' dir='ltr'>adesse</span> <span class='ocrx_word' id='word_1_793' title='bbox 3431 5571 3534 5610; x_wconf 88' lang='lat' dir='ltr'>ne-</span> 
     </span>
    </p>
   </div>
  </div>
