4088 6180
459 280 566 338 255

1249 278 1590 336 HINCMARI
1621 273 2020 334 BHEMENSIS
2049 271 2582 333 ARCHIEPISCOPI

3661 282 3768 337 256

461 402 708 479 glexerit,
741 405 1053 460 dilationem
1084 405 1362 460 tententiaa
1393 405 1461 460 de
1487 404 1733 459 absentia
1763 418 1870 458 non
1887 399 2136 462 lucre-A
2163 400 2239 471 gii
2267 401 2485 457 nomine
2515 403 2828 474 deputatur,
2861 403 2907 458 si
2938 417 2997 459 se
3027 403 3307 460 continere
3329 419 3438 460 non
3456 404 3758 476 potuerint,

461 503 566 551 tur.
598 495 738 550 Nam
769 493 1116 549 manifestum
1145 502 1231 549 est
1261 492 1502 550 confiteri
1537 509 1662 548 eum
1693 493 1762 548 de
1807 491 2056 561 crimine,

466 583 558 656 qui
589 583 801 638 indulto
849 591 901 638 et
948 583 1106 658 tpties
1151 583 1402 655 delegato
1441 581 1649 651 judicio
1690 581 1968 652 purgandi
2016 597 2075 635 se

469 672 761 728 occasione
792 687 900 726 non
926 671 1110 726 utitur.
1142 671 1290 725 Nihil
1339 671 1483 725 enim
1530 669 1760 725 interest
1797 677 1976 724 utrum
2021 668 2075 722 in

469 760 727 833 praesenti
759 761 1007 816 examine
1033 759 1213 814 omnia
1245 775 1364 831 quae
1395 759 1538 815 dicta
1561 766 1691 813 sunt
1710 757 2074 829 comproben-

464 857 552 904 tur
579 892 592 915 ,
643 865 768 904 cum
812 849 926 919 ipsa
980 865 1199 920 quoque
1250 865 1347 920 pro
1390 846 1736 903 confessione
1781 853 2076 918 procurata

466 936 626 992 toties
655 945 864 993 constet
890 937 1150 992 absentia.
1192 958 1212 987 ι
1263 938 1396 991 Data
1447 952 1513 990 ex
1560 936 1770 1006 synodo
1813 936 1867 989 in
1913 937 2063 992 Rhe-

464 1025 640 1081 mensi
668 1026 953 1098 metropoli
980 1027 1164 1080 habita
1195 1041 1232 1078 x
1263 1025 1495 1080 Kalend.
1527 1025 1719 1093 Maias,
1745 1025 1934 1080 indict.
1962 1040 2046 1080 xu

959 1158 1300 1215 EPISTOLA
1337 1159 1592 1214 XXXVI.

971 1278 1045 1318 AD
1095 1279 1282 1320 OMNES
1320 1279 1573 1321 FIDELES.

481 1372 743 1428 Fulcheri
772 1375 827 1428 et
843 1371 1127 1428 Hardoisaa
1147 1372 1209 1427 ob
1232 1373 1479 1426 incestas
1499 1371 1732 1443 nuptias
1755 1386 2074 1426 excommu-

1149 1461 1277 1516 m’ca
1287 1463 1361 1515 tio
1379 1501 1390 1514 .

474 1581 634 1639 (Apud
666 1581 922 1634 eumdem,
961 1591 1018 1627 ex
1059 1582 1426 1692 vetejriielcggiqe
1459 1583 1615 1630 sancti
1651 1583 1904 1630 Laurentii
1946 1586 2071 1630 Leo-

543 1717 872 1772 HINCMARUS
902 1717 1192 1788 episcopus
1224 1733 1288 1773 ac
1317 1717 1492 1788 plebis
1523 1717 1621 1772 Dei
1647 1717 1900 1772 famulus.

541 1806 740 1860 Notum
771 1805 838 1860 sit
865 1806 1118 1862 omnibus
1150 1815 1349 1862 sanctae
1379 1805 1477 1861 Dei
1523 1806 1788 1861 Ecclesia:
1834 1805 2067 1860 rectori-

473 1894 592 1961 bus,
625 1894 885 1948 ministris
913 1911 1129 1966 quoque
1159 1912 1220 1949 ac
1250 1894 1395 1958 ﬁliis,
1429 1895 1498 1949 ad
1527 1912 1663 1966 quos
1683 1896 1799 1950 haec
1823 1903 2070 1966 poterunt

472 1983 774 2054 pervenire,
826 1985 952 2055 quia
985 1984 1283 2039 Fulcherus
1315 1993 1367 2039 et
1399 1985 1680 2051 Hardoisa,
1729 1999 1894 2038 carne
1937 2000 2068 2054 pro-

471 2071 679 2142 pinqui,
711 2079 899 2126 contra
936 2073 1074 2143 legis
1123 2081 1393 2144 pra‘cepta
1437 2080 1488 2128 et
1541 2073 1860 2143 prophetica
1905 2073 2066 2141 dicta,

474 2169 770 2232 contraque
801 2161 1174 2231 evangelicam
1207 2170 1259 2216 et
1291 2161 1647 2232 apostolicam
1663 2169 1822 2232 atque
1845 2161 2069 2216 canoni-

401 2295 404 2298 .
471 2264 591 2305 cam
639 2250 903 2320 regulam,
957 2251 1054 2304 sed
1101 2258 1152 2304 et
1200 2259 1390 2305 contra
1433 2250 1584 2322 leges
1627 2251 1912 2316 humanas,
1962 2267 2069 2304 non

475 2338 732 2410 conjugio
763 2339 861 2393 sed
891 2339 1122 2407 incestu,
1156 2338 1360 2394 carnali
1391 2339 1768 2393 commistione
1798 2338 2070 2407 conjuncti

473 2433 615 2493 sunt,
653 2426 792 2481 sicut
821 2426 1033 2482 idoneis
1064 2436 1115 2482 et
1148 2427 1426 2483 veracibus
1455 2428 1706 2494 testibus,
1757 2435 2070 2498 computata

471 2513 756 2586 utriusque
813 2515 1138 2588 cognatione
1198 2517 1610 2586 comprobatum
1667 2524 1768 2569 est.
1818 2517 1886 2570 Et
1945 2515 2071 2587 quia

469 2602 701 2658 obedire
729 2602 928 2658 divinis
957 2612 1008 2660 et
1039 2605 1290 2659 humanis
1320 2605 1536 2677 legibus
1565 2605 1874 2673 noluerunt,
1922 2613 1980 2658 ut
2011 2621 2070 2659 se

468 2691 538 2745 ab
566 2691 686 2763 ipso
715 2692 925 2747 incestu
956 2693 1329 2765 disjungerent
1362 2694 1660 2750 secundum
1683 2710 1871 2749 sacros
1902 2709 2069 2750 cano-

467 2795 600 2850 nes,
662 2796 696 2835 a
753 2795 908 2838 sacra
965 2784 1347 2838 communione
1401 2783 1651 2854 corporis
1692 2792 1746 2838 et
1788 2783 2071 2856 sanguinis

470 2863 692 2929 Christi,
727 2873 779 2919 et
809 2865 877 2918 ab
907 2866 1056 2920 omni
1083 2867 1518 2922 Christianorum
1567 2868 1826 2922 societate
1873 2866 2071 2935 abjecti

472 2959 614 3018 sunt,
649 2969 823 3024 usque
854 2953 1001 3020 dum,
1037 2955 1271 3010 Domino
1300 2955 1643 3026 respiciente,
1668 2971 1699 3009 a
1721 2955 1925 3026 laqueis
1945 2956 2068 3009 dia-

471 3039 602 3110 boli,
635 3056 806 3112 aequo
837 3043 978 3113 capti
1000 3051 1270 3112 tenentur,
1294 3061 1394 3115 per
1411 3044 1784 3114 paenitentiam
1803 3044 2062 3114 separati,

473 3128 544 3182 ab
573 3128 692 3199 ipso
719 3129 925 3186 incestu
956 3133 1300 3204 resipiscant,
1333 3134 1663 3189 decernente
1699 3135 1758 3188 B.
1793 3133 2064 3206 Gregorio
2087 3115 2136 3178 C

473 3216 592 3287 (Gr.
624 3219 850 3288 junior.,
884 3238 1012 3277 can.
1049 3227 1079 3275 8
1101 3227 1157 3279 et
1186 3224 1241 3293 9)
1278 3240 1291 3277 :
1330 3244 1352 3272 α
1391 3223 1446 3278 Si
1477 3222 1619 3294 quis,
1652 3223 1846 3294 inquit,
1878 3239 2070 3279 conso-

473 3306 685 3362 brinam
716 3323 874 3364 suam
916 3311 1135 3365 duxerit
1193 3312 1246 3366 in
1293 3312 1572 3382 conjugio,
1620 3313 1912 3367 anathema
1960 3313 2065 3380 sit;

473 3404 526 3452 et
555 3398 961 3468 responderunt
991 3415 1188 3454 omnes
1231 3401 1388 3456 tertio
1419 3419 1432 3454 :
1467 3403 1768 3456 Anathema
1800 3401 1887 3456 sit.
1925 3422 1947 3451 ι
2001 3403 2070 3456 Et

474 3484 605 3540 item
639 3504 654 3540 :
691 3510 712 3534 ιι
747 3487 802 3541 Si
832 3489 954 3559 quis
985 3488 1053 3543 de
1095 3489 1321 3560 propria
1369 3489 1716 3562 cognatione,
1771 3490 1857 3545 vel
1905 3505 2066 3561 quam

471 3584 740 3648 cognatus
770 3577 978 3643 habuit,
1013 3579 1229 3633 duxerit
1257 3594 1502 3644 uxorem,
1545 3580 1838 3634 anathema
1867 3579 1970 3647 sit;
2015 3588 2068 3635 et

468 3665 874 3736 responderunt
900 3683 1093 3722 omnes
1145 3667 1346 3722 tertio:
1381 3669 1681 3722 Anathema
1728 3668 1814 3722 sit.
1858 3693 1878 3716 »
1931 3670 2062 3735 Vos,

467 3751 666 3808 fratres
708 3769 775 3810 ac
815 3753 934 3822 filii,
987 3757 1080 3827 qui
1127 3756 1334 3812 litteras
1380 3773 1490 3812 non
1536 3757 1821 3826 didicistis,
1874 3757 2068 3813 scitote

471 3841 600 3914 quid
629 3851 788 3898 sonat
816 3843 870 3898 in
903 3852 1092 3899 nostra
1124 3845 1314 3918 lingua
1345 3847 1652 3910 anathema,
1702 3846 1754 3899 id
1799 3855 1880 3899 cst
1919 3847 2066 3902 alie-

468 3931 648 3994 natio,
683 3939 741 3984 ut
769 3949 799 3985 a
829 3933 1068 3999 Christo,
1103 3949 1136 3988 a
1167 3949 1275 4005 quo
1296 3935 1649 3989 nominantur
1667 3933 1982 4000 Christiani,
2015 3944 2068 3990 et

469 4032 503 4072 a
551 4017 980 4075 Christianorum
1023 4023 1282 4077 societate
1325 4032 1489 4094 atque
1531 4023 1913 4078 communione
1963 4024 2068 4077 sint

469 4106 607 4160 tales
637 4107 822 4174 alieni,
856 4109 1034 4165 donec
1083 4111 1150 4165 ab
1202 4111 1297 4165 illa
1344 4111 1532 4168 illicita
1579 4111 1957 4176 coniunctione
2007 4128 2066 4167 se

471 4203 745 4265 separent,
781 4204 833 4252 et
859 4213 960 4268 per
984 4199 1357 4270 pmnitentiam
1390 4209 1442 4256 et
1463 4201 1802 4257 sacerdotale
1822 4201 2066 4256 ministe-

466 4282 609 4338 rium
640 4283 854 4342 Christo
884 4295 938 4342 ct
969 4297 1170 4346 sancta:
1199 4291 1484 4360 Ecclesiae,
1521 4291 1575 4346 id
1607 4299 1708 4356 est,
1742 4289 2065 4345 Christianis

468 4373 908 4432 reconcilientur.
942 4377 1263 4450 Progeniem
1293 4397 1424 4436 vero
1461 4397 1615 4436 suam
1663 4379 1865 4435 divinze
1913 4379 2065 4452 leges

472 4479 912 4538 unumquemque
942 4467 1302 4522 Christianum
1341 4485 1513 4540 usque
1543 4471 1611 4524 ad
1641 4470 1927 4541 septimam
1959 4485 2062 4540 ge-
2092 4471 2148 4532 D
2169 4481 2408 4528 mentum
2457 4472 2644 4539 jurare
2689 4472 2915 4552 fecisses
2957 4489 2970 4524 :

471 4555 831 4622 nerationem,
866 4564 919 4611 et
944 4556 1182 4626 quandiu
1211 4573 1270 4611 se
1301 4566 1638 4629 cognoscunt
1659 4559 1916 4613 afﬁnitate
1935 4574 2064 4629 pro-

470 4641 724 4714 pinquos,
759 4645 1056 4700 observare
1085 4645 1405 4713 decernunt,
1457 4655 1512 4700 ut
1555 4662 1715 4702 nemo
1743 4664 1809 4702 ex
1837 4647 2066 4718 propria

469 4733 941 4804 consanguinitate
974 4734 1264 4806 conjugem
1295 4735 1507 4801 habeat,
1539 4737 1624 4790 vel
1659 4752 1821 4807 quam
1843 4753 1906 4792 ex
1927 4751 2062 4807 pro-

471 4819 593 4890 pria
637 4822 1109 4894 consanguinitate
1156 4823 1354 4894 aliquis
1401 4824 1688 4896 conjugem
1735 4826 1920 4880 habuit
1973 4827 2063 4882 vel

468 4905 648 4978 aliqua
676 4908 861 4964 illicita
892 4911 1187 4979 pollutione
1215 4927 1304 4966 ma
1317 4912 1532 4979 culavit,
1565 4913 1686 4984 quia
1717 4913 2062 4970 incestuosus

468 5002 552 5049 est
580 4996 703 5050 talis
730 4997 902 5052 coitus
930 5008 984 5052 et
1014 5001 1395 5056 abominabilis
1423 5003 1538 5058 Deo
1569 5010 1620 5056 et
1649 5004 1858 5058 cunctis
1887 5003 2062 5058 homi-

468 5083 647 5139 nibus.
681 5086 1116 5143 Evincestuosos
1160 5105 1194 5144 a
1232 5089 1510 5145 liminibus
1555 5099 1755 5146 sanctae
1795 5092 2063 5148 Ecclesiae

467 5173 790 5246 praecipiunt
832 5178 1096 5246 separari,
1142 5179 1444 5250 usquedum
1494 5195 1595 5249 per
1637 5179 2061 5236 satisfactionem

467 5265 722 5335 precibus
751 5265 1119 5336 sacerdotum,
1153 5267 1351 5333 eidem,
1377 5276 1434 5322 ut
1454 5266 1836 5338 praemisimus,
1861 5277 2062 5325 sanctae

468 5353 734 5410 Ecclesiae
764 5355 1027 5412 canonice
1059 5355 1506 5411 reconcilientur.
1562 5355 1619 5412 Si
1651 5365 1830 5412 autem
1861 5358 1928 5412 ab
1958 5359 2064 5414 hoc

369 5495 386 5510 ,
467 5440 700 5509 incestu,
733 5442 788 5497 in
817 5460 924 5516 quo
953 5444 1149 5516 perditi
1169 5445 1376 5514 jacent,
1397 5462 1652 5517 separare
1674 5462 1733 5502 se
1764 5445 2064 5518 voluerint,

467 5539 592 5618 quia
621 5540 760 5596 sicut
787 5543 1142 5615 sacrae‘leges
1173 5542 1378 5611 dicunt,
1413 5543 1655 5601 incestus
1685 5543 1840 5600 nullo
1869 5545 2063 5614 conju-

2087 1758 2142 1818 B

2174 498 2297 560 post
2327 491 2699 560 paenitentiam
2733 499 2784 546 et
2814 492 3332 561 reconciliationem,
3383 493 3581 566 quibus
3625 509 3769 549 con-

2169 575 2376 644 junctio
2405 577 2591 632 illicita
2625 578 2979 642 interdicitur,
3012 577 3538 633 habebunt'ineundi
3569 578 3768 634 melio-

2177 665 2251 719 ris
2283 666 2523 739 conjugii
2544 666 2872 723 libertatem.
2897 665 3146 736 Quandiu
3168 675 3346 726 autem
3365 666 3419 720 in
3443 667 3560 738 ipsa
3581 666 3768 721 illicita

2178 754 2560 823 conjunctione
2590 756 3010 826 permanserint,
3043 755 3225 810 nullus
3255 755 3592 810 Christianus
3621 771 3770 827 quo-

2177 857 2392 916 cunque
2449 845 2615 899 modo
2675 845 2755 900 eis
2801 845 3182 911 communicet,
3234 843 3357 916 quia
3399 859 3521 899 cum
3569 843 3771 899 talibus

2175 933 2479 1003 cuicunque
2510 933 2814 988 Christiano
2843 950 2945 988 nec
2974 949 3319 988 communem
3347 933 3525 988 cibum
3549 949 3785 990 sumere.

2176 1020 2320 1075 licet.
2355 1022 2666 1092 Propterea,
2697 1021 2886 1077 fratres
2916 1037 2981 1076 ac
3011 1020 3123 1087 ﬁlii,
3156 1038 3346 1076 omnes
3378 1021 3584 1076 scilicet
3615 1021 3770 1076 Chri-

2175 1109 2355 1175 stiani,
2389 1119 2638 1180 separate
2673 1127 2770 1165 vos
2816 1111 2884 1165 ab
2932 1110 3241 1165 omnimoda
3291 1125 3478 1164 eorum
3523 1125 3770 1165 commu-

2175 1198 2358 1263 nione,
2390 1215 2476 1264 ne,
2521 1199 2664 1271 quod
2692 1199 2852 1265 absit,
2903 1199 3360 1255 communicantes
3410 1198 3518 1254 illis
3559 1199 3768 1269 pariter

2173 1287 2432 1358 pereatis.
2495 1288 2610 1342 Nec
2651 1288 2850 1342 mirum
2897 1288 2940 1342 si
2984 1287 3126 1342 inter
3167 1287 3415 1342 homines
3459 1288 3574 1343 haec
3623 1287 3768 1342 ratio

2174 1376 2495 1444 custoditur,
2537 1393 2660 1431 cum
2689 1384 2741 1430 et
2770 1376 2911 1431 inter
2947 1377 3194 1445 jumenta
3235 1377 3338 1431 hoc
3389 1375 3506 1429 fieri
3553 1376 3762 1445 sciatis,

2173 1473 2231 1518 ut
2258 1480 2324 1519 ea
2353 1481 2474 1537 qua:
2518 1465 2754 1521 scabiem
2799 1465 3003 1520 habere
3049 1464 3322 1529 videntur,
3368 1471 3690 1534 separentur
3731 1480 3770 1519 a

2173 1553 2358 1621 sanis,
2418 1569 2488 1608 ne
2541 1554 2758 1608 illorum
2817 1554 3009 1609 morbo
3067 1561 3260 1608 caetera
3317 1553 3640 1608 damnentur
3677 1553 3770 1608 vel

2170 1651 2410 1713 pereant.
2438 1643 2504 1698 Et
2533 1643 2747 1698 dicente
2775 1641 3008 1697 Domino
3042 1659 3055 1696 :
3090 1643 3222 1698 Nolo
3252 1645 3490 1698 mortem
3517 1646 3773 1714 peccato-

2172 1732 2272 1796 ris,
2297 1731 2394 1786 sed
2410 1735 2752 1788 utconverta
2763 1737 2858 1787 tur
2878 1736 2933 1786 et
2955 1733 3109 1786 vivat
3125 1731 3344 1801 (Ezech.
3365 1735 3645 1796 xxxmﬂl
3660 1731 3699 1800 ),
3721 1731 3772 1785 si

2172 1827 2461 1890 antequam
2520 1836 2578 1875 se
2625 1820 2694 1874 ab
2743 1821 2846 1874 hoc
2893 1820 3104 1875 incestu
3155 1827 3426 1889 separent,
3479 1819 3772 1889 quisquam

2170 1908 2226 1962 in
2255 1907 2621 1963 infirmitatem
2653 1909 2936 1978 deciderit,
2971 1915 3024 1962 et
3053 1907 3142 1963 vel
3171 1907 3250 1963 sic
3272 1907 3384 1976 jam
3414 1907 3468 1961 in
3499 1907 3770 1978 despera-

2169 1997 2373 2052 tionem
2402 1997 2470 2052 de
2502 1997 2614 2052 vita
2643 1997 2925 2068 temporali
2980 1997 3280 2062 devenerit,
3335 1995 3378 2050 si
3433 1995 3518 2050 vel
3547 2004 3677 2051 tunc
3701 2013 3770 2051 ex

2170 2087 2336 2140 corde
2367 2087 2697 2157 paenituerit,
2731 2095 2782 2141 et
2812 2101 2998 2141 coram
3026 2087 3142 2140 Deo
3171 2093 3223 2139 et
3240 2085 3522 2139 sacerdote
3543 2100 3608 2140 ac
3629 2084 3768 2140 Iide-

2171 2174 2309 2228 libus
2340 2175 2648 2229 hominibus
2679 2174 2961 2230 confessus
2993 2173 3172 2238 fuerit,
3205 2181 3256 2228 et
3285 2172 3632 2242 fidejussores
3662 2175 3766 2228 dc-

2170 2263 2330 2330 derit,
2363 2271 2420 2317 ut
2450 2265 2495 2318 si
2530 2263 2599 2318 de
2649 2264 2762 2334 ipsa
2807 2262 3118 2317 inﬁrmitate
3165 2261 3499 2319 convaluerit
3539 2262 3768 2318 ulterius

2171 2352 2242 2406 ad
2273 2352 2418 2406 illam
2447 2353 2712 2408 incestam
2759 2352 3194 2420 conjunctionem
3242 2367 3352 2405 non
3398 2351 3589 2416 rediet,
3642 2367 3767 2405 cum

2171 2440 2290 2496 aliis
2317 2441 2553 2512 peccatis
2583 2442 2696 2496 suis
2726 2443 2794 2494 de
2826 2442 2929 2496 hoc
2960 2441 3168 2496 incestu
3218 2455 3410 2510 puram
3457 2438 3770 2494 confessio-

2170 2546 2296 2585 nem
2326 2530 2506 2600 faciat,
2556 2539 2608 2584 ct
2645 2530 2982 2585 asacerdote
3029 2529 3432 2595 reconcilietur,
3480 2537 3530 2582 et
3579 2537 3772 2584 sancto

2171 2619 2292 2674 oleo
2334 2627 2588 2691 ungatur,
2635 2627 2687 2674 et
2739 2618 3051 2674 communio
3097 2617 3347 2688 corporis
3389 2624 3440 2671 et
3485 2617 3772 2687 sanguinis

2172 2707 2369 2762 Christi
2402 2708 2449 2762 ei
2480 2707 2762 2780 largiatur.
2798 2708 2853 2761 Si
2886 2723 3015 2762 vero
3045 2707 3098 2760 in
3129 2707 3232 2760 hac
3261 2705 3557 2776 pertinacia
3595 2722 3774 2776 usque

2171 2797 2236 2850 ad
2268 2805 2494 2851 mortem
2540 2796 2926 2868 permanserit,
2976 2805 3027 2850 et
3075 2795 3190 2848 sine
3233 2794 3670 2849 reconciliatione
3717 2803 3778 2848 et.

2171 2885 2552 2942 communione
2584 2886 2832 2956 corporis
2862 2894 2913 2940 et
2945 2883 3225 2957 sanguinis
3256 2882 3454 2938 Christi
3474 2883 3770 2955 quisquam

2171 2990 2361 3028 eorum
2393 2983 2637 3029 mortuus
2671 2973 2849 3043 fuerit,
2884 2974 2999 3028 sine
3029 2973 3254 3044 psalmis
3274 2981 3327 3025 et
3355 2972 3571 3042 hymnis
3599 2979 3772 3043 atque

2172 3062 2529 3131 orationibus,
2565 3071 2617 3117 et
2647 3079 2756 3118 non
2785 3079 2910 3118 cum
2940 3063 3065 3117 aliis
3087 3059 3405 3116 Christianis
3427 3060 3725 3132 sepeliatur
3753 3079 3772 3116 :

2168 3151 2291 3222 quia
2323 3152 2462 3208 sicut
2491 3160 2682 3208 sancto
2715 3151 2919 3223 Spiritu
2966 3151 3262 3222 inspirante
3308 3149 3574 3220 scriptum
3623 3149 3777 3222 legi-

2163 3256 2306 3310 mus,
2343 3241 2539 3312 quibus
2567 3241 2879 3297 viventibus
2912 3257 3019 3294 non
3053 3238 3596 3304 communicavimus,
3629 3254 3782 3294 mor-

2165 3331 2272 3384 tuis
2301 3330 2702 3386 communicare
2733 3346 2843 3385 non
2879 3345 3189 3400 possumus.
3224 3327 3355 3380 Data
3389 3343 3452 3381 ex
3485 3328 3698 3397 synodo
3721 3329 3776 3383 in

2166 3419 2460 3474 Rhemensi
2490 3419 2780 3490 metropoli
2809 3419 3011 3484 habita,
3034 3417 3248 3472 decimo
3279 3415 3552 3471 Kalendas
3571 3417 3771 3483 Maias,

2165 3507 2460 3564 indictione
2490 3509 2833 3566 duodecima.

2631 3650 2970 3707 EPISTULA
3018 3651 3299 3705 XXXVII.

2435 3782 2507 3822 AD
2545 3782 2925 3822 ENGILGARIUM
2965 3782 3140 3823 VIRUM
3179 3781 3506 3823 ILLUSTREM.

2166 3886 2336 3941 Illum
2366 3887 2558 3956 arguit
2585 3885 2728 3956 quod
2759 3884 3045 3940 hominem
3083 3901 3256 3940 suum
3296 3883 3777 3940 inconvenientcr

2701 3977 2837 4045 jura
2846 3989 2904 4030 rc
2935 3978 3208 4045 coegerat.

2318 4098 2475 4155 (Apud
2497 4097 2746 4143 eumdem.
2773 4107 2834 4143 ex
2859 4096 3140 4152 Plodoardi,
3178 4096 3269 4142 lib.
3293 4105 3366 4150 ιιι,
3397 4104 3506 4151 cap.
3527 4097 3614 4144 26.)

2238 4207 2562 4262 Hmcmnus
2594 4205 2883 4276 episcopus
2911 4206 3261 4260 ΕΝσιιρΑιιιο
3299 4203 3548 4258 salutem.

2239 4295 2491 4350 Pervenit
2518 4294 2586 4348 ad
2611 4310 2709 4350 nos
2741 4294 2862 4366 quia
2892 4293 3169 4348 hominem
3199 4301 3348 4348 tuum
3401 4292 3773 4347 Ratramnum

2168 4383 2608 4440 irrationabiliter
2635 4391 2689 4439 et
2717 4383 3164 4438 inconvenientcr
3184 4381 3553 4454 periculosum
3577 4395 3780 4434 sacra-

3009 4471 3101 4542 qui
3153 4471 3280 4527 licet
3338 4469 3432 4524 tibi
3481 4467 3778 4523 servitium

2166 4561 2382 4628 debeat,
2416 4570 2591 4616 tamen
2625 4561 2724 4616 sub
2753 4567 2940 4616 nostra
2961 4575 3091 4615 cura
3121 4567 3174 4614 et
3206 4567 3258 4614 tu
3291 4567 3344 4614 et
3374 4558 3462 4612 ille
3491 4556 3562 4612 de
3592 4555 3777 4612 salute

2165 4660 2346 4708 vestra
2376 4668 2498 4706 esse
2529 4650 2761 4705 debetis.
2795 4650 3091 4719 Propterea
3117 4648 3320 4702 mando
3341 4646 3438 4700 tibi
3459 4645 3587 4718 quia
3603 4645 3776 4701 valde

2163 4741 2336 4800 miror
2386 4748 2437 4795 te
2484 4755 2592 4794 non
2639 4737 2973 4793 intellexisse
3021 4736 3245 4808 gravius
3292 4751 3416 4790 esse
3455 4733 3777 4805 periculum

2164 4848 2284 4888 cum
2318 4829 2592 4886 hominem
2620 4837 2709 4882 aut
2736 4826 3016 4882 suadendo
3047 4834 3138 4881 aut
3169 4825 3424 4881 terrendo
3469 4823 3524 4877 in
3569 4825 3776 4894 perju-

2163 4921 2300 4976 rium
2332 4918 2532 4986 mittas,
2568 4933 2729 4989 quam
2762 4916 2807 4972 si
2839 4925 2890 4972 te
2932 4916 3080 4972 solus
3129 4915 3458 4986 perjurares,
3503 4913 3779 4984 quoniam

2163 5009 2216 5062 in
2247 5017 2300 5063 te
2334 5023 2502 5062 unum
2529 5005 2843 5078 perjurium,
2877 5006 2984 5060 imo
3012 5020 3114 5075 pro
3142 5003 3380 5075 perjurio
3410 5001 3776 5059 homicidium

2161 5106 2512 5171 perpetrarcs
2542 5117 2560 5152 :
2587 5112 2712 5152 cum
2742 5103 2921 5150 autem
2968 5094 3130 5167 alium
3181 5093 3460 5164 perjurare
3511 5090 3666 5156 facis,
3719 5101 3782 5147 et

2165 5195 2216 5242 te
2245 5195 2297 5242 et
2328 5186 2481 5240 illum
2509 5185 2714 5256 perdis.
2735 5186 2802 5240 Et
2829 5184 2952 5239 ideo
2982 5183 3300 5237 mandamus
3331 5190 3388 5236 ut
3417 5181 3460 5236 si
3493 5180 3564 5236 ita
3594 5195 3779 5236 causa

2162 5276 2392 5331 habetur
2420 5274 2559 5330 sicut
2590 5275 2660 5328 ad
2690 5290 2791 5329 nos
2823 5271 3087 5344 pervenit,
3120 5271 3188 5326 ab
3216 5269 3450 5326 ecclesia
3479 5277 3533 5325 et
3569 5269 3778 5325 altario

2162 5367 2214 5420 te
2241 5363 2516 5419 abstineas
2545 5363 2722 5418 donec
2751 5363 2819 5417 ad
2847 5378 2947 5416 nos
2978 5361 3184 5428 venias,
3204 5359 3345 5416 etde
3367 5358 3461 5414 tali
3489 5357 3775 5413 incautela

2164 5461 2258 5510 aut
2285 5453 2506 5525 dignam
2536 5451 2936 5508 excusationem
2967 5450 3152 5518 facias,
3205 5457 3294 5504 aut
3333 5448 3554 5521 dignam
3584 5447 3778 5519 pceni-

2163 5543 2385 5598 tentiam
2412 5540 2671 5614 accipias.
