4088 6180
301 248 411 303 257

767 367 1109 426 EPISTOLA
1145 369 1451 425 XXXVIII.

721 481 794 522 AD
832 481 1184 522 ANAS'I‘ASIUU
1222 480 1498 522 ABBA'I‘BI.

319 567 546 621 Romam
593 566 771 620 mina
827 580 958 620 cum
1011 565 1424 690 increpattorias
1476 578 1637 636 papa:
1685 561 1909 617 litteras

951 651 1231 690 accepisse
1266 675 1279 688 .

951 651 1279 708 accepisset.

431 731 598 789 (Apud
619 732 871 788 eumdem,
899 742 960 780 ex
980 731 1152 779 codice
1176 731 1404 778 ecclesia
1425 729 1786 781 Laudinensis.)

383 813 712 868 Hmcuxaus
761 813 1089 870 Rhemorum
1136 813 1428 884 episcopus
1475 811 1819 867 sanctissimo
1861 817 1914 865 et

314 901 580 958 fidissimo
607 901 762 958 fratri
791 905 1109 957 Asasrxsm
1137 901 1398 974 religioso
1427 900 1610 956 abbati
1624 899 1912 972 plurimam

314 990 370 1045 in
397 990 682 1046 Salvatore
711 989 958 1046 salutem.

383 1077 566 1133 Multis
599 1076 997 1133 infirmitatibus
1027 1086 1080 1133 et
1107 1078 1467 1135 anxietatibus
1497 1096 1718 1150 pressus
1740 1095 1913 1150 pauca

314 1166 497 1223 scribo
527 1165 618 1222 cui
647 1165 815 1232 multa
845 1166 1041 1232 debeo,
1065 1175 1119 1223 et
1135 1183 1298 1240 quem
1314 1167 1542 1222 multum
1564 1167 1733 1241 diligo
1757 1183 1822 1223 ac
1843 1168 1912 1223 de

317 1271 422 1327 quo
447 1255 682 1312 multum
710 1253 946 1312 conﬁdo.
980 1255 1254 1311 Caeterum
1283 1255 1529 1327 epistola:
1557 1255 1744 1311 domni
1773 1271 1912 1327 apo-

314 1344 509 1411 stolici,
542 1361 644 1417 per
686 1344 976 1418 Egilonem
1023 1344 1389 1400 venerabilem
1441 1345 1913 1417 archiepiscopum

315 1433 472 1489 nobis
521 1433 761 1498 directae,
809 1434 880 1488 ad
922 1441 1107 1489 nostra
1155 1434 1359 1505 scripta
1406 1435 1819 1505 respondentes,
1860 1435 1916 1488 in

313 1522 642 1595 quibusdam
674 1521 832 1577 aliter
861 1530 1180 1588 sonuerunt,
1203 1539 1363 1594 quam
1396 1539 1498 1578 nos
1516 1539 1629 1578 suae
1645 1523 1916 1578 sanctitati

314 1619 366 1666 et
393 1611 696 1666 auctoritati
726 1610 1130 1682 scripserimus.
1165 1611 1274 1667 Sed
1303 1620 1484 1668 certus
1502 1627 1620 1666 sum
1651 1611 1776 1684 quia
1804 1628 1915 1666 non

317 1699 471 1754 aliter
513 1699 632 1770 ipse
677 1699 836 1755 nobis
882 1700 1186 1771 rescripsit,
1237 1700 1342 1755 nisi
1385 1708 1444 1755 ut
1485 1700 1542 1754 in
1588 1700 1806 1771 scriptis
1848 1717 1912 1755 ex
1943 1740 1995 1799 Β

318 1795 506 1844 nostra
534 1795 691 1858 parte
721 1788 828 1844 sibi
855 1789 1117 1860 porrectis
1145 1789 1368 1844 invenit.
1402 1789 1518 1844 Nos
1547 1796 1750 1854 tamen,
1781 1805 1913 1844 vera

317 1876 644 1948 exemplaria
676 1877 993 1932 eorumdem
1025 1877 1348 1950 scriptorum
1377 1893 1410 1932 a
1439 1877 1600 1932 nobis
1621 1877 1916 1932 missorum

315 1966 598 2032 habentes,
631 1965 701 2021 de
731 1966 1056 2038 quibusdam
1103 1967 1284 2022 causis
1315 1983 1425 2022 non
1456 1967 1530 2021 ita
1575 1966 1914 2036 scripsimus,

316 2053 452 2110 sicut
481 2054 686 2110 habere
733 2054 950 2126 scriptis
991 2056 1108 2124 ejus
1154 2055 1467 2128 relegimus.
1520 2054 1674 2111 Unde
1703 2054 1748 2108 si
1781 2054 1920 2109 etin

316 2143 398 2197 his
453 2143 698 2214 scriptis,
755 2142 824 2198 de
881 2144 1092 2216 synodo
1134 2145 1278 2215 apud
1335 2145 1534 2200 Trecas
1581 2143 1681 2198 sub
1723 2141 1918 2214 sigillis

317 2231 559 2303 quinque
589 2231 994 2303 episcoporum,
1043 2249 1314 2288 consensu
1353 2233 1594 2288 omnium
1625 2231 1716 2303 qui
1746 2231 1918 2287 inter-

315 2319 528 2376 fuerunt
558 2309 804 2387 directis,
837 2321 1013 2391 aliter,
1049 2322 1193 2394 quod
1223 2320 1458 2376 futurum
1489 2337 1599 2376 non
1623 2320 1916 2386 credimus,

309 2403 349 2463 'a
375 2425 704 2482 quocunque
733 2409 896 2465 fuerit
925 2410 1178 2477 missum,
1211 2411 1297 2466 vel
1329 2419 1520 2466 contra
1549 2425 1614 2465 ea
1643 2408 1923 2464 transmis-

325 2514 466 2564 sum,
517 2499 607 2554 hic
651 2499 982 2555 venerabilis
1026 2497 1192 2554 frater
1236 2506 1290 2555 et
1330 2498 1689 2570 coepiscopus
1735 2506 1923 2554 noster

321 2587 588 2643 Actardus
624 2603 755 2643 vera
788 2587 1120 2660 exemplaria
1149 2587 1470 2659 scriptorum
1495 2587 1740 2657 ejusdem
1760 2603 1924 2658 syno-

320 2674 374 2728 di
434 2692 501 2730 ex
543 2676 869 2732 authenticis
911 2677 1141 2748 accepit,
1204 2692 1325 2748 quae
1370 2677 1572 2732 domno
1624 2675 1924 2746 apostolico

321 2773 632 2820 monstrare
661 2764 710 2818 si
736 2764 898 2820 fuerit
923 2781 1151 2820 necesse
1200 2765 1422 2820 valebit.
1459 2764 1593 2834 Quae
1634 2766 1774 2820 forte
1803 2763 1922 2819 col-

320 2851 431 2908 lata
461 2852 566 2922 his,
601 2869 724 2924 quae
755 2853 921 2908 Leoni
949 2870 1108 2925 papa:
1135 2853 1205 2908 ab
1236 2855 1508 2926 episcopis
1527 2852 1926 2924 provinciarum

323 2941 743 3013 Cisalpinarum,
793 2949 846 2997 et
891 2958 920 2996 a
963 2943 1214 2999 Lothario
1261 2943 1610 3014 imperatore,
1657 2941 1753 2997 sed
1798 2949 1852 2997 et
1895 2957 1926 2996 a

322 3047 454 3103 rege
485 3031 681 3088 Carolo
713 3031 921 3087 directa
950 3030 1182 3099 fuerunt,
1212 3033 1280 3088 de
1310 3047 1543 3104 quorum
1559 3030 1924 3102 exemplario-

319 3136 442 3174 rum
473 3135 639 3176 sensu
667 3120 786 3176 haec
815 3120 984 3176 missa
1020 3121 1262 3194 episcOpi
1292 3122 1653 3194 collegerunt,
1683 3126 1740 3174 ut
1763 3128 1921 3174 autu-

321 3224 428 3276 mo,
497 3224 608 3264 non
653 3208 971 3266 discordare
1012 3211 1284 3267 intellectu
1330 3209 1692 3276 invenientur,
1744 3225 1920 3281 quan-

328 3311 490 3368 quam
533 3297 716 3352 mitius
773 3299 1023 3370 quaedam
1080 3299 1399 3372 scripserint
1447 3299 1542 3372 qui
1591 3297 1760 3370 gestis
1811 3313 1923 3353 non

327 3384 708 3454 interfuerunt,
743 3403 903 3458 quam
932 3387 1009 3442 illi
1037 3387 1130 3460 qui
1160 3405 1223 3444 ea
1252 3407 1372 3461 qua:
1391 3395 1704 3463 gesserunt,
1730 3386 1922 3458 Sergio

319 3490 472 3544 papae
529 3475 794 3530 mittenda
824 3483 878 3531 et
923 3477 1092 3532 Leoni
1136 3477 1306 3532 missa
1349 3479 1702 3550 scripserunt.
1754 3483 1823 3537 Et
1853 3477 1920 3536 de

317 3563 654 3619 restitutione
685 3565 895 3620 Ebonis
924 3581 1025 3636 per
1057 3567 1292 3622 edictum
1325 3568 1558 3624 Lotharii
1579 3571 1922 3642 imperatoris

323 3651 378 3705 in
422 3651 639 3722 scriptis
687 3653 801 3707 suis
848 3653 974 3710 ideo
1021 3671 1130 3710 non
1185 3656 1467 3724 miserunt,
1514 3660 1770 3731 quoniam
1818 3661 1922 3732 ipsi

323 3739 588 3812 episcOpi,
623 3757 856 3813 quorum
884 3742 1088 3799 ibidem
1115 3745 1337 3800 nomina
1383 3746 1499 3803 sine
1542 3749 1753 3804 illorum
1787 3750 1921 3804 sub-

324 3829 710 3900 scriptionibus
766 3840 892 3886 sunt
961 3832 1234 3901 adnotata,
1313 3834 1489 3890 eidem
1560 3837 1922 3910 qualicunque

321 3918 650 3986 restitutioni
707 3935 768 3974 se
821 3935 932 3976 non
987 3920 1295 3978 interfuisse
1352 3924 1618 3995 dixerunt,
1679 3926 1816 3983 sicut
1870 3934 1923 3982 et

324 4005 604 4062 Rothadus
648 4009 816 4064 modo
854 4009 911 4064 in
935 4010 1150 4081 synodo
1195 4011 1336 4082 apud
1380 4013 1577 4069 Trecas
1624 4015 1773 4070 dixit.
1822 4016 1922 4072 Est

323 4095 506 4161 etiam,
541 4096 796 4168 quoniam
828 4106 881 4153 et
911 4115 943 4153 a
971 4099 1166 4170 Sergio
1195 4109 1320 4170 post
1348 4103 1922 4174 eamdemrestitutio-

322 4199 448 4238 nem
525 4185 886 4241 damnationis
959 4189 1282 4244 sententiam
1355 4190 1408 4244 in
1481 4203 1603 4246 eum
1654 4193 1922 4263 prolatam

325 4271 598 4346 legerunt,
646 4274 784 4329 sicut
831 4275 1004 4330 codex
1049 4276 1398 4350 episcopalis,
1433 4288 1486 4334 et
1516 4279 1707 4336 litterae
1736 4280 1923 4336 domni

322 4361 611 4432 apostolici
641 4379 744 4433 per
770 4363 1056 4434 Egilonem
1085 4365 1246 4421 nobis
1293 4367 1477 4423 missae
1523 4369 1918 4426 demonstrant.

326 4449 436 4505 Sed
457 4459 512 4505 et
533 4450 602 4506 de
623 4452 816 4507 charta
829 4453 1318 4527 transmigrationis
1329 4457 1399 4511 ad
1412 4456 1574 4512 aliam
1586 4459 1920 4528 parochiam,
1951 4458 2004 4518 D

321 4552 354 4591 a
383 4539 662 4610 Gregorio
688 4557 834 4612 papa
860 4542 1086 4612 praefato
1107 4544 1285 4600 Eboni
1330 4544 1489 4614 facta,
1520 4545 1654 4600 nihil
1681 4547 1738 4601 in
1778 4563 1923 4618 prae-

319 4627 479 4683 dictis
537 4644 728 4684 eorum
785 4631 1002 4702 scriptis
1059 4633 1306 4702 habetur,
1383 4633 1640 4706 quoniam
1695 4635 1748 4689 in
1808 4636 1924 4691 istis

323 4715 528 4772 nostris
572 4718 888 4791 regionibus
927 4727 1090 4777 antea
1132 4721 1246 4778 visa
1289 4737 1399 4778 non
1445 4722 1562 4793 fuit,
1605 4723 1709 4780 nisi
1737 4726 1920 4791 modo,

322 4818 449 4860 cum
479 4805 713 4862 dilectus
743 4806 911 4864 frater
939 4818 1126 4866 noster
1144 4811 1408 4867 Vull'adus
1429 4813 1573 4884 apud
1589 4812 1786 4870 Trecas
1807 4830 1926 4870 eam

319 4894 478 4948 nobis
509 4895 746 4951 ostendit
771 4913 784 4952 :
809 4913 932 4969 quae
960 4906 1143 4954 utrum
1171 4914 1205 4954 a
1233 4899 1526 4974 Gregorio,
1559 4902 1644 4958 cui
1661 4903 1925 4960 successit

319 4980 568 5057 Sergius,
599 4983 728 5040 data
756 4984 918 5041 fuerit
943 5003 1013 5042 an
1046 5004 1174 5055 non,
1208 5005 1274 5044 ex
1305 4989 1506 5046 scrinio
1547 4999 1747 5048 sanctae
1777 4992 1926 5048 sedis

321 5071 582 5130 Romanae
595 5081 653 5128 ut
667 5075 942 5131 credimus
957 5076 1088 5133 sciri
1099 5077 1317 5133 valebit.
1339 5078 1691 5136 Ordinatores
1711 5098 1924 5154 quoque

316 5161 426 5216 mei
454 5162 781 5219 Rhemensis
810 5165 1102 5236 provincia
1129 5166 1465 5240 suffraganei
1495 5168 1756 5241 episcopi,
1777 5187 1924 5244 saepe

317 5251 547 5319 passim,
565 5252 662 5309 sed
683 5261 736 5310 et
755 5253 810 5308 in
825 5253 1038 5326 synodo
1056 5255 1292 5326 professi
1308 5256 1711 5314 fuerunteidem
1724 5259 1920 5328 Eboni,

318 5353 432 5396 non
457 5342 896 5399 communicasse
923 5343 979 5399 in
1007 5343 1093 5399 his
1122 5345 1266 5401 unde
1295 5344 1470 5402 fuerat
1497 5347 1925 5405 excommunica-

319 5432 426 5495 tus,
455 5428 563 5484 nisi
613 5431 776 5487 modo
820 5431 992 5488 frater
1039 5432 1336 5504 Rothadus,
1369 5443 1424 5491 ut
1455 5435 1673 5507 quidam
1709 5445 1919 5508 putant,

320 5538 484 5583 causa
513 5543 648 5600 erga
677 5545 766 5588 me
795 5529 917 5600 zeli,
950 5529 1044 5602 qui
1073 5532 1326 5590 eumdem
1354 5533 1601 5590 Ebonem
1623 5532 1918 5606 damnavit,

1731 241 2108 300 EPISTOLE.

1936 372 1992 434 A
2012 376 2066 424 et
2091 384 2180 425 me
2209 367 2394 442 elegit,
2429 384 2494 426 ac
2523 385 2650 426 cum
2677 370 2888 426 cateris
2915 368 3190 442 episcopis
3231 370 3524 439 ordinavit,
3557 380 3611 428 et

3499 250 3606 306 258

2011 457 2103 530 qui
2129 458 2325 514 dicitur
2349 458 2531 515 dicere
2561 459 2707 530 quod
2736 459 2958 531 quidam
2989 459 3229 533 episcopi
3249 475 3282 515 a
3311 459 3606 532 smpedicto

2010 545 2202 601 Ebone
2231 546 2462 601 annulos
2490 553 2544 602 et
2573 546 2798 602 baculos
2841 545 3172 618 acceperint,
3203 563 3329 604 cum
3359 547 3606 618 quaedam

2011 635 2254 705 synodus
2301 635 2580 692 Gallicana
2637 653 2758 708 quae
2801 635 3056 692 Toletana
3113 644 3340 692 vocatur
3393 637 3540 693 dicat
3593 655 3606 692 :

2011 722 2336 794 Episcopus.
2376 723 2678 796 presbyter,
2711 731 2802 780 aut
2849 724 3129 794 diaconus,
3163 724 3209 780 si
3239 741 3273 779 a
3303 725 3480 796 gradu
3511 741 3610 782 suo

2011 810 2209 881 injuste
2237 811 2481 880 dejectus
2509 812 2565 866 in
2595 813 2836 868 secunda
2853 814 3064 884 synodo
3081 814 3346 870 innocens
3369 814 3614 885 reperia-

2013 907 2118 966 tur,
2149 915 2255 956 non
2287 908 2464 972 potest
2484 917 2605 956 esse
2627 901 2773 973 quod
2791 901 2985 970 fuerat,
3009 901 3114 956 nisi
3143 902 3345 974 gradus
3377 902 3614 958 amissos

2013 988 2259 1060 recipiat,
2293 989 2546 1061 quoniam
2575 1005 2762 1045 coram
2792 990 2982 1046 altario
3011 991 3080 1046 de
3109 1007 3275 1046 manu
3316 991 3610 1062 episcopo-

2014 1095 2153 1144 rum,
2185 1077 2232 1132 si
2263 1077 2553 1150 episcopus
2581 1087 2682 1148 est,
2707 1079 2962 1146 orarium,
2983 1079 3242 1134 annulum
3263 1087 3316 1134 et
3332 1079 3608 1147 baculum,

2015 1173 2068 1220 et
2097 1166 2176 1222 sic
2203 1166 2422 1222 demum
2444 1166 2513 1222 de
2534 1165 2760 1238 reliquis
2781 1167 3126 1239 persequitur
3147 1167 3431 1240 gradibus.
3457 1169 3611 1224 Unde

2015 1263 2227 1312 constat
2271 1255 2398 1328 quia
2444 1255 2621 1312 isdem
2665 1256 2784 1311 Ebo
2832 1256 3094 1326 dejectus,
3147 1257 3442 1313 secundum
3475 1257 3612 1312 hanc

2013 1344 2473 1411 constitutionem,
2539 1345 2608 1400 ab
2651 1345 2921 1416 episcopis
2963 1344 3222 1400 annulum
3265 1354 3316 1400 et
3359 1345 3613 1402 baculum

2014 1433 2281 1504 accipere,
2327 1441 2379 1488 et
2421 1449 2531 1488 non
2573 1433 2844 1504 episcopis
2892 1433 3020 1488 dare
3067 1433 3349 1489 debuerat.
3390 1435 3457 1488 Et
3487 1433 3614 1505 quia

2016 1522 2295 1592 Scriptura
2315 1522 2443 1577 dicit
2469 1539 2482 1575 :
2506 1522 2544 1576 A
2567 1523 2703 1590 ﬁliis
2726 1524 2841 1577 tuis
2856 1539 3010 1588 cave,
3030 1526 3089 1578 et
3103 1541 3134 1578 a
3155 1523 3474 1578 domesticis
3498 1523 3614 1578 tuis
3712 1526 3721 1534 '

2015 1611 2244 1667 attende
2266 1611 2461 1681 (Eccli.
2485 1625 2669 1676 χχχιι,
2692 1611 2804 1680 28),
2829 1619 2882 1665 et
2898 1610 3272 1684 unusquisque
3294 1627 3352 1666 se
3382 1626 3412 1664 a
3432 1610 3619 1681 proxi-

2016 1715 2106 1754 mo
2138 1715 2236 1754 suo
2279 1699 2564 1765 custodiat,
2597 1706 2651 1753 et
2679 1699 2734 1752 in
2761 1699 2909 1753 omni
2938 1699 3103 1754 fratre
3141 1715 3242 1754 suo
3281 1715 3392 1754 non
3419 1699 3619 1754 habeat

2017 1787 2301 1853 fiduciam;
2335 1795 2386 1841 et
2421 1788 2644 1842 inimici
2674 1787 2918 1844 hominis
2956 1788 3250 1844 domestici
3275 1790 3396 1859 ejus
3429 1788 3614 1858 (Mich.

2019 1891 2116 1946 vn,
2149 1876 2225 1945 6),
2259 1891 2362 1946 ego
2389 1892 2487 1946 per
2513 1875 2741 1930 missum
2783 1892 2959 1931 meum
3006 1875 3340 1947 exemplaria
3379 1876 3615 1947 scripto-

2017 1981 2140 2020 rum
2169 1981 2343 2035 nuper
2373 1964 2426 2018 in
2457 1964 2666 2036 synodo
2713 1965 2858 2036 apud
2888 1965 3090 2020 Trecas
3138 1964 3400 2022 factorum
3429 1965 3616 2024 mitte-

2018 2069 2156 2123 rem,
2189 2070 2257 2109 ne
2287 2053 2426 2108 forte
2455 2053 2526 2108 ab
2553 2052 2742 2108 amicis
2770 2053 2927 2120 meis,
2959 2067 3188 2124 quorum
3217 2052 3616 2110 infestationem

2018 2142 2214 2214 patior,
2247 2142 2425 2214 aliqua
2465 2141 2710 2197 fortassis
2758 2157 2889 2214 erga
2918 2159 3006 2196 me
3035 2141 3088 2196 in
3123 2141 3203 2196 eis
3233 2142 3615 2214 compilentur,

2019 2231 2066 2286 si
2095 2231 2285 2298 solide,
2339 2238 2561 2303 propter
2608 2231 2965 2302 quorumdam
3013 2231 3318 2303 principum
3365 2247 3501 2305 erga
3529 2247 3619 2288 me

2021 2319 2458 2388 commotionem,
2485 2319 2683 2391 quibus
2703 2319 2776 2374 ad
2793 2335 2892 2374 sua
2911 2327 3036 2374 vota
3051 2319 3269 2391 placere
3291 2335 3401 2376 non
3417 2321 3614 2388 audeo,

2021 2409 2158 2465 sicut
2185 2408 2274 2464 hic
2305 2408 2558 2480 prafatus
2589 2409 2922 2464 venerabilis
2954 2417 3007 2464 et
3036 2409 3405 2464 consacerdos
3433 2418 3620 2465 noster

2021 2497 2176 2554 vobis
2207 2497 2328 2554 viva
2358 2513 2492 2553 voce
2523 2497 2705 2554 dicere
2732 2505 2930 2568 potest,
2965 2497 3220 2553 valerem.
3256 2497 3336 2552 De
3365 2514 3474 2569 quo
3490 2501 3621 2553 cha-

2022 2585 2240 2642 rissimo
2272 2594 2323 2642 et
2353 2585 2616 2642 fidissimo
2644 2585 2833 2642 fratre.
2869 2594 2919 2642 et
2948 2585 3240 2642 venerabili
3270 2601 3336 2642 ac
3365 2585 3622 2658 prudenti

2024 2675 2305 2746 episcopo,
2318 2683 2551 2730 vestram
2566 2684 2694 2746 peto
2705 2675 2980 2730 indubiam
2997 2675 3331 2740 charitatem,
3349 2683 3406 2729 ut
3416 2675 3619 2731 domno

2023 2763 2341 2835 apostolico,
2376 2772 2429 2818 et
2457 2765 2598 2835 patri
2630 2772 2820 2819 nostro
2850 2763 3098 2830 Arsenio,
3133 2771 3185 2819 et
3213 2755 3422 2820 caeteris
3455 2763 3618 2819 fami-

2025 2853 2250 2907 liaribus
2279 2853 2474 2908 vestris
2502 2869 2624 2908 eum
2657 2853 3067 2922 commendetis,
3102 2861 3154 2908 et
3179 2853 3294 2922 ejus
3324 2853 3620 2908 necessita-

2025 2941 2168 2995 tibus
2213 2949 2375 3013 atque
2423 2941 2830 2996 rationabilibus
2884 2941 3234 3013 petitionibus
3277 2959 3375 3014 pro
3417 2942 3621 2999 viribus

2028 3031 2386 3086 concurratis.
2419 3031 2487 3085 Et
2516 3030 2792 3102 quoniam,
2837 3031 3052 3103 quando
3075 3031 3144 3086 ad
3175 3032 3441 3104 synodum
3473 3033 3620 3104 apud

1952 3099 2001 3163 (ἶ
2019 3119 2220 3175 Trecas
2252 3119 2395 3185 veni,
2430 3099 2550 3174 non
2567 3119 2752 3190 putavi
2783 3099 2904 3175 eum
2935 3137 3057 3175 cum
3081 3099 3352 3193 legatione
3375 3099 3622 3192 synodali

2022 3225 2089 3263 ex
2119 3208 2238 3280 ipsa
2266 3208 2476 3280 synodo
2494 3209 2722 3264 Romam
2743 3209 2964 3277 iturum,
2996 3209 3128 3264 talia
3148 3209 3236 3264 vel
3257 3209 3331 3265 ita
3351 3209 3624 3283 condigna

2021 3297 2215 3352 exenia
2253 3313 2466 3352 mecum
2515 3313 2622 3353 non
2655 3298 2827 3363 attuli,
2874 3305 2932 3352 ut
2979 3299 3180 3352 domno
3218 3298 3536 3368 apostolico,
3570 3307 3629 3353 et

2022 3386 2306 3441 carissimo
2335 3385 2480 3441 Patri
2512 3395 2702 3442 nostro
2749 3386 3000 3452 Arsenio,
3035 3401 3100 3441 ac
3147 3386 3301 3442 vobis
3349 3385 3623 3460 condigne

2021 3474 2232 3528 mittere
2285 3490 2544 3545 possem;
2606 3483 2658 3528 et
2712 3482 2836 3546 post
2893 3475 3162 3545 synodum
3217 3475 3286 3530 ad
3345 3475 3621 3531 civitatem

2021 3570 2264 3618 nostram
2318 3561 2565 3618 infirmus
2625 3579 2915 3618 remanens
2959 3563 3014 3617 in
3070 3563 3301 3634 quadam
3359 3563 3626 3620 Ecclesiae

2023 3659 2221 3706 nostrae
2251 3651 2456 3717 villula,
2490 3650 2668 3706 redire
2717 3659 2840 3706 ante
2884 3650 3276 3723 profectionem
3320 3651 3465 3706 illius
3513 3667 3622 3708 non

2021 3740 2191 3811 potui,
2237 3756 2307 3795 ne
2357 3740 2412 3794 in
2459 3747 2629 3794 totum
2683 3755 2782 3796 vos
2835 3740 3316 3812 quantulacunque
3390 3740 3622 3795 benedi-

2023 3828 2296 3884 ctiuncula
2323 3828 2542 3884 visitare
2572 3827 2921 3896 dimitterem,
2953 3845 3055 3900 pro
3086 3836 3288 3884 nostra;
3313 3828 3624 3900 exiguitatis

2021 3917 2284 3974 memoria
2323 3917 2475 3973 mitto
2503 3917 2660 3974 vobis
2702 3934 2802 3989 per
2841 3934 2967 3973 eum
3014 3933 3268 3974 crusnam
3295 3917 3365 3973 de
3391 3917 3625 3988 pellibus

2021 4006 2205 4072 variis,
2259 4022 2383 4066 cum
2429 4021 2611 4077 panno
2658 4005 2937 4063 coloribus
2980 4007 3148 4074 vario,
3193 4023 3366 4079 qua...
3405 4007 3619 4064 Ccetera

2023 4111 2307 4168 perpauca
2335 4095 2561 4152 desunt.
2653 4125 2658 4132 ε

2501 4238 2843 4296 EPISTOLA
2882 4240 3142 4297 XXXIX.

2210 4352 2284 4392 AD
2323 4353 2542 4394 ειειιωί
2580 4353 2650 4393 ET
2685 4353 2902 4395 Ριεκει
2940 4353 3436 4399 ΒειιΑνΑοεΝεΕυ.

2477 4447 2586 4501 Pro
2625 4444 2866 4518 episcopi
2895 4446 3163 4502 elatione.

2441 4558 2529 4615 (Ex
2547 4559 2668 4614 Act.
2699 4570 2842 4617 prop.
2863 4560 2986 4608 ecct.
3017 4561 3207 4617 Rhein.)

2095 4655 2424 4712 Hmcuxnus
2445 4665 2645 4714 sanctae
2666 4659 2985 4731 metropolis
3005 4659 3272 4717 Ecclesiae
3290 4660 3624 4718 Rhemorum

2024 4743 2334 4816 episcopus,
2368 4761 2433 4801 ac
2471 4746 2647 4818 plebis
2691 4749 2787 4804 Dei
2835 4747 3089 4818 famulus,
3134 4749 3280 4806 clero
3311 4759 3364 4806 et
3393 4749 3540 4822 plebi
3570 4750 3624 4806 in

2022 4832 2288 4904 parochia
2317 4833 2635 4892 Belvacensi
2667 4836 3004 4892 consistenti.

2097 4921 2235 4988 Quia
2265 4921 2522 4979 defuncto
2549 4923 2768 4990 dilecto,
2801 4924 2890 4980 vel
2923 4925 3240 4995 venerabili,
3265 4927 3536 4984 confratre
3562 4943 3629 4986 ac

2025 5009 2312 5066 sacerdote
2342 5020 2552 5078 nostro,
2593 5020 2743 5083 patre
2771 5012 3026 5069 videlicet
3068 5030 3133 5072 ac
3176 5024 3396 5087 pastore
3445 5025 3628 5073 vestro
3691 5067 3714 5090 ,

2025 5098 2239 5167 Odonc,
2286 5099 2551 5156 electione
2600 5101 2860 5158 canonica
2900 5118 2930 5156 a
2975 5103 3198 5161 domino
3251 5114 3436 5162 nostro
3495 5122 3628 5179 rege

2023 5189 2181 5244 vobis
2211 5188 2372 5244 solita
2401 5189 2735 5263 benignitate
2767 5207 3049 5258 concessa,
3081 5209 3310 5250 necesse
3339 5194 3443 5251 erit
3472 5202 3531 5249 ut
3559 5195 3630 5251 de

2025 5277 2280 5350 eligendo
2311 5287 2473 5350 atque
2503 5279 2880 5336 constituendo
2923 5283 3078 5338 vobis
3123 5291 3358 5353 pastore,
3403 5283 3492 5340 vel
3521 5284 3627 5340 do-

2025 5373 2174 5421 ctore
2189 5375 2352 5438 atque
2372 5376 2600 5437 rectore,
2629 5371 2931 5426 secundum
2952 5370 3356 5428 ecclesiasticas
3379 5373 3628 5446 regulas,

2023 5454 2164 5510 votis
2193 5455 2396 5512 nostris
2426 5455 2482 5511 in
2509 5474 2678 5512 unum
2713 5458 2946 5515 Domino
2975 5459 3247 5516 mediante
3297 5463 3628 5520 convenien-

2022 5543 2188 5614 tibus,
2221 5545 2520 5618 praemissis
2543 5545 2762 5616 jejuniis
2790 5555 2844 5605 et
2871 5547 3181 5606 litaniarum
3224 5550 3626 5611 obsecrationi-
