4088 6180
489 233 595 288 259

1556 227 1896 284 IIINCMARI
1932 225 2332 284 BHEMENSIS
2369 226 2919 316 ARCHIEPISQOPI.

3680 233 3788 287 260

492 353 616 420 bus,
651 359 888 408 tractare
919 352 1238 424 quantocius
1265 353 1550 409 maturetis
1583 368 1594 406 :
1627 361 1680 408 et
1709 358 1934 407 exorato
1961 366 2028 405 eo
2059 367 2090 404 a
2117 349 2174 412 A
2194 366 2304 406 non
2331 350 2400 406 de
2429 352 2681 406 omnibus
2728 352 2799 407 sit
2825 351 2984 408 laicis
3013 350 3382 408 constitutum.
3426 351 3620 423 Neque
3647 351 3790 407 enim

495 457 603 513 quo
633 449 717 496 est
745 457 907 498 omne
937 441 1126 498 datum
1155 442 1445 512 optimum,
1472 448 1526 496 et
1555 456 1717 496 omne
1745 440 1951 496 donum
1971 455 2094 510 per»

491 529 711 598 fectum,
746 529 948 602 quique
976 530 1106 586 facit
1133 531 1418 586 unanimes
1453 529 1695 584 habitare
1726 528 1780 583 in
1801 529 1987 594 domo,
2019 527 2092 582 ita

493 635 592 674 vos
621 635 743 675 cum
775 619 966 674 studiis
1013 619 1176 689 hujus
1217 618 1513 675 venerandi
1561 616 1746 673 fratris
1791 633 1856 674 ac
1901 615 2092 687 coepi-

495 707 648 779 scOpi
675 707 846 763 nostri
878 717 922 774 ³,
970 708 1059 763 cui
1089 707 1390 762 secundum
1439 705 1830 762 institutionem
1861 705 2091 761 canoni-

495 812 618 852 cam
645 795 938 852 visitatoris
967 795 1201 851 oﬂicium
1231 796 1287 850 in
1315 795 1584 862 Ecclesia,
1617 795 1771 863 cujus
1793 809 1981 849 amore
2003 791 2093 848 vel

493 885 686 957 vigore
715 884 992 951 fovemini,
1024 883 1422 957 delegavimus,
1457 884 1512 938 in
1539 882 1804 939 electione
1851 879 2093 954 regulari

494 973 881 1039 concorditer;
912 981 969 1028 ut
1006 981 1229 1044 pastore
1277 988 1374 1028 vos
1419 971 1622 1026 diutius
1669 971 1956 1026 destitutos
1984 985 2094 1024 non

494 1062 745 1118 doleatis.
781 1064 861 1117 De
891 1062 1046 1132 cujus
1075 1062 1331 1118 videlicet
1354 1078 1384 1115 a
1404 1060 1561 1116 nobis
1591 1059 1952 1115 consecrandi
1972 1056 2094 1128 epi-

496 1151 648 1222 scopi
693 1151 980 1217 electione,
1025 1166 1128 1222 pro
1175 1149 1428 1220 imposito
1476 1149 1634 1204 nobis
1681 1147 1999 1212 ministerio,
2041 1154 2096 1200 et

494 1255 627 1296 cura
669 1239 832 1294 totius
880 1238 1174 1310 provinciae
1227 1237 1529 1292 secundum
1575 1236 1819 1307 mysticae
1856 1235 2094 1291 Nieaenae

491 1328 688 1399 synodi
715 1343 954 1382 canones
983 1326 1257 1396 delegata,
1291 1323 1615 1380 fraternitati
1663 1333 1860 1380 vestra:
1903 1331 2094 1378 aucto-

493 1417 710 1471 ritatem
739 1415 996 1470 divinitus
1039 1413 1440 1485 promulgatam
1489 1412 1738 1468 intimare
1769 1411 2092 1484 satagimus,

495 1505 677 1560 Primo
707 1503 932 1568 scilicet,
967 1511 1024 1558 ut
1053 1504 1334 1558 decretum
1363 1501 1481 1557 sine
1511 1500 2096 1571 visitatoris‘praesen-

493 1592 566 1647 tia
594 1609 757 1647 nemo
794 1589 1064 1658 conﬁciat,
1117 1591 1268 1660 cujus
1313 1589 1625 1645 testimonio
1675 1589 2000 1645 clericorum
2032 1603 2097 1644 ac

2191 439 2378 496 clerici
2419 441 2596 508 nasci,
2643 448 2696 496 et
2737 457 2848 496 non
2890 439 3011 495 ﬁeri
3055 447 3320 510 possunt;
3363 439 3462 494 sed
3501 439 3790 513 designata

2191 535 2314 583 sunt
2345 545 2574 601 genera,
2609 529 2676 584 de
2709 529 2905 600 quibus
2933 529 3003 584 ad
3033 528 3350 584 clericatum
3369 527 3657 598 pervenire
3680 544 3788 583 non

2191 625 2420 688 possunt
2453 635 2466 670 ε
2499 617 2554 672 id
2603 625 2684 672 est
2727 617 2774 672 si
2822 617 2944 688 quis
2982 615 3160 672 ﬁdelis
3203 617 3550 683 militaverit;
3581 616 3625 670 si
3668 617 3789 688 quis

2192 703 2369 760 ﬁdelis
2393 721 2589 762 causas
2639 705 2834 778 egerit,
2868 707 2974 762 hoc
3003 713 3106 775 est,
3153 705 3546 776 postulaverit;
3579 705 3625 759 si
3667 705 3788 777 quis

2193 793 2371 849 ﬁdelis
2399 794 2894 860 administraverit;
2932 794 2979 848 si
3006 794 3128 866 quis
3168 794 3249 850 vir
3277 803 3402 850 ante
3451 793 3712 860 servivit;
3742 793 3789 849 si

2193 883 2314 954 quis
2342 883 2616 954 publicam
2645 883 3019 954 pwnitentiam
3048 899 3151 954 pro
3197 883 3372 954 culpis
3414 881 3786 938 criminalibus

2193 972 2306 1044 egit
2328 990 2342 1038 ;
2363 971 2408 1025 si
2438 972 2560 1044 quis
2590 971 2866 1044 bigamus,
2900 971 2988 1026 vel
3015 971 3242 1026 maritus
3271 971 3446 1026 viduae
3476 970 3594 1038 fuit,
3627 971 3715 1028 vel
3747 971 3793 1024 si

2193 1060 2570 1126 concubinam,
2602 1060 2690 1115 vel
2718 1060 2970 1131 pellicem
2999 1061 3168 1116 novit.
3201 1061 3404 1115 Cavete
3441 1059 3790 1114 nihilominus

2191 1166 2260 1204 ne
2290 1149 2646 1216 illitteratum,
2697 1149 2784 1204 vel
2812 1149 3040 1226 alicujus
3088 1149 3363 1204 haereseos
3407 1157 3560 1220 peste
3593 1163 3790 1204 corru-

2193 1246 2362 1309 ptum,
2387 1254 2452 1294 ac
2479 1237 2788 1309 aliquorum
2809 1238 3184 1293 membrorum
3212 1237 3410 1293 damna
3425 1252 3752 1308 perpessum
3777 1255 3792 1303 ;

2194 1344 2303 1382 non
2331 1327 2744 1400 negociatorem
2772 1327 3051 1392 clericum,
3087 1335 3180 1382 aut
3207 1325 3508 1380 inhonestis
3537 1333 3590 1380 et
3619 1325 3794 1396 turpi-

2197 1415 2296 1470 bus
2349 1415 2518 1471 lucris
2562 1415 2932 1482 incubantem,
2991 1423 3082 1470 aut
3122 1415 3413 1470 horrendis
3466 1414 3793 1486 quibusdam

2196 1503 2514 1559 criminibus
2546 1503 2879 1574 implicatum
2910 1503 2997 1560 vel
3027 1503 3384 1570 diffamatum,
3405 1502 3492 1557 vel
3511 1501 3794 1558 daemoniis

2197 1592 2570 1664 similibusque
2601 1592 2950 1663 passionibus
2979 1591 3269 1659 irretitum,
3315 1591 3524 1664 eligere
3563 1598 3793 1646 attente-

494 1680 696 1736 civium
741 1680 914 1751 possit
961 1679 1290 1734 unanimitas
1339 1677 1627 1734 declarari.
1673 1677 1904 1744 Deinde,
1937 1684 1995 1732 ut
2025 1677 2092 1732 de
2114 1710 2168 1769 B
2199 1681 2266 1736 tis
2299 1699 2311 1736 :
2345 1682 2442 1738 sed
2472 1681 2660 1736 domui
2682 1681 2782 1736 Dei
2810 1681 3059 1754 dignum,
3091 1679 3310 1736 ﬁdelem
3357 1688 3517 1752 atque
3554 1679 3797 1750 pruden-

495 1769 726 1825 ecclesia
768 1776 972 1838 vestra,
1023 1767 1137 1824 sive
1187 1767 1258 1823 sit
1287 1767 1344 1822 in
1393 1767 1630 1831 civitate,
1675 1765 1788 1821 sive
1815 1766 1870 1822 in
1898 1781 2095 1820 mona-

497 1857 695 1925 steriis,
741 1857 828 1914 his
875 1855 1176 1928 disciplinis
1219 1855 1544 1924 institutum,
1578 1862 1632 1910 et
1664 1854 1738 1909 ita
1781 1853 2098 1925 apostolicae

495 1947 690 2004 forma:
715 1945 1150 2011 convenientem,
1184 1945 1252 2000 de
1281 1943 1605 2001 diaconibus
1644 1942 1730 1998 vel
1761 1941 2098 2014 presbyteris

495 2035 712 2108 eligatis
759 2035 939 2102 vobis,
985 2043 1208 2090 auctore
1239 2041 1292 2088 et
1321 2032 1536 2088 fautore
1586 2031 1838 2100 Domino,
1897 2046 2097 2086 conse-

492 2123 752 2179 crandum
794 2123 1138 2194 episcopum,
1183 2122 1318 2178 sicut
1368 2137 1490 2178 cum
1518 2121 1588 2176 de
1637 2119 1893 2193 eligendo
1933 2127 2097 2190 atque

493 2213 873 2270 constituendo
903 2211 1162 2283 episcopo
1187 2217 1398 2284 ageret,
1429 2209 1548 2266 Tito
1570 2217 1624 2264 et
1654 2209 1938 2265 Timotheo
1965 2208 2101 2262 Pau-

492 2301 581 2357 lus
608 2299 855 2374 depingit
885 2299 1186 2370 apostolus.
1220 2298 1374 2364 Etsi,
1398 2297 1545 2370 quod
1575 2296 1734 2365 absit,
1769 2297 1838 2352 de
1867 2295 2098 2353 civitatis

495 2405 559 2444 ac
589 2388 840 2460 pax-meite
886 2395 1084 2443 vestrm
1131 2386 1367 2452 clericis,
1425 2385 1762 2442 ordinandus
1808 2384 2099 2457 episcopus

497 2476 678 2532 nullus
709 2477 928 2550 dignus,
959 2475 1047 2532 vel
1075 2475 1304 2532 idoneus
1335 2490 1546 2530 summo
1596 2473 1922 2540 sacerdotio,
1953 2473 2102 2546 quod

497 2565 716 2622 evenire
749 2581 858 2620 non
906 2564 1203 2631 credimus,
1252 2563 1447 2635 poterit
1490 2562 1724 2619 inveniri
1757 2578 1770 2618 :
1802 2571 1931 2618 tunc
1959 2561 2100 2616 alte-

496 2671 620 2711 rum
647 2655 716 2710 de
747 2654 921 2712 altera
947 2653 1253 2710 diteceseos
1283 2661 1486 2708 nostrae
1529 2651 1784 2719 ecclesia,
1819 2650 1964 2706 unde
1995 2665 2099 2706 no-

497 2743 582 2799 bis
613 2743 915 2800 secundum
957 2742 1278 2799 Africanum
1321 2741 1610 2799 concilium
1650 2743 1802 2812 (can.
1837 2744 1949 2810 22),
1984 2739 2101 2794 sine

498 2833 820 2904 cujusquam
848 2831 1292 2898 contradictione,
1327 2829 1617 2888 ordinandi
1647 2845 1976 2902 quemquam
2004 2844 2101 2885 ca-

499 2921 694 2978 nonice
750 2921 987 2977 electum
1033 2928 1084 2976 et
1127 2920 1353 2992 petitum
1413 2927 1494 2975 est
1549 2918 1806 2974 attributa
1859 2917 2099 2983 licentia,

500 3011 730 3083 eligere,
761 3017 1086 3081 procurate;
1121 3009 1212 3081 qui
1245 3009 1440 3064 merito
1491 3007 1614 3064 vitae
1644 3015 1698 3062 et
1727 3006 1968 3063 scientiae
1995 3006 2100 3061 do-

500 3099 676 3155 ctrina
716 3098 873 3154 vobis
919 3114 1166 3172 praeesse
1205 3098 1403 3167 valeat,
1458 3105 1510 3152 et
1557 3096 1821 3167 prodesse
1857 3111 1870 3150 :
1905 3093 2102 3166 quique

501 3187 677 3244 sacris
705 3186 1003 3244 canonibus
1051 3185 1325 3258 praecipue
1367 3183 1602 3256 capitulo
1657 3182 2102 3255 Carthaginensis

501 3275 722 3332 concilii
767 3276 951 3348 (conc.
989 3275 1182 3333 Carlh.
1219 3291 1295 3330 an
1323 3277 1449 3340 398,
1481 3290 1610 3330 can.
1646 3273 1700 3343 1)
1733 3288 1745 3327 :
1782 3270 1972 3341 Qualis
1999 3271 2103 3326 de-

501 3363 629 3420 beat
657 3363 902 3420 ordinari
932 3364 1243 3436 episcopus,
1294 3378 1405 3417 non
1452 3361 1650 3418 debeat
1694 3359 1957 3426 obviare;
1990 3367 2043 3414 et
2071 3374 2105 3414 a

501 3452 738 3509 decretis
766 3454 1007 3519 Patrum,
1041 3451 1218 3508 Siricii
1245 3451 1518 3517 videlicet,
1564 3449 1885 3516 Innocentii,
1919 3447 2102 3504 Coele-

498 3541 645 3608 stini,
678 3541 894 3610 Leonis,
929 3541 1152 3606 Gelasii,
1183 3548 1343 3612 atque
1377 3539 1658 3612 Gregorii,
1713 3545 1975 3610 quantum
2005 3551 2102 3608 pa-

497 3629 628 3686 titur
653 3631 894 3687 humana
923 3629 1212 3704 fragilitas,
1247 3637 1300 3685 et
1328 3629 1578 3701 poteritis
1613 3627 1960 3698 conspicere,
1993 3641 2105 3680 non

499 3719 676 3776 valeat
703 3720 1092 3792 quoquomodo
1131 3719 1468 3790 discrepare.
1499 3717 1556 3772 Si
1587 3717 1752 3772 etiam
1782 3715 1852 3770 de
1879 3713 2103 3769 alterius

497 3808 723 3864 dioecesi
752 3807 1168 3878 archiepiscopi,
1201 3805 1289 3862 vel
1317 3805 1558 3876 paroecia
1605 3803 1870 3875 episcopi,
1906 3818 2102 3874 quem-

494 3896 646 3969 piam
667 3896 824 3952 vobis
853 3903 1039 3950 notum
1073 3893 1378 3965 proﬁcuum
1406 3900 1458 3947 et
1490 3892 1678 3947 utilem
1728 3891 1937 3964 eligere
1981 3907 2102 3945 ma-

496 3983 704 4040 lueritis
737 3999 1005 4040 :necesse
1035 3982 1190 4040 vobis
1233 3981 1352 4048 erit,
1401 3995 1526 4038 cum
1575 3979 1918 4052 beneplacito
1957 3978 2104 4034 illius

501 4072 762 4145 episcopi,
796 4071 951 4141 cujus
980 4071 1248 4136 intererit,
1274 4078 1326 4125 et
1346 4069 1540 4125 litteris
1573 4069 1846 4126 canonicis
1874 4058 2130 4141 petitum.

504 4160 772 4228 obtinere,
807 4168 861 4216 et
889 4160 960 4216 ad
989 4175 1089 4216 nos
1117 4158 1271 4216 illum
1299 4158 1575 4214 mediante
1606 4158 1888 4213 visitatore
1917 4165 2102 4214 vestro

505 4249 926 4307 examinandum
963 4248 1274 4318 adducere;
1306 4255 1593 4320 quatenus,
1626 4247 1674 4302 si
1701 4261 1980 4319 congruus
2010 4263 2102 4300 sa-

503 4338 614 4397 cris
642 4337 944 4395 canonibus
971 4337 1223 4394 inventus
1253 4337 1434 4404 fuerit,
1487 4335 1642 4392 vobis
1672 4335 1952 4392 ordinetur
1980 4333 2102 4406 epi-

2132 3069 2181 3132 C

2199 1779 2306 1826 tem
2333 1769 2640 1826 ministrum
2671 1770 3103 1842 dispensatorem
3151 1769 3358 1842 eligite.
3393 1768 3676 1838 Quatenus
3705 1767 3795 1822 in-

2195 1859 2367 1915 terius
2422 1859 2770 1932 exteriusque
2815 1858 3076 1916 decenter
3121 1865 3368 1924 ornatus,
3416 1857 3650 1913 formam
3707 1855 3794 1911 vi-

2197 1947 2359 2004 vendi
2391 1948 2544 2004 vobis
2583 1947 2844 2020 religiosa
2889 1947 3306 2004 conversatione
3353 1945 3711 2012 demonstret,
3746 1953 3798 2000 et

2197 2053 2332 2093 sana
2373 2037 2642 2103 doctrina,
2686 2035 2828 2092 inter
2873 2037 3032 2106 hujus
3080 2035 3270 2091 mundi
3294 2051 3358 2092 ac
3385 2033 3796 2089 tribulationum

2196 2126 2474 2192 tenebras,
2522 2133 2672 2182 recto
2724 2124 2863 2182 calle
2910 2124 3199 2198 gradiendi
3243 2123 3362 2179 sine
3399 2122 3702 2180 offensione
3728 2121 3799 2177 ad

2196 2222 2415 2286 portum
2445 2213 2634 2270 salutis
2662 2222 2882 2271 aeternae
2904 2213 3090 2269 lumen
3109 2213 3457 2268 manifestare
3472 2211 3794 2283 praevaleat;

2198 2312 2251 2359 et
2280 2311 2470 2360 contra
2513 2303 2858 2360 barbaricam
2903 2302 3322 2368 infestationem,
3357 2301 3403 2356 si
3441 2301 3586 2374 quod
3633 2299 3796 2368 absit,

2197 2392 2474 2464 acciderit,
2508 2392 2665 2448 vobis
2694 2392 2842 2449 ferre
2870 2391 3131 2448 auxilium
3173 2390 3454 2462 prudentia
3485 2389 3639 2457 sciat,
3673 2387 3802 2445 viri-

2198 2481 2348 2539 litate
2376 2481 2576 2548 valeat,
2609 2482 2970 2552 temperantia
2999 2479 3249 2537 consulat
3279 2498 3292 2534 :
3324 2487 3377 2535 et
3405 2479 3484 2534 sic
3521 2477 3800 2534 exteriora

2199 2570 2561 2638 administret,
2594 2577 2651 2625 ut
2677 2570 2940 2626 interiora
2983 2586 3094 2626 non
3121 2569 3370 2634 deserat;
3401 2567 3479 2622 sic
3520 2565 3798 2622 interiori-

2200 2659 2302 2715 bus
2331 2659 2550 2726 serviat,
2582 2667 2641 2714 ut
2680 2659 2946 2714 exteriora
2990 2657 3209 2730 penitus
3249 2672 3364 2713 non
3405 2655 3714 2726 relinquat;
3748 2662 3803 2709 et

2199 2747 2559 2816 amhidexter,
2621 2746 3063 2819 contemplationi
3124 2754 3305 2802 mente
3359 2744 3620 2814 inserviat
3674 2743 3801 2798 vita:

2199 2838 2388 2894 activae
2419 2836 2658 2892 servitiis
2697 2836 2954 2903 intentus,
3001 2843 3058 2890 ut
3105 2833 3281 2895 fidelis
3321 2849 3514 2890 servus
3560 2839 3615 2887 et
3657 2847 3800 2902 pru-

2201 2927 2356 2993 dens,
2391 2926 2675 2982 conservis
2704 2925 2760 2981 in
2789 2933 3035 2998 tempore
3065 2923 3223 2980 tritici
3266 2937 3598 2987 mensuram,
3627 2920 3686 2974 id
3719 2926 3807 2975 est

2201 3015 2421 3071 modum
2451 3014 2606 3071 verbi
2634 3013 2780 3081 ﬁdei,
2813 3015 3038 3087 probate
3067 3013 3366 3084 dispenset.
3395 3011 3520 3066 Non
3545 3009 3730 3064 solum
3749 3008 3806 3063 in

2203 3103 2601 3175 praedicationis
2640 3119 2915 3170 sermone,
2947 3118 3014 3159 ac
3057 3099 3484 3159 conversationis
3525 3097 3803 3169 exemplo,

2204 3209 2394 3248 verum
2419 3192 2476 3247 in
2503 3192 2711 3249 cunctis
2739 3191 2898 3247 saluti
2927 3206 2992 3248 ac
3022 3191 3144 3247 vitae
3174 3187 3500 3248 necessariis
3535 3202 3804 3244 necessa-

2203 3281 2284 3338 ria
2315 3289 2368 3336 et
2398 3290 2703 3352 opportuna
2733 3280 3049 3352 praevideat.

2275 3369 2598 3440 Hujusmodi
2660 3376 2860 3438 autem,
2931 3377 3192 3441 quantum
3245 3366 3510 3424 Dominus
3564 3365 3798 3431 dederit,

2203 3459 2324 3531 ipso
2352 3466 2683 3530 cooperante
2712 3458 2943 3514 electum
2973 3474 3095 3514 cum
3132 3457 3405 3512 visitatore
3436 3463 3638 3520 vestro,
3660 3470 3806 3526 prae-

2204 3557 2358 3604 sente
2387 3548 2595 3604 scilicet
2643 3546 2918 3603 confratre
2960 3554 3171 3616 nostro,
3203 3554 3257 3600 et
3283 3561 3405 3602 cum
3441 3545 3668 3600 decreto
3701 3557 3806 3599 ca-

2204 3637 2422 3705 nonico,
2455 3637 2526 3692 ad
2552 3636 2869 3692 humilitatis
2895 3642 3094 3691 nostra:
3141 3633 3558 3690 sollicitudinem
3587 3631 3804 3689 exami-

2202 3727 2442 3783 nandum
2489 3725 2739 3782 adducite
2771 3741 2784 3780 :
2819 3724 2962 3797 quia,
2994 3733 3054 3779 ut
3078 3724 3241 3795 longe
3283 3731 3405 3778 ante
3449 3738 3550 3778 nos
3595 3721 3804 3776 dictum

2203 3823 2305 3882 est,
2355 3831 2464 3871 non
2513 3823 2598 3870 est
2642 3813 2797 3869 facile
2843 3813 3214 3881 dimittendus,
3263 3811 3350 3866 cui
3393 3819 3475 3866 est
3515 3809 3808 3880 proximus

2204 3904 2642 3960 committendus.
2675 3904 3026 3959 Praanoscere
3053 3917 3151 3957 vos
3178 3900 3412 3972 denique
3433 3898 3574 3968 volo,
3607 3897 3744 3970 quia
3759 3897 3809 3952 si

2202 4008 2496 4064 personam
2523 4008 2554 4046 a
2584 3992 2756 4048 sacris
2784 3990 3082 4047 canonibus
3107 3989 3324 4045 deviam
3370 3987 3603 4044 scienter
3639 3985 3808 4042 nobis

2203 4082 2556 4149 adduxeritis,
2591 4095 2698 4137 non
2730 4081 2908 4136 solum
2937 4096 3004 4135 ex
3032 4095 3100 4135 ea
3127 4077 3438 4150 pontiﬁcem
3485 4091 3596 4131 non
3624 4075 3808 4130 habe-

2201 4171 2350 4240 bitis,
2383 4187 2572 4226 verum
2603 4169 2763 4225 etiam
2790 4184 2893 4240 pro
2921 4168 3106 4224 illicita
3145 4167 3429 4232 electione,
3461 4172 3520 4220 ut
3551 4171 3808 4223 contem-

2202 4268 2386 4332 ptores
2415 4275 2700 4325 canonum,
2729 4258 2997 4328 judicium
3037 4256 3345 4313 incurretis.
3393 4254 3501 4310 Sed
3531 4260 3584 4309 et
3613 4261 3810 4309 nostro

2202 4363 2266 4406 ac
2297 4349 2748 4421 coepiscoporum
2775 4355 3087 4403 nostrorum
3125 4345 3328 4415 judicio
3371 4341 3600 4398 refutate
3629 4342 3810 4398 ratio-

502 4444 722 4501 scopus.
756 4430 894 4485 Ante
925 4428 1104 4484 omnia
1132 4435 1312 4482 autem
1343 4433 1532 4484 cavete
1562 4425 1618 4479 in
1634 4423 1901 4480 electione
1923 4422 2100 4494 ponti-

2203 4438 2458 4493 nabiliter
2488 4438 2751 4494 electione
2771 4445 2953 4494 vestra
2972 4436 3295 4506 incongrua,
3319 4432 3478 4488 talem
3499 4431 3811 4487 secundum

501 4517 620 4575 ﬁcis
649 4517 852 4573 malum
879 4516 1196 4573 simoniacae
1215 4517 1508 4584 haereseos,
1531 4530 1600 4569 ne
1621 4529 1722 4585 pro
1743 4513 1872 4568 dato
1895 4511 2100 4583 aliquo,

498 4606 586 4663 vel
619 4605 982 4680 promissione
1011 4604 1218 4671 illicita,
1253 4619 1432 4676 neque
1461 4618 1562 4674 pro
1593 4601 1776 4674 gratia
1804 4600 2103 4670 cujuscun-

503 4711 609 4768 que
666 4695 754 4752 vel
814 4693 1179 4750 familiaritate
1239 4699 1329 4746 aut
1387 4689 1789 4762 propinquitate
1854 4687 2100 4758 alicujus,

503 4782 818 4856 quempiam
865 4781 1138 4838 attentetis
1186 4780 1412 4853 eligere.
1462 4779 1585 4834 Non
1629 4793 1774 4845 eum,
1829 4775 1917 4833 cui
1955 4774 2106 4830 nulla

503 4871 780 4938 natalium,
815 4871 964 4926 nulla
992 4885 1208 4926 morum
1229 4869 1470 4942 dignitas
1501 4866 1834 4940 suffragetur
1857 4881 1870 4920 :
1897 4864 1982 4920 vel
2013 4863 2106 4936 qui

503 4959 782 5032 originali,
815 4966 908 5014 aut
937 4958 1098 5015 alicui
1124 4957 1419 5014 conditioni
1467 4955 1740 5028 obligatus
1777 4953 2102 5010 detineatur.

503 5048 793 5104 Neminem
823 5063 890 5104 ex
920 5046 1073 5103 laicis
1102 5047 1458 5118 neophytum,
1491 5044 1547 5100 id
1575 5052 1658 5099 est
1686 5041 1900 5098 noviter
1929 5049 2104 5096 atton-

503 5153 646 5205 sum,
679 5145 732 5193 et
760 5136 876 5193 sine
905 5135 1212 5208 disciplina,
1229 5135 1333 5193 'vel
1362 5150 1472 5190 non
1502 5148 1598 5203 per
1626 5138 1876 5202 tempora
1905 5130 2106 5186 consti-

503 5233 617 5282 tuta
646 5225 716 5281 ad
743 5223 1146 5282 ecclesiasticos
1176 5223 1379 5297 gradus
1418 5226 1756 5293 provectum.
1791 5217 1952 5288 Quod
1979 5217 2106 5274 ideo

507 5313 820 5388 specialiter
847 5313 1218 5388 designamus,
1269 5311 1394 5384 quia
1421 5325 1547 5366 cum
1593 5323 1833 5365 canones
1876 5307 2058 5364 dicant
2089 5323 2102 5360 :

509 5433 532 5464 c
577 5411 773 5468 Nullus
820 5427 883 5468 ex
927 5411 1079 5468 laicis
1121 5410 1440 5477 ordinetur;
1476 5428 1498 5460 υ
1535 5407 1913 5465 demonstrant
1959 5405 2106 5478 quod

586 5602 604 5629 ι
619 5588 879 5647 Hadeberti
901 5587 1294 5658 Sylvanectensis
1317 5587 1550 5658 epiSCOpi.

2202 4527 2568 4584 Laodicenses
2598 4542 2835 4584 canones
2865 4523 3200 4580 studebimus
3230 4522 3453 4594 eligere,
3480 4520 3572 4592 qui
3603 4519 3812 4575 vestris

2203 4615 2414 4674 vitiosis
2443 4615 2806 4672 voluntatibus
2836 4629 2944 4669 non
2975 4613 3148 4668 valeat
3193 4611 3519 4669 consentire.
3553 4607 3694 4678 Quia
3726 4608 3809 4664 si-

2203 4712 2295 4762 cut
2325 4706 2465 4761 bene
2495 4705 2802 4776 petentibus
2831 4703 2960 4758 dicit
2989 4701 3253 4758 Dominus
3285 4717 3299 4754 :
3329 4701 3531 4764 Petite,
3561 4702 3618 4754 et
3645 4699 3812 4754 acci-

2200 4795 2373 4866 pietis
2404 4795 2628 4866 (Matth.
2655 4793 2775 4863 vu),
2807 4791 2883 4847 ita
2912 4799 2964 4847 et
2994 4807 3092 4862 per
3119 4789 3423 4862 apostolum
3441 4787 3584 4842 male
3613 4794 3813 4856 peten-

2204 4891 2287 4938 tes
2317 4881 2616 4953 redarguit,
2644 4881 2832 4938 dicens
2866 4897 2878 4936 :
2912 4881 3138 4947 Petitis,
3171 4883 3227 4936 et
3268 4895 3383 4934 non
3426 4877 3711 4949 acéipttis,
3747 4890 3812 4931 eo

2203 4973 2346 5044 quod
2375 4971 2526 5026 male
2553 4971 2760 5042 petatis
2789 4971 2930 5042 (Jac.
2964 4971 3067 5039 IV).
3111 4969 3302 5034 Petite,
3350 4964 3566 5030 fratres,
3598 4979 3633 5018 a
3660 4964 3810 5030 Deo,

2203 5069 2263 5116 ut
2307 5059 2462 5116 vobis
2511 5067 2786 5130 pastorem
2827 5058 3126 5116 secundum
3155 5073 3250 5113 cor
3287 5071 3446 5110 suum
3493 5053 3712 5108 tribuat.
3749 5053 3815 5107 In

2204 5149 2360 5219 cujus
2406 5148 2673 5205 electione
2705 5148 2752 5203 si
2780 5164 2891 5204 non
2919 5147 3042 5218 plus
3088 5143 3404 5217 temporalia
3437 5157 3604 5214 quam
3635 5140 3813 5212 spiri-

2205 5237 2366 5293 tualia
2411 5237 2695 5294 commoda
2739 5235 3054 5292 studueritis
3099 5233 3397 5298 attendere,
3429 5229 3664 5304 gratiam
3693 5245 3817 5286 suae

2205 5326 2488 5384 electionis
2518 5325 2770 5384 elcctioni
2799 5334 3018 5393 vestrae,
3047 5323 3316 5379 bonorum
3344 5335 3574 5392 operum
3602 5326 3658 5374 et
3686 5317 3820 5389 pio-

2205 5432 2326 5472 rum
2375 5416 2682 5473 studiorum
2726 5422 2913 5472 auctor
2959 5421 3013 5471 et
3051 5419 3375 5484 cooperator
3422 5407 3662 5466 studebit
3706 5421 3818 5464 ac-
