4088 6180
306 278 398 332 261

1845 262 2218 320 ΕΡΙΞΤΟΙΑΕ.

3499 261 3606 316 262

311 395 682 458 commodare,
717 392 808 465 qui
838 408 950 448 non
1006 391 1144 448 sicut
1188 393 1353 447 homo
1399 398 1605 445 tantum
1649 390 1705 444 in
1745 387 1901 454 facie,
1932 386 2311 459 Aproﬁtendo
2345 401 2358 441 :
2413 385 2688 454 Quantum
2737 385 2917 441 sciero
2965 392 3018 438 et
3064 389 3315 454 potuero,
3373 382 3608 438 Domino

317 486 411 542 sed
439 483 788 557 singulorum
815 481 978 538 corda
1009 489 1298 548 scrutatur,
1346 488 1395 534 et
1447 495 1627 534 renes.
1681 477 1778 534 Cui
1824 485 1906 532 est
2003 476 2316 546 adjuvante,
2349 475 2557 546 absque
2601 474 2712 529 ulla
2757 472 3070 540 dolositate,
3129 479 3223 527 aut
3269 470 3605 536 seductione,

317 577 490 630 honor
528 580 581 628 et
624 571 820 644 gloria,
868 577 1112 642 potestas
1155 578 1208 624 et
1243 569 1552 640 imperium,
1603 567 1657 622 in
1707 566 1906 622 saecula
2004 572 2058 620 et
2088 564 2317 620 consilio
2337 571 2391 619 et
2425 563 2650 630 auxilio,
2675 561 2971 618 secundum
3008 576 3191 616 meum
3224 559 3608 624 ministerium,

321 662 664 726 saeculorum,
717 663 912 724 Amen,

845 796 1188 854 EPISTOLA
1253 797 1366 852 XL.

907 887 1312 959 Fragmentum.

668 1009 744 1049 Αῐ)
773 1008 1031 1048 CAROLUM
1070 1007 1293 1047 CALVUM
1343 1005 1549 1046 REGE“.

323 1101 751 1173 Qualesjudices
771 1102 1120 1157 constituere
1139 1099 1334 1155 debeat
1352 1098 1424 1154 ad
1435 1113 1636 1153 cauus
1654 1098 1809 1152 inter
1833 1111 1914 1153 ec-

524 1191 868 1246 clesiasticos
899 1193 960 1246 et
985 1190 1287 1245 sazcularcs
1317 1187 1686 1242 diri-mendas.

879 1287 1038 1343 (Apud
1085 1285 1354 1339 SirmOnd.)

384 1378 558 1450 Regia
587 1377 756 1450 igitur
799 1375 1128 1442 sollicitudo,
1163 1376 1365 1446 aRege
1387 1389 1578 1444 regum
1619 1380 1672 1426 et
1713 1371 1917 1443 aequis-

317 1469 451 1522 simo
475 1467 659 1536 judice
706 1467 822 1522 Deo
869 1473 925 1519 ut
975 1465 1030 1519 in
1081 1463 1377 1520 directione
1433 1461 1616 1518 cordis
1656 1460 1919 1529 judicium

314 1556 517 1625 judicet
551 1553 859 1620 constituta,
891 1553 1120 1624 provide
1165 1552 1502 1622 solliciteque
1552 1549 1767 1604 studere
1817 1549 1919 1603 de-

321 1646 426 1709 bet,
459 1652 517 1698 ut
547 1643 687 1698 tales
710 1643 922 1712 judices
953 1659 1078 1698 cum
1107 1640 1384 1712 episcOpis
1409 1640 1480 1695 ad
1519 1653 1739 1694 causam
1786 1637 1924 1692 inter

2007 662 2061 708 et
2087 654 2388 708 secundum
2417 667 2597 708 meam
2629 667 2920 722 personam
2968 648 3146 705 ﬁdelis
3191 649 3345 703 vobis
3396 647 3612 716 adjutor

2009 757 2124 810 ero,
2157 750 2214 796 ut
2239 741 2389 796 illam
2418 747 2763 812 potestatem,
2797 754 2962 810 quam
2992 738 3048 792 in
3091 737 3246 808 regio
3292 735 3513 791 nomine
3559 741 3614 790 et

2009 845 2183 903 regno
2211 830 2366 886 vobis
2409 830 2557 885 Deus
2605 828 2875 884 concessit
2913 827 2984 882 ad
3028 825 3204 897 ipsius
3250 824 3610 889 voluntatem,

2011 927 2063 974 et
2086 919 2157 974 ad
2206 927 2446 974 vestram
2484 915 2833 983 ac_ﬁdelium
2877 922 3189 971 vestrorum
3237 912 3611 972 salvationem.

2013 1023 2136 1064 cum
2173 1006 2356 1062 debito
2405 1007 2610 1061 honore
2658 1013 2712 1060 et
2749 1005 2936 1077 vigore
2969 1011 3156 1060 tenere
3205 1010 3257 1058 et
3304 1002 3617 1073 gubernare

2013 1095 2254 1168 possitis.

2539 1181 2880 1240 EPISTULA
2937 1181 3074 1237 XLI.

2602 1271 3013 1342 Fragmentum.

2315 1377 2388 1416 Αι)
2415 1374 2738 1417 ιυυοηοῐηι
2772 1374 2962 1414 RBG-BM
3003 1372 3326 1414 GERMANL'E.

2198 1452 2306 1506 Pro
2337 1450 2590 1520 Bertulfo
2644 1448 2957 1504 Trevirensi
3002 1446 3436 1520 archiepiscopo.

2157 1555 2314 1612 (Apud
2335 1555 2583 1608 eumdem,
2610 1563 2670 1599 ex
2695 1553 2980 1608 Flodoardi,
3005 1552 3090 1598 lib.
3133 1563 3206 1606 tu,
3236 1561 3349 1608 cap.
3385 1552 3490 1605 95.)

2095 1645 2327 1701 Proinde
2357 1646 2496 1700 sicut
2524 1660 2634 1699 non
2680 1643 2800 1698 leve
2821 1643 3114 1699 discrimen
3133 1641 3398 1699 incumbit
3442 1639 3627 1712 ponti-

321 1732 720 1789 ecclesiaslicos
775 1741 828 1787 et
877 1731 1172 1786 saeculares
1219 1728 1572 1784 dirimendam
1637 1727 1803 1798 eligat
1867 1733 1992 1802 etB
2022 1735 2212 1791 ﬁcibus
2243 1734 2458 1789 siluisse
2487 1749 2586 1804 pro
2615 1731 2922 1788 Divinitatis
2963 1733 3108 1787 cultu
3153 1731 3301 1804 quod
3355 1729 3626 1803 congruit,

323 1822 629 1890 constituat,
663 1821 756 1892 qui
803 1819 1046 1892 religiosi
1089 1819 1197 1874 sint
1245 1827 1297 1874 et
1344 1818 1517 1872 Deum
1561 1816 1802 1882 timeant,
1861 1823 1913 1869 et

319 1927 424 1966 non
457 1909 704 1965 muneris
733 1909 979 1980 praemio,
1014 1924 1126 1963 non
1155 1907 1357 1962 favoris
1388 1906 1474 1961 vel
1496 1903 1926 1976 pr0pinquitatis

322 2007 410 2054 aut
439 1997 698 2053 amicitiae
726 1997 918 2068 gratia,
953 2013 1065 2052 non
1094 1995 1350 2050 indebita:
1381 1993 1736 2063 subjectionis
1769 1991 1929 2047 obse-

277 2088 467 2159 ‘quio,
501 2103 613 2142 non
643 2086 865 2142 alterius
898 2085 1068 2156 partis
1115 2084 1262 2148 odio,
1312 2098 1610 2154 personam
1656 2081 1931 2152 accipiant

323 2177 373 2230 in
395 2175 628 2245 judicio,
663 2175 762 2230 sed
789 2175 1000 2245 absque
1049 2173 1394 2229 contentione
1443 2186 1507 2226 ac
1551 2171 1744 2236 livore,
1793 2169 1933 2224 sicut

323 2265 441 2335 ipsa
469 2265 687 2320 Veritas
716 2263 866 2330 dicit,
898 2279 1008 2319 non
1031 2261 1332 2318 secundum
1367 2259 1586 2324 faciem,
1619 2258 1717 2314 sed
1725 2259 1931 2327 justum

318 2353 586 2422 judicium
629 2353 918 2422 judicent:
979 2359 1030 2407 et
1089 2355 1192 2406 hoc
1246 2365 1353 2404 non
1403 2348 1458 2402 in
1506 2347 1722 2418 publico
1743 2345 1935 2416 judicii

328 2441 469 2509 loco,
499 2441 600 2496 sed
629 2440 685 2496 in
713 2441 940 2512 privato,
975 2439 1104 2511 quia
1133 2438 1394 2510 episcOpi,
1427 2451 1536 2492 non
1567 2435 1621 2490 in
1669 2434 1934 2512 consisto-

330 2531 411 2585 rio
441 2546 664 2602 regum,
695 2511 806 2584 non
849 2529 905 2582 in
945 2527 1203 2599 praetorio
1253 2525 1516 2596 judicum,
1557 2540 1660 2580 nec
1715 2511 1821 2578 nisi
1866 2523 1935 2578 ab

331 2618 632 2689 episcopis,
665 2625 755 2672 aut
783 2616 838 2672 in
870 2617 1102 2687 synodo,
1135 2623 1226 2670 aut
1253 2615 1310 2668 in
1337 2613 1549 2685 privato
1577 2611 1720 2682 loco,
1766 2627 1799 2666 a
1819 2611 1936 2683 pri-

329 2707 562 2761 matibus
602 2705 980 2777 deputatorum
1027 2712 1116 2759 aut
1161 2720 1193 2758 a
1249 2719 1308 2758 se
1341 2703 1639 2758 electorum
1694 2700 1935 2771 judicum

323 2795 531 2864 judicio
559 2795 762 2850 debent
791 2801 879 2849 aut
908 2800 1138 2864 possunt
1180 2791 1511 2864 regulariter
1565 2789 1816 2860 judicari.
1867 2789 1940 2842 Et.

329 2890 630 2954 pretaxato
679 2882 844 2939 modo
889 2881 1226 2954 supradictas
1269 2882 1446 2951 leges,
1520 2887 1627 2933 tam
1667 2877 1939 2950 publicast

333 2989 492 3044 quam
525 2971 944 3038 ecclesiasticas,
970 2971 1026 3026 in
1055 2971 1169 3026 suis
1199 2969 1538 3041 temporibus
1587 2965 1794 3046 servari
1835 2967 1938 3022 de-

2029 1825 2103 1880 ita
2131 1823 2298 1896 regiae
2325 1823 2598 1894 potestati,
2628 1821 2772 1893 quod
2803 1820 2961 1888 absit,
2995 1836 3107 1876 non
3145 1820 3423 1876 mediocre
3479 1817 3628 1890 peri-

2031 1913 2212 1970 culum
2243 1919 2344 1978 est,
2375 1912 2421 1966 si
2451 1925 2575 1967 cum
2603 1910 2801 1965 debeat
2853 1925 3052 1982 parere
3081 1909 3260 1982 refugi
3290 1908 3436 1980 quod
3463 1907 3515 1963 ei
3563 1923 3630 1963 ex

2029 2001 2214 2056 divina
2243 2015 2378 2056 voce
2411 2015 2444 2054 a
2484 1997 2866 2054 sacerdotibus
2913 1998 3207 2064 nuntiatur,
3260 1997 3493 2052 Domino
3536 1995 3628 2050 di-

2031 2097 2186 2146 cente
2217 2089 2271 2144 in
2301 2087 2638 2160 Evangelio:
2673 2088 2778 2157 Qui
2801 2090 2885 2143 est
2905 2102 2980 2142 ea:
2990 2089 3116 2152 Deo,
3142 2086 3306 2142 verba
3325 2087 3422 2142 Dei
3440 2084 3624 2140 audit.

2033 2179 2090 2234 Si
2137 2185 2317 2234 autem
2360 2177 2516 2234 vobis
2563 2175 2760 2248 aliquis
2820 2175 3001 2230 minus
3060 2175 3289 2230 devotus
3329 2171 3626 2245 suggessit,

2033 2267 2175 2340 quod
2203 2266 2258 2322 in
2289 2266 2484 2322 eadem
2513 2264 2821 2336 metropoli,
2854 2263 2910 2318 in
2939 2271 3248 2334 contemptu
3277 2271 3482 2331 vestro,
3537 2261 3627 2317 vel

2035 2363 2226 2412 contra
2266 2353 2578 2410 fidelitatem
2623 2359 2881 2420 vestram,
2929 2351 3406 2423 metropolitanum
3447 2349 3632 2422 ponti-

2033 2443 2190 2502 ﬁcem
2221 2442 2465 2500 ordinari
2495 2441 2724 2498 fecimus
2758 2459 2772 2496 :
2804 2441 2935 2514 quin
2961 2440 3142 2513 potius
3173 2455 3445 2497 consensu
3490 2453 3633 2494 unae

2034 2531 2294 2589 nimitatis
2323 2539 2526 2588 nostra;
2553 2529 2658 2602 ipsi
2691 2530 2994 2586 secundum
3022 2545 3211 2585 sacros
3227 2543 3468 2585 canones
3487 2526 3634 2583 ordi-

2035 2621 2304 2689 navimus,
2340 2619 2485 2692 quia,
2515 2627 2570 2674 ut
2603 2619 2866 2690 scriptum
2896 2626 2998 2685 est,
3033 2617 3172 2674 sicut
3192 2619 3340 2674 Deus
3380 2616 3487 2673 loci
3529 2631 3634 2671 an-

2036 2710 2215 2782 gustia
2245 2723 2355 2764 non
2392 2707 2716 2775 continetur,
2779 2707 2854 2762 ita
2917 2707 3145 2762 verbum
3205 2707 3324 2775 ejus
3379 2719 3491 2760 non
3553 2713 3638 2760 est

2037 2798 2334 2871 alligatum,
2405 2795 2746 2852 collaudante
2801 2795 3167 2866 Redemptore
3235 2809 3300 2850 ac
3356 2792 3638 2850 Salvatore

2038 2895 2247 2955 nostro,
2283 2885 2428 2958 quod
2457 2884 2704 2942 centurio
2733 2883 2790 2938 in
2838 2884 2944 2939 hoc
2991 2899 3154 2940 sensu
3228 2881 3486 2937 dixerat:
3535 2883 3633 2938 Dic

2038 2975 2218 3044 verba,
2253 2978 2309 3030 et
2336 2975 2634 3030 sanabitur
2645 2989 2790 3046 puer
2809 2973 3192 3044 meus(Matth.
3229 2984 3352 3038 vm,
3378 2971 3454 3042 8),
3477 2969 3639 3026 vide-

335 3061 583 3117 crevisse
615 3060 906 3116 didicimus
923 3059 1184 3160 antiquos
1219 3059 1580 3156 imperatores
1613 3065 1673 3156 et
1718 3055 1938 3154 praede-
1964 3101 2013 3164 Ο
2040 3064 2166 3160 licet
2180 3062 2344 3164 ‘qu‘od
2373 3061 2459 3118 hic
2507 3061 2732 3164 dixeris,
2779 3061 2892 3156 illic
2937 3059 3049 3116 ﬁet.
3104 3059 3212 3130 Qui
3257 3060 3312 3115 in
3359 3059 3640 3131 discipulis

335 3166 590 3206 cessares
618 3165 682 3204 ac
709 3149 1084 3222 progenitores
1129 3155 1341 3202 vestros
1387 3145 1658 3217 episcopis
1705 3153 1760 3199 et
1806 3143 1935 3201 viris

334 3233 760 3302 ecclesiasticis,
797 3242 850 3288 et
876 3232 1036 3288 nobis
1064 3239 1246 3288 vestra
1277 3229 1631 3286 dilectissime
1677 3236 1732 3284 et
1776 3227 1936 3284 beni-

335 3323 606 3396 gnissima
646 3321 952 3378 dominatio
1007 3327 1350 3378 servaturam
1405 3333 1467 3374 se
1525 3325 1579 3374 et
1647 3317 1814 3374 verbo
1883 3323 1938 3372 et

335 3411 740 3483 subscriptione
770 3409 1018 3482 promisit
1037 3410 1093 3465 in
1121 3409 1419 3474 Carisiaco,
1452 3407 1546 3462 ubi
1586 3407 1690 3461 hoc
1731 3405 1939 3476 capitu-

333 3500 448 3555 lum
478 3500 738 3556 consultu
780 3515 844 3554 ac
889 3498 1118 3554 consilio
1166 3496 1408 3552 ﬁdelium
1451 3502 1783 3560 vestrorum,
1833 3499 1937 3547 tam

335 3589 722 3660 episcoporum
765 3603 926 3659 quam
969 3594 1023 3642 et
1068 3585 1332 3642 laicorum
1378 3582 1718 3648 condidistis,
1770 3590 1825 3637 et
1889 3579 1941 3635 ei

333 3677 744 3748 subscripsistis
771 3675 1016 3733 dicentes
1050 3692 1064 3729 :
1098 3673 1376 3742 Quantum
1413 3672 1592 3729 sciero
1637 3678 1690 3726 et
1735 3669 1943 3725 ratione

336 3766 523 3822 biliter
549 3773 797 3836 potuero,
861 3763 1092 3820 Domino
1140 3763 1451 3832 adjuvante,
1503 3773 1943 3832 unumquemque

336 3863 603 3921 vestrum,
650 3854 950 3911 secundum
999 3867 1158 3908 suum
1219 3851 1471 3907 ordinem
1538 3857 1589 3904 et
1629 3863 1941 3920 personam,

337 3943 628 3999 honorabo
685 3952 738 4000 et
786 3942 1030 4009 salvabo,
1084 3949 1138 3996 et
1176 3942 1502 3996 honoratum
1549 3952 1614 3993 ac
1677 3937 1947 3993 salvatum

338 4033 554 4104 absque
584 4031 694 4087 ullo
723 4032 852 4087 dolo
879 4039 934 4086 et
961 4029 1310 4086 damnatione
1337 4026 1426 4084 vel
1455 4025 1777 4096 deceptione
1817 4040 1948 4080 con-

337 4121 594 4176 servabo.
626 4121 694 4175 Et
721 4119 1010 4192 unicuique
1037 4125 1437 4189 competentem
1463 4115 1645 4188 legem
1689 4121 1744 4168 et
1783 4113 1949 4183 justi-

338 4211 474 4265 tiam
517 4208 881 4265 conservabo.
927 4207 998 4263 Et
1039 4206 1134 4278 qui
1178 4205 1328 4261 illam
1404 4219 1634 4260 necesse
1679 4201 1948 4268 habuerit,

341 4307 394 4353 et
453 4297 848 4353 rationabiliter
903 4295 1136 4368 petierit,
1195 4293 1572 4350 rationabilem
1639 4291 1951 4347 misericor-

2035 3148 2149 3204 suis
2178 3147 2450 3218 hodieque
2474 3145 2654 3211 nobis,
2687 3145 2812 3202 licet
2840 3145 3103 3216 indignis,
3133 3144 3370 3217 loquitur
3405 3161 3418 3198 :
3465 3143 3640 3215 Spiri-

2034 3246 2122 3292 tus
2149 3236 2331 3292 Patris
2353 3234 2517 3291 vestri
2575 3234 2814 3306 loquitur
2836 3233 2893 3288 in
2920 3234 3098 3300 vobis,
3129 3233 3219 3305 qui
3248 3233 3424 3305 replet
3448 3233 3642 3288 orbem

2039 3314 2336 3380 terrarum:
2365 3323 2548 3378 Nolite
2591 3323 2842 3388 credere,
2889 3337 3221 3394 quaesumus,
3273 3335 3448 3394 prava
3506 3336 3640 3376 sua-

2037 3413 2208 3480 denti,
2232 3412 2360 3484 quia
2389 3427 2492 3482 pro
2525 3418 2672 3465 certo
2686 3411 2872 3466 sciatis
2892 3426 3002 3466 non
3023 3411 3077 3464 in
3094 3417 3406 3482 contemptu
3430 3417 3637 3478 vestro,

2039 3517 2220 3574 neque
2248 3507 2434 3556 contra
2463 3497 2775 3554 ﬁdelitatem
2805 3507 3062 3566 vestram,
3097 3499 3152 3555 in
3201 3498 3396 3555 eadem
3438 3510 3642 3555 metro-

2037 3589 2150 3662 poli
2177 3588 2308 3644 sede
2323 3585 2634 3659 pontiﬁcem
2657 3587 3032 3644 ordinavimus
3055 3606 3069 3654 ;
3093 3587 3192 3642 sed
3211 3587 3638 3659 perpendentes,

2041 3678 2188 3750 quod
2219 3685 2273 3733 et
2310 3693 2409 3732 vas
2457 3676 2654 3732 melius
2703 3675 2889 3742 sectis,
2951 3683 3156 3748 quanta
3205 3684 3259 3732 et
3293 3691 3396 3748 per
3443 3683 3642 3749 quanta

2042 3775 2295 3840 tempora
2354 3766 2478 3838 ipsa
2537 3764 2788 3822 Ecclesia
2850 3765 3093 3822 desolata
3158 3772 3211 3823 et
3241 3764 3500 3822 destituta
3549 3765 3637 3830 sit,

2045 3859 2099 3908 et
2144 3859 2343 3924 quanta
2389 3857 2577 3907 contra
2623 3850 2725 3906 Dei
2770 3849 3123 3917 voluntatem,
3169 3865 3280 3906 non
3347 3849 3526 3906 solum
3587 3849 3646 3905 in

2046 3941 2240 3998 eadem
2268 3939 2550 4012 parochia,
2593 3941 2692 3996 sed
2737 3947 2791 3994 et
2831 3939 2885 3994 in
2927 3947 3036 3995 tota
3083 3938 3369 4011 provincia
3410 3939 3482 3995 ad
3523 3954 3646 3996 eam

2047 4029 2374 4102 pertinente,
2408 4028 2756 4094 increverint,
2790 4043 2913 4085 cum
2942 4028 3076 4084 nihil
3105 4029 3366 4084 canonice
3395 4028 3512 4084 sine
3529 4027 3645 4100 pri-

2049 4125 2194 4174 mate
2223 4115 2553 4190 suﬁ‘raganei
2574 4117 2816 4188 episcopi
2836 4133 3002 4191 agere
3022 4116 3256 4185 valeant,
3278 4117 3383 4174 nisi
3405 4117 3552 4190 quod
3573 4117 3646 4174 ad

2049 4207 2297 4278 proprias
2323 4206 2614 4277 parochias
2655 4207 2902 4278 pertinet,
2955 4206 3161 4262 ibidem
3208 4206 3647 4263 commoditatem

2051 4294 2362 4367 regularem
2387 4294 2728 4350 invenientes
2757 4294 3022 4350 canonice
3066 4293 3378 4365 pontiﬁcem
3425 4294 3646 4350 ordina-

341 4387 489 4442 diam
550 4385 842 4450 exhibebo,
891 4387 1025 4440 sicut
1075 4383 1254 4440 ﬁdelis
1291 4399 1390 4438 rex
1437 4397 1568 4437 suos
1615 4379 1806 4436 ﬁdeles
1853 4394 1954 4450 per
2055 4384 2232 4440 vimus
2264 4401 2278 4437 :
2311 4383 2458 4455 quod
2487 4390 2540 4437 et
2569 4381 2866 4438 secundum
2896 4382 3109 4437 divinas
3140 4381 3295 4455 leges
3321 4397 3486 4454 agere
3517 4397 3647 4454 pos-

338 4485 554 4532 rectum
583 4477 854 4531 honorare
883 4482 935 4529 et
965 4473 1194 4542 salvare,
1227 4479 1280 4527 et
1309 4471 1596 4542 unicuique
1627 4476 1946 4540 competen-
1974 4459 2026 4520 D
2049 4479 2170 4529 sent
2199 4480 2360 4543 atque
2391 4471 2653 4526 deberent
2681 4471 2852 4543 ipsius
2883 4470 3200 4542 metropolis
3230 4469 3580 4542 suﬁ‘raganei,
3601 4471 3654 4526 si

342 4573 452 4620 tem
482 4565 667 4638 legem
697 4571 750 4618 et
773 4562 1043 4632 justitiam
1073 4562 1129 4616 in
1153 4575 1508 4638 unoquoque
1546 4558 1740 4614 ordine
1806 4573 1944 4612 con-

343 4634 594 4718 servare,
630 4660 684 4709 et
713 4650 1086 4723 indigentibus
1114 4634 1166 4704 et
1203 4647 1596 4705 rationabiliter
1641 4645 1948 4718 petentibus

345 4741 730 4796 rationabilem
759 4738 1191 4796 misericordiam
1219 4738 1381 4793 debet
1401 4736 1738 4807 impendere.
1761 4735 1829 4790 Et
1848 4749 1950 4805 pro

345 4830 502 4886 nullo
529 4829 755 4886 homine
785 4829 852 4883 ad
883 4829 1006 4894 hoc,
1043 4834 1302 4898 quantum
1332 4825 1550 4881 dimittit
1577 4826 1813 4878 humana
1837 4821 1945 4877 fra-

346 4919 554 4990 gilitas,
585 4916 954 4989 perstudium
985 4924 1076 4971 aut
1104 4913 1546 4980 malivolentiam,
1594 4913 1677 4968 vel
1724 4911 1952 4980 alicujus
2003 4915 2008 4919 ’

345 5007 657 5063 indebitum
703 5007 1104 5062 hortamentum
1172 5002 1426 5069 deviabo,
1490 5009 1748 5074 quantum
1821 4999 1954 5055 mihi

345 5097 501 5152 Deus
529 5094 868 5152 intellectum
897 5102 952 5149 et
979 5091 1397 5165 possibilitatem
1435 5089 1740 5147 donaverit.
1792 5091 1860 5144 Et
1908 5089 1956 5143 si

345 5203 453 5257 per
481 5184 838 5258 fragilitatem
883 5190 1070 5238 contra
1115 5182 1218 5238 hoc
1260 5180 1391 5236 mihi
1433 5180 1748 5250 subreptum
1777 5177 1950 5243 fuerit,

291 5280 294 5282 ⁷
344 5289 479 5330 cum
535 5275 641 5330 hoc
688 5287 1086 5346 recognovero,
1134 5269 1434 5326 voluntarie
1476 5267 1606 5323 illud
1665 5266 1958 5322 emendare

347 5364 574 5420 curabo.
609 5363 728 5418 Nos
753 5369 933 5417 autem
964 5358 1157 5416 ﬁdeles
1185 5359 1372 5426 vestri,
1407 5356 1650 5429 episcopi
1682 5363 1736 5412 et
1775 5355 1959 5412 caeteri

347 5452 560 5508 laicalis
591 5451 805 5510 ordinis
836 5449 929 5522 qui
959 5447 1266 5515 adfuerunt,
1298 5448 1403 5504 hoc
1431 5446 1742 5518 capitulum,
1775 5454 1828 5502 et
1858 5460 1959 5502 vo—

349 5551 564 5608 biscum
596 5547 965 5619 condidimus,
998 5553 1052 5604 et
1072 5545 1122 5604 ei
1143 5543 1568 5617 subscripsimus
1587 5541 1962 5614 unusquisque

2047 4561 2181 4617 tanti
2207 4559 2418 4615 numeri
2443 4558 2638 4626 forent,
2673 4567 2734 4615 ut
2777 4575 2876 4631 per
2933 4575 2994 4616 se
3050 4558 3378 4632 regulariter
3423 4568 3652 4630 possent

2050 4650 2302 4706 ordinare
2332 4647 2666 4721 pontiﬁcem,
2702 4649 2793 4719 qui
2820 4664 2930 4704 non
2957 4649 3136 4704 minus
3177 4663 3342 4720 quam
3389 4662 3423 4702 a
3478 4647 3648 4703 tribus

2049 4737 2308 4810 praevalet
2335 4737 2657 4812 regulariter
2670 4737 2930 4793 ordinari.
2956 4737 3320 4810 Prosequitur
3333 4736 3530 4805 etiam,
3555 4737 3650 4794 de-

2053 4844 2316 4902 promens
2351 4828 2722 4884 auctoritates
2761 4830 3092 4884 sanctorum
3138 4827 3400 4893 Patrum,
3451 4827 3650 4900 quibus

2057 4919 2201 4989 fulti
2219 4917 2318 4973 hoc
2341 4921 2606 4988 egerant;
2624 4920 2680 4971 et
2702 4915 2972 4970 subinde:
3007 4915 3076 4970 Et
3113 4914 3242 4986 quia
3278 4922 3357 4971 tot
3375 4915 3432 4971 in
3451 4916 3647 4972 eadem

2054 5005 2338 5077 provincia
2367 5003 2698 5076 suﬂ‘raganei
2726 5018 2835 5058 non
2853 5011 3008 5059 erant
3023 5003 3285 5076 episcopi,
3305 5013 3364 5060 ut
3379 5013 3648 5077 metropo-

2055 5095 2282 5150 litanum
2337 5093 2660 5167 regulariter
2733 5091 2986 5148 ordinare
3058 5093 3323 5164 valerent,
3393 5095 3655 5166 quoniam

2055 5183 2320 5241 Ecclesiae
2350 5181 2672 5239 Rhemensis
2702 5189 2756 5237 et
2783 5181 3122 5238 Trevirensis
3168 5182 3659 5254 comprovinciales

2058 5280 2220 5346 atque
2251 5287 2493 5341 sorores,
2526 5279 2579 5326 et
2609 5287 2675 5326 ex
2701 5271 3019 5344 auctoritate
3057 5279 3112 5327 et
3141 5288 3207 5328 ex
3257 5271 3476 5343 antiqua
3518 5287 3658 5328 con-

2060 5360 2346 5418 suetudine
2373 5360 2660 5428 habentur,
2693 5375 2757 5417 ea
2787 5360 3116 5428 conditione,
3150 5367 3208 5415 ut
3251 5359 3343 5432 qui
3379 5360 3534 5433 prior
3575 5377 3664 5418 eo-

2059 5466 2180 5506 rum
2210 5447 2374 5505 fuerit
2401 5449 2690 5522 episcopus
2721 5449 3024 5516 ordinatus,
3043 5448 3196 5521 prior
3212 5448 3376 5509 etiam
3395 5449 3664 5509 habeatur

2059 5540 2118 5598 in
2147 5538 2381 5613 synodo,
2413 5545 2467 5598 et
2494 5537 2597 5596 sibi
2628 5547 2818 5600 mutuo
2848 5537 3078 5598 consilio
3106 5545 3160 5597 et
3191 5537 3391 5598 auxilio
3439 5539 3662 5600 fovean-
