4088 6180
471 227 576 286 263

1325 223 1665 280 HINCMARI
1701 219 2103 279 RHEMENSIS
2129 220 2680 279 ARCHIEPISCOPI.

3663 227 3771 285 264

479 359 587 420 tur,
619 358 781 422 atque
811 347 1121 415 fulciantur,
1153 347 1490 404 Trevirensis
1515 346 1810 419 provincia
1829 343 2072 418 episcOpi
2099 341 2156 404 A
2175 343 2244 400 de
2273 345 2581 414 hujusmodi
2610 347 2989 414 decreverunt,
3023 354 3076 404 et
3105 347 3174 403 de
3195 349 3336 405 coelo
3356 365 3524 421 super
3545 366 3671 406 eum
3691 350 3778 404 in-

479 457 510 494 a
539 439 774 512 primate
799 437 1096 508 provinciae
1126 437 1456 494 Rhemorum
1487 435 1741 491 solatium
1767 450 1884 490 sua
1930 432 2078 490 ordi-

481 527 713 585 nationis
729 525 1034 584 secundum
1072 541 1256 582 sacras
1287 525 1502 601 regulas
1533 524 1882 601 quasierunt,
1936 522 2078 578 sicut

481 618 655 675 sancti
685 616 1042 674 Sardicenses
1069 598 1524 671 canones'dicunt
1551 598 1698 686 (cap:
1750 612 1826 684 5),
1868 611 2076 668 scilicet

513 729 536 759 ι
571 715 629 763 ut
659 705 705 762 si
735 704 1024 777 contigerit
1052 703 1108 758 in
1133 719 1244 759 una
1271 701 1574 774 provincia,
1606 702 1661 757 in
1710 717 1814 773 qua
1857 699 2074 772 plurimi

479 797 700 853 fuerunt
728 791 970 866 episcopi
1003 835 1016 860 ,
1049 807 1216 848 unum
1246 790 1383 847 forte
1414 806 1695 846 remanere
1731 789 2069 862 episcopum,

478 893 532 942 et
551 883 738 956 populi
778 881 1153 948 convenerint,
1187 880 1480 952 episcopos
1523 877 1717 934 vicina
1778 876 2074 948 provincia

477 974 679 1030 debere
705 972 858 1028 illum
885 971 1034 1042 prius
1072 969 1366 1026 convenire
1424 968 1762 1039 episcopum,
1795 965 1890 1038 qui
1937 967 1993 1021 in
2011 981 2073 1021 ea

477 1062 758 1136 provincia
782 1067 1046 1125 moratur,
1079 1067 1133 1114 et
1160 1057 1451 1113 ostendere
1481 1055 1628 1128 quod
1655 1055 1842 1126 pepuli
1887 1061 2074 1126 petant

479 1153 582 1208 sibi
608 1159 898 1217 rectorem,
931 1157 984 1204 et
1012 1149 1117 1204 hoc
1142 1147 1347 1216 justum
1379 1161 1522 1215 esse,
1554 1152 1614 1200 ut
1639 1152 1692 1200 et
1721 1144 1826 1214 ipsi
1856 1143 2074 1199 veniant

478 1249 534 1298 et
561 1257 687 1298 cum
713 1240 834 1311 ipso
866 1237 1121 1294 ordinent
1146 1235 1484 1306 episcopum.
1519 1231 1678 1300 Quod
1709 1231 1754 1288 si
1774 1239 2074 1288 conventus

479 1329 677 1386 litteris
727 1327 952 1383 tacuerit
997 1334 1050 1381 et
1091 1322 1532 1391 dissimulaverit,
1582 1321 1823 1393 nihilque
1871 1320 2072 1378 rescri-

475 1419 666 1493 pserit,
714 1413 1154 1472 satisfaciendum
1203 1429 1326 1469 esse
1368 1410 1603 1483 populis,
1657 1418 1715 1465 ut
1765 1409 2072 1466 veniantex

476 1508 658 1564 vicina
680 1504 961 1577 provincia
990 1500 1256 1574 episcOpi,
1289 1508 1342 1556 et
1381 1499 1632 1554 ordinent
1680 1497 2014 1570 episcopum.
2045 1518 2067 1548 ι

475 1598 560 1652 Ex
603 1595 802 1668 quibus
841 1593 942 1648 rite
989 1591 1256 1664 colli-gitur
1297 1589 1440 1660 quia’
1459 1587 1505 1643 si
1553 1587 1838 1660 provincia
1876 1586 2070 1643 Trevi-

475 1685 654 1742 rensis
682 1699 793 1739 non
821 1681 926 1738 nisi
953 1695 1121 1736 unum
1147 1679 1235 1735 vel
1264 1678 1472 1734 nullum
1488 1677 1712 1733 haberet
1731 1675 2063 1748 episcOpum,

474 1773 718 1847 episcopi
744 1769 1068 1828 Rhemensis
1096 1767 1394 1841 provincia
1421 1765 1624 1838 petenti
1659 1765 1806 1821 clero
1855 1772 1906 1820 et
1961 1781 2066 1836 po-

472 1863 602 1936 pulo
630 1859 990 1918 Trevirensis.
1023 1855 1286 1914 Ecclesia
1305 1856 1566 1912 deberent
1581 1854 1832 1910 ordinare
1849 1853 2066 1924 episco-

472 1969 622 2024 pum.
672 1951 768 2006 Cui
808 1947 1069 2006 Ecclesia
1117 1961 1308 2002 omnes
1364 1961 1485 2012 nos,
1553 1959 1780 2016 quorum
1847 1942 2065 1999 nomina

473 2038 792 2112 prascripta
837 2036 894 2092 in
937 2035 1110 2107 capite
1147 2034 1309 2104 hujus
1382 2032 1626 2105 epistola
1683 2031 1814 2104 legit
1887 2030 2066 2104 gloria

471 2136 674 2197 vestra,
727 2125 968 2183 unanimi
1013 2132 1138 2180 voto
1179 2131 1340 2194 atque
1383 2137 1676 2188 consensu,
1724 2119 1949 2176 fratrem
2013 2127 2066 2175 et

471 2215 922 2274 consacerdotem
951 2221 1196 2269 nostrum
1253 2209 1568 2277 Bertulfum,
1601 2217 1658 2264 ut
1678 2207 2061 2280 pramisimus,

472 2305 792 2379 regulariter
819 2300 1132 2374 pontificem
1161 2299 1550 2368 ordinavimus,
1600 2297 1737 2353 sicut
1779 2313 1842 2353 ex
1890 2295 2064 2352 sacris

473 2393 681 2468 regulis
711 2399 765 2448 et
791 2389 1150 2448 ordinationis
1180 2388 1298 2458 ejus
1326 2387 1496 2460 gestis
1525 2385 1815 2442 ostendere
1861 2401 2063 2456 possu-

472 2499 616 2550 mus,
649 2481 778 2538 etsi
804 2495 1049 2536 mecesse
1079 2477 1259 2546 fuerit,
1293 2476 1663 2532 ostendemus.
1718 2474 2064 2546 QuaprOpter

474 2572 646 2644 ipsius
671 2569 1091 2633 ordinationem,
1125 2574 1180 2622 et
1208 2564 1618 2637 dispositionem
1649 2579 1834 2620 rerum
1881 2578 1945 2618 ac
1982 2562 2064 2618 fa-

473 2661 730 2718 cultatum
793 2656 1305 2722 ecclesiasticarum,
1367 2655 1502 2710 sicut
1563 2653 1702 2708 sacri
1777 2649 2065 2725 prafigunt

473 2765 734 2814 canones,
765 2747 842 2802 ita
870 2745 1231 2811 defendimus,
1283 2752 1336 2798 et
1375 2751 1638 2816 perpetuo
1683 2741 2060 2811 defendemus,

473 2839 615 2896 sicut
643 2846 696 2892 et
725 2835 975 2892 ordinem
1005 2841 1270 2899 nostrum,
1303 2832 1431 2904 quia
1458 2831 1505 2886 si
1535 2831 1652 2903 ipse
1679 2846 1788 2886 non
1815 2837 1900 2886 est
1947 2829 2062 2900 epi-

471 2942 692 2998 scopus,
722 2941 823 2982 nec
851 2939 952 2980 nos
973 2923 1238 2978 debemus
1285 2920 1554 2977 nominari
1595 2918 1858 2992 episcopi.
1904 2919 1972 2973 Et
2019 2917 2065 2972 si

470 3015 591 3089 quis
619 3014 718 3070 vol'
740 3013 844 3070 erit
874 3021 1062 3069 contra
1089 3010 1484 3067 ordinationem
1515 3010 1632 3080 ejus
1663 3006 1866 3064 sinistri
1897 3006 2060 3078 quip—

469 3105 615 3178 piam
643 3103 844 3172 dicere,
903 3109 1058 3157 exeat
1111 3108 1163 3155 et
1220 3099 1383 3166 dicat,
1442 3105 1818 3154 verumtamen
1855 3111 2065 3151 memor

467 3191 864 3251 communionis
895 3207 1038 3258 sua;
1073 3189 1200 3260 quia
1226 3197 1315 3246 aut
1344 3188 1462 3260 ipse
1492 3202 1601 3243 non
1642 3185 2063 3242 communicabit

465 3281 838 3340 ecclesiastico
869 3289 924 3336 et
951 3278 1251 3350 episcopali
1285 3277 1488 3344 ordini,
1521 3283 1614 3332 aut
1643 3291 1743 3331 nos
1773 3290 1882 3330 non
1911 3290 2061 3330 com-

467 3371 868 3428 municabimus
895 3366 1198 3424 ministerio
1247 3365 1558 3437 episcOpali.

521 3461 676 3518 Unde
696 3459 876 3516 verbis
925 3457 1068 3513 beati
1087 3455 1285 3512 Leonis
1327 3452 1693 3510 Theodosium
1754 3455 2060 3525 Augustum

467 3550 741 3622 quondam
769 3545 1092 3620 alloquentis
1125 3561 1137 3600 :
1189 3545 1316 3612 Vos,
1369 3541 1825 3598 Christianissime
1866 3549 1918 3596 et
1965 3557 2060 3598 ve-

466 3639 728 3695 nerabilis
759 3636 1023 3708 nobisque
1053 3633 1373 3691 charissima
1402 3648 1518 3701 rex,
1551 3648 1673 3687 cum
1703 3631 2062 3686 consacerdo-

463 3729 609 3783 tibus
673 3725 872 3782 nostris
946 3723 1312 3796 alloquimur;
1363 3720 1650 3790 implentes
1695 3717 2059 3776 reverentiam

463 3815 764 3873 clementia
791 3819 990 3868 vestra
1015 3811 1216 3866 sinceri
1259 3807 1458 3865 amoris
1502 3806 1696 3874 oﬂicio,
1753 3807 2057 3879 cupientes-

465 3921 572 3977 que
600 3919 700 3960 vos
727 3901 944 3974 placere
963 3916 1063 3971 per
1079 3899 1260 3954 omnia
1281 3899 1418 3968 Deo,
1443 3896 1528 3952 cui
1547 3912 1643 3968 pro
1665 3896 1824 3952 vobis
1849 3911 1883 3952 a
1897 3895 2058 3952 nobis

465 4000 522 4049 et
564 3992 634 4046 ab
682 3989 946 4047 Ecclesiis
1000 3987 1158 4043 nobis
1213 3985 1522 4044 commissis
1584 3984 1940 4057 supplicatur,
1988 4000 2057 4039 ne

465 4089 588 4136 ante
617 4078 857 4135 tribunal
883 4077 1100 4134 Domini
1119 4076 1198 4133 rei
1227 4077 1296 4132 de
1317 4074 1530 4131 silentio
1571 4074 1900 4144 judicemur,
1951 4073 2057 4129 ob-

467 4184 749 4226 secramus
777 4183 959 4224 coram
988 4165 1147 4222 unius
1163 4165 1379 4221 deitatis
1399 4163 1755 4236 inseparabili
1775 4162 2054 4232 Trinitate,

466 4275 588 4330 qua
614 4257 708 4314 tali
736 4256 879 4314 facto
905 4255 1136 4325 laditur,
1171 4270 1296 4312 cum
1325 4254 1446 4326 ipsa
1474 4251 1643 4310 vestri
1671 4251 1740 4306 sit
1769 4260 1956 4308 custos
2004 4258 2058 4306 et

462 4355 650 4404 auctor
676 4346 853 4420 regni,
887 4353 940 4402 et
967 4360 1151 4402 coram
1182 4343 1384 4400 sanctis
1411 4341 1625 4416 angelis
1655 4339 1876 4406 Christi,
1907 4347 1964 4395 ut
2001 4339 2058 4394 in

463 4454 529 4495 eo
560 4445 698 4494 statu
723 4444 776 4490 et
797 4435 1134 4492 immunitate
1162 4449 1258 4489 seu
1284 4431 1572 4504 privilegio
1603 4445 1727 4486 cum
1757 4444 1856 4484 suo
1887 4425 2127 4500 ponti-D

459 4525 563 4584 tice
591 4526 968 4584 Trevirensem
997 4522 1302 4581 Ecclesiam
1314 4537 1436 4578 esse
1451 4519 1708 4591 jubéatis,
1734 4527 1897 4591 atque
1925 4534 2056 4575 con-

463 4614 714 4683 servatis,
749 4631 858 4688 quo
876 4613 1044 4670 vestri
1063 4611 1444 4684 progenitores
1475 4615 1640 4682 atque
1675 4607 2054 4680 praedecesso-

465 4719 571 4774 res,
607 4704 705 4762 sed
727 4711 780 4760 et
806 4703 864 4758 in
895 4717 1003 4775 quo
1023 4701 1192 4758 frater
1219 4716 1284 4757 ac
1305 4715 1480 4772 nepos
1527 4705 1708 4756 vester
1748 4696 2055 4764 Lothanius,

461 4799 618 4864 pater
663 4791 871 4848 scilicet
907 4807 975 4848 ac
1013 4789 1174 4856 ﬁlius,
1223 4789 1481 4846 canonice
1545 4793 2052 4844 conservaverunt:

463 4887 728 4953 quatenus
757 4888 810 4936 et
838 4897 936 4937 vos
966 4879 1216 4936 meritum
1242 4878 1369 4934 inde
1398 4876 1544 4950 apud
1574 4877 1770 4942 Deum,
1821 4883 1876 4930 et
1921 4874 2055 4930 bea-

465 4976 580 5024 tum
608 4970 977 5040 apostolorum
1003 4969 1304 5042 principem
1333 4969 1567 5034 Petrum,
1598 4965 1656 5022 in
1675 4964 1831 5034 cujus
1845 4963 2055 5020 honore

465 5056 696 5122 ecclesia
723 5059 841 5130 ipsa
871 5067 954 5114 est
995 5068 1330 5128 consecrata,
1379 5053 1643 5124 habeatis,
1694 5061 1748 5110 et
1795 5068 1897 5108 nos
1933 5068 2055 5107 am-

461 5155 606 5228 plius
635 5150 906 5208 debitores
933 5149 992 5204 in
1019 5149 1349 5204 orationibus
1378 5154 1432 5200 et
1460 5143 1673 5202 caeteris
1719 5141 1915 5198 debitis
1956 5142 2056 5197 ob-

460 5243 666 5317 sequiis
695 5237 1026 5312 acquiratis;
1068 5237 1193 5310 quia
1233 5235 1340 5292 nisi
1383 5250 1480 5306 pro
1531 5240 1708 5290 vestra
1749 5230 2058 5286 reverentia

460 5335 566 5390 hoc
593 5329 952 5398 diﬁ'erremus,
979 5328 1093 5397 jam
1122 5327 1178 5382 in
1205 5339 1556 5396 pervasorem
1585 5321 1756 5394 ipsius
1795 5318 2057 5378 Ecclesia

453 5420 716 5494 judicium
742 5420 799 5474 in
827 5418 986 5475 terris
1015 5423 1260 5472 exertum
1277 5413 1625 5478 haberemus,
1646 5409 1794 5483 quod
1815 5407 2056 5465 sexcenti

461 5517 514 5569 et
543 5507 762 5582 triginta
789 5507 1033 5582 episcopi
1060 5504 1119 5562 in
1145 5517 1345 5575 magna
1373 5497 1802 5560 Chalcedonensi
1843 5496 2054 5570 synodo

2175 441 2400 502 tentant,
2433 443 2486 490 et
2505 435 2560 490 in
2574 435 2780 505 judicio
2801 435 2986 492 divino
3007 436 3078 492 ad
3089 445 3353 493 aeternam
3369 439 3775 495 damnationem

2175 532 2415 590 exerent,
2449 523 2555 578 nisi
2585 524 2806 596 dignam
2835 525 3207 596 paenitentiam
3237 528 3432 601 egerit.
3465 531 3535 584 Et
3565 534 3778 586 cetera

2173 613 2240 668 de
2259 615 2694 670 auctoritatibus
2714 631 3006 671 sacrorum
3025 633 3330 672 canonum.
3354 619 3488 674 Post
3511 635 3632 690 qua:
3651 617 3779 674 sub-

2165 701 2436 773 jungitur
2469 719 2482 756 :
2507 703 2662 760 Unde
2691 711 2880 760 vestra
2908 703 3172 776 religiosa
3199 712 3252 759 et
3272 705 3432 760 nobis
3451 705 3780 762 charissima

2172 789 2468 846 dominatio
2498 791 2799 847 certissime
2829 791 2986 859 sciat,
3019 792 3113 864 qui
3169 793 3405 864 quandiu
3447 795 3551 851 iste
3599 793 3778 850 frater

2172 886 2360 934 noster
2385 879 2660 936 Bertulfus
2685 897 2719 936 a
2747 881 2907 936 nobis
2934 881 2991 936 in
3018 882 3330 938 Trevirensi
3351 883 3595 940 Eeclesia
3613 884 3775 940 ordi-

2171 975 2328 1022 natus
2355 968 2646 1040 episcOpus
2675 969 2730 1024 in
2755 971 2858 1026 hoc
2881 969 3096 1024 mortali
3125 985 3360 1042 corpore
3387 971 3599 1040 vixerit,
3634 973 3804 1028 alter‘

2169 1055 2228 1110 in
2255 1056 2444 1112 eadem
2491 1058 2742 1114 Ecclesia
2783 1057 3064 1114 ordinatus
3115 1059 3406 1131 episcopus
3447 1077 3557 1117 non
3620 1061 3724 1116 erit
3759 1077 3773 1116 :

2170 1143 2280 1200 nisi
2300 1144 2438 1200 forte
2465 1145 2603 1217 ipse,
2655 1147 2800 1219 quod
2843 1146 3002 1216 absit,
3049 1147 3221 1204 sacris
3267 1148 3470 1222 regulis
3517 1149 3770 1219 obvians,

2169 1249 2272 1304 per
2317 1234 2542 1290 easdem
2585 1250 2771 1290 sacras
2819 1234 3040 1308 regulas
3091 1236 3443 1306 deponatur:
3491 1245 3544 1292 et
3585 1237 3770 1294 isdem

2169 1331 2529 1394 prasumptor
2556 1331 2610 1378 et
2637 1331 2885 1395 apostata
2910 1325 3210 1380 monachus
3246 1325 3428 1382 Walto
3456 1325 3526 1381 de
3571 1342 3775 1382 mona-

2171 1409 2335 1466 sterio
2365 1411 2706 1467 Trevirensis
2731 1412 3023 1484 parochia,
3075 1430 3377 1485 nunquam,
3404 1415 3520 1484 jam
3557 1415 3772 1484 judicio

2171 1499 2402 1571 Spiritus
2445 1501 2620 1556 sancti
2661 1517 2826 1572 super
2874 1518 2997 1556 eum
3051 1501 3288 1573 prolato,
3336 1503 3393 1558 in
3459 1503 3774 1559 Trevirensi

2169 1588 2436 1656 Ecclesia,
2471 1607 2629 1662 quam
2659 1589 3004 1646 exitiabiliter
3031 1591 3312 1662 usurpavit
3357 1598 3411 1646 et
3457 1591 3613 1663 lasit,
3661 1609 3774 1664 po-

2095 1677 2294 1764 Bterit
2323 1693 2445 1732 esse
2475 1677 2784 1749 episcopus.
2815 1679 2886 1734 Et
2913 1677 2978 1745 si,
3029 1687 3086 1733 ut
3129 1679 3384 1746 diximus,
3431 1697 3530 1751 pro
3577 1688 3776 1737 vestra.

2170 1767 2474 1822 reverentia
2503 1767 2610 1823 hoc
2635 1782 2746 1822 non
2775 1767 3134 1835 diﬂerremus,
3167 1783 3275 1824 non
3309 1768 3486 1824 solum
3513 1785 3614 1840 per
3667 1787 3770 1825 sa-

2167 1870 2293 1910 eros
2322 1871 2564 1912 canones
2612 1856 3054 1923 decerneremus,
3105 1864 3164 1912 ut
3208 1873 3487 1928 nunquam
3534 1865 3587 1912 et
3635 1875 3776 1913 nus-

2168 1959 2332 2015 quam
2363 1945 2434 1999 ad
2463 1945 2667 2017 gradus
2687 1944 3082 2001 ecclesiasticos
3107 1953 3461 2016 prasumeret
3479 1946 3772 2016 accedere,

2166 2049 2359 2088 verum
2405 2033 2506 2089 sub
2553 2034 2896 2089 anathemate
2939 2049 3063 2090 eum
3104 2043 3388 2106 ponentes,
3440 2036 3648 2091 retrudi
3709 2035 3788 2110 in.

2167 2121 2440 2195 ergastulo
2470 2123 2768 2178 secundum
2801 2138 2990 2178 sacras
3025 2124 3243 2194 regulas
3291 2124 3719 2180 decerneremus
3747 2144 3765 2180 :

2165 2218 2219 2265 et
2248 2210 2293 2264 si
2324 2211 2379 2265 in
2407 2211 2798 2267 contummacia
2828 2228 2924 2266 sua
2951 2213 3264 2282 perstiterit,
3298 2213 3416 2269 sine
3446 2213 3554 2268 ulla
3584 2221 3771 2270 retra-

2164 2299 2398 2354 ctatione
2407 2299 2584 2356 modis
2605 2300 2859 2356 omnibus
2875 2299 3228 2357 decememus
3241 2303 3306 2358 .A
3316 2300 3777 2373 prafactisautem

2164 2386 2611 2444 intentationibus
2656 2405 2938 2445 sacrorum
2982 2405 3251 2446 canonum
3298 2406 3397 2446 vos
3465 2391 3770 2447 immunem

2163 2485 2324 2549 atque
2354 2486 2597 2533 exortem
2626 2493 2660 2533 a
2689 2478 2939 2544 Domino,
2971 2495 3068 2549 per
3093 2495 3258 2550 quem
3286 2495 3450 2553 reges
3503 2488 3764 2553 regnant,

2164 2575 2217 2622 et
2246 2583 2312 2622 ex
2342 2583 2450 2638 quo
2477 2573 2532 2622 et
2561 2582 2660 2638 per
2683 2580 2851 2639 quem
2868 2567 3152 2622 exordium
3182 2583 3341 2624 sacer
3356 2568 3521 2640 capit
3539 2569 3766 2640 episco-

2162 2663 2340 2726 patus,
2375 2654 2493 2710 fieri
2525 2654 2651 2710 totis
2679 2655 2888 2710 nisibus
2916 2671 3224 2725 exoramus,
3249 2655 3392 2712 illius
3414 2656 3770 2713 clementiam

2162 2744 2517 2816 deprecantes
2545 2753 2603 2800 ut
2633 2745 2725 2800 det
2753 2744 2910 2801 vobis
2939 2744 3078 2801 velle
3109 2753 3164 2800 et
3191 2743 3454 2816 perficere
3483 2763 3584 2817 pro
3614 2745 3765 2802 bona

2161 2833 2435 2892 voluntate
2463 2849 2584 2904 qua
2614 2833 2893 2906 pracepit,
2946 2841 3210 2906 quatenus
3255 2835 3576 2890 mereamini
3621 2852 3766 2903 per-

2163 2921 2346 2994 cipere
2374 2930 2576 2980 aterna
2606 2922 2822 2994 gaudia,
2866 2940 2987 2995 qua
3035 2939 3094 2980 se
3139 2922 3495 2997 diligentibus
3545 2939 3760 2996 repro—

2160 3011 2340 3067 mittit.

2687 3099 3029 3158 EPISTOLA
3065 3100 3230 3156 XLII.

2754 3189 3158 3263 Fragmentum.

2303 3293 2562 3334 WILIGISO
2593 3293 2662 3333 ET
2692 3293 2934 3334 CE’I'EBIS
2963 3293 3244 3334 MONACIIIS
3275 3292 3322 3334 S.
3348 3293 3611 3334 DIONYSII.

2270 3385 2422 3452 Quod
2447 3387 2698 3458 pretium
2714 3402 2818 3458 pro
2846 3385 3066 3442 decima
3095 3388 3274 3458 quaeri
3302 3402 3419 3442 non
3435 3386 3647 3443 debeat.

2347 3491 2502 3546 (Apud
2523 3491 2771 3548 eumdem,
2795 3501 2852 3538 ex
2871 3491 3154 3545 Flodoardi,
3175 3491 3261 3537 lib.
3285 3501 3358 3548 ιιι,
3379 3501 3490 3546 cap.
3513 3492 3598 3544 25.)

2227 3581 2402 3647 Absit,
2435 3579 2649 3651 fratres,
2679 3588 2739 3636 ut
2767 3581 2857 3636 alii
2885 3581 3245 3638 ecclesiastici
3271 3589 3326 3636 et
3355 3580 3599 3653 religiosi
3655 3580 3767 3635 viri

2158 3670 2262 3726 hoc
2289 3669 2529 3736 audiant,
2562 3669 2684 3741 quia
2715 3670 2969 3726 monachi
2998 3671 3067 3725 de
3084 3669 3420 3725 monasterio
3440 3668 3612 3726 sancti
3631 3669 3767 3724 Dio-

2155 3758 2297 3831 nysii
2325 3757 2596 3814 decimam
2623 3759 2864 3816 vendere
2894 3767 3161 3830 quarunt,
3194 3767 3250 3814 ut
3299 3759 3368 3813 de
3407 3758 3531 3829 ipso
3581 3757 3765 3828 pretio

2155 3847 2425 3902 infernum
2469 3855 2806 3917 comparent.
2853 3846 3020 3902 Multo
3059 3847 3234 3920 magis
3275 3853 3456 3902 autem
3498 3845 3638 3901 absit
3700 3853 3767 3901 ut

2156 3937 2262 3994 hoc
2288 3935 2416 3992 laici
2441 3936 2676 4001 audiant,
2713 3937 2858 4008 quod
2889 3952 3050 3992 nemo
3079 3937 3242 3992 etiam
3255 3935 3496 4007 peccatis
3516 3934 3759 4006 publicis

2155 4023 2465 4096 implicatus
2491 4025 2546 4080 in
2572 4041 2694 4079 mea
2723 4025 2985 4096 parochia
3030 4024 3208 4080 facere
3253 4025 3434 4080 audet.
3493 4023 3549 4079 Si
3607 4024 3762 4079 enim

2155 4113 2348 4185 aliquis
2377 4114 2447 4170 de
2475 4113 2584 4170 alio
2613 4115 2942 4170 monasterio
2973 4129 3138 4186 quam
3168 4113 3237 4169 de
3267 4120 3458 4170 nostro
3486 4112 3588 4168 hoc
3633 4120 3761 4168 ten-

2155 4209 2292 4270 tare,
2323 4210 2522 4275 quanto
2550 4203 2728 4274 magis
2749 4201 2930 4258 facere
2949 4209 3324 4274 prasumeret,
3349 4202 3418 4257 ab
3433 4201 3585 4258 omni
3601 4216 3762 4257 com-

2152 4291 2410 4348 munione
2447 4292 2599 4348 illum
2629 4293 2698 4348 de
2725 4292 2984 4364 parochia
3029 4307 3152 4348 mea
3197 4291 3758 4357 excommunicarem,

2157 4385 2214 4437 et
2243 4386 2465 4439 ecetera.

2667 4470 3008 4528 EPISTOLA
3045 4471 3235 4526 XLIII.

2747 4560 3154 4634 Fragmentum.
3208 4602 3212 4608 .

2583 4663 2656 4704 AD
2683 4663 3017 4705 TEUDULFUM
3048 4663 3314 4704 COHITEM.

2298 4756 2608 4813 Ecclesiam
2633 4755 2816 4828 pretio
2846 4755 3084 4812 vendere
3114 4773 3228 4813 non
3271 4758 3606 4828 praesumat.

2343 4871 2506 4927 (Apud
2527 4869 2776 4926 eumdem,
2798 4880 2863 4917 ex
2883 4869 3168 4926 Flodoardi,
3183 4868 3271 4916 lib.
3294 4880 3368 4925 ιιι,
3399 4869 3613 4926 cap,26.)

2225 4962 2522 5032 Propterea
2549 4960 2693 5017 scias
2719 4960 2847 5033 quia
2898 4961 2946 5017 si
2989 4961 3079 5019 vel
3123 4977 3290 5017 unum
3336 4959 3628 5014 denarium
3651 4957 3761 5014 tibi.

2157 5050 2354 5124 aliquis
2385 5049 2616 5106 clericus
2643 5065 2745 5122 pro
2756 5049 2878 5122 ipsa
2905 5050 3158 5114 ecclesia,
3189 5049 3279 5104 vel
3309 5065 3409 5120 pro
3438 5047 3541 5104 alia
3565 5047 3761 5119 aliqua.

2155 5139 2210 5196 in
2241 5155 2362 5196 mea
2387 5137 2772 5211 parochia,per
2798 5157 2858 5194 se
2887 5147 2977 5195 aut
3005 5155 3106 5210 per
3134 5137 3438 5193 immissam
3456 5152 3762 5208 personam

2156 5228 2387 5298 dederit,
2417 5245 2516 5300 per
2541 5245 2629 5284 me
2661 5229 2942 5285 ordinatus
2969 5227 3026 5282 in
3055 5245 3117 5283 ea
3145 5243 3256 5283 non
3295 5225 3416 5282 erit.
3469 5225 3526 5282 Si
3565 5233 3764 5282 autem

2154 5317 2238 5374 vis
2264 5318 2342 5374 ibi
2369 5318 2570 5374 habere
2598 5317 2996 5390 presbyterum,
3029 5316 3206 5373 adhuc
3247 5315 3382 5371 mihi
3427 5314 3592 5372 talem
3635 5314 3765 5372 cle—

2155 5407 2330 5465 ricum
2359 5407 2453 5480 qui
2478 5415 2635 5478 aptus
2665 5407 2734 5462 sit
2763 5422 2919 5463 sacro
2946 5405 3271 5472 ministerio,
3324 5412 3378 5459 et
3434 5421 3540 5477 ego
3597 5404 3762 5460 illum

2155 5496 2442 5571 inquiram,
2476 5503 2530 5554 et
2558 5495 2638 5552 illi
2666 5495 2953 5552 ecclesiam
2981 5493 3146 5564 dabo,
3181 5501 3234 5550 et
3261 5499 3392 5549 tunc
3419 5492 3579 5550 illum
3607 5492 3762 5548 ordi-
