4004 6176
159 285 254 339 265

1521 279 1894 338 EPISTOLE.

3321 292 3427 344 266

160 405 286 461 nabo
309 447 322 470 ,
363 403 407 458 si
452 401 582 458 mihi
631 401 1053 459 satisfactionem
1098 401 1285 460 fecerit
1329 404 1475 476 quod
1530 405 1736 460 nullum
1765 404 1994 465 Ameus
2053 406 2352 473 Lotharius,
2396 415 2576 478 potest
2617 408 2878 465 veraciter
2923 425 3259 483 cognoscere
3303 411 3433 482 quia

162 493 374 564 pretium
431 491 558 547 inde
611 491 912 547 donaverit.
972 492 1040 546 Et
1096 491 1142 546 si
1187 499 1242 547 tu
1289 492 1362 547 ita
1409 491 1586 549 facere
1635 508 1742 548 non

163 579 402 646 volueris,
436 595 572 652 ergo
599 579 870 635 ordinado
898 579 1131 651 qualiter
1147 580 1384 652 populus
1405 580 1478 635 ibi
1507 579 1744 636 oﬂicium

165 669 362 733 habeat,
395 683 570 740 usque
599 668 732 722 dum
760 668 834 723 ibi
865 669 1110 724 ordinem
1141 669 1534 740 presbyterum.
1570 669 1666 725 Cui
1698 669 1743 723 si

165 757 362 829 aliquod
409 757 856 828 impedimentum
907 765 1095 812 contra
1143 757 1352 812 divinas
1400 767 1452 812 et
1481 759 1745 812 humanas

164 843 301 916 leges
343 843 563 911 feceris,
611 852 662 900 et
705 843 1052 901 manifestum
1107 845 1284 914 fuerit,
1335 846 1620 917 presbyter
1671 845 1746 900 ibi

165 932 505 1004 permanebit,
540 941 594 986 et
623 940 679 988 tu
706 941 759 988 et
786 949 976 989 omnes
1007 934 1096 1005 qui
1127 933 1222 988 tibi
1253 935 1650 998 consenserint,
1675 934 1746 989 ah

167 1021 295 1076 omni
341 1019 749 1077 Christianitate
794 1037 968 1093 usque
1022 1022 1094 1077 ad
1141 1021 1560 1079 satisfactionem
1597 1021 1748 1078 eritis

169 1108 401 1180 separati.
434 1109 585 1175 Hec,
619 1109 783 1165 chare
826 1108 920 1178 ﬁli,
972 1109 1096 1166 ideo
1124 1111 1322 1166 mando
1365 1111 1480 1176 tibi,
1515 1118 1567 1166 et
1595 1110 1751 1166 aliter

170 1211 496 1262 commoneo,
529 1197 654 1268 quia
698 1197 906 1254 salvum
955 1205 1008 1254 et
1055 1199 1374 1254 honoratum
1403 1208 1456 1255 te
1483 1199 1662 1270 cupio,
1696 1207 1751 1254 et

171 1285 294 1340 inter
319 1283 462 1340 filios
492 1285 756 1342 Ecclesiae
803 1294 855 1342 te
902 1286 957 1341 in
1003 1286 1126 1342 loco
1155 1285 1250 1342 ﬁlii
1279 1287 1478 1344 habere
1520 1287 1663 1355 volo,
1697 1295 1750 1342 et

171 1373 211 1428 si
233 1389 314 1428 me
339 1373 617 1444 coegeris,
650 1382 706 1429 ut
736 1373 872 1430 sicut
891 1375 1154 1430 Dominus
1182 1375 1311 1432 dicit
1341 1375 1394 1430 in
1425 1374 1746 1448 Evangelio,

172 1461 238 1515 sis
263 1461 402 1516 velut
431 1461 684 1518 ethnicus
726 1469 779 1518 et
821 1462 1162 1533 publicanus,
1213 1479 1323 1518 non
1366 1463 1498 1519 mihi
1527 1463 1624 1518 sed
1655 1462 1752 1517 tibi

174 1557 407 1620 reputare
457 1549 707 1606 debebis.
752 1551 1049 1623 Postquam
1095 1552 1226 1606 istas
1271 1552 1474 1608 litteras
1529 1551 1748 1617 dictavi,

173 1637 350 1691 dictum
377 1645 466 1692 est
511 1638 646 1694 mihi
675 1639 819 1710 quod
847 1639 1245 1694 matricularios
1294 1655 1326 1694 a
1355 1639 1600 1694 ministro
1629 1653 1752 1694 meo

1840 509 1949 548 non
1975 502 2179 550 tantum
2209 495 2305 561 illi,
2338 497 2436 552 sed
2465 497 2598 552 nulli
2629 498 2832 553 homini
2879 497 2934 554 in
2964 499 3166 555 mundo
3195 514 3313 554 sum
3343 499 3431 553 in-

1842 579 2049 648 ﬁdelis;
2083 591 2133 638 et
2163 582 2209 638 si
2256 583 2368 638 vult
2415 585 2663 654 credere,
2697 587 2882 641 credat
2916 603 2929 640 :
2963 586 3046 641 sin
3077 594 3276 654 autem,
3311 600 3435 642 cum

1841 669 1930 724 ille
1976 670 2115 726 inter
2153 671 2446 744 principes,
2499 681 2552 728 et
2607 689 2713 746 ego
2762 673 2902 731 inter
2951 674 3258 746 episcopos,
3313 682 3434 728 ante

1842 757 2052 831 Regem
2089 776 2283 832 regum
2321 769 2373 815 et
2409 761 2743 834 Episc0pum
2790 762 3170 834 episcoporum
3214 762 3436 818 veneri-

1843 863 1986 913 mus,
2026 855 2151 904 tunc
2190 848 2316 919 quid
2354 849 2480 904 inde
2511 866 2701 906 verum
2731 850 2816 917 sit,
2850 851 3164 922 plenissime
3196 851 3313 908 sine
3343 845 3438 906 ali-

1845 935 1998 1004 cujus
2022 935 2349 1004 judicatione
2378 946 2664 1008 cognocet,
2697 943 2804 996 etc.

2367 1060 2706 1118 EPISTOLA
2762 1063 2924 1118 XLV.

2443 1158 2845 1230 Fragmentum.

1849 1267 2089 1308 ιιοτιιυῡι
2119 1268 2188 1308 ET
2218 1267 2460 1308 CETERIS
2481 1269 2784 1311 SORORIBUS
2805 1267 3140 1310 ΜοΝΑει-Ειιιι
3169 1269 3217 1310 S.
3252 1269 3441 1311 CBUCIS

2364 1339 2434 1379 ET
2472 1340 2521 1379 S.
2555 1339 2925 1381 MDEGUNDIS.

1982 1423 2089 1477 Pro
2119 1422 2394 1478 electione
2421 1421 2711 1478 abbatissa:
2737 1423 2916 1493 ipsius
2945 1425 3299 1479 monasterii.

1975 1533 2132 1588 (Apud
2167 1533 2417 1590 eumdem,
2461 1545 2521 1582 ex
2562 1534 2828 1582 Flodoardi
2860 1534 2948 1582 lib.
2984 1545 3058 1590 ιιι,
3089 1545 3198 1591 cap.
3227 1535 3314 1589 97).

1925 1641 2214 1712 Propterea
2270 1641 2476 1714 diligite
2542 1657 2760 1698 sorores
2811 1650 2935 1697 ante
2991 1641 3171 1698 omnia
3205 1685 3218 1709 ,
3285 1648 3338 1696 et
3394 1641 3450 1697 in

174 1724 476 1782 constitutos
499 1725 571 1781 de
597 1725 694 1782 illa
712 1727 1000 1784 matricula
1021 1727 1246 1798 ejecisti,
1276 1735 1328 1784 et
1356 1727 1431 1782 ibi
1460 1727 1747 1783 Bonarium
1776 1755 1831 1818 Β
1852 1728 2080 1800 privatis
2128 1729 2600 1798 collocutionibus,
2651 1739 2706 1787 et
2750 1731 2805 1784 in
2851 1730 3070 1802 publico
3117 1736 3300 1787 vestro
3329 1745 3456 1786 com

177 1813 364 1878 misisti,
397 1821 456 1871 et
483 1829 588 1885 pro
615 1814 708 1870 illa
734 1815 1021 1872 matricula
1051 1816 1104 1871 in
1134 1816 1310 1887 pretio
1337 1832 1504 1871 unum
1535 1815 1748 1871 asinum

177 1901 431 1972 accepisti.
479 1901 638 1970 Quod
683 1903 730 1958 si
760 1903 838 1958 ita
883 1912 987 1972 est,
1027 1919 1137 1959 non
1185 1904 1358 1961 solum
1405 1903 1760 1960 criminaliter

177 1987 349 2056 fecisti,
380 1989 513 2061 quia
542 1997 735 2048 contra
761 2007 952 2048 omnes
999 1992 1152 2064 leges
1191 1993 1622 2049 ecclesiasticum
1650 1991 1758 2048 mi-

180 2077 436 2133 nisterium
465 2077 634 2134 homo
682 2079 851 2136 laicus
893 2081 1188 2152 usurpasti,
1239 2089 1291 2136 et
1333 2081 1756 2152 eleemosynam,

180 2165 226 2220 id
252 2175 326 2221 est
353 2165 795 2223 misericordiam
841 2183 1163 2240 pauperum,
1212 2183 1278 2224 ac
1305 2185 1404 2240 per
1431 2170 1535 2226 hoc
1564 2170 1759 2235 Deum,

183 2252 259 2323 qui
278 2253 659 2310 misericordia
677 2256 1003 2312 miserorum
1024 2264 1124 2322 est,
1147 2257 1285 2313 sicut
1303 2259 1330 2311 ,Ι
1337 2257 1472 2312 udas
1492 2257 1760 2328 proditor,

180 2341 491 2409 vendidisti;
545 2344 645 2399 sed
691 2345 854 2400 etiam
901 2344 1125 2416 turpiter
1152 2345 1209 2399 in
1246 2346 1350 2402 hoc
1378 2345 1539 2400 nimis
1565 2344 1760 2414 fecisti,

185 2439 233 2484 ut
255 2431 318 2486 de
343 2431 721 2499 mendicitate,
751 2433 838 2488 ‘de
882 2449 986 2505 qua
1031 2433 1268 2488 mendici
1314 2433 1496 2489 vivere
1523 2433 1761 2501 debent,

185 2535 344 2575 comes
371 2531 427 2575 et
458 2521 764 2576 honoratus
790 2521 910 2592 regi
929 2520 1264 2576 consiliarius
1285 2520 1338 2576 in
1358 2521 1534 2592 pretio
1553 2522 1767 2576 asinum

186 2613 435 2684 accepisti,
472 2619 528 2666 et
547 2625 740 2666 omnes
765 2608 854 2680 qui
875 2611 991 2665 haec
1011 2609 1255 2676 audiunt,
1283 2625 1518 2680 pensare
1539 2618 1769 2681 possunt

188 2703 394 2772 qualiter
431 2702 507 2756 de
545 2699 666 2754 aliis
695 2697 872 2753 causis
901 2713 1001 2769 pro
1029 2713 1218 2754 amore
1249 2705 1302 2753 et
1330 2699 1520 2754 timore
1561 2698 1680 2764 Dei,
1716 2707 1769 2754 et

189 2790 469 2846 reverentia
509 2787 588 2843 tui
625 2785 928 2854 ministerii,
975 2785 1118 2856 juste
1174 2794 1228 2842 et
1279 2794 1427 2842 recte
1476 2786 1628 2851 facis,
1676 2785 1771 2857 qui

188 2876 244 2933 de
278 2879 365 2934 tali
397 2877 631 2934 miseria
699 2874 817 2930 sine
855 2873 962 2930 ulla
1000 2874 1332 2931 verecundia
1370 2881 1526 2946 turpe
1557 2873 1770 2930 lucrum

191 2967 396 3038 requiris
407 3009 422 3021 .

687 3058 1028 3115 EPISTOLA
1066 3059 1254 3115 XLIV.

775 3156 1182 3229 Fragmentum.

233 3271 298 3311 AD
331 3268 729 3312 MINGARDEI
766 3268 1058 3308 AUGUSTAM
1096 3266 1385 3309 CONJUGEI
1431 3267 1691 3308 ιοτιιΑιιιι

782 3339 1172 3379 IIPBRATORIS.

195 3424 260 3478 De
285 3439 340 3482 eo
368 3423 515 3497 quod
543 3421 697 3496 apud
720 3422 1050 3497 Lotharjium
1080 3423 1228 3497 [also
1259 3426 1559 3478 accusatus
1586 3424 1782 3492 fuerat

782 3492 1170 3560 inﬁdelitatis.

348 3589 510 3646 (Apud
530 3587 782 3640 eumdem,
803 3596 864 3632 ex
885 3585 1146 3633 Flodoardi
1179 3586 1264 3634 lib.
1291 3597 1364 3641 ιιι,
1387 3595 1493 3643 cap.
1511 3587 1602 3640 97.)

252 3669 364 3743 Ego
393 3669 511 3726 scio
542 3667 672 3740 quia
717 3666 767 3722 ei
795 3665 963 3721 multa
1003 3667 1071 3721 de
1104 3682 1192 3722 me
1222 3666 1368 3723 dicta
1398 3666 1617 3722 fuerunt
1645 3681 1780 3721 con-

197 3757 360 3824 traria,
393 3757 496 3814 sed
517 3757 566 3812 si
597 3756 711 3812 vult
739 3755 935 3827 poterit
964 3770 1301 3828 cognoscere
1331 3771 1440 3811 non
1471 3771 1593 3810 esse
1623 3769 1779 3822 vera;

199 3852 358 3902 tamen
385 3862 502 3901 non
531 3860 659 3900 eum
702 3844 876 3899 audeo
917 3844 1346 3914 reprehendere,
1381 3843 1505 3914 quia
1531 3843 1783 3898 dominus

199 3942 286 3998 est,
315 3951 413 3992 nec
442 3935 505 3988 in
535 3933 655 4002 ejus
685 3947 920 4003 persona
969 3932 1112 3997 dico,
1145 3933 1284 3987 sicut
1308 3932 1511 4004 legitur
1544 3931 1600 3986 in
1633 3931 1784 3987 Scri-

201 4023 381 4092 pturis:
412 4024 522 4093 Qui
539 4023 784 4078 libenter
803 4021 968 4076 audit
987 4021 1151 4076 verba
1171 4021 1472 4085 mendacii,
1490 4022 1785 4076 ministros

203 4127 391 4184 quoque
437 4111 666 4167 habebit
709 4110 911 4182 impios
956 4108 1142 4180 (Prov.
1174 4123 1339 4175 xxxx,
1377 4109 1500 4177 12);
1532 4107 1786 4164 videlicet

202 4198 281 4268 qui
308 4200 373 4255 de
417 4215 560 4271 erga
608 4213 734 4253 eum
777 4197 882 4268 piis
927 4195 1226 4252 voluntarie
1269 4197 1556 4268 loquentur
1596 4195 1780 4268 impia.

204 4284 293 4354 Qui
318 4287 392 4342 illi
421 4304 494 4342 ea
521 4286 658 4342 dixit
677 4301 744 4340 ex
792 4300 916 4340 mea
965 4291 1120 4355 parte
1148 4301 1271 4357 qua:
1298 4285 1430 4339 mihi
1466 4285 1782 4351 mandastis,

204 4373 342 4431 aliter
369 4392 537 4448 quam
569 4389 762 4430 verum
793 4374 863 4428 sit
890 4373 1042 4438 dixit,
1075 4373 1215 4428 male
1243 4381 1421 4428 autem
1453 4374 1783 4445 interpreta-

1859 1824 2058 1882 ventu,
2117 1817 2372 1872 remititte
2449 1825 2502 1874 et
2553 1818 2770 1888 abjicite
2821 1817 3061 1874 funditus
3115 1835 3146 1874 a
3199 1817 3454 1874 cordibus

1857 1904 2056 1962 vestris
2103 1920 2294 1960 omnes
2347 1905 2592 1974 injurias,
2651 1913 2704 1962 et
2763 1905 3144 1963 scandalorum
3191 1906 3406 1962 fomites
3439 1947 3454 1978 ,

1859 2010 1981 2065 quae
2024 1994 2286 2049 hactenus
2331 1993 2473 2049 inter
2519 2009 2618 2049 vos
2665 2003 2798 2050 orta
2843 1993 3082 2064 fuerunt,
3111 1996 3184 2066 :ut
3211 1994 3358 2051 nulla
3387 1993 3455 2048 de

1859 2097 2056 2137 sonore
2086 2098 2180 2136 sua
2210 2081 2522 2147 vindictam,
2571 2090 2663 2137 aut
2693 2098 2796 2155 pro
2827 2098 3100 2148 sermone,
3133 2091 3224 2136 aut
3251 2097 3349 2154 pro
3379 2081 3458 2136 fa-

1860 2177 1964 2234 cto,
1997 2169 2084 2224 vel
2111 2185 2210 2242 pro
2257 2169 2438 2242 aliquo
2480 2169 2740 2242 despectu
2770 2178 2994 2242 quaerat,
3028 2177 3119 2226 aut
3145 2186 3176 2224 a
3199 2171 3336 2240 Deo,
3367 2176 3460 2224 aut

1861 2257 1917 2312 in
1958 2257 2178 2314 saeculo.
2227 2256 2366 2326 Quia
2410 2257 2548 2314 sicut
2601 2258 2866 2313 Dominus
2911 2265 3249 2330 protestetur
3269 2297 3284 2327 ,
3335 2257 3456 2313 sine

1863 2346 2155 2402 concordia
2204 2345 2468 2418 quidquid
2516 2345 2562 2402 ei
2611 2345 2912 2402 obtuleritis
2958 2362 3068 2402 non
3097 2345 3175 2402 illi
3203 2344 3459 2416 placebit.

1865 2433 1991 2490 Sive
2037 2433 2182 2488 enim
2220 2433 2498 2490 oraveritis
2519 2477 2535 2500 ,
2590 2434 2705 2490 sive
2753 2431 3080 2490 sacriﬁcium
3117 2432 3422 2490 obtuleritis
3446 2474 3461 2503 ,

1865 2521 2110 2578 sive'vos
2156 2521 2454 2578 alilixeritis
2479 2565 2492 2589 ,
2539 2521 2658 2578 sine
2703 2523 2810 2579 hac
2851 2523 3130 2579 charitatis
3171 2521 3466 2579 concordia

1864 2609 2000 2664 nihil
2029 2611 2145 2666 Deo
2174 2610 2441 2681 placabile
2471 2609 2592 2677 erit,
2640 2611 2766 2683 quia
2796 2610 2936 2667 sicut
2966 2610 3258 2683 Apostolus
3287 2609 3417 2666 dicit
3449 2627 3464 2664 :

1866 2698 2092 2753 Etiamsi
2122 2697 2395 2753 tradidero
2443 2713 2640 2768 corpus
2682 2715 2866 2754 meum
2894 2706 2952 2754 ut
2982 2698 3191 2765 ardeat,
3223 2697 3465 2754 charita-

1868 2793 1976 2842 tem
2005 2801 2116 2842 non
2146 2786 2397 2853 habeam,
2429 2785 2563 2840 nihil
2590 2802 2709 2842 sum
2741 2787 2793 2858 (Ι
2809 2787 2930 2843 Cor.
2967 2801 3086 2852 xm,
3119 2787 3195 2857 3).
3225 2787 3296 2840 Et
3319 2784 3470 2841 scitis

1870 2874 1994 2954 quia
2023 2873 2218 2946 regula
2257 2891 2418 2946 quam
2446 2873 2709 2946 professae
2736 2874 2888 2941 estis,
2920 2882 3148 2948 propter
3177 2872 3469 2931 seandalo-

1868 2979 1990 3018 rum
2019 2963 2207 3034 spinas
2237 2979 2358 3034 qua:
2401 2962 2535 3020 oriri
2580 2962 2636 3018 in
2679 2963 3011 3019 monasterio
3041 2961 3236 3030 solent,
3271 2961 3471 3018 oratio-

1871 3067 1998 3107 nem
2028 3050 2367 3108 Dominicam
2396 3051 2453 3106 in
2493 3051 2774 3108 matutinis
2811 3059 2865 3106 et
2894 3050 3220 3123 vespertinis
3248 3049 3470 3123 officiis,

1873 3140 1952 3194 ita
1981 3147 2040 3194 ut
2067 3155 2257 3195 omnes
2285 3139 2428 3194 illam
2459 3139 2700 3206 audiant,
2749 3155 2783 3195 a
2807 3139 2994 3210 priore
3022 3139 3164 3196 orari
3191 3138 3473 3211 praecepit,

1876 3235 1935 3282 ut
1980 3227 2232 3283 timentes
2275 3228 2708 3284 convenientiam
2756 3242 2865 3299 qua
2907 3227 3142 3283 dicimus
3181 3244 3194 3280 :
3241 3227 3480 3283 Dimitte

1878 3317 2034 3373 nobis
2064 3316 2250 3372 debita
2279 3321 2496 3382 nostra,
2545 3318 2692 3372 sicut
2729 3320 2784 3371 et
2814 3331 2916 3372 nos
2947 3316 3294 3371 dimittimus
3325 3314 3477 3370 debi-

1882 3405 2090 3460 toribus
2121 3405 2353 3471 nostris,
2401 3419 2621 3458 omnem
2669 3418 2951 3458 rancorem
2993 3403 3062 3458 de
3095 3402 3260 3458 corde
3288 3408 3480 3458 nostro

1879 3491 2166 3562 pellamus.
2199 3490 2335 3559 Quae
2364 3491 2495 3547 dum
2544 3491 2695 3562 prius
2742 3490 2983 3563 egeritis,
3017 3507 3086 3546 ne
3113 3505 3214 3563 per
3241 3497 3484 3546 vestram

1880 3578 2230 3646 discordiam,
2263 3579 2411 3650 quod
2455 3578 2616 3646 absit,
2667 3577 2940 3651 regularis
2971 3577 3165 3634 electio
3196 3577 3265 3633 de
3294 3583 3482 3634 vestro

1879 3667 2208 3723 monasterio
2256 3675 2460 3738 pereat,
2492 3667 2726 3722 adunate
2758 3682 2856 3722 vos
2885 3667 2954 3722 ad
2983 3667 3085 3722 Dei
3123 3665 3480 3734 voluntatem,

1883 3763 1935 3811 et
1991 3754 2254 3828 regularis
2311 3753 2618 3810 devotionis
2663 3754 3093 3824 unanimitatem,
3139 3762 3486 3826 vestramque

1883 3845 2056 3916 ipsam
2089 3843 2334 3914 salutem,
2382 3851 2705 3914 praesentem
2751 3843 2955 3900 scilicet
2997 3852 3160 3916 atque
3187 3851 3482 3910 astermam,

1885 3947 2008 3988 cum
2037 3931 2310 3988 charitatis
2339 3932 2648 3998 concordia,
2684 3947 2804 4004 quae
2847 3940 2929 3987 est
2959 3931 3200 3989 omnium
3229 3931 3491 3988 virtutum

1885 4028 2079 4088 mater,
2112 4028 2164 4076 et
2192 4037 2314 4076 cum
2361 4019 2680 4087 humilitate,
2728 4037 2850 4092 quae
2893 4028 2976 4076 est
3021 4028 3204 4078 custos
3249 4020 3492 4092 ipsarum

1886 4108 2161 4175 virtutum,
2208 4117 2368 4180 atque
2397 4125 2517 4165 cum
2565 4123 2698 4164 vera
2727 4108 3054 4176 obedientia,
3087 4126 3209 4182 qua:
3239 4109 3383 4165 scala
3410 4114 3494 4165 est

1886 4212 1995 4269 qua
2023 4197 2087 4252 ad
2121 4197 2318 4254 coelum
2347 4197 2674 4270 pertingitur
2705 4240 2718 4263 ,
2752 4206 2805 4253 et
2833 4198 2890 4252 in
2919 4198 3075 4253 vobis
3107 4197 3313 4253 salubri
3343 4197 3492 4254 elec-

1887 4284 2033 4341 tione
2064 4286 2408 4350 concordate,
2447 4293 2499 4340 et
2525 4285 2888 4356 vosmetipsas
2917 4285 2984 4338 ad
3017 4284 3324 4357 regularem
3353 4300 3490 4341 nor-

1894 4389 2040 4428 mam
2069 4373 2330 4440 reducite,
2381 4381 2435 4428 et
2481 4372 2834 4446 constringite
2865 4389 2928 4428 ac
2969 4379 3290 4429 conservata
3324 4372 3491 4444 :quia

205 4470 278 4517 tus
302 4473 376 4518 est
405 4465 552 4521 bene
600 4461 768 4518 dicta.
802 4462 859 4519 Si
889 4460 1147 4517 voluisset
1175 4476 1512 4534 cognoscere
1549 4478 1738 4518 verum
1767 4505 1780 4529 ,
1810 4456 1864 4517 D
1886 4461 2058 4527 aliter,
2091 4461 2227 4517 sicut
2257 4461 2451 4516 melius
2472 4459 2606 4531 ipsae
2626 4459 2794 4530 scitis,
2819 4459 2986 4516 salva:
3005 4475 3128 4515 esse
3148 4475 3488 4532 nequaquam

205 4557 250 4604 et
273 4551 460 4624 aliquis
493 4552 698 4606 missus
725 4550 857 4605 mihi
887 4550 957 4605 de
986 4565 1085 4605 sua
1121 4558 1276 4621 parte
1307 4551 1536 4616 veniret,
1567 4558 1626 4605 ut
1654 4566 1785 4606 vera

205 4653 260 4692 ex
283 4657 368 4696 me
395 4645 779 4713 cognosceret,
813 4638 952 4695 sicut
982 4638 1130 4694 venit
1159 4650 1209 4693 et
1238 4654 1325 4693 me
1354 4638 1784 4710 qualemcunque

205 4725 380 4782 Christi
407 4727 632 4784 Domini
658 4726 1002 4783 sacerdotem
1051 4725 1384 4798 suggillavit,
1428 4726 1785 4781 libentissime

207 4829 292 4869 suo
317 4816 502 4871 animo
529 4813 926 4871 satisfacerem.
959 4815 1040 4870 De
1068 4829 1190 4868 meo
1218 4821 1396 4870 autem
1424 4814 1611 4879 misso,
1647 4814 1786 4870 sicut

207 4901 487 4960 dominatio
517 4903 912 4975 benignissima
940 4909 1119 4958 vestra
1143 4903 1438 4968 mandavit,
1472 4911 1529 4958 ut
1557 4903 1629 4957 ad
1659 4919 1785 4958 eum

207 4989 424 5064 dirigam
449 4992 546 5064 qui
574 4993 625 5047 ei
655 4993 760 5048 hoc
789 4990 1036 5057 affirmet,
1069 4990 1214 5062 quod
1234 4991 1302 5046 de
1323 4991 1440 5059 ejus
1467 4989 1783 5047 infidelitate

205 5078 320 5134 nihil
361 5081 528 5136 velim
576 5088 825 5148 tractare,
875 5079 1025 5135 scitis
1072 5086 1267 5151 quanta
1313 5079 1596 5136 mendacia
1643 5093 1786 5136 nunc

204 5181 290 5234 per
339 5168 490 5224 istud
543 5169 746 5224 vadunt
805 5167 1082 5234 saeculum,
1135 5175 1188 5223 et
1235 5175 1439 5238 quanta
1503 5167 1784 5224 sinceritas

208 5254 385 5312 debeat
425 5273 556 5313 esse
594 5258 650 5312 in
679 5257 984 5321 sacerdote,
1009 5265 1060 5312 et
1093 5264 1346 5328 quantam
1369 5255 1562 5312 merito
1585 5256 1788 5312 domno

207 5357 313 5399 meo
353 5346 524 5401 velim
567 5359 790 5402 serVare
834 5343 1166 5400 ﬁdelitatem.
1212 5345 1282 5399 Et
1325 5344 1529 5400 idcirco
1559 5361 1626 5400 ne
1656 5345 1786 5400 mali

205 5428 514 5504 interpretes
544 5434 687 5489 male
733 5449 936 5489 nonum
984 5434 1423 5504 interpretentur,
1476 5433 1580 5489 hoc
1609 5433 1786 5489 adhuc

205 5515 367 5578 facere
395 5538 514 5578 non
540 5538 784 5594 possum.
815 5522 1039 5590 Tamen,
1073 5522 1118 5576 si
1148 5521 1262 5577 vult
1300 5521 1524 5578 credere
1553 5521 1786 5578 domnus

481 5639 718 5696 Paraon.
761 5639 1002 5695 CXXVI.

1883 4549 2096 4606 valetis.
2125 4550 2196 4604 Et
2227 4549 2364 4605 sicut
2394 4548 2602 4604 animos
2633 4549 2703 4604 ab
2743 4547 2997 4621 inquietis
3042 4547 3296 4613 motibus,
3330 4545 3404 4602 ita
3433 4552 3489 4603 et

1881 4636 2100 4710 linguas
2145 4653 2175 4690 a
2223 4637 2586 4708 provocativis
2629 4637 2925 4692 iracundiae
2969 4636 3232 4708 vobisque
3276 4633 3485 4690 nocivis

1883 4726 2226 4782 sermonibus
2257 4723 2546 4793 custodite,
2581 4729 2918 4782 contestante
2947 4723 3208 4795 Apostolo
3241 4739 3254 4777 :
3289 4721 3483 4778 Omnis

1883 4814 2092 4870 clamor
2139 4821 2192 4870 et
2234 4814 2535 4888 indignatio
2583 4829 2617 4868 a
2661 4813 2814 4869 vobis
2843 4811 3146 4878 auferatur,
3177 4828 3301 4867 cum
3332 4809 3484 4869 omni

1883 4902 2106 4969 malitia,
2163 4910 2217 4958 et
2263 4908 2440 4959 omnis
2488 4917 2666 4957 sermo
2707 4899 2878 4955 malus
2917 4914 2982 4954 ex
3023 4915 3120 4956 ore
3159 4907 3340 4956 vestro
3369 4915 3481 4956 non

1881 4992 2147 5062 procedat
2167 4992 2387 5064 (Ephes,
2415 5007 2487 5060 tv,
2513 4995 2600 5056 30,
2625 4991 2736 5060 3l);
2759 5005 2828 5043 ne
2849 4989 2986 5047 sicut
3011 4988 3186 5044 solent
3202 4989 3474 5057 homines,

1882 5080 2037 5151 prius
2065 5079 2254 5135 dolore
2283 5078 2557 5144 commoti,
2581 5086 2632 5133 et
2652 5083 2842 5148 postea
2863 5075 3046 5148 aliquo
3076 5078 3300 5148 gaudio,
3321 5076 3478 5149 quasi

1883 5167 2156 5224 victoriosi
2175 5167 2479 5223 obtinentes
2507 5181 2628 5239 quae
2666 5163 3133 5232 desideraverant,
3166 5165 3472 5230 exhilarati,

1883 5257 1953 5312 de
1982 5271 2305 5328 quocunque
2353 5254 2571 5309 homine
2619 5269 2742 5325 quae
2787 5269 2898 5309 non
2941 5253 3267 5310 conveniunt
3293 5253 3476 5324 aliqua

1883 5352 2123 5400 vestrum
2153 5343 2297 5398 dicat
2331 5357 2343 5396 :
2375 5358 2444 5397 ne
2491 5350 2544 5398 et
2590 5341 2861 5414 patientiae
2905 5343 3157 5398 meritum
3200 5341 3477 5396 inutilibus

1885 5431 2229 5488 sermonibus
2255 5445 2443 5486 coram
2483 5431 2601 5487 Deo
2629 5431 2898 5503 perdatis;
2929 5437 2982 5484 et
3011 5429 3056 5484 si
3097 5429 3294 5500 aliquis
3321 5427 3482 5484 fuerit

1885 5520 1978 5592 qui
2017 5520 2198 5591 aliqua
2242 5519 2631 5592 provocatione
2685 5533 3062 5591 quamcunque
3109 5525 3351 5574 vestrum
3409 5515 3481 5572 ad

3233 5635 3266 5686 9
