4004 6176
473 249 582 304 267

1373 235 1716 292 HINCMARI
1745 227 2142 288 RIIEMENSIS
2199 222 2750 282 ARCIIIEPISCOPI.

3679 217 3778 272 268

479 371 584 424 hoc
641 365 902 438 instigare
949 363 1198 428 voluerit,
1247 369 1305 416 ut
1353 373 1686 432 quaecunque
1735 355 1974 408 indebita
2019 353 2158 412 deA
2187 368 2286 406 nes
2317 349 2673 412 constituitur,
2725 363 2832 400 non
2877 344 3124 400 erretur?
3167 343 3306 397 Nam
3353 341 3520 396 totius
3565 339 3778 394 familia

477 471 802 528 quocunque
846 457 1106 523 proferat,
1159 450 1387 522 qualiter
1429 448 1576 501 illam
1607 443 2073 514 comprehendere

475 545 670 616 possit,
704 551 761 597 ut
809 540 1200 596 rationabiliter
1247 539 1504 592 damnare
1549 533 1864 604 pravaleat,
1897 531 2076 586 locum

479 649 584 688 nec
614 630 864 686 diabolus
895 645 996 684 nec
1044 635 1253 682 astutus
1285 627 1446 680 homo
1477 623 1672 679 exinde
1703 621 1884 692 aliquo
1913 619 2076 673 modo

478 722 696 776 habeat.
729 719 836 774 Sed
864 717 998 772 tales
1029 733 1128 772 vos
1159 715 1409 770 exhibete
1437 721 1514 778 ut,
1549 711 1775 766 interius
1805 707 2076 764 exterius-

483 826 586 882 que
617 809 875 864 decenter
905 813 1129 870 ornatze,
1165 804 1362 876 dignas
1392 810 1551 872 atque
1581 797 1918 854 exaudibiles
1947 809 2076 850 ora—

484 898 659 952 tiones
691 903 742 950 et
772 911 870 966 pro
901 894 1056 948 vobis
1088 900 1140 948 et
1168 908 1268 962 pro
1299 891 1516 946 seniore
1539 905 1602 942 ac
1627 887 1846 942 domina
1875 892 2074 950 vestra,

479 1001 688 1056 proque
733 999 840 1038 non
885 982 1062 1038 solum
1109 981 1300 1035 amicis
1339 978 1552 1044 vestris,
1605 991 1792 1030 verum
1825 973 1980 1027 etiam
2027 979 2081 1025 et

477 1089 578 1144 pro
611 1071 841 1128 inimicis
870 1071 938 1124 ad
967 1085 1132 1124 aures
1169 1066 1384 1123 Domini
1413 1066 1625 1120 mittere
1657 1061 1900 1118 valeatis.

995 1209 1336 1264 EPISTULA
1373 1205 1564 1260 XLVI.

733 1323 806 1362 ΛῙ)
855 1320 1060 1359 ίΕΝΕΑΜ
1101 1318 1468 1358 PARISIENSEM
1509 1313 1830 1356 EPISCOPUM.

555 1399 632 1453 De
663 1395 1023 1452 ordinatione
1054 1394 1345 1460 Bernom‘a,
1371 1390 1713 1446 Parisiensis
1743 1385 2007 1456 acolythi.

911 1491 998 1544 (Ex
1021 1489 1158 1535 Actis
1177 1499 1317 1544 prov.
1341 1487 1460 1534 eccl.
1483 1485 1670 1538 Rhein.)

559 1591 745 1647 Nostri
779 1589 972 1644 fratres
1013 1589 1082 1644 de
1125 1586 1458 1642 monasterio
1488 1583 1660 1638 sancti
1690 1579 1954 1650 Dionysii,
1987 1593 2087 1648 per

493 1681 766 1736 licentiam
810 1677 1014 1732 domini
1057 1676 1272 1730 abbatis
1317 1672 1592 1736 Ludovici,
1645 1671 1710 1724 ad
1751 1667 2088 1723 educandum

493 1777 656 1839 atque
686 1767 1040 1822 erudiendum
1072 1763 1460 1820 commiserunt
1489 1759 1620 1814 mihi
1641 1757 1928 1830 quemdam
1957 1755 2086 1808 ado-

488 1856 786 1912 lescentem
833 1853 1048 1908 nomine
1097 1853 1398 1908 Bernonem
1429 1865 1590 1920 quem
1617 1855 1798 1902 vestra
1829 1841 2084 1897 fraterni-

489 1953 572 1998 tas
604 1943 910 2014 acolythum
959 1940 1248 1996 ordinavit.
1301 1941 1617 2008 PrOpterea,
1669 1933 1923 2006 quoniam
1968 1931 2084 1984 sine

489 2041 674 2087 vestra
703 2031 920 2086 licentia
950 2047 1074 2085 eum
1105 2029 1358 2084 nolumus
1387 2027 1440 2080 in
1471 2033 1658 2080 nostra
1689 2021 1936 2077 Ecclesia
1966 2019 2085 2074 diu-

487 2119 598 2174 tino
629 2129 872 2190 tempore
895 2115 1189 2182 immorari,
1209 2115 1445 2186 petimus
1475 2111 1816 2166 dilectionem
1847 2115 2084 2163 vestram

489 2215 548 2262 ut
575 2209 642 2262 de
672 2207 764 2262 illo
795 2207 952 2260 nobis
983 2206 1190 2259 litteras
1221 2201 1516 2258 canonicas
1557 2199 1784 2263 faciatis,
1817 2203 2086 2268 quatenus

492 2311 616 2351 eum
661 2295 716 2350 in
763 2295 1010 2350 Ecclesia
1059 2301 1243 2348 nostra
1271 2291 1544 2362 possimus
1578 2285 1910 2360 regulariter
1934 2281 2085 2338 ordi-

494 2400 644 2440 ’πῖθ’
987 2449 1326 2507 EPISTOLA
1361 2447 1578 2503 XLVII.

985 2563 1058 2604 AD
1089 2561 1344 2603 CAROLUM
1375 2559 1582 2600 REGEH.

497 2653 564 2708 Ut
592 2649 740 2705 clero
769 2651 826 2704 et
853 2647 1003 2720 plebi
1034 2643 1448 2720 Silvancctensi
1474 2640 1615 2720 _novi
1637 2641 1640 2644 λ
1662 2635 2084 2720 ep-iscopi‘elecj

567 2723 780 2776 tionem
824 2705 1143 2782 permittat,
1188 2719 1245 2769 ct
1287 2715 1640 2770 uisitatorem
1685 2705 1936 2780 designet
1992 2705 2088 2778 qui

565 2793 760 2862 prwsit
789 2789 1071 2845 electioni.

792 2901 958 2957 (Apud
979 2899 1130 2947 Labb.
1153 2901 1318 2953 Conc.,
1341 2897 1462 2947 VIII.
1492 2904 1604 2952 pag.
1631 2891 1768 2947 1866.)

567 2995 782 3054 Domini
812 2997 1033 3052 CAROLO
1083 2993 1201 3066 regi
1243 2991 1486 3066 glorioso
1517 2989 1584 3044 sit
1612 3002 1829 3057 semper
1858 2983 2005 3040 salus
2035 2991 2088 3038 et

495 3087 621 3144 vita.

567 3175 808 3246 Septimo
838 3173 966 3227 Idus
993 3171 1154 3236 Junii,
1186 3170 1333 3226 circa
1362 3169 1556 3223 horam
1583 3163 1896 3228 secundam,
1931 3177 2088 3216 vene-

495 3271 620 3320 runt
649 3271 758 3318 tres
789 3260 972 3318 clerici
1003 3267 1054 3316 et
1085 3260 1194 3315 duo
1221 3256 1347 3312 laici
1377 3251 1796 3310 Silvanectensis
1827 3249 2086 3305 Ecclesiae

491 3354 562 3409 ad
599 3351 948 3424 exiguitatem
968 3365 1166 3417 meam,
1190 3347 1592 3400 innotescentes
1613 3341 1858 3396 eamdem
1888 3337 2086 3392 Eccle-

495 3443 652 3512 siam,
685 3440 850 3496 fratre
881 3447 934 3494 et
978 3435 1368 3494 consacerdote
1399 3439 1585 3488 nostro
1615 3429 1858 3500 Erpoino
1886 3425 2084 3482 defun-

493 3539 599 3598 cto,
651 3529 928 3586 viduatam
978 3542 1101 3582 esse
1147 3531 1397 3594 pastore;
1449 3520 1686 3576 ferentes
1727 3517 1888 3572 etiam
1917 3514 2086 3586 ipsius

493 3619 753 3676 Ecclesiae
799 3626 906 3671 tam
954 3615 1084 3672 cleri
1132 3629 1294 3684 quam
1339 3611 1515 3682 plebis
1562 3607 1877 3680 petitionem
1918 3611 1976 3657 ut
2007 3602 2086 3656 eis

489 3717 678 3782 pastor
709 3705 1008 3762 secundum
1039 3717 1224 3758 sacras
1255 3699 1474 3772 regulas
1501 3697 1782 3752 tribuatur.
1817 3693 1968 3761 Quos
1997 3691 2086 3746 in-

488 3779 764 3868 terrogavi
795 3795 840 3848 si
871 3793 1097 3848 verbum
1126 3790 1394 3843 haberent
1420 3787 1488 3840 de
1517 3800 1653 3856 pace
1693 3783 1779 3854 [[2,
1813 3781 1882 3836 de
1911 3779 2086 3851 parte]

491 3885 624 3940 cleri
654 3899 719 3938 ac
748 3879 923 3952 plebis
953 3877 1217 3934 Ecclesia:
1257 3875 1426 3946 ipsius
1476 3889 1540 3928 ex
1582 3871 1764 3942 aliqua
1800 3868 2087 3940 designata

491 3987 726 4044 persona
756 3987 767 4024 :
802 3969 894 4040 qui
924 3964 1323 4035 responderunt
1356 3978 1414 4016 se
1443 3977 1552 4014 non
1582 3959 1744 4014 aliam
1773 3957 2086 4028 petitionem

490 4077 558 4116 ex
587 4067 740 4132 parte
771 4057 1045 4112 sociorum
1077 4069 1296 4108 suorum
1326 4049 1543 4115 afferre,
1569 4048 1670 4102 nisi
1699 4055 1756 4101 ut
1784 4045 1927 4116 apud
1957 4045 2085 4100 soli-

495 4157 606 4204 tam
634 4144 1064 4202 misericordiam
1102 4148 1357 4204 vestram,
1379 4139 1604 4192 liberam
1627 4136 1732 4190 illis
1763 4152 1827 4191 ac
1861 4133 2085 4207 regula-

491 4253 607 4293 rem
637 4233 956 4290 electionem
986 4231 1227 4287 obtinere
1247 4237 1576 4300 satagerem,
1601 4234 1860 4297 quatenus
1893 4239 2087 4278 secun-

493 4325 618 4380 dum
651 4339 835 4378 sacras
869 4321 1086 4394 regulas
1108 4317 1220 4382 ille,
1252 4315 1515 4372 canonico
1547 4315 1826 4370 visitatore
1857 4313 2083 4380 directo,

2115 1715 2168 1774 Β

2177 439 2390 494 Domini
2425 447 2594 494 status
2625 445 2678 491 et
2717 437 2853 491 ordo
2885 433 3108 498 nutabit,
3143 433 3188 486 si
3221 433 3366 503 quod
3407 429 3700 500 requiritur
3723 428 3778 482 in

2175 545 2427 599 corpore,
2461 543 2569 582 non
2619 525 2686 578 sit
2733 527 2786 578 in
2811 523 3004 593 capite.
3057 521 3160 577 Ubi
3207 529 3290 576 est
3329 519 3420 574 illa
3453 519 3598 573 beati
3629 516 3782 572 Pauli

2176 617 2404 689 apostoli
2437 632 2533 686 per
2563 613 2822 684 Spiritum
2855 611 2954 666 Dei
2986 611 3188 666 emissa
3234 608 3548 680 praeceptio,
3583 621 3694 677 qua
3723 605 3776 660 in

2177 721 2414 776 persona
2455 702 2722 758 Timothei
2763 701 3004 756 omnium
3053 699 3254 752 Christi
3297 697 3642 754 sacerdotum
3673 712 3778 749 nu-

2177 811 2362 848 merus
2393 792 2654 854 eruditur,
2687 799 2742 844 et-
2777 789 3008 860 proinde
3039 787 3328 858 unicuique
3358 793 3606 840 nostrum
3637 783 3780 838 dici-

2173 891 2264 938 tur
2295 900 2308 934 :
2341 883 2540 937 Manus
2569 880 2788 935 nemini
2809 881 2920 934 cito
2939 877 3296 948 imposueris,
3319 890 3497 946 neque
3527 889 3780 929 commu-

2181 973 2334 1027 m'ces
2379 971 2629 1042 peccatis
2677 967 2885 1022 alie-nis
2933 967 2982 1034 (Ι
3036 966 3170 1020 Tim.
3207 965 3286 1034 v).
3330 963 3486 1018 Unde
3517 961 3782 1033 religiosa

2181 1059 2442 1130 sapientia
2489 1065 2670 1114 vestra
2717 1055 2856 1110 inter
2899 1054 3002 1108 alia
3047 1054 3164 1108 haec
3207 1051 3317 1108 duo
3363 1051 3586 1107 decreta
3631 1049 3778 1104 beati

2181 1147 2378 1204 Leonis
2425 1144 2774 1218 sagacissime
2823 1141 3168 1214 ponderabit,
3213 1140 3412 1212 quibus
3457 1139 3586 1194 dicit
3632 1146 3696 1192 ut
3725 1139 3778 1192 in

2183 1239 2344 1292 domo
2375 1235 2588 1292 Domini
2609 1233 2742 1288 nihil
2775 1233 2843 1286 sit
2863 1231 3228 1286 inordinatum
3259 1229 3500 1299 nihilque
3527 1243 3782 1298 praepos-

2183 1335 2380 1382 terum.
2415 1323 2550 1392 Quae
2577 1323 2624 1376 si
2643 1323 2788 1377 idem
2819 1329 3038 1376 sanctus
3058 1326 3110 1374 et
3131 1318 3347 1388 sapiens
3369 1317 3440 1372 ita
3459 1325 3648 1387 aperte
3669 1332 3784 1371 non

2183 1421 2430 1484 poneret,
2467 1411 2734 1466 subtilitas
2763 1408 3070 1464 intellectus
3090 1407 3252 1463 vestri
3281 1405 3612 1462 sufficienter
3637 1421 3784 1459 enu-

2185 1502 2408 1556 clearet.
2443 1501 2760 1570 Propterea,
2815 1497 3034 1552 domine
3083 1494 3520 1550 reverentissime
3569 1509 3636 1548 ac
3661 1493 3782 1548 cle-

2185 1589 2540 1654 mentissime,
2581 1587 2838 1659 dignetur
2866 1585 2998 1640 mihi
3043 1583 3340 1638 dominatio
3379 1591 3558 1638 vestra
3587 1581 3786 1636 litteris

2191 1678 2302 1733 suis
2331 1676 2638 1748 significare
2687 1691 2850 1746 quem
2893 1672 3053 1728 vultis
3081 1672 3148 1726 de
3183 1671 3520 1742 coepiscopis
3551 1669 3781 1738 nostris,

2187 1775 2244 1821 ut
2271 1767 2320 1820 ei
2349 1783 2414 1820 ex
2445 1779 2590 1819 more
2621 1763 2826 1818 litteras
2857 1763 3148 1818 canonicas
3193 1761 3448 1832 dirigam,
3497 1767 3550 1813 et
3587 1758 3784 1813 visita-

2184 1854 2316 1910 toris
2343 1852 2518 1908 oflicio
2547 1851 2782 1924 fungens
2827 1851 2882 1904 in
2931 1850 3122 1904 eadem
3169 1848 3414 1904 Ecclesia
3455 1847 3786 1902 electionem

2187 1943 2506 1998 canonicam
2539 1939 2729 2006 faciat;
2755 1948 2808 1994 et
2837 1947 2926 1992 aut
2945 1955 3043 2009 per
3063 1953 3141 2003 se,
3167 1945 3260 1992 aut
3287 1952 3384 2006 per
3403 1935 3609 1990 litteras
3625 1951 3781 2004 suas,

2187 2031 2387 2086 vicario
2417 2045 2517 2086 suo
2546 2027 2845 2096 deferente,
2880 2027 3128 2082 eamdem
3159 2025 3498 2088 electionem,
3531 2040 3656 2078 cum
3689 2024 3788 2078 de-

2187 2128 2337 2174 creto
2367 2117 2629 2174 canonico
2657 2114 2994 2188 singulorum
3015 2113 3267 2168 manibus
3293 2113 3570 2178 roborato,
3591 2113 3664 2167 ad
3697 2128 3786 2167 me

2185 2207 2406 2270 referat,
2440 2214 2498 2260 ut
2527 2222 2626 2276 per
2655 2221 2740 2260 me
2771 2205 2890 2275 ipsa
2919 2202 3112 2258 electio
3153 2203 3223 2256 ad
3263 2201 3646 2256 dominationis
3677 2216 3784 2255 ve-

2187 2305 2314 2352 stra:
2343 2295 2728 2350 discretionem
2777 2292 3077 2363 perveniat.
3109 2291 3178 2346 Et
3207 2291 3330 2362 quia
3376 2291 3430 2344 in
3459 2290 3626 2346 domo
3655 2289 3786 2356 Dei,

2185 2393 2242 2438 ut
2281 2401 2348 2438 ex
2393 2383 2574 2438 verbis
2621 2381 2818 2436 Leonis
2865 2380 3248 2451 praemisimus,
3299 2379 3432 2434 nihil
3479 2379 3784 2434 auctoritas

2185 2472 2384 2544 patitur
2409 2471 2774 2526 mordinatum
2799 2485 2920 2524 esse
2949 2468 3189 2538 nihilque
3219 2475 3632 2538 praeposterum,
3659 2483 3788 2523 cum

2186 2569 2306 2616 vota
2337 2559 2626 2615 concordia
2655 2557 2784 2614 cleri
2812 2573 2876 2613 ac
2919 2556 3094 2628 plebis
3121 2557 3178 2610 in
3223 2555 3490 2612 electione
3519 2555 3786 2628 regulari,

2185 2649 2271 2704 vel
2303 2657 2496 2703 vestrae
2537 2646 2921 2702 dominationis
2961 2661 3288 2700 consensum
3316 2645 3785 2715 cognoverimus,

2185 2737 2389 2792 litteras
2417 2735 2846 2806 metropohtanae
2892 2733 3222 2788 auctoritatis
3261 2749 3428 2803 super
3455 2733 3788 2788 electionem

2187 2833 2348 2882 certa!
2374 2839 2625 2896 persona
2657 2823 2726 2878 ad
2757 2822 3112 2893 coepiscopos
3125 2823 3456 2878 Rhemorum
3473 2821 3788 2878 dioeceseos

2186 2913 2502 2984 dirigemus,
2536 2919 2742 2968 certum
2772 2912 2914 2965 diem
2963 2919 3016 2965 et
3055 2910 3236 2965 locum
3265 2909 3347 2966 eis
3385 2910 3748 2982 designantes
3772 2956 3784 2978 ,

2192 3001 2410 3073 quando
2441 3009 2492 3056 et
2522 3017 2628 3072 quo
2659 2999 2728 3054 ad
2755 2998 3150 3054 ordinationem
3181 2998 3350 3068 ipsius
3371 2997 3530 3054 electi
3555 3007 3650 3053 aut
3681 3000 3788 3070 ipsi

2185 3089 2526 3154 conveniant,
2560 3097 2652 3144 aut
2680 3088 2883 3142 litteras
2911 3086 2998 3141 sui
3027 3102 3327 3142 consensus
3355 3103 3454 3157 per
3482 3088 3784 3160 presbyte-

2185 3195 2304 3233 rum
2333 3185 2423 3232 aut
2453 3177 2742 3232 diaconum
2773 3177 2890 3232 vice
2921 3191 3020 3230 sua
3050 3175 3428 3230 transmittant.

2668 3315 3008 3370 EPISTOLA
3055 3315 3292 3370 XLVIII.

2327 3449 2398 3488 AD
2426 3445 2838 3487 IIEDENULPHUM
2867 3445 3277 3486 LAUDUNEXSEH
3305 3445 3636 3486 EPISCOPUI.

2190 3523 2256 3580 Ut
2283 3521 2594 3578 visitataris
2623 3519 2806 3592 ofﬁcio
2835 3523 3114 3592 fungatur
3137 3521 3202 3574 in
3231 3521 3503 3576 electione
3533 3523 3784 3594 θρτζςεορὶ

2753 3592 3193 3645 Cameracencis.

2793 3605 3193 3646 απηενασεησιδ.

2726 3695 2884 3751 (Apud
2914 3695 3062 3742 Labb.
3093 3695 3232 3750 ibid.)

2257 3795 2581 3850 HINCMARUS
2603 3801 2801 3849 sanctae
2821 3793 3414 3864 metropolisEcclesiaa
3443 3793 3786 3850 Rhemorum

2186 3884 2492 3955 episcopus,
2544 3899 2608 3938 ac
2637 3879 2812 3954 plebis
2861 3883 2960 3936 Dei
2989 3881 3219 3936 famulus
3239 3925 3252 3948 ,
3298 3882 3496 3937 dilecto
3525 3881 3686 3937 fratri
3718 3899 3786 3940 ac

2185 3971 2483 4030 venerabili
2514 3971 2839 4042 coepisc0po
2871 3977 3058 4026 nostro
3087 3971 3467 4026 IIEDENULPHO
3497 3971 3756 4026 salutem.

2257 4061 2465 4116 Dilecto
2495 4059 2660 4115 fratre
2709 4075 2773 4114 ac
2821 4059 3120 4114 venerabili
3149 4059 3542 4114 consacerdote
3587 4069 3786 4116 nostro

2183 4149 2389 4204 Joanne
2421 4148 2679 4204 Ecclesiae
2725 4147 3130 4203 Cameracensis
3175 4147 3448 4212 defuncto,
3494 4148 3688 4202 hortor
3716 4164 3786 4204 ac

2185 4253 2381 4292 moneo
2409 4236 2754 4291 dilectionem
2784 4245 2950 4302 tuam,
2983 4235 3156 4290 frater
3185 4236 3522 4305 charissime,
3552 4243 3612 4290 ut
3641 4237 3788 4304 ejus-

2187 4326 2310 4380 dem
2351 4324 2615 4381 Ecclcsiae
2661 4323 2840 4380 officio
2887 4325 3178 4380 visitatoris
3231 4331 3430 4380 nostrae
3461 4325 3780 4379 humilitatis

487 4415 552 4468 ab
584 4412 834 4468 omnibus
863 4408 1124 4465 Ecclesiae
1157 4407 1325 4477 ipsius
1354 4404 1584 4460 alumnis
1615 4402 1794 4458 valeat
1824 4401 1970 4471 eligi,
1995 4399 2081 4455 cui

2191 4414 2605 4486 metropolitana
2633 4413 2978 4486 delegatione
2999 4421 3272 4485 suscepto,
3291 4411 3358 4468 ad
3387 4413 3642 4468 eamdem
3673 4415 3786 4470 Ec-

489 4503 686 4558 debeat
729 4501 799 4554 ab
845 4498 1098 4554 omnibus
1151 4495 1382 4550 obediri.
1431 4493 1554 4566 Ego
1601 4501 1801 4560 autem,
1851 4490 1992 4556 licet,
2027 4497 2084 4542 ut

489 4589 778 4663 przefatum
827 4595 928 4654 est,
981 4585 1322 4641 sacerdotem
1371 4589 1610 4638 vestrum
1659 4579 1956 4650 Erpoinum
1983 4593 2085 4647 per

491 4679 714 4735 fratrem
747 4675 1132 4732 Ilildeboldum
1163 4670 1670 4742 compresbyterum
1720 4676 1962 4722 nostrum
1991 4681 2083 4720 oc—

491 4777 615 4822 tavo
646 4766 773 4820 Idus
801 4763 942 4819 Judii
974 4761 1285 4817 defunctum
1318 4758 1602 4822 audierim,
1637 4773 1745 4811 non
1773 4767 1954 4810 tamen
1977 4762 2083 4808 sta-

493 4855 566 4908 tui
600 4861 758 4908 antea
786 4849 1138 4908 dominationi
1168 4855 1365 4903 vestra:
1393 4845 1688 4918 quidquam
1719 4843 1843 4898 inde
1872 4859 2080 4915 sugge-

491 4959 630 5008 rere,
662 4949 750 4994 aut
779 4955 878 5011 pro
910 4941 1102 4994 eadem
1149 4935 1395 4992 Ecclesia
1443 4932 1722 5004 postulare
1767 4932 2082 5003 priusquam

489 5027 791 5086 secundum
818 5027 1122 5099 regularem
1165 5039 1375 5080 morem
1422 5023 1490 5076 ab
1521 5037 1581 5076 ea
1620 5020 1830 5092 legatos
1858 5019 2081 5090 accipe-

491 5135 627 5174 rem.
663 5117 818 5186 Quia,
853 5123 908 5170 ut
955 5115 1062 5169 Leo
1093 5113 1148 5168 in
1195 5111 1428 5168 decretis
1459 5109 1570 5164 suis
1600 5109 1729 5164 dicit
1758 5109 1902 5180 (cap.
1940 5108 2029 5178 49)
2063 5124 2076 5162 :

491 5229 514 5258 ι
561 5207 616 5263 Si
665 5207 721 5260 in
769 5201 1098 5275 quibuslibet
1145 5200 1405 5256 Ecclesiae
1453 5197 1714 5270 gradibus
1761 5195 2080 5267 providente

487 5295 829 5365 scienterque
879 5289 1178 5346 curandum
1228 5297 1309 5342 est
1337 5295 1392 5341 ut
1421 5287 1475 5341 in
1508 5287 1669 5342 domo
1699 5284 1916 5340 Domini
1947 5283 2078 5338 nihil

487 5391 556 5444 sit
583 5391 948 5446 inordinatum
980 5385 1220 5457 nihilque
1241 5393 1650 5456 praeposterum,
1675 5391 1878 5455 quanto
1899 5383 2078 5455 magis

486 5486 880 5544 elaborandum
908 5493 991 5542 est
1021 5493 1078 5540 ut
1107 5484 1163 5540 in
1193 5481 1458 5540 electione
1487 5481 1624 5552 ejus,
1657 5481 1750 5554 qui
1781 5497 1940 5553 supra
1967 5496 2078 5536 om-

2185 4503 2404 4558 clesiam
2433 4503 2750 4574 quantocius
2797 4502 3018 4557 studeas
3065 4517 3382 4572 pr0perare,
3427 4517 3494 4557 ac
3537 4502 3786 4556 assiduis

2183 4591 2578 4647 hortationibus
2625 4591 2832 4646 clerum
2875 4591 3201 4661 plebemque
3247 4589 3508 4646 Ecclesiae
3553 4590 3782 4660 publice

2183 4679 2480 4736 admonere
2525 4677 2768 4744 festines,
2819 4687 2875 4733 ut
2925 4685 3129 4733 remoto
3177 4679 3384 4748 privato
3433 4677 3634 4744 studio,
3665 4694 3782 4734 uno

2183 4769 2486 4838 eodemque
2513 4783 2784 4824 consensu
2831 4767 2994 4822 talem
3036 4767 3138 4821 sibi
3167 4765 3572 4836 praeficiendum
3607 4783 3784 4836 expe-

2183 4864 2292 4910 tant
2319 4871 2382 4912 ac
2411 4853 2616 4928 eligant
2661 4857 3022 4924 sacerdotem,
3073 4855 3165 4927 qui
3205 4863 3258 4910 et
3289 4863 3431 4910 tanto
3469 4855 3782 4910 ministerio

2182 4943 2379 5016 dignus
2411 4945 2586 5000 valeat
2633 4945 2880 5016 reperiri,
2927 4952 2980 4999 et
3027 4961 3056 4998 a
3101 4943 3426 5000 venerandis
3473 4943 3784 4998 canonibus

2181 5033 2490 5088 nullatenus
2555 5039 2856 5104 respuatur.
2923 5033 3176 5088 Formam
3221 5039 3400 5088 autem
3449 5031 3738 5087 electionis
3763 5073 3782 5100 ,

2181 5122 2410 5194 qualiter
2447 5130 2500 5177 et
2537 5121 2754 5193 qualem
2792 5121 2997 5192 eligere
3033 5121 3300 5184 debeant,
3343 5129 3446 5176 tua:
3495 5119 3782 5176 dilectioni

2181 5206 2504 5272 transmitte,
2529 5222 2688 5276 quam
2709 5205 2920 5275 publice
2957 5221 3144 5261 coram
3173 5203 3422 5260 omnibus
3443 5212 3534 5258 tua
3551 5203 3782 5258 solertia

2179 5293 2352 5367 relegi
2381 5293 2560 5364 faciat,
2589 5310 2660 5348 ne
2687 5293 2756 5348 de
2801 5293 3111 5366 ignorantia
3152 5308 3212 5348 se
3261 5293 3484 5363 quilibet
3509 5307 3782 5348 excusare

2179 5383 2492 5453 praevaleat.
2527 5382 2658 5452 Qua:
2689 5383 2882 5440 electio
2913 5399 3022 5438 non
3049 5390 3252 5436 tantum
3281 5397 3314 5436 a
3343 5381 3576 5438 civitatis
3607 5381 3782 5436 cleri-

2177 5479 2257 5536 cis
2287 5481 2388 5536 erit
2431 5481 2664 5552 agenda,
2713 5497 2906 5537 verum
2951 5487 3004 5536 et
3049 5479 3120 5534 de
3149 5479 3398 5536 omnibus
3423 5477 3782 5534 monasteriis
