4004 6176
223 200 314 260 269

1700 195 2073 256 EPISTOLE.

3392 206 3500 262 270

224 325 384 398 ipsius
418 323 720 397 parochia,
772 331 825 380 et
875 322 943 380 de
990 322 1389 380 rusticanarum
1430 302 1810 394 parochiamm
1839 325 1895 384 A
1915 340 2029 378 rum
2058 331 2332 395 pastorem
2365 323 2567 397 eligite,
2592 322 2685 396 qui
2712 325 2907 382 merito
2930 325 3055 383 vita
3078 334 3130 382 et
3149 326 3389 384 scientia
3408 327 3503 390 do-

224 414 574 486 presbyteris,
602 420 886 473 occurrant
913 412 1117 478 vicarii,
1152 411 1600 468 commorantium
1628 427 1814 466 secum

225 502 512 558 concordia
541 509 671 557 vota
698 500 954 569 ferentes,
989 500 1088 555 sed
1109 508 1161 555 et
1188 500 1311 556 laici
1333 499 1541 555 nobiles
1575 514 1640 554 ac
1667 499 1814 554 cives

226 591 412 647 adesse
439 591 738 655 debebunt,
773 590 1027 662 quoniam
1058 589 1125 643 ab
1155 588 1406 644 omnibus
1453 588 1616 643 debet
1662 586 1811 659 eligi,

226 678 300 735 cui
329 678 497 733 debet
527 678 599 732 ab
631 677 884 732 omnibus
913 676 1144 732 obediri.
1192 676 1261 731 Et
1303 675 1350 730 si
1379 683 1499 746 post
1528 674 1815 730 lectionem

227 767 404 823 forma
436 766 720 821 electionis
749 782 781 820 a
811 765 966 820 nobis
1009 781 1107 835 per
1157 771 1303 819 tuam
1349 763 1692 820 dilectionem
1736 762 1815 818 eis

227 854 581 921 transmissa,
615 854 914 910 concordes
942 869 1134 909 omnes
1163 852 1220 908 in
1248 867 1630 924 quamcunque
1656 867 1817 923 regu-

223 944 385 999 larem
443 958 738 1014 personam
784 941 1077 1009 inveneris,
1128 957 1352 997 moneas
1396 956 1492 996 eos
1539 941 1815 995 decretum

226 1031 543 1088 canonicum
572 1030 643 1085 ab
669 1030 750 1085 eis
780 1028 918 1097 fieri,
951 1045 1015 1086 ac
1045 1028 1323 1100 sigillatim
1354 1028 1594 1085 omnium
1634 1026 1815 1084 mani-

226 1121 319 1173 bus
347 1118 643 1184 roborari;
677 1126 730 1173 et
760 1132 884 1174 cum
914 1116 1442 1183 decretocanonico,
1486 1124 1649 1188 atque
1692 1131 1818 1171 cum

229 1207 379 1262 tantis
437 1207 535 1279 qui
600 1205 928 1262 suﬁicienter
979 1205 1220 1261 omnium
1275 1204 1394 1261 vice
1451 1202 1818 1260 testimonium

226 1295 388 1350 electo
418 1294 568 1351 ferre
592 1294 823 1366 possint,
862 1309 986 1349 cum
1032 1294 1112 1349 eis
1159 1293 1511 1360 mandavero,
1561 1290 1816 1349 eumdem

225 1383 445 1440 electum
478 1383 552 1439 ad
580 1399 682 1439 nos
712 1382 985 1439 adducere
1013 1390 1218 1438 curent.

735 1532 1074 1589 EPISTOLA
1104 1531 1301 1587 XLIX.

320 1666 397 1705 ΔΙ)
438 1663 814 1706 ΗΔΒΒΒΕΒἸἮΜ
851 1662 1344 1705 ΒΙΙΝΔΝΕΟἸἙΝΒΕΜ
1375 1661 1701 1704 EPISCOPUM.

240 1767 297 1823 Ut
322 1738 646 1822 uisitator-is
676 1764 851 1835 ofﬁcio
876 1766 1157 1835 [ungatur
1176 1762 1246 1835 in
1275 1762 1548 1819 electione
1581 1761 1825 1833 episcopi

214 1872 217 1877 ς
708 1832 732 1835 θ’
808 1832 1237 1891 Bellovacensis.

772 1955 929 2011 (Apud
950 1954 1099 2001 Labb.
1120 1954 1257 2008 ibid.)

284 2063 501 2120 Eadem
532 2067 620 2119 est
650 2079 717 2120 ac
744 2062 1084 2134 praecedens,
1108 2062 1207 2118 hoc
1230 2065 1459 2118 tantum
1485 2060 1815 2117 discrimine

225 2153 355 2225 quod
385 2153 492 2208 sub
512 2152 749 2207 initium
770 2151 992 2223 adjecta
1013 2154 1098 2207 est
1117 2151 1330 2206 mentio
1346 2164 1651 2207 consensus
1671 2147 1814 2219 regii

224 2242 310 2298 hoc
342 2240 515 2295 modo
537 2260 556 2295 :
582 2238 770 2294 Ofﬁcio
791 2237 1105 2304 visitatoris,
1129 2253 1401 2294 consensu
1420 2235 1626 2292 domini
1646 2234 1818 2290 nostri

224 2327 479 2383 Ludovici
513 2326 684 2399 regis,
716 2333 918 2382 nostra
955 2324 1287 2390 humilitatis,
1334 2332 1438 2382 etc.
1489 2325 1598 2383 Sub
1639 2324 1813 2392 ﬁnem

225 2433 360 2486 vero,
396 2416 584 2486 verbis
614 2416 733 2471 illis
761 2415 1003 2484 omissis,
1036 2430 1160 2469 cum
1181 2413 1258 2470 eis
1273 2413 1622 2478 mandavero.
1644 2412 1813 2485 Paulo

225 2500 436 2572 longius
467 2500 734 2555 excurrit
752 2500 813 2553 in
835 2497 985 2554 hunc
1005 2498 1233 2554 modum
1255 2517 1273 2552 :
1291 2495 1558 2552 Eumdem
1579 2494 1812 2551 electum

223 2588 284 2642 ad
310 2603 416 2643 nos
447 2587 725 2642 adducere
754 2593 931 2641 tecum
958 2585 1377 2640 examinandum
1404 2598 1656 2655 procura.
1700 2583 1811 2637 Tua

221 2682 389 2731 autem
422 2674 667 2740 dilectio,
698 2674 861 2729 frater
890 2673 1232 2739 charissime,
1257 2672 1440 2728 solerti
1468 2688 1597 2728 cura
1623 2670 1679 2725 in
1707 2671 1813 2727 hac

222 2763 486 2821 electione
535 2762 784 2835 invigilet
819 2780 833 2815 :
869 2763 1170 2833 prasertim
1215 2776 1343 2817 cum
1388 2760 1670 2816 nobiscum
1718 2757 1813 2813 tibi

220 2868 441 2908 necesse
472 2851 579 2907 erit
610 2851 660 2905 ei
688 2851 780 2922 qui
808 2850 1145 2906 ordinandus
1173 2856 1256 2905 est
1282 2864 1472 2904 manus
1491 2848 1807 2919 imponere;

222 2941 303 3010 qui
332 2942 478 2996 bene
511 2939 684 2994 nostri
726 2938 1148 3011 praceptionem
1194 2938 1338 2993 beati
1385 2936 1532 2991 Pauli
1574 2934 1808 3008 apostoli

218 3043 311 3098 per
340 3028 609 3100 Spiritum
636 3026 737 3081 Dei
764 3027 1039 3093 emissam,
1065 3041 1171 3099 qua
1200 3026 1256 3081 in
1282 3041 1517 3097 persona
1543 3023 1812 3080 Timothei
1832 3027 1881 3091 ο

218 3116 452 3170 omnium
521 3115 719 3170 Christi
783 3115 1127 3170 sacerdotum
1185 3130 1441 3170 numerus
1506 3111 1745 3167 eruditur
1789 3128 1803 3165 :

219 3204 444 3273 proinde
475 3202 771 3274 unicuique
798 3210 1044 3258 nostrum
1074 3202 1273 3265 dicitur,
1298 3220 1310 3256 :
1346 3203 1541 3258 Manus
1589 3200 1808 3256 nemini

221 3292 324 3348 cito
354 3293 712 3364 imposueris,
745 3306 923 3364 neque
941 3291 1319 3348 communices
1331 3290 1579 3362 peccatis
1600 3289 1806 3345 alienis

223 3377 270 3449 (I
296 3382 435 3436 Tim.
470 3396 527 3446 v,
561 3380 674 3451 22),
708 3386 815 3435 etc.

798 3519 1138 3576 EPISTOLA
1166 3520 1226 3574 L.

412 3631 486 3673 AD
526 3631 747 3673 CLBIUI
783 3631 854 3672 ΕΤ
890 3631 1108 3673 ηειδελ(
1146 3628 1609 3672 (ΞᾹΠΕΒΑΟΕΝΘΕΜ.

224 3745 284 3801 ω
298 3747 641 3802 canonicam
658 3745 993 3870 electiogem
1009 3744 1231 3868 factiant
1246 3759 1378 3799 cum
1394 3742 1685 3798 visitatare
1705 3739 1811 3797 sibi

894 3830 1083 3870 eswna
1115 3830 1143 3870 ο
1160 3855 1171 3867 .

894 3830 1143 3885 estquam
1160 3855 1171 3867 .

770 3936 929 3994 (Apud
950 3936 1101 3983 Labb.
1129 3935 1269 3991 ibid,)

282 4044 620 4100 HINCMABUS
643 4051 842 4098 sancta
863 4043 1180 4115 metropolis
1199 4043 1459 4099 Ecclesia
1478 4043 1813 4098 Rhemorum

220 4132 527 4204 episcopus,
561 4147 630 4187 ac
658 4131 834 4202 plebis
863 4133 964 4187 Dei
989 4131 1243 4199 famulus,
1292 4132 1438 4189 clero
1479 4140 1531 4187 et
1572 4131 1719 4203 plebi
1756 4131 1812 4185 in

217 4221 479 4290 parochia
507 4220 889 4276 Cameracensi
919 4220 1256 4277 consistenti.

287 4304 428 4374 Quia
455 4304 717 4360 defuncto
756 4304 952 4361 dilecto
997 4313 1051 4360 et
1092 4305 1392 4361 venerabili
1434 4302 1701 4360 confratre
1746 4318 1811 4361 ac

1914 412 2087 466 ctrina
2114 412 2268 467 vobis
2293 428 2534 483 praesse
2574 413 2749 468 valeat
2791 422 2843 469 et
2890 415 3174 486 prodesse,
3224 415 3423 487 quique
3468 432 3499 470 a

1913 500 2214 555 canonibus
2243 501 2410 555 sacris
2439 517 2547 556 non
2576 501 2873 573 discrepet.
2929 504 3010 559 De
3053 503 3205 572 cujus
3235 503 3501 560 electione

1913 588 2192 643 decretum
2222 589 2543 644 canonicum
2572 590 2812 645 unanimi
2841 598 2966 647 voto
2995 606 3179 663 agere,
3219 598 3273 647 et
3302 591 3501 663 sigilla-

1915 675 2011 731 tim
2039 677 2277 731 omnium
2324 686 2564 732 vestrum
2610 678 2858 733 manibus
2899 678 2953 733 in
3003 680 3294 750 prasentia
3339 680 3501 749 hujus

1913 763 2211 820 visitatoris
2241 765 2408 821 vestri
2438 765 2695 822 roborare
2727 766 2981 839 satagite.

2471 932 2811 989 EPISTOLA
2848 935 2933 989 LI.
2956 954 2967 961 ’

1924 1061 2084 1101 CLERI
2124 1061 2194 1101 ΕΤ
2233 1061 2422 1103 PLEBIS
2463 1062 2848 1103 LAUDUNENSIS
2888 1063 2962 1104 AD
3000 1065 3330 1109 BINCIARUH
3370 1068 3515 1108 BHE-

2323 1159 2553 1199 HENSEH
2600 1161 3094 1205 ARCHIEPISCOPUM.

2293 1272 2398 1326 Pro
2428 1272 2784 1329 ordinatione
2814 1273 3124 1343 Iledenulﬁ.

2321 1385 2405 1438 (Ex
2429 1384 2563 1432 Actis
2592 1396 2734 1442 prov.
2762 1387 2889 1434 Eccl.
2917 1387 3108 1442 Rhem.)

1991 1489 2222 1545 Domino
2253 1491 2713 1548 reverendissimo
2743 1501 2797 1549 et
2824 1493 3173 1549 sanctissimo
3215 1493 3511 1549 Hmcmno

1918 1576 2347 1650 archiepiscopo,
2381 1580 2704 1653 caterisque
2736 1589 2938 1637 nostra
2971 1581 3272 1638 dioeceseos
3313 1581 3515 1637 sanctis

1843 1674 1897 1734 Β
1917 1666 2170 1722 Patribus
2200 1674 2254 1722 et
2274 1667 2565 1739 episcopis,
2592 1669 2772 1725 clerus
2791 1669 3186 1735 Laudunensis,
3212 1684 3337 1725 cum
3354 1668 3519 1725 totius

1913 1754 2166 1827 paroecia
2213 1755 2493 1825 plebibus,
2544 1764 2598 1811 et
2648 1757 2753 1812 sibi
2800 1757 3104 1826 conjunctis
3150 1757 3511 1828 prasulibus,

1914 1851 2175 1899 atemam
2204 1842 2260 1897 in
2287 1843 2519 1899 Domino
2545 1845 2675 1899 Jesu
2708 1845 2920 1901 Christo
2959 1845 3185 1901 salutem
3214 1853 3268 1901 et
3297 1861 3510 1917 pacem.

1985 1930 2269 1987 Canonicis
2298 1931 2501 2004 regulis
2532 1940 2586 1987 et
2612 1932 2926 2004 apostolicis
2952 1932 3378 1989 institutionibus
3397 1942 3508 1990 sta-

1913 2026 2083 2074 tutum
2130 2034 2253 2075 esse
2299 2019 2614 2088 recolimus,
2663 2028 2722 2075 ut
2762 2020 2973 2092 quoties
3022 2020 3277 2092 qualibet
3317 2021 3507 2077 civitas

1911 2106 2213 2163 ministerio
2242 2106 2570 2179 pontificalis
2590 2108 2870 2179 dignitatis
2895 2109 3150 2176 caruerit,
3172 2108 3504 2182 proprioque

1911 2202 2128 2267 pastore
2158 2195 2455 2264 vacaverit,
2489 2212 2612 2253 cum
2642 2196 2865 2254 decreto
2908 2196 3207 2262 electionis,
3254 2196 3504 2270 singulo-

1911 2299 2031 2340 rum
2068 2284 2368 2355 petentium
2411 2284 2662 2340 manibus
2706 2286 2975 2355 roborato,
3026 2284 3506 2356 metropolitanum

1912 2372 2060 2428 adire
2088 2372 2401 2443 pontificem
2429 2374 2686 2441 debeant,
2710 2381 2764 2429 et
2795 2375 2864 2430 de
2891 2373 3289 2442 substituendo,
3311 2374 3507 2431 inloco

1914 2461 2029 2530 ejus
2059 2460 2151 2533 qui
2181 2460 2437 2528 decessit,
2472 2470 2711 2533 pastore,
2743 2461 3002 2533 petitione
3018 2462 3245 2532 supplici
3270 2476 3510 2519 commo-

1912 2563 2065 2615 nere,
2098 2556 2365 2620 quatenus
2392 2557 2444 2604 et
2474 2549 2660 2605 civitas
2686 2549 3046 2605 sollicitudine
3088 2550 3353 2622 pastorali
3401 2550 3503 2605 de-

1913 2631 2093 2687 stituta
2141 2632 2364 2704 proprio
2406 2641 2754 2704 recuperetur
2792 2632 3087 2704 pontiﬁce;
3134 2641 3187 2689 et
3222 2635 3314 2706 qui
3351 2633 3502 2690 ordi-

1912 2720 2126 2774 nandus
2182 2728 2283 2786 est,
2330 2720 2620 2792 gratiosius
2668 2720 2843 2792 possit
2884 2720 3149 2777 accedere
3192 2739 3206 2776 :
3250 2720 3377 2794 quia
3415 2721 3505 2778 cui

1912 2807 2073 2863 debet
2102 2808 2170 2863 ab
2199 2808 2452 2864 omnibus
2479 2808 2712 2877 obediri,
2744 2807 2928 2881 utique
2957 2808 3119 2865 debet
3147 2816 3200 2865 et
3224 2809 3296 2864 ab
3324 2809 3508 2866 omnia

1911 2896 2014 2951 bus
2051 2894 2219 2969 eligi;
2264 2913 2333 2952 ne
2377 2895 2564 2953 civitas
2612 2912 2721 2954 non
2772 2904 3010 2969 optatum
3054 2897 3371 2969 episcopum
3418 2905 3511 2954 aut

1909 2991 2239 3055 contemnat,
2274 2993 2363 3040 aut
2393 2985 2598 3053 oderit;
2632 2994 2687 3041 et
2715 2984 2805 3040 ﬁat
2832 2986 3011 3041 minus
3042 2985 3320 3058 religiosa,
3342 3002 3510 3059 quam

1910 3073 2179 3141 convenit,
2213 3073 2301 3128 cui
2330 3088 2439 3129 non
2466 3072 2615 3130 licuit
2644 3074 2849 3129 habere
2870 3090 3033 3145 quem
3061 3074 3231 3130 voluit
3258 3092 3270 3129 :
3302 3074 3507 3132 hivero

1906 3160 1997 3233 qui
2025 3160 2326 3217 ordinaturi
2358 3170 2498 3231 sunt,
2531 3162 2589 3216 in
2617 3162 2805 3233 quiem
2839 3162 3073 3219 viderint
3114 3162 3352 3218 omnium
3384 3171 3509 3219 vota

1906 3249 2231 3321 propensius
2277 3250 2634 3315 concordare,
2694 3250 3000 3321 promptius
3050 3250 3385 3322 liberiusque
3428 3251 3507 3307 illi

1906 3353 2099 3393 manus
2129 3337 2408 3408 imponere
2436 3345 2679 3409 possent.
2719 3337 3064 3409 Quapropter
3110 3352 3233 3394 cum
3279 3338 3502 3394 decreto

1905 3432 2106 3482 nostra
2116 3424 2395 3481 electionis
2404 3425 2657 3480 manibus
2668 3425 3007 3499 singulorum
3018 3434 3325 3483 nostrorum
3338 3425 3508 3483 robo-

1909 3522 2025 3569 rato
2053 3514 2122 3568 ad
2151 3513 2529 3584 paternitatem
2558 3521 2799 3569 vestram
2840 3515 3182 3583 accedentes,
3228 3514 3506 3571 Hedenul-

1910 3600 2025 3656 fum
2053 3601 2318 3658 Ecclesia
2344 3608 2545 3658 nostra
2571 3600 2763 3671 filium,
2813 3609 2865 3658 et
2905 3602 2960 3658 in
3004 3602 3255 3659 Ecclesia
3299 3610 3502 3671 nostra,

1909 3688 2329 3760 suffragantibus
2357 3690 2750 3761 stipendiorum
2778 3690 3006 3761 meritis,
3051 3692 3121 3746 ad
3161 3707 3300 3748 onus
3328 3707 3505 3764 usque

1912 3779 2244 3836 sacerdotale
2282 3786 2611 3850 promotum,
2657 3778 2769 3835 vita
2815 3787 2869 3836 et
2914 3780 3160 3836 moribus
3203 3795 3270 3837 ac
3317 3772 3519 3837 sancta’

1912 3868 2323 3924 conversatione
2351 3868 2608 3924 idoneum
2624 3868 3002 3941 approbatum,
3027 3884 3189 3941 quem
3208 3885 3310 3940 per
3334 3867 3509 3925 licen-

1912 3955 2041 4010 tiam
2086 3964 2350 4023 vestram,
2396 3956 2608 4013 favente
2657 3956 3123 4013 Christianissimo
3173 3956 3505 4029 imperatore

1912 4043 2129 4110 Carolo,
2162 4046 2282 4116 pari
2308 4061 2582 4102 consensu
2607 4060 2671 4101 ac
2701 4045 2963 4102 concordi
2993 4044 3300 4113 devotione,
3344 4053 3507 4118 atque

1913 4132 2165 4188 unanima
2191 4134 2460 4190 voluntate
2489 4133 2776 4206 elegimus,
2810 4150 2908 4205 per
2935 4150 3132 4190 manus
3160 4143 3394 4203 vestras,
3440 4149 3508 4191 ac

1913 4229 2235 4278 caterorum
2263 4230 2462 4278 vestra
2504 4222 2806 4277 diaceseos
2855 4229 3167 4277 sanctorum
3212 4222 3506 4294 episcopo-

1915 4325 2054 4376 rum,
2074 4310 2400 4371 consecrari.
2420 4309 2687 4381 nobisque
2716 4317 2769 4365 et
2796 4309 3060 4365 Ecclesia
3088 4317 3290 4365 nostra
3319 4310 3506 4365 docto-

216 4393 609 4449 consacerdote
634 4402 844 4463 nostro,
868 4394 1023 4448 Patre
1042 4394 1293 4451 videlicet
1309 4409 1375 4450 ac
1394 4401 1608 4464 pastore
1628 4400 1810 4448 vestro
1839 4380 1892 4441 D
1913 4409 2031 4448 rem
2059 4401 2219 4463 atque
2248 4391 2558 4464 pontificem
2585 4392 2788 4447 institui
2817 4392 3186 4463 imploramus,
3211 4407 3502 4462 precamur

215 4481 441 4547 Joanne,
474 4497 706 4537 necesse
735 4490 815 4536 est
844 4489 901 4535 ut
929 4482 997 4537 de
1025 4481 1277 4553 eligendo
1297 4490 1458 4553 atque
1480 4481 1811 4537 constituen-

216 4571 287 4626 do
315 4571 476 4628 vobis
504 4578 729 4642 pastore
761 4578 811 4625 et
837 4570 1059 4626 doctore
1089 4571 1391 4626 secundum
1412 4569 1809 4627 ecclesiasticas

216 4660 440 4731 regulas
468 4659 611 4715 votis
641 4659 843 4714 nostris
870 4658 925 4713 in
954 4675 1124 4714 unum
1144 4659 1377 4714 Domino
1393 4658 1664 4713 mediante
1686 4673 1812 4713 con-

212 4748 582 4819 venientibus,
615 4748 914 4819 pramissis
938 4748 1158 4817 jejuniis
1188 4763 1252 4803 ac
1292 4748 1598 4802 litaniarum
1641 4746 1809 4802 obse—

214 4837 568 4904 crationibus,
609 4844 847 4892 tractare
894 4836 1212 4907 quantocius
1258 4836 1561 4902 maturetis,
1609 4843 1664 4890 et
1710 4852 1809 4890 ex-

210 4934 369 4981 orato
403 4942 467 4981 eo
495 4942 527 4980 a
554 4940 663 4998 quo
692 4934 775 4981 est
805 4941 969 4981 omne
996 4926 1196 4981 datum
1224 4927 1519 4997 Optimum,
1563 4928 1619 4979 et
1644 4939 1810 4980 omne

210 5013 433 5070 donum
455 5018 793 5087 perfectum,
819 5014 1019 5086 quique
1038 5013 1168 5069 facit
1185 5013 1470 5070 unanimes
1493 5012 1731 5067 habitare
1753 5011 1809 5066 in

206 5102 419 5171 domo;
447 5104 517 5159 ita
548 5120 648 5160 vos
673 5118 786 5159 una
811 5119 933 5159 cum
964 5102 1155 5158 studiis
1185 5103 1343 5171 hujus
1369 5100 1667 5158 venerandi
1694 5100 1808 5157 fra-

204 5192 300 5246 tris
329 5208 403 5248 ac
429 5192 740 5264 coepiscopi
768 5192 959 5257 nostri,
983 5191 1071 5247 cui
1088 5191 1389 5246 secundum
1417 5190 1809 5246 institutionem

206 5282 533 5337 canonicam
564 5282 858 5338 visitatoris
885 5279 1119 5336 officium
1147 5279 1203 5334 in
1219 5279 1468 5335 Ecclesia
1490 5280 1642 5349 cujus
1662 5295 1810 5336 amo-

208 5386 265 5425 re
293 5387 365 5427 ac
396 5371 582 5444 vigore
614 5369 890 5433 fovemini,
922 5368 1312 5439 delegavimus,
1348 5368 1402 5423 in
1433 5369 1696 5424 electione
1724 5385 1809 5425 re-

205 5459 395 5530 gulari
419 5459 765 5517 concorditer
792 5458 1007 5514 uniatis.
1040 5457 1229 5513 Talem
1257 5465 1439 5514 autem
1474 5457 1629 5513 vobis
1658 5456 1809 5514 futu-

1911 4497 1976 4537 ac
2004 4482 2256 4553 petimus.
2289 4481 2568 4552 Elegimus
2595 4488 2772 4536 autem
2802 4497 2926 4537 eum
2954 4481 3112 4537 nobis
3153 4480 3272 4536 fore
3319 4487 3505 4551 pasto-

1910 4586 2023 4625 rem
2056 4586 2217 4643 quem
2245 4570 2558 4641 apostolica
2583 4569 2794 4637 forma,
2842 4585 2951 4642 qua
2990 4570 3301 4641 episcopum
3328 4584 3496 4624 orna-

1911 4666 2021 4713 tum
2049 4659 2236 4714 beatus
2266 4658 2459 4713 Paulus
2498 4674 2621 4715 esse
2665 4667 2916 4731 oportere
2961 4658 3315 4725 demonstrat,
3366 4672 3497 4713 con-

1910 4763 2143 4820 gruere,
2203 4755 2256 4802 et
2308 4747 2475 4802 sacris
2523 4764 2630 4803 non
2670 4735 2899 4803 .obviare
2948 4746 3247 4802 canonibus
3299 4744 3497 4801 Christi

1909 4836 2081 4909 gratia
2108 4845 2436 4909 cooperante
2464 4837 2804 4893 confidimus.
2857 4834 3090 4890 Oramus
3124 4843 3364 4890 sanctam
3392 4850 3495 4906 pa-

1908 4926 2215 4981 ternitatem
2243 4934 2481 4983 vestram
2510 4940 2653 4981 nunc
2681 4932 2733 4980 et
2761 4939 2977 4995 semper
3020 4923 3078 4978 in
3115 4924 3327 4980 Christo
3356 4924 3495 4979 bene

1909 5014 2114 5070 valere.

1978 5104 2177 5160 Datum
2206 5102 2391 5176 quinto
2418 5104 2686 5158 Kalendas
2706 5101 2939 5176 Apriles,
2964 5102 3018 5158 in
3035 5103 3258 5160 basilica
3289 5108 3491 5157 sancta

1907 5192 2087 5249 Maria
2116 5192 2389 5265 genitricis
2418 5192 2518 5246 Dei
2546 5200 2599 5247 et
2626 5192 2842 5247 Domini
2871 5192 3044 5249 nostri
3090 5192 3218 5249 Jesu
3265 5186 3491 5257 Christi,

1908 5297 2051 5336 anno
2110 5280 2498 5336 [ncarnationis
2559 5281 2803 5350 ejusdem
2858 5280 3072 5336 Domini
3135 5280 3307 5335 nostri
3361 5277 3492 5335 Jesu

1908 5369 2106 5424 Christi
2135 5371 2257 5434 876,
2290 5369 2443 5439 regni
2469 5369 2654 5425 domni
2684 5370 2861 5426 Caroli
2891 5368 3235 5440 imperatoris
3279 5382 3484 5440 xxxvr,

1907 5466 1961 5513 et
1984 5457 2193 5529 imperii
2221 5458 2416 5530 primo,
2448 5458 2741 5517 indictione
2771 5474 2930 5514 nona.
