4088 6180
489 251 588 306 271

1046 399 1384 457 EPISTOLA
1423 401 1538 455 LII.

714 510 787 550 AD
828 511 1044 553 CLERUM
1083 512 1152 552 ΕΤ
1189 512 1404 552 PLEBEM
1445 510 1876 551 LAUDUNENSEM.

539 597 613 652 De
643 595 998 652 ordinatione
1041 595 1331 664 Honedulﬁ
1366 594 1762 650 Laudunensis
1793 593 2060 666 episcopi.

923 692 1008 746 (Ex
1027 691 1162 737 Actis
1184 700 1322 746 prov.
1347 690 1468 738 eccl.
1491 690 1684 745 Rheni.)

571 801 897 855 Hmcmnus
923 805 1126 856 sancta
1143 797 1458 869 metropolis
1477 797 1740 854 Ecclesiae
1761 797 2098 852 Bhemorum

505 887 808 959 episcOpus,
842 887 1009 954 clero,
1043 887 1224 942 ordini
1262 895 1315 943 et
1357 887 1501 958 plebi
1550 887 1606 940 in
1647 894 1835 942 sancta
1879 885 2096 940 Laudu-

505 976 658 1032 nensi
685 976 931 1032 Ecclesia
960 975 1298 1045 consistenti,
1350 975 1405 1030 in
1435 975 1666 1030 Domino
1694 990 1885 1045 pacem
1916 982 1969 1028 et
1999 989 2094 1028 sa-

501 1065 690 1120 lutem.

571 1152 717 1208 Sicut
746 1153 934 1208 beatus
964 1168 1105 1223 papa
1138 1151 1483 1206 Innocentius
1511 1151 1689 1219 docet,
1740 1157 1957 1221 oportet
1993 1163 2095 1204 nos

499 1243 606 1297 hoc
635 1241 791 1311 sequi
833 1246 978 1311 quod
1025 1239 1272 1294 Ecclesia
1320 1240 1565 1293 Romana
1609 1237 1864 1307 custodit,
1910 1254 1940 1290 a
1987 1251 2096 1308 qua

413 1340 434 1359 ‘
496 1328 824 1400 principium
853 1343 1027 1383 sacrae
1058 1326 1408 1381 institutionis
1432 1342 1533 1381 nos
1563 1326 1844 1396 accepisse
1873 1324 2094 1380 dubium

500 1433 612 1472 non
641 1425 743 1472 est.
778 1417 1076 1486 Propterea
1106 1416 1433 1471 documento
1463 1429 1528 1469 ac
1558 1414 1739 1469 verbis
1770 1412 1916 1468 beati
1947 1412 2092 1468 Gre-

499 1505 644 1578 gorii
673 1521 770 1560 vos
800 1504 1008 1574 alloqui
1034 1519 1406 1574 procuramus,
1441 1503 1778 1558 insinuantes
1810 1501 1938 1573 quia
1965 1516 2092 1572 pro-

502 1593 774 1647 babilibus
803 1593 1090 1648 desideriis
1123 1592 1319 1647 vestris
1348 1591 1482 1646 nihil
1511 1591 1783 1646 attulimus
1803 1590 2087 1658 tarditatis,

1487 249 1826 305 HINCMARI
1865 245 2266 304 RHEMENSIS
2303 249 2856 306 ARCHIEPISCOPI.

2125 375 2505 446 AEvangelio
2560 375 2690 446 quid
2747 375 3081 447 Redemptor
3148 384 3335 432 noster
3385 393 3486 447 per
3551 377 3794 449 seipsum

3675 254 3780 308 212

2201 463 2390 519 fecerit
2423 481 2436 516 :
2469 463 2722 518 videlicet
2750 463 2877 534 quia
2905 463 3191 537 ingressus
3219 463 3480 536 templum
3506 465 3794 521 cathedras

2199 551 2544 606 vendentium
2579 551 2864 606 columbas
2894 552 3103 608 evertit.
3147 553 3442 609 Columbus
3471 555 3616 609 enim
3649 541 3793 609 ven-

2199 639 2350 706 dere,
2385 647 2468 694 est
2497 639 2565 694 de
2598 639 2798 710 Spiritu
2828 648 3035 707 sancto,
3069 657 3233 712 quem
3269 642 3416 697 Deus
3444 641 3794 712 omnipotens

2196 727 2712 784 consubstantialem
2768 727 2873 782 sibi
2926 744 3024 799 per
3078 729 3481 800 impositionem
3526 745 3791 785 manuum

2196 815 2504 871 hominibus
2533 815 2736 882 tribuit,
2771 817 3118 872 commodum
3157 818 3456 888 temporale
3482 819 3790 890 percipere.

2197 903 2354 972 Quod
2384 904 2475 975 qui
2506 919 2674 974 agere
2703 905 3002 974 praesumit,
3051 921 3204 960 suam
3248 907 3364 961 Deo
3383 905 3567 976 judice
3594 907 3793 962 cathe-

2195 991 2350 1046 dram
2379 991 2497 1062 ipse
2524 991 2734 1058 evertit,
2769 1001 2822 1047 et
2856 1008 2994 1064 quos
3024 1008 3146 1048 cum
3173 993 3361 1064 precio
3398 993 3632 1059 ordinat,
3664 1009 3796 1065 pro-

2194 1080 2446 1135 vehendo
2477 1081 2589 1153 agit
2635 1089 2694 1135 ut
2739 1096 2925 1137 secum
2969 1088 3022 1136 et
3065 1081 3170 1152 ipsi
3217 1081 3502 1139 simoniaci
3547 1082 3797 1138 haeretici

2193 1166 2360 1233 ﬁant;
2404 1175 2456 1222 et
2500 1183 2598 1238 pro
2645 1168 3025 1224 benedictione
3067 1170 3502 1225 maledictionem
3550 1185 3583 1225 a
3627 1170 3795 1225 beato

2193 1257 2357 1311 Petro
2387 1256 2755 1326 apostolorum
2774 1257 3021 1329 principe
3042 1258 3247 1314 Simoni
3272 1260 3451 1331 Mago,
3476 1257 3566 1330 qui
3585 1259 3794 1314 donum

2195 1345 2368 1400 sancti
2414 1344 2643 1414 Spiritus
2690 1345 2862 1416 pretio
2909 1362 3089 1402 emere
3135 1347 3323 1412 voluit,
3371 1347 3513 1415 juste
3562 1345 3790 1413 illatam,

2195 1448 2302 1486 una
2329 1448 2454 1487 cum
2485 1432 2626 1502 ipso,
2658 1449 2758 1503 per
2785 1433 2982 1504 ipsum,
3015 1450 3048 1490 a
3077 1449 3184 1506 quo
3218 1449 3327 1490 non
3377 1434 3791 1500 benedicuntur,

2194 1520 2291 1576 sed
2329 1520 2756 1588 maledicuntur,
2803 1522 3006 1591 judicio
3055 1522 3298 1592 ejusdem
3346 1521 3578 1592 Spiritus
3616 1523 3794 1578 sancti

2192 1608 2508 1679 suscipiant.
2544 1611 2608 1662 Et
2639 1611 2916 1680 quoniam,
2950 1611 3107 1666 sicuti
3136 1610 3517 1681 comperimus,
3567 1610 3792 1682 quidam

500 1680 722 1786 ίῖεξίξθηι
744 1681 858 1786 ,ἱξξῐη
903 1688 954 1736 θί
1000 1679 1384 1778 θοθρίδοορξιῐη
1431 1688 1678 1786 ιξοείτυω
1727 1677 2089 1786 Ηθάεῐξξξξῖυιξ)
2122 1724 2175 1786 Β
2195 1677 2427 1786 diversis
2457 1677 2928 1752 adiuventionibus
2958 1698 3138 1769 turpia
3152 1677 3307 1754 lucra
3327 1677 3618 1764 sectantes,
3641 1698 3795 1770 quod

504 1769 663 1824 vobis
689 1769 1027 1838 ordinantes,
1057 1769 1347 1839 praesentia
1375 1767 1461 1823 vel
1491 1783 1761 1823 consensu
1804 1782 1868 1824 ac
1896 1766 2094 1822 litteris

511 1857 965 1928 coepiscoporum
1019 1856 1178 1912 totius
1225 1856 1384 1911 nobis
1427 1857 1735 1912 commissa:
1781 1855 2098 1926 provincia,

515 1947 813 2002 secundum
855 1961 1044 2001 sacros
1102 1960 1358 2011 canones,
1411 1945 1774 2009 sacerdotem,
1821 1952 2100 2014 pastorem

507 2050 722 2106 quoque
751 2042 914 2105 atque
943 2042 1228 2090 rectorem.
1263 2033 1363 2088 Cui
1392 2033 1478 2087 his
1504 2031 1720 2099 litteris,
1771 2047 1909 2104 quas
1957 2031 2099 2086 sacri

510 2139 766 2191 canones,
799 2123 1082 2178 ordinatos
1109 2121 1262 2192 prius
1291 2121 1360 2176 de
1391 2121 1740 2177 conciliorum
1770 2119 2006 2191 placitis,
2030 2135 2098 2175 ne

510 2228 570 2267 se
615 2211 816 2283 aliquid
872 2219 1061 2268 contra
1118 2226 1307 2266 eorum
1351 2218 1548 2264 statuta
1594 2208 1776 2282 egisse
1819 2208 2096 2279 paeniteat,

507 2299 827 2365 instructos,
866 2299 934 2353 ab
979 2297 1382 2354 ordinatoribus
1423 2297 1556 2366 suis,
1606 2296 1861 2352 manibus
1909 2311 2098 2352 eorum

511 2387 850 2459 conscriptas
871 2387 1061 2456 jubent
1090 2387 1360 2457 accipere,
1411 2385 1708 2442 secundum
1754 2383 2098 2440 traditionem

509 2475 936 2534 ecclesiasticam
989 2475 1240 2530 dedimus
1281 2475 1336 2529 in
1385 2474 1652 2530 mandatis
1675 2516 1690 2540 ,
1741 2489 1810 2529 ne
1856 2488 2098 2544 unquam

511 2565 880 2620 ordinationes
925 2571 1216 2634 praesumat
1259 2562 1493 2630 illicitas,
1539 2579 1608 2618 ne
1653 2561 1953 2634 bigamum,
2003 2568 2097 2616 aut

510 2653 604 2725 qui
633 2652 918 2725 virginem,
967 2651 1012 2706 si
1060 2652 1129 2706 de
1173 2651 1476 2724 conjugatis
1523 2649 1797 2722 agendum
1841 2656 1944 2715 est,
1987 2663 2096 2704 non

511 2749 596 2797 est
626 2741 848 2796 sortitus
875 2755 1122 2805 uxorem,
1155 2755 1332 2810 neque
1363 2738 1689 2806 illiteratum,
1737 2737 1823 2792 vel
1863 2737 1918 2790 in
1957 2753 2094 2809 qua-

511 2830 642 2885 libet
673 2828 918 2899 corporis
947 2836 1099 2898 parte
1128 2827 1390 2896 vitiatum,
1435 2835 1526 2881 aut
1563 2843 1628 2881 ex
1670 2825 1885 2896 publice
1912 2825 2094 2896 pumi-

510 2925 658 2974 tente
701 2925 793 2974 aut
834 2915 1000 2972 curiae
1042 2916 1128 2971 vel
1173 2916 1394 2972 cuilibet
1440 2914 1736 2971 conditioni
1779 2913 2090 2981 obnoxium,

511 3014 883 3071 notatumque,
913 3005 983 3060 ad
1013 3021 1196 3060 sacros
1225 3004 1444 3059 ordines
1485 3003 1765 3074 permittat
1805 3001 2089 3057 accedere.

511 3095 620 3152 Sed
651 3103 703 3150 et
731 3094 776 3148 si
808 3109 944 3166 quos
983 3093 1288 3162 hujusmodi
1332 3091 1467 3147 forte
1509 3089 1790 3162 repererit,
1841 3098 2094 3160 respectu

509 3183 693 3240 divino
721 3199 828 3237 non
857 3182 1053 3237 audeat
1078 3196 1424 3252 promovere.
1458 3179 1707 3233 Alienum
1737 3178 1896 3233 etiam
1926 3178 2092 3234 cleri-

507 3287 633 3330 cum
661 3271 777 3326 sine
807 3271 1074 3328 voluntate
1104 3277 1156 3325 et
1185 3284 1456 3324 consensu
1485 3267 1728 3337 episcopi
1775 3267 1857 3322 sui
1904 3275 2092 3322 contra

508 3375 698 3416 sacras
727 3358 950 3432 regulas
978 3374 1086 3414 non
1115 3357 1386 3420 sollicitet,
1418 3371 1527 3410 non
1557 3353 1831 3425 suscipiat,
1878 3370 1985 3409 non
2034 3355 2090 3411 in

502 3448 608 3504 sibi
630 3447 918 3504 commissa
937 3444 1187 3501 Ecclesia
1230 3444 1442 3499 ordinet
1462 3461 1474 3498 :
1494 3459 1595 3500 nec
1615 3459 1710 3498 eos
1731 3441 1824 3514 qui
1843 3443 2088 3514 probatae

499 3535 625 3593 ﬁdei
654 3553 763 3592 non
792 3535 1005 3603 fuerint,
1038 3533 1204 3588 sacris
1232 3533 1517 3588 ordinibus
1545 3540 1840 3603 prazsumat
1868 3547 2086 3603 quoquo

499 3625 662 3681 modo
693 3623 984 3695 applicare.
1019 3623 1079 3676 ln
1117 3621 1458 3676 ordinatione
1506 3628 1686 3676 autem
1727 3621 2081 3691 presbytero-

494 3729 613 3768 rum
673 3727 739 3768 ac
793 3711 1178 3779 diaconorum,
1243 3716 1669 3778 cieterorumque
1727 3707 2082 3762 ecclesiastici

492 3800 702 3858 ordinis
757 3799 1154 3864 ministrorum,
1211 3812 1243 3850 a
1298 3796 1457 3851 totius
1512 3795 1782 3862 muneris,
1827 3795 1881 3849 id
1925 3804 2006 3850 est
2048 3812 2079 3850 a

489 3903 676 3954 manu,
709 3904 744 3942 a
771 3887 976 3958 lingua,
1010 3893 1100 3940 aut
1129 3884 1390 3956 obsequio
1433 3883 1694 3950 indebito,
1740 3884 1891 3952 juxta
1933 3884 2076 3956 quod

488 3975 756 4032 Dominus
783 3989 883 4045 per
911 3974 1228 4044 prophetam
1257 3972 1519 4043 pmcipit,
1571 3979 1832 4043 quantum
1874 3973 2074 4043 patitur

485 4064 726 4118 humana
772 4061 1039 4132 fragilitas
1064 4102 1077 4129 ,
1126 4061 1358 4116 mundas
1401 4068 1452 4115 et
1498 4061 1680 4116 cordis
1729 4069 1782 4116 et
1824 4061 2072 4132 corporis

483 4167 676 4206 manus
707 4150 957 4206 exhibeat
985 4169 1004 4206 :
1034 4165 1104 4206 ne
1140 4165 1247 4204 uno
1295 4149 1598 4221 eodemque
1638 4149 1820 4222 gladio
1851 4157 1905 4204 et
1930 4149 2069 4204 dan-

481 4248 592 4296 tem
640 4246 692 4294 et
736 4238 1091 4308 accipientem
1141 4253 1338 4292 munus
1394 4237 1700 4306 interimat,
1773 4244 1823 4292 et
1883 4238 2068 4295 illicito

479 4344 706 4384 munere
759 4327 1009 4399 polluens
1062 4343 1291 4395 manus,
1349 4326 1469 4380 aliis
1522 4342 1581 4382 se
1630 4326 2063 4382 benedictionem

2199 1775 2460 1838 ministris
2488 1784 2671 1839 altaris
2699 1785 2922 1841 minime
2947 1787 3220 1856 convenit,
3255 1785 3526 1842 defunctis
3551 1786 3791 1857 presby-

2201 1872 2350 1938 teris,
2377 1872 2526 1942 juxta
2558 1873 2702 1944 quod
2731 1873 3033 1930 didicerant
3062 1874 3310 1930 viduatas
3331 1874 3588 1930 ecclesias
3617 1873 3797 1930 facul-

2199 1968 2335 2016 tates
2365 1961 2587 2026 habere,
2621 1961 2814 2017 exenia
2843 1978 2942 2033 pro
2973 1963 3058 2017 his
3100 1962 3411 2019 obtinendis
3452 1971 3791 2034 exegerunt;

2199 2057 2252 2104 et
2279 2049 2482 2122 gradus
2509 2049 2913 2106 ecclesiasticos
2945 2051 3024 2106 eis
3041 2067 3149 2106 non
3170 2051 3477 2106 tribuebant
3492 2059 3790 2122 antequam

2198 2137 2304 2191 illis
2325 2137 2516 2192 eadem
2537 2137 2726 2192 exenia
2746 2137 3187 2208 persolverentur
3209 2159 3224 2206 ;
3255 2147 3308 2195 et
3325 2139 3562 2211 synodos
3581 2146 3790 2195 temere

2197 2224 2636 2296 frequentabant,
2670 2233 2727 2280 ut
2756 2225 2988 2282 factione
3019 2225 3388 2282 ministrorum
3429 2243 3646 2282 suorum
3693 2227 3789 2282 di-

2196 2329 2355 2369 verso
2383 2314 2546 2369 modo
2575 2314 2832 2370 denarios
2863 2315 3015 2386 quasi
3043 2331 3145 2386 pro
3175 2316 3408 2388 eulogiis
3437 2315 3746 2386 acciperent
3771 2333 3787 2382 ;

2197 2409 2268 2469 et,
2305 2402 2449 2472 quod
2478 2402 2624 2458 dictu
2652 2402 2806 2458 nefas
2836 2411 2938 2470 est,
2965 2403 3126 2458 etiam
3154 2420 3254 2476 pro
3302 2404 3442 2460 sacri
3484 2404 3790 2458 chrismatis

2195 2489 2622 2560 dispensatione,
2681 2491 2769 2545 vel
2825 2490 2895 2546 de
2948 2491 3302 2547 ecclesiarum
3351 2491 3787 2558 consecratione,

2197 2593 2535 2650 quaecunque
2553 2577 2918 2634 emolumenta
2938 2578 3156 2651 ingenio
3173 2588 3429 2651 caperent
3448 2599 3462 2648 ;
3485 2587 3538 2636 et
3557 2595 3793 2636 necesse

2196 2673 2277 2720 est
2306 2673 2365 2720 ut
2391 2673 2576 2721 contra
2605 2665 2867 2737 pestifera
2913 2668 3233 2723 morborum
3276 2684 3498 2741 genera,
3545 2667 3790 2723 salubria

2193 2753 2714 2810 medicamentorum
2747 2771 3050 2826 quaeramus
3080 2757 3451 2827 experimenta
3483 2774 3497 2811 :
3528 2755 3686 2812 sicuti
3728 2763 3792 2811 et

2193 2841 2262 2896 de
2321 2857 2513 2897 manus
2567 2842 2932 2914 impositione,
2982 2845 3058 2898 ita
3105 2851 3159 2900 et
3211 2845 3280 2900 de
3325 2845 3427 2900 hac
3473 2843 3790 2900 simoniacae

2193 2929 2469 2986 haereseos
2523 2930 2808 3004 ingeniosa
2863 2939 2916 2988 et
2969 2931 3108 2988 male
3155 2933 3400 2988 studiosa
3455 2931 3744 2990 collatione
3769 2975 3787 3000 ,

2194 3018 2449 3088 quiddam
2507 3035 2632 3074 eum
2688 3019 2938 3091 accipere
3003 3020 3378 3077 interdicimus
3409 3062 3424 3088 ,
3498 3027 3792 3077 monentes

2121 3071 2171 3136 Ο
2193 3071 2346 3162 illum
2372 3106 2652 3162 attendere
2680 3071 3155 3164 comminationem
3183 3109 3398 3165 Domini
3409 3071 3527 3180 'per
3550 3109 3792 3180 prophe-

2193 3201 2301 3248 tam
2322 3193 2552 3250 dicentis
2579 3213 2593 3250 :
2617 3197 2694 3252 Ne
2707 3199 2855 3268 forte
2871 3197 3195 3268 egrediatur
3209 3201 3275 3253 ut
3294 3199 3444 3270 ignis
3463 3197 3787 3270 indignatio

2191 3299 2316 3338 mea
2337 3287 2394 3338 et
2408 3283 2806 3350 succendatur,
2823 3289 2878 3340 et
2888 3303 3001 3342 non
3015 3287 3090 3341 sit
3100 3287 3196 3359 qui
3211 3287 3541 3358 exstinguat
3547 3302 3684 3358 prop
3692 3289 3787 3340 ter

2191 3373 2478 3426 malitiam
2489 3371 2810 3428 studiorum
2821 3377 3134 3429 vestrorum
3145 3372 3788 3445 (Jerem.xx1,12).Unde

2186 3458 2380 3514 iterum
2399 3459 2570 3515 iratus
2590 3460 2721 3516 dicit
2744 3478 2758 3515 :
2791 3462 3028 3518 Visitabo
3045 3479 3215 3535 super
3230 3479 3321 3518 vos
3329 3465 3509 3534 juxta
3523 3464 3788 3534 fructum

2185 3547 2505 3604 studiorum
2531 3553 2846 3606 vestrorum
2871 3549 3050 3619 (ibid,
3089 3551 3198 3619 14).

2256 3635 2448 3690 Verbis
2477 3650 2695 3707 quoque
2723 3635 2869 3692 beati
2899 3637 3154 3710 Gregorii
3182 3653 3306 3693 eum
3335 3652 3637 3705 monemus,
3669 3635 3783 3692 illi-

2181 3739 2286 3794 que
2305 3722 2698 3793 interdicimus,
2723 3733 2782 3778 ut
2801 3725 3119 3781 sacerdotes
3140 3742 3240 3796 per
3260 3741 3414 3781 suam
3433 3725 3774 3798 parochiam,

2179 3811 2390 3882 quoties
2431 3811 2500 3866 ad
2542 3812 2946 3885 consignandos
2987 3814 3226 3869 infantes
3277 3830 3538 3888 egressus
3583 3813 3773 3881 fuerit,

2177 3897 2316 3954 ultra
2345 3899 2566 3955 modum
2597 3916 2828 3972 gravare
2859 3901 3080 3957 minime
3110 3902 3328 3971 debeat,
3366 3918 3470 3960 nec
3499 3917 3778 3958 summam

2173 3986 2497 4053 collationis,
2550 4003 2658 4059 qua
2707 3987 2790 4044 sui
2832 3989 3290 4060 praedecessores,
3343 3991 3434 4062 qui
3478 3993 3582 4048 hoc
3626 3991 3774 4046 bene

2169 4075 2597 4131 misericorditer
2626 4091 2692 4133 ac
2719 4077 3130 4142 rationabiliter,
3163 4086 3322 4151 atque
3361 4079 3534 4136 sacris
3561 4078 3778 4136 consti-

2170 4163 2468 4220 tutionibus
2544 4165 2783 4221 exsecuti
2847 4174 2970 4222 sunt
3044 4167 3431 4224 convenienter
3451 4209 3466 4235 ,
3529 4168 3776 4224 contenti

2167 4249 2401 4317 fuerunt,
2435 4253 2680 4308 excedat.
2714 4255 2781 4310 Et
2809 4253 2880 4308 de
2912 4255 3141 4325 capellis
3171 4255 3468 4327 antiquitus
3510 4254 3774 4324 subjectis

2171 4339 2443 4406 ecclesiis,
2477 4356 2584 4396 non
2614 4340 2903 4413 aequalem,
2939 4342 3080 4399 sicut
3106 4342 3175 4398 de
3195 4343 3586 4416 principalibus
3603 4342 3786 4400 eccle-

477 4417 662 4473 credat
689 4416 941 4482 tribuere.
992 4431 1116 4504 cum
1160 4413 1325 4504 fuerit
1366 4415 1481 4482 iam
1523 4414 1758 4504 Ριξοιπίεθ
1800 4414 2068 4486 iniquum
2096 4424 2149 4485 D
2172 4427 2288 4494 siis,
2337 4428 2684 4484 collationem
2735 4429 2956 4503 exigat;
3007 4432 3105 4487 sed
3154 4413 3469 4504 principalis
3515 4431 3775 4501 ecclesia,

474 4505 794 4575 substratus,
827 4513 881 4560 et
926 4520 1026 4558 sua
1057 4503 1408 4558 nihilominus
1451 4502 1748 4558 ambitione
1802 4503 2067 4574 captivus.

480 4594 563 4650 Ab
592 4595 672 4650 eis
700 4593 864 4649 etiam
896 4607 1032 4664 quos
1060 4590 1394 4647 ordinaverit
1433 4589 1733 4646 indebitum
1779 4599 1831 4646 et
1882 4600 2069 4646 contra

473 4697 658 4739 sacras
687 4680 911 4753 regulas
938 4679 1041 4734 sibi
1066 4685 1466 4734 sacramentum
1489 4677 1605 4734 fieri
1624 4695 1734 4734 non
1754 4680 2065 4750 compellat.

479 4771 590 4828 Sed
619 4769 756 4824 sicut
785 4768 1068 4837 Dominus,
1101 4767 1362 4837 praescius
1392 4768 1682 4823 nonnullos
1702 4768 1911 4838 accepti
1939 4784 2067 4822 san-

480 4857 553 4912 cti
582 4856 814 4927 Spiritus
844 4857 1046 4912 donum
1078 4855 1133 4911 in
1162 4871 1319 4910 usum
1350 4855 1732 4928 negotiationis
1753 4855 2064 4925 inﬂexuros,

473 4943 735 5016 praecepit
777 4944 966 4999 dicens
1026 4961 1040 4998 :
1103 4944 1289 5000 Gratis
1340 4945 1656 5017 accepistis,
1705 4945 1883 5015 gratis
1938 4945 2068 5000 date

477 5032 697 5102 (Matth.
732 5032 856 5103 xx).
891 5031 1048 5099 Quod
1074 5033 1271 5104 gratis,
1305 5032 1358 5089 id
1390 5041 1472 5088 est
1501 5032 1619 5086 sine
1645 5031 1751 5086 ulla
1781 5031 2066 5089 venalitate

471 5119 581 5176 dati
638 5119 725 5176 vel
780 5120 1016 5191 accepti,
1079 5129 1171 5177 aut
1219 5121 1380 5178 etiam
1428 5119 1684 5192 promissi
1733 5120 1821 5176 vel
1867 5122 2067 5192 sperati

470 5207 738 5274 muneris,
763 5217 1021 5280 quantum
1049 5227 1114 5267 ex
1146 5211 1304 5267 nobis
1333 5217 1436 5277 est,
1469 5209 1746 5280 (caeterum
1776 5209 1892 5280 ipse
1922 5209 2067 5266 vide-

469 5297 536 5352 rit
565 5297 774 5353 habens
803 5297 1150 5355 conscientiae
1179 5315 1294 5354 suae
1323 5305 1536 5364 testem,
1570 5314 1733 5369 quem
1760 5297 1983 5354 habebit
2011 5307 2064 5354 et

461 5393 727 5464 iudicem)
751 5411 851 5466 per
879 5395 1238 5453 ministerium
1265 5402 1464 5450 nostra:
1495 5393 1804 5468 exiguitatis
1832 5395 2058 5466 accepit,

463 5491 581 5551 Suis
609 5491 766 5551 etiam
799 5493 1189 5552 comministris
1232 5491 1407 5570 gratis
1454 5492 1716 5562 conferat,
1767 5492 1947 5550 sciens
1994 5508 2061 5549 ex

2170 4531 2295 4571 cum
2337 4517 2440 4572 sibi
2489 4516 2746 4587 subjectis
2792 4519 3039 4589 capellis,
3091 4520 3328 4576 debitam
3375 4529 3428 4578 et
3472 4520 3775 4593 antiquitus

2169 4611 2489 4660 consuetam
2546 4606 2890 4662 collationem
2947 4607 3209 4664 conferat.
3259 4608 3592 4680 Principales
3633 4624 3776 4666 vero

2167 4692 2430 4749 ecclesias
2458 4693 2578 4748 aliis
2597 4693 2846 4751 ecclesiis
2863 4694 2985 4752 loco
3001 4696 3336 4766 capellarum
3351 4713 3461 4753 non
3483 4697 3766 4766 subjiciat:

2168 4781 2298 4852 quia
2329 4781 2632 4838 secundum
2661 4798 2849 4838 sacros
2879 4799 3116 4840 canones
3161 4799 3272 4842 non
3316 4785 3444 4842 licet
3489 4785 3770 4858 episcopis

2165 4869 2480 4938 parochiam
2536 4869 2830 4942 antiquitus
2887 4872 3234 4928 constitutam
3277 4873 3579 4930 inconsulte
3620 4889 3766 4930 con-

2165 4955 2396 5013 fundere
2417 4965 2580 5028 atque
2600 4957 2866 5015 dividere.
2890 4960 2975 5016 Ne
2995 4961 3418 5019 mansionaticos
3437 4962 3550 5017 suis
3563 4961 3765 5018 amicis

2165 5052 2258 5099 aut
2288 5045 2403 5100 suis
2432 5045 2743 5102 hominibus
2769 5062 2800 5102 a
2828 5049 3163 5121 presbyteris
3211 5051 3396 5122 parari
3441 5050 3624 5107 faciat.
3675 5051 3765 5108 Ne

2164 5132 2328 5189 etiam
2361 5133 2517 5204 quasi
2542 5134 2612 5188 ad
2642 5135 3010 5207 receptionem
3055 5139 3227 5212 regis,
3273 5139 3360 5196 vel
3401 5138 3761 5212 legationem,

2163 5228 2256 5277 aut
2301 5221 2373 5277 ad
2417 5229 2642 5279 ornatus
2687 5240 2800 5281 sua
2845 5225 3094 5282 ecclesiae
3143 5217 3448 5294 faeiendos,
3490 5227 3764 5297 adjutoria

2163 5309 2322 5380 quasi
2349 5310 2603 5381 petendo,
2634 5311 2815 5383 potius
2841 5321 3026 5370 autem
3053 5315 3346 5388 exigendo,
3387 5315 3641 5372 denarios
3666 5315 3762 5372 vel

2159 5397 2418 5466 caballos,
2451 5407 2541 5455 aut
2568 5415 2770 5466 verres,
2802 5409 2892 5457 aut
2919 5401 3234 5476 friskingas,
3285 5411 3380 5460 aut
3415 5404 3486 5460 ad
3514 5404 3619 5460 iter
3646 5403 3759 5460 ali-

2159 5496 2304 5568 quod
2329 5497 2716 5570 paraveredos,
2748 5506 2841 5556 aut
2867 5499 2974 5556 alia
3001 5500 3252 5571 qualibet
3279 5501 3532 5574 accipiat,
3575 5500 3631 5558 id
3669 5509 3763 5558 est
