4088 6180
429 305 536 362 275

1354 302 1695 358 HINCMARI
1732 298 2133 358 RHEMENSIS
2171 298 2727 356 ARCHIEPISCOPI.

3630 303 3736 357 2'76

447 426 728 480 hominum
771 441 838 481 ac
881 424 1228 482 cobaredum
1272 425 1651 490 consistentes,
1692 431 1749 477 ut
1790 439 1903 478 sua
1929 431 2039 477 tra-
2067 423 2243 493 Aper
2272 437 2458 478 sacros
2503 437 2740 479 canones
2768 421 2835 476 sit
2863 421 3282 494 metropolitano
3329 421 3642 489 commissa,
3672 423 3742 478 ad

443 513 648 569 dantur
681 514 948 582 ecclesia,
999 529 1110 569 non
1137 513 1298 568 debet
1327 528 1527 585 cogere
1560 529 1572 565 :
1606 511 1706 566 sed
1744 511 2041 567 secundum

445 601 724 674 synodalia
753 609 807 656 et
839 601 1138 672 imperialia
1167 600 1417 671 capitula,
1467 616 1589 670 qua
1616 600 1888 672 regularia
1917 616 2040 655 esse

449 690 646 760 probat
674 689 940 755 Ecclesia,
974 697 1184 761 satagat
1214 697 1478 760 quatenus
1494 689 1636 744 dotis
1657 689 2036 756 immunitates,

444 777 584 833 sicut
615 785 824 833 catera
847 777 1114 843 ecclesia,
1146 776 1468 832 auctoritate
1515 777 1664 849 regis
1693 777 1946 842 habeant,
1987 783 2043 831 et

443 864 576 937 ipsa
606 865 674 920 ab
705 865 911 920 eisdem
939 865 1128 920 liberis
1157 864 1464 920 hominibus
1505 864 1794 935 potiantur.
1827 863 2039 919 Talem-

444 969 548 1026 que
576 970 654 1022 se,
688 961 1016 1024 cOOperante
1066 953 1318 1023 Domino,
1353 953 1409 1008 in
1438 953 1646 1009 cunctis
1677 952 1948 1020 exhibeat,
1983 961 2040 1008 ut

442 1056 658 1097 sacrum
705 1041 1060 1097 ministerium
1105 1058 1215 1096 non
1265 1041 1578 1112 vituperet:
1623 1041 1714 1112 qui
1762 1041 1923 1097 etiam
1969 1040 2038 1095 ab

439 1129 524 1185 his
551 1129 644 1200 qui
673 1129 803 1184 foris
833 1139 956 1184 sunt
985 1129 1354 1184 testimonium
1392 1130 1593 1184 bonum
1632 1129 1784 1198 juxta
1811 1137 2038 1200 aposto-

441 1217 599 1274 licam
629 1217 932 1273 doctrinam
961 1217 1164 1273 habere
1193 1217 1374 1272 debet.
1397 1216 1538 1272 Nam
1559 1217 1710 1286 cujus
1731 1217 1840 1272 vita
1861 1217 2041 1289 despi-

440 1305 598 1372 citur,
653 1313 823 1360 restat
853 1313 912 1360 ut
940 1312 994 1360 et
1020 1305 1330 1375 pradicatio
1377 1313 1752 1360 contemnatur
1785 1322 1800 1360 :
1836 1313 2040 1360 etcum

439 1401 630 1465 pastor
657 1409 758 1464 per
784 1394 1009 1464 abrupta
1040 1393 1304 1466 graditur,
1339 1393 1478 1448 solet
1507 1391 1626 1448 ﬁeri
1659 1401 1717 1447 ut
1745 1393 1815 1448 ad
1845 1393 2039 1464 praci-

442 1481 632 1552 pitium
663 1497 799 1551 grex
829 1489 1104 1553 sequatur.
1135 1482 1205 1536 Et
1233 1498 1300 1538 ne
1329 1497 1656 1554 quemquam
1685 1481 2040 1538 ecclesiastici

439 1568 645 1624 ordinis
672 1569 996 1634 ministrum,
1031 1569 1320 1626 occasione
1350 1569 1518 1641 turpis
1561 1569 1714 1634 lucri,
1749 1577 1806 1624 ut
1835 1569 2037 1641 aliquid

440 1656 512 1714 ab
539 1672 606 1712 eo
633 1657 880 1712 absoluto
915 1657 1113 1728 capiat,
1147 1665 1336 1713 contra
1366 1673 1553 1714 sacras
1584 1659 1799 1730 regulas
1829 1674 2040 1713 excom-

446 1847 724 1905 exponens
753 1833 1075 1889 sententiam
1105 1833 1254 1888 Pauli
1281 1833 1542 1904 apostoli:
1567 1836 1800 1906 Auferte
1820 1836 2038 1891 malum

451 1938 526 1977 ex
554 1922 700 1978 vobis
729 1923 780 1992 (Ι
806 1923 924 1979 Cor.
959 1921 1037 1992 v),
1071 1922 1426 1988 demonstrat,
1461 1937 1570 1978 non
1597 1929 1799 1978 temere
1831 1931 1884 1978 et
1909 1939 2042 1994 quo-

446 2009 764 2076 modolibet,
797 2010 894 2066 sed
922 2026 1024 2080 per
1044 2010 1306 2080 judicium
1351 2009 1631 2066 auferendi
1670 2019 1795 2066 sunt
1821 2011 1948 2068 mali
1975 2012 2044 2068 ab

448 2097 694 2154 ecclesia
735 2098 1136 2154 communione.
1183 2099 1348 2154 Multo
1393 2099 1570 2172 magis
1615 2107 1794 2154 autem
1841 2115 2044 2156 caven-

449 2187 579 2242 dum
608 2194 710 2256 est,
738 2202 808 2242 ne
839 2187 958 2242 sine
1001 2187 1240 2260 regulari
1279 2187 1486 2257 judicio
1532 2187 1766 2243 ministri
1795 2188 2044 2244 ecclesia

447 2273 624 2330 officio
653 2289 754 2330 suo
783 2275 1084 2346 priventur.
1119 2274 1478 2346 QuaprOpter,
1513 2276 1652 2332 sicut
1671 2275 1866 2332 beatus
1885 2275 2045 2332 docet

451 2362 774 2434 Gregorius,
807 2363 853 2417 si
885 2362 1016 2434 quid
1045 2362 1113 2417 de
1159 2379 1482 2436 quocunque
1529 2364 1728 2420 clerico
1766 2365 1838 2418 ad
1885 2380 2046 2420 aures

453 2465 581 2505 suas
621 2451 938 2521 pervenerit
983 2450 1125 2523 quod
1177 2467 1300 2506 eum
1335 2453 1482 2521 juste
1528 2460 1714 2523 posset
1743 2451 2044 2520 oﬁ'endere,

450 2537 608 2595 facile
637 2554 746 2594 non
775 2539 976 2608 credat,
1008 2554 1110 2596 nec
1141 2539 1210 2595 ad
1240 2538 1534 2597 vindictam
1559 2540 1712 2596 illum
1742 2557 1833 2596 res
1861 2557 2053 2596 accen-

455 2626 546 2682 dat
592 2626 887 2700 incognita,
935 2628 1221 2684 attendens
1262 2629 1408 2700 quod
1451 2628 1705 2700 scriptum
1735 2637 1818 2684 est
1850 2645 1864 2684 :
1901 2631 2049 2686 Cau-

459 2733 583 2773 sam
613 2732 781 2789 quam
812 2717 1144 2782 nesciebam,
1187 2718 1618 2789 diligentissime
1647 2719 2050 2790 investigabam

455 2804 572 2876 (Job
599 2819 758 2874 xxix,
795 2805 902 2876 l6).
936 2804 1006 2860 Et
1035 2805 1394 2876 prasentibus
1438 2805 1746 2862 senioribus
1791 2805 2054 2864 Ecclesia

459 2907 572 2948 sua
600 2891 891 2966 diligenter
917 2893 1196 2949 veritatem
1225 2895 1556 2964 perscrutari
1598 2895 1776 2951 modis
1804 2895 2053 2950 omnibus

458 2980 708 3046 studeat;
739 2988 793 3034 et
819 2987 967 3048 tunc,
1019 2981 1066 3036 si
1096 2981 1327 3052 qualitas
1372 2983 1453 3037 rei
1497 2982 1830 3053 poposcerit,
1882 2998 2053 3040 cano-

461 3066 600 3123 nica
625 3067 892 3123 districtio
919 3069 1130 3141 culpam
1161 3069 1318 3125 feriat
1345 3070 1730 3142 delinquentis,
1750 3072 2051 3128 secundum

2141 510 2388 566 eamdem
2415 510 2761 581 metmpolim
2807 525 2984 576 suam,
3018 510 3176 566 sicuti
3202 511 3272 566 ad
3302 519 3550 578 matrem,
3584 518 3643 565 ut
3671 525 3739 566 ex

2139 599 2257 668 ejus
2297 598 2576 654 catholicis
2606 597 2870 654 uberibus
2900 598 3176 653 salubrem
3227 605 3384 669 sugat
3412 598 3739 660 doctrinam,

2139 685 2433 750 humiliter,
2465 702 2528 742 ac
2557 685 2765 754 sedulo,
2802 693 2963 758 atque
2993 685 3309 742 obedienter
3335 701 3620 741 monemus
3649 703 3740 740 re-

2141 789 2385 830 currere.
2437 774 2506 828 Et
2536 789 2644 828 non
2689 773 2918 844 amplius
2963 789 3126 845 quam
3159 772 3261 829 sibi
3289 790 3390 845 per
3417 789 3607 830 sacras
3641 789 3739 828 re-

2141 861 2298 934 gulas
2325 870 2409 916 est
2439 877 2779 928 consessum,
2811 859 3049 916 indebite
3091 877 3355 932 usurpare
3391 880 3405 915 :
3437 878 3562 917 cum
3586 869 3740 919 tanto

2141 950 2418 1006 charitatis
2469 965 2534 1006 ac
2582 949 2898 1005 humilitatis
2944 949 3152 1021 glutino
3193 951 3481 1022 praceptis
3533 951 3740 1006 saluta-

2141 1038 2288 1092 ribus
2319 1037 2388 1092 ad
2419 1037 2649 1093 invicem
2671 1037 2842 1092 simus
2863 1038 3112 1104 connexi,
3144 1045 3203 1092 ut
3230 1038 3443 1094 dicente
3465 1037 3568 1092 sibi
3587 1053 3746 1092 man-

2140 1127 2269 1182 dato
2299 1126 2482 1181 divino
2513 1127 2831 1198 :Interroga
2845 1129 3067 1198 patrem
3091 1131 3274 1192 tuum,
3295 1132 3352 1182 ct
3367 1127 3744 1182 annuntiabit

2142 1215 2280 1283 tibi;
2307 1217 2549 1286 majores
2580 1217 2724 1280 tuos,
2759 1219 2816 1270 et
2853 1215 3047 1270 dicent
3076 1214 3178 1270 tibi
3205 1213 3389 1283 (Deut.
3423 1227 3526 1279 xu,
3558 1215 3650 1285 7);
3683 1222 3743 1270 et

2140 1301 2300 1358 nobis
2327 1320 2339 1356 :
2364 1305 2652 1358 Rectorem
2684 1305 2736 1357 te
2762 1306 3094 1374 posuerunt,
3118 1303 3238 1358 noli
3257 1303 3478 1367 extolli,
3504 1302 3598 1358 sea‘
3617 1307 3740 1359 esto

2140 1393 2204 1446 in
2232 1391 2356 1446 illis
2385 1393 2549 1464 quasi
2567 1407 2716 1446 unus
2737 1407 2811 1445 ea:
2829 1391 2967 1462 ipsis
2988 1389 3182 1461 (Eccli.
3206 1404 3393 1450 xxx".
3414 1389 3498 1460 l);
3521 1397 3606 1444 et:
3632 1390 3742 1457 Qui

2140 1482 2324 1552 major
2335 1483 2419 1535 est
2441 1495 2531 1534 ves
2539 1483 2709 1543 trum,
2726 1481 2839 1534 erit
2852 1479 3118 1534 minister
3134 1483 3315 1533 vester
3329 1478 3550 1550 (Matth.
3565 1492 3716 1534 mm!
3727 1522 3742 1546 ,

2140 1568 2236 1638 11)
2272 1585 2286 1622 :
2319 1566 2698 1623 obedientibus
2761 1566 2969 1622 scilicet
3035 1565 3390 1621 ministrando
3454 1574 3741 1636 paternam

2137 1656 2467 1725 doctrinam,
2499 1663 2550 1712 et
2581 1653 3040 1719 inobedientibus,
3073 1655 3220 1726 quod
3247 1653 3474 1723 majoris
3503 1661 3606 1720 est,
3641 1670 3741 1711 re-

383 1800 393 1813 ,
442 1745 702 1811 municet,
749 1745 1077 1800 inhibemus.
1130 1744 1291 1814 Quia,
1325 1753 1384 1801 ut
1412 1754 1630 1802 sanctus
1677 1745 2035 1819 Augustinus,
2067 1773 2121 1833 Β
2149 1744 2395 1818 gularem
2435 1743 2712 1800 charitatis
2753 1743 3152 1814 correptionem

3199 1759 3212 1796 :
3247 1757 3364 1825 [nos
3411 1741 3638 1798 fratrum
3685 1751 3746 1798 et

2149 1831 2599 1889 consacerdotum
2627 1839 2936 1887 vestrorum
2983 1829 3292 1886 salubribus
3332 1830 3630 1886 debeamus
3658 1829 3742 1885 uti

2145 1919 2406 1988 consiliis,
2439 1927 2492 1976 et
2522 1920 2623 1991 ipsi
2656 1919 2878 1975 obedire
2906 1918 3144 1990 paternis
3175 1933 3239 1974 ac
3266 1917 3606 1988 regularibus
3626 1934 3748 1972 mo-

2143 2009 2289 2064 nitis.
2321 2009 2459 2064 Hinc
2507 2024 2663 2081 ergo,
2712 2015 2766 2064 et
2805 2007 2923 2064 hac
2953 2014 3005 2062 et
3035 2006 3142 2062 alia
3187 2013 3456 2078 pracepta
3501 2005 3746 2060 salubria

2145 2097 2478 2163 observanti,
2510 2097 2720 2152 devotis
2759 2095 2955 2150 animis
2981 2111 3082 2151 vos
3124 2095 3476 2166 obsequendo
3517 2093 3748 2149 obedire

2147 2193 2378 2257 oportet,
2411 2192 2466 2240 ut
2494 2183 2968 2256 irreprehensibile
3005 2183 3388 2254 placidumque
3416 2181 3510 2237 fiat
3537 2197 3748 2251 corpus

2146 2273 2428 2342 Ecclesia,
2461 2289 2560 2344 per
2588 2273 2863 2328 Christum
2891 2271 3182 2328 Dominum
3209 2277 3476 2332 nostrum,
3494 2269 3590 2342 qui
3612 2269 3752 2324 vivit

2147 2371 2201 2420 et
2238 2369 2432 2434 regnat
2473 2376 2598 2418 cum
2646 2363 2760 2416 Deo
2802 2361 2962 2416 Patre
3009 2359 3396 2432 omnipotente,
3440 2358 3495 2412 in
3534 2357 3745 2414 unitate

2151 2451 2380 2524 Spiritus
2410 2451 2584 2506 sancti
2615 2451 2782 2516 Deus,
2812 2464 2910 2520 per
2939 2447 3118 2503 omnia
3147 2446 3346 2504 sacula
3390 2445 3740 2502 saculorum.

2147 2543 2342 2596 Amen.

2220 2627 2543 2682 Hincmarus
2589 2633 2788 2681 sancta
2829 2623 3145 2695 metropolis
3190 2623 3452 2680 Ecclesia
3500 2623 3746 2679 [them-

2151 2713 2612 2786 rum'episcopus,
2646 2721 2700 2770 et
2727 2713 2902 2785 plebis
2930 2712 3031 2768 Dei
3053 2711 3306 2778 famulus,
3339 2719 3390 2766 et
3419 2710 3752 2767 venerabilis

2151 2803 2336 2861 fratris
2366 2801 2648 2860 Hedenulﬁ
2678 2803 2733 2856 in
2763 2809 2950 2858 sancta
2979 2799 3322 2856 Laudunensi
3350 2799 3618 2868 Ecclesia,
3657 2797 3748 2854 fa-

2151 2900 2310 2949 vente
2343 2892 2442 2948 Dei
2472 2891 2662 2964 gratia,
2695 2889 2991 2955 ordinator,
3025 2888 3110 2942 his
3136 2887 3326 2944 litteris
3363 2886 3661 2956 canonicis,
3693 2896 3757 2942 et

2153 2981 2404 3037 ordinato
2444 2989 2498 3036 et
2543 2979 2868 3037 electoribus
2916 2977 3087 3048 ipsius
3131 2975 3348 3048 publice
3394 2975 3556 3043 datis,
3603 2991 3753 3031 anno

2155 3069 2544 3126 Incarnationis
2617 3067 2917 3124 Dominica
2971 3067 3094 3131 8'77,
3153 3079 3292 3120 anno
3358 3072 3539 3120 autem
3590 3065 3752 3136 regni

457 3155 707 3212 ordinem
736 3172 769 3211 a
797 3156 968 3212 sacris
1005 3123 1219 3232 regulis
1252 3123 1622 3230 propositum.
1670 3159 1740 3214 Et
1764 3167 1822 3215 ut
1861 3169 2055 3217 cuncta
2083 3123 2340 3214 Clldomni
2386 3157 2567 3214 Caroli
2614 3155 2954 3227 imperatoris
2991 3169 3216 3220 xxxv“,
3260 3162 3314 3208 et
3356 3169 3497 3210 anno
3537 3151 3759 3224 imperii

461 3244 616 3301 brevi
645 3245 862 3316 cingulo
891 3246 1344 3319 perstringamus,
1391 3247 1526 3301 nihil
1564 3263 1662 3318 per
1687 3256 2054 3321 contemptum

462 3333 860 3390 contumaciter
904 3333 1084 3405 faciat,
1117 3335 1206 3390 vel
1237 3334 1356 3392 ﬁeri
1389 3336 1446 3392 in
1473 3335 1730 3408 parochia
1781 3353 1878 3392 sua
1922 3354 2055 3410 per-

459 3423 650 3491 mittat,
685 3429 946 3496 quantum
977 3439 1042 3478 ex
1070 3423 1192 3495 ipso
1221 3423 1400 3492 fuerit,
1443 3425 1589 3497 quod
1629 3425 1698 3480 sit
1727 3426 2058 3498 evangelica

463 3509 699 3577 veritati,
729 3519 782 3566 et
813 3511 1124 3582 apostolica
1146 3513 1444 3579 traditioni,
1496 3520 1586 3568 aut
1637 3513 1809 3570 sacris
1851 3514 2058 3586 regulis

420 3592 762 3656 'inimicum.
808 3599 864 3656 Si
910 3608 1090 3671 autem
1145 3601 1348 3658 factum
1394 3602 1705 3676 contigerit.
1753 3605 2056 3674 arguendo,

465 3687 828 3754 obsecrando,
873 3688 1205 3760 increpando
1251 3691 1549 3746 secundum
1579 3691 1722 3762 quod
1751 3691 1945 3762 cuique
1974 3692 2060 3746 vi-

467 3775 608 3833 derit
635 3775 914 3848 expedire,
941 3777 1092 3846 juxta
1121 3777 1468 3834 traditionem
1487 3779 1775 3847 majorum,
1805 3785 2063 3851 quantum

469 3865 721 3936 potuerit,
753 3863 1042 3920 emendare
1072 3872 1344 3936 procuret.

543 3953 876 4008 Pastoralem
907 3952 1172 4024 siquidem
1204 3953 1445 4024 regulam
1473 3952 1616 4009 beati
1637 3952 1892 4026 Gregorii
1921 3970 2066 4010 men-

473 4047 545 4107 te,
577 4055 694 4108 ore,
727 4056 789 4096 ac
817 4057 1003 4106 manu,
1055 4049 1318 4114 quantum
1365 4043 1468 4098 sibi
1513 4042 1775 4098 Dominus
1819 4043 1956 4100 scire
2001 4059 2066 4099 ac

474 4125 638 4200 poése
667 4128 970 4194 contulerit,
1003 4128 1060 4183 in
1085 4129 1292 4184 cunctis
1319 4130 1476 4202 sequi
1513 4137 1784 4201 procuret.
1819 4129 2066 4186 Ministe-

475 4216 618 4272 rium
647 4215 850 4288 itaque,
883 4224 1154 4286 ornatum,
1185 4216 1273 4274 vel
1300 4218 1703 4290 patrimonium,
1745 4225 1906 4290 atque
1936 4218 2066 4275 red-

479 4303 620 4360 ditus
647 4305 736 4360 vel
772 4303 1054 4362 facultates
1101 4305 1365 4373 ecclesia,
1411 4315 1571 4378 prout
1614 4306 1768 4380 leges
1815 4306 2070 4363 divinitus

421 4384 434 4396 ”
476 4392 832 4466 promulgata
859 4391 1168 4466 praﬁgunt,
1202 4395 1412 4451 studeat
1441 4410 1788 4465 conservare,
1835 4396 2068 4466 amplia-

2155 3248 2272 3318 ejus
2303 3264 2364 3314 tt,
2398 3245 2718 3316 subscripsi.

2229 3335 2349 3392 Odo
2378 3335 2792 3406 Belgivacorum
2823 3331 3132 3405 episcopus,
3168 3330 3482 3403 subscripsi.

2227 3422 2576 3498 Raginelmus
2605 3419 3056 3492 Noviomagensis
3087 3419 3394 3491 episcopus,
3427 3417 3754 3488 subscripsi.

2224 3515 2464 3570 Joannes
2503 3509 2910 3568 Cameracensis
2955 3507 3217 3564 Ecclesia
3262 3507 3570 3578 episcopus,
3620 3506 3760 3560 sub-

2160 3601 2376 3672 scripsi.

2230 3688 2587 3745 Willebertus
2607 3686 3020 3743 Catalaunorum
3048 3683 3266 3740 humilis
3285 3683 3592 3755 episcOpus,
3622 3681 3760 3736 sub-

2162 3778 2378 3850 scripsi.

2233 3865 2587 3922 llildeboldus
2643 3861 3051 3920 Suessionensis
3124 3859 3392 3917 Ecclesia
3447 3857 3762 3930 episcopus,

2163 3954 2482 4025 subscripsi.

2235 4043 2506 4100 Geroldus
2550 4039 2930 4098 Ambianensis
2976 4037 3240 4095 Ecclesia
3283 4036 3592 4109 episcopus,
3625 4035 3763 4090 sub-

2167 4133 2380 4204 scripsi.

2237 4219 2574 4276 Hadebertus
2643 4215 3060 4272 Silvanectensis
3120 4213 3381 4272 Ecclesia
3445 4212 3760 4284 episcopus,

2169 4308 2483 4380 subscripsi.

2700 4420 3042 4478 EPISTOLA
3085 4421 3225 4476 LIII.

475 4498 554 4550 re,
588 4497 812 4555 augere,
847 4483 934 4539 vel
973 4482 1310 4554 dispensare,
1344 4491 1396 4540 et
1425 4483 1767 4540 monasteriis
1809 4483 1865 4539 in
1895 4499 2066 4554 paro-
2097 4476 2148 4536 D

477 4570 601 4628 chia
653 4587 754 4628 sua
807 4571 925 4627 sitis
979 4573 1295 4628 canonicam
1343 4573 1740 4644 providentiam
1797 4580 1970 4645 gerat,
2017 4579 2069 4627 et

483 4666 741 4732 quantum
783 4677 850 4715 ex
894 4660 1014 4731 ipso
1055 4659 1236 4728 fuerit,
1283 4660 1462 4716 debita
1501 4660 1806 4734 privilegia,
1841 4667 1894 4716 et
1922 4659 2068 4716 anti-

479 4763 642 4822 quam
671 4763 734 4804 ac
763 4747 1072 4819 regularem
1102 4749 1549 4806 consuetudinem
1597 4755 1796 4804 servet.
1830 4747 2068 4804 Ordina-

479 4837 656 4891 tiones
687 4851 819 4892 vero
847 4837 1308 4908 presbyterorum,
1341 4845 1395 4892 et
1424 4836 1756 4893 sacrosancti
1784 4836 2070 4908 baptisma-

481 4923 549 4978 tis
578 4932 980 4980 sacramentum
1011 4926 1310 4983 secundum
1353 4925 1694 4981 traditionem
1737 4923 2069 4980 ecclesiasti-

483 5025 603 5069 cam
629 5011 840 5068 studeat
867 5029 1051 5085 agere.
1657 5059 1663 5065 .

555 5102 654 5158 Cui
684 5103 845 5158 etiam
873 5102 1018 5170 licet,
1049 5103 1349 5175 inspirante
1369 5100 1552 5157 divina
1571 5101 1759 5174 gratia,
1785 5099 2072 5156 abundans

483 5192 624 5249 absit
652 5191 918 5258 doctrina,
969 5200 1148 5248 tamen
1204 5207 1302 5262 pro
1343 5189 1511 5246 nostri
1563 5187 1723 5246 ollicii
1769 5187 1973 5256 debito,
2005 5205 2073 5244 ex

482 5281 683 5338 scrinio
727 5288 928 5336 sancta
969 5279 1285 5350 metropolis
1332 5278 1662 5335 Rbemorum
1691 5277 2072 5334 documentum

484 5368 618 5424 dare
651 5367 992 5424 studebimus
1033 5367 1266 5439 qualiter
1310 5383 1387 5434 se,
1438 5373 1770 5437 cooperante
1816 5365 2071 5433 Domino,

485 5471 698 5513 morum
728 5456 1001 5528 probitate
1047 5463 1099 5512 et
1129 5453 1388 5511 doctrina
1422 5453 1600 5511 studio
1631 5455 1824 5512 debeat
1856 5469 2070 5526 gerere.

482 5555 672 5626 Ipsum
692 5571 824 5614 vero
855 5571 966 5612 non
993 5553 1238 5611 nescium
1269 5553 1410 5626 quod
1441 5553 1602 5611 totius
1630 5550 1925 5624 provincia
1943 5565 2076 5606 cura

2349 4555 2421 4596 ΑΙ)
2457 4553 2795 4596 FRANCONEM
2839 4550 3216 4592 τυΝσιιιςΝεΕιι
3251 4548 3578 4590 EPISCOPUM.

2467 4640 2724 4694 Fratrem
2749 4635 3052 4716 quemdam
3075 4633 3453 4692 commendat.

2329 4815 2341 4821 ἢ
2891 4749 3052 4805 (lbid.)

2241 4841 2697 4902 Reverentissimo
2724 4848 2778 4896 et
2806 4839 3149 4896 sanctissimo
3178 4835 3334 4894 fratri
3356 4835 3646 4892 Famcom
3667 4834 3777 4890 Ec-

2171 4932 2352 4990 clesia
2405 4929 2740 5003 Tungrensis
2803 4927 3081 5000 episcopo,
3149 4927 3496 4990 Hthuaaus,
3558 4929 3772 4978 sancta

2169 5019 2488 5092 metr0polis
2557 5019 2887 5074 Rhemorum
2950 5015 3212 5072 Ecclesia
3257 5013 3565 5085 episcopus,
3617 5019 3778 5083 optat

2171 5115 2498 5182 prasentem
2531 5114 2583 5163 et
2611 5113 2922 5178 perpetuam
2954 5105 3205 5160 salutem.

2241 5196 2466 5253 Noverit
2494 5193 2692 5252 dilecta
2718 5195 2957 5250 charitas
2987 5200 3167 5248 vestra
3195 5191 3318 5263 quia
3346 5189 3436 5246 hic
3464 5187 3636 5244 frater
3661 5202 3775 5242 no-

2173 5287 2318 5342 mine
2339 5283 2619 5340 Flodulfus
2641 5285 2764 5339 ideo
2787 5290 3028 5338 nostram
3049 5279 3279 5336 accessit
3299 5279 3368 5334 ad
3391 5277 3778 5343 humilitatem,

2175 5374 2299 5448 quia
2338 5375 2392 5429 in
2441 5381 2629 5429 nostro
2680 5372 2779 5427 fuit
2825 5371 2946 5428 loco
2989 5369 3220 5425 nutritus
3274 5375 3436 5440 atque
3493 5365 3778 5422 educatus.

2177 5463 2542 5533 Quamobrem
2564 5461 2850 5532 dirigimus
2872 5458 2941 5516 ad
2960 5474 3059 5515 vos
3080 5459 3180 5512 has
3199 5457 3425 5521 litteras,
3445 5462 3504 5510 ut
3517 5453 3787 5511 libentius

2178 5567 2301 5610 cum
2331 5551 2566 5609 charitas
2612 5557 2796 5608 vestra
2823 5547 3067 5620 recipiat.
3098 5547 3170 5602 Et
3197 5545 3326 5621 quia
3355 5545 3456 5601 sub
3504 5542 3780 5616 regimine
