4088 6180
338 285 448 341 2⁵77
1724 283 1925 340 EPIST

2026 285 2100 341 [Ε.
2865 327 2874 333 .
3387 283 3396 294 '
3519 295 3626 352 27a

337 415 523 464 vestro
549 405 748 462 abhinc
772 406 828 461 in
858 415 984 462 ante
1019 407 1226 479 gradus
1278 407 1527 479 accipere
1563 415 1614 464 et
1645 409 1760 464 Deo
1791 409 1930 464 mili-
1958 410 2015 471 A
2037 411 2152 480 rtis,
2185 420 2237 468 et
2282 411 2640 469 ecclesiarum
2695 413 3098 485 violationibus,
3151 414 3379 488 aliisque
3425 432 3626 490 quam-

339 504 459 551 tare
489 495 787 561 desiderat,
819 503 876 550 ut
904 495 1088 552 sciatis
1113 511 1242 560 eum
1268 497 1425 550 bonis
1453 497 1694 553 moribus
1731 497 1936 568 praedi-
2033 500 2278 570 plurimis
2298 500 2530 572 flagetiis
2557 517 2622 558 ac
2643 501 2991 568 facinoribus,
3025 521 3145 576 quae
3173 504 3438 560 diabolica
3467 505 3627 561 insti-

339 591 472 647 tum,
535 583 728 638 litteris
785 583 1015 641 sciolum
1069 592 1229 654 atque
1294 583 1516 657 ingenio
1573 601 1852 656 capacem,
1885 593 1938 640 et
2035 587 2252 660 gatione
2281 595 2334 643 et
2361 589 2596 644 humana
2628 590 2945 646 crudelitate
2975 601 3202 664 possunt
3223 592 3626 664 patrari.Quem

339 679 520 727 vestro
552 672 867 742 cupientem
895 671 1280 744 regiminiesse
1311 673 1606 738 subditum,
1640 674 1694 727 in
1723 683 1936 729 vestra-

339 775 445 832 que
470 761 730 831 parochia
757 760 959 832 degere
987 768 1040 814 et
1067 759 1286 814 monitis
1314 768 1476 832 atque
1504 761 1937 817 ordinationibus

338 848 539 903 vestris
567 849 761 903 diebus
789 847 913 904 vitae
943 864 1056 904 suae
1091 847 1322 902 libenter
1349 849 1749 920 obtemperare.
1781 851 1850 904 Et
1879 859 1936 906 ut

339 937 455 992 haec
481 951 650 1006 parva
679 935 909 1007 epistola
929 952 959 989 a
975 944 1157 991 vestra
1185 935 1476 992 dilectione
1503 937 1758 992 libentius
1786 939 1934 994 reci-

337 1032 564 1095 peretur
587 1033 746 1094 atque
803 1023 1016 1078 firmum
1073 1025 1406 1089 crederetur,
1468 1025 1632 1098 sigilli
1663 1027 1838 1082 nostri
1868 1043 1935 1082 ex

343 1112 583 1184 imagine
611 1113 670 1166 B.
703 1112 934 1184 Remigii
987 1111 1258 1182 pontificis
1299 1111 1660 1182 impressione
1691 1114 1933 1187 signavi-

337 1217 479 1254 mus.
539 1199 902 1271 Omnipotens
957 1201 1106 1255 Deus
1165 1216 1261 1256 vos
1316 1216 1414 1271 per
1468 1201 1634 1256 multa
1665 1203 1934 1259 curricula

336 1303 603 1342 annorum
633 1303 963 1344 conservare
992 1288 1268 1360 dignetur.
1301 1289 1495 1344 Amen.

407 1376 540 1430 Data
570 1391 629 1430 iv
659 1377 777 1431 Kal.
811 1376 951 1446 Maii,
984 1393 1128 1432 anno
1159 1391 1264 1431 xm
1292 1376 1464 1432 nostri
1493 1376 1857 1448 episcopatus.

893 1491 1234 1548 EPISTOLA
1263 1493 1379 1549 LIV
1391 1534 1405 1548 .

969 1593 1042 1633 AD
1071 1595 1304 1636 EUMDEM
1311 1622 1324 1636 .

427 1668 522 1722 Illi
553 1667 947 1744 Gisebrindum
983 1669 1388 1744 presbyterum,
1423 1669 1558 1726 data
1589 1670 1830 1744 epistola

802 1741 1051 1810 formata
1080 1740 1374 1796 commend
1382 1744 1465 1796 at.

1049 1825 1210 1881 (Ibid.)

400 1898 604 1954 Notum
635 1900 704 1955 sit
732 1907 926 1956 vestrae
955 1897 1175 1953 almitati
1218 1899 1554 1964 egomnibus
1595 1899 1924 1969 hominibus,

333 1985 609 2042 licentiam
643 1989 864 2044 dedisse
886 1987 1044 2042 nobis
1072 1987 1330 2058 parochia
1378 1995 1576 2054 vestra,
1620 1996 1673 2044 et
1699 1988 1928 2044 ubicun-

333 2091 439 2144 que
468 2075 706 2131 voluerit
722 2071 1120 2146 presbyterum,
1153 2091 1315 2146 quem
1350 2075 1594 2131 ordinavi
1623 2076 1678 2131 in
1705 2077 1927 2132 Rhemis

329 2162 566 2229 civitate,
598 2164 816 2220 nomine
843 2163 1250 2234 Gisebrindum,
1273 2163 1630 2218 ministerium
1663 2165 1926 2221 sacerdo-

331 2250 440 2306 tale
467 2250 722 2324 fungere,
765 2251 812 2306 si
840 2259 1018 2306 vestra
1073 2251 1304 2306 adfuerit
1363 2267 1518 2308 sacra
1573 2252 1842 2319 voluntas,
1874 2261 1928 2308 et

329 2337 562 2393 aliorum
593 2340 688 2394 ubi
717 2339 796 2394 illi
823 2355 1129 2412 congruum
1157 2339 1494 2410 perspexerit
1523 2340 1793 2396 bonorum
1821 2341 1926 2396 ho-

330 2427 558 2482 minum.
591 2425 712 2496 Qua
729 2427 798 2482 de
829 2427 1043 2482 remissi
1071 2427 1140 2482 ad
1168 2441 1266 2483 vos
1291 2429 1393 2482 hos
1423 2428 1595 2499 apice,
1625 2429 1926 2485 secundum

255 2499 265 2511 ’
330 2515 644 2586 petitionem
692 2515 986 2585 supradicti
1031 2515 1359 2587 presbyteri,
1383 2525 1440 2570 ut
1468 2524 1522 2571 et
1546 2533 1644 2571 vos
1689 2532 1927 2572 consen-

331 2619 452 2658 sum
482 2604 532 2659 ei
562 2612 616 2658 et
644 2604 912 2660 licentiam
942 2603 1082 2659 detis
1115 2603 1472 2658 ministerium
1513 2604 1926 2675 presbyteratus

331 2689 506 2764 fungi,
545 2699 600 2746 et
629 2699 688 2746 ut
716 2692 914 2748 certius
961 2691 1329 2763 cognoscatis,
1362 2692 1661 2747 secundum
1688 2693 1924 2749 auctori-

329 2787 498 2834 tatem
524 2780 843 2836 canonicam
870 2779 1155 2835 formatam
1211 2779 1436 2836 fecimus
1467 2779 1768 2850 epistolam,
1802 2789 1855 2835 et
1875 2782 1926 2837 ei

329 2867 607 2936 dedimus,
639 2867 944 2940 Graecaque
999 2867 1269 2923 elementa
1307 2867 1410 2922 sibi
1457 2868 1835 2924 annotavimus
1862 2885 1920 2924 ιι.

327 2970 388 3010 x.
421 2971 474 3010 Υ.
523 2956 737 3010 Nomen
783 2971 964 3010 meum
995 2972 1033 3010 ιι
1061 2955 1295 3011 litteram
1351 2956 1601 3026 primam,
1637 2966 1690 3010 et
1723 2973 1926 3013 nomen

327 3051 568 3098 vestrum
597 3043 898 3098 secundum
925 3051 1242 3099 annotamus
1271 3043 1508 3100 litteram
1537 3060 1592 3112 ο,
1624 3053 1678 3098 et
1697 3044 1925 3100 civitatis

2033 676 2123 747 pie
2151 675 2382 730 domnus
2413 685 2596 731 noster
2656 693 2748 733 rex
2795 678 3040 747 Carolus,
3100 681 3198 736 sed
3245 688 3298 736 et
3335 681 3630 752 complices

2035 765 2153 836 ejus
2206 763 2442 837 benigne
2475 779 2538 820 ac
2587 764 3026 833 misericorditer,
3085 767 3221 823 sicut
3267 767 3324 824 in
3369 769 3630 825 mandato

2034 853 2180 926 quod
2209 851 2289 906 eis
2317 851 2470 906 direx
2488 860 2599 908 erat
2629 854 2857 924 potestis
2901 855 3172 928 relegere,
3205 863 3400 928 quater
3425 856 3632 912 studuit

2035 956 2310 997 revocare.
2343 940 2544 996 Verum
2577 949 2630 996 et
2657 958 2762 1012 ego
2791 942 3112 999 Hincmarus
3167 943 3498 1001 Rhcmorum
3520 945 3629 1016 epi-

2035 1046 2252 1101 scopus,
2284 1029 2436 1083 illum
2457 1043 2521 1084 ac
2549 1044 2677 1084 suos
2708 1030 2965 1086 satellites
3011 1048 3114 1104 per
3139 1032 3403 1104 meipsum
3431 1049 3530 1089 ore
3560 1033 3632 1090 ad

2033 1134 2096 1174 os
2125 1127 2209 1172 ter
2236 1117 2542 1188 alloquens,
2576 1125 2626 1172 et
2653 1126 2843 1188 postea
2883 1127 3076 1191 quarta
3102 1120 3220 1177 vice
3266 1137 3368 1194 per
3395 1121 3628 1177 commi-

2031 1207 2264 1262 nistrum
2293 1212 2564 1274 nostrum,
2623 1221 2733 1260 una
2789 1222 2909 1262 cum
2963 1209 3284 1280 quibusdam
3323 1209 3548 1282 collegis
3578 1218 3633 1265 et

2033 1293 2372 1365 coepiscopis
2400 1293 2625 1360 nostris,
2659 1309 2784 1348 eum
2812 1301 2865 1349 et
2914 1311 3041 1350 suos
3088 1297 3380 1366 complices
3407 1297 3625 1368 publice

2033 1380 2367 1439 commoneri
2417 1379 2642 1449 faciens,
2677 1390 2936 1452 quantum
2983 1382 3112 1438 mihi
3160 1384 3420 1440 Dominus
3456 1384 3624 1452 dedit,

2033 1479 2088 1527 et
2115 1470 2435 1525 suavitatem
2458 1467 2612 1540 regni
2643 1469 2900 1540 caelestis,
2937 1478 2990 1526 et
3017 1478 3344 1526 aeternorum
3384 1479 3625 1529 tormen-

2032 1567 2209 1614 torum
2241 1566 2506 1612 terrorem
2533 1555 2642 1610 illis
2685 1559 2966 1629 proposui,
3001 1566 3055 1614 et
3107 1575 3267 1631 quam
3305 1559 3630 1630 gravissime

2032 1648 2208 1703 Deum
2237 1646 2353 1717 ipse
2373 1642 2660 1700 offenderit
2689 1645 2743 1700 in
2762 1655 2930 1717 patris
2980 1647 3063 1703 sui
3117 1662 3184 1703 ac
3211 1655 3414 1704 sanctae
3441 1647 3632 1705 Eccle-

1956 1759 2010 1820 B
2032 1736 2128 1792 siae
2185 1736 2454 1808 totiusque
2503 1735 2914 1791 Christianitatis
2943 1735 3184 1802 laesione,
3233 1743 3392 1808 atque
3438 1745 3629 1808 rapto-

2031 1841 2149 1879 rum
2177 1841 2210 1880 a
2241 1841 2301 1882 se
2328 1833 2785 1900 congregatorum
2827 1823 3184 1880 consensione
3240 1832 3401 1896 atque
3444 1824 3629 1882 favore

2029 1913 2261 1981 ostendi,
2295 1922 2346 1970 et
2375 1915 2420 1970 si
2447 1913 2590 1970 mala
2634 1920 2809 1984 empta
2863 1912 3161 1982 desereret,
3221 1919 3275 1968 et
3319 1913 3389 1968 ad
3417 1921 3630 1984 patrem

2030 2018 2188 2056 suum
2215 2003 2438 2071 rediret,
2471 2018 2633 2075 quam
2679 2001 2916 2072 benigne
2982 2001 3137 2055 illum
3173 2007 3227 2056 et
3255 2001 3625 2059 ecclesiastica
3677 2061 3680 2063 Α

2028 2089 2199 2160 pietas
2229 2099 2282 2146 et
2308 2100 2571 2162 paternus
2625 2088 2851 2146 affectus
2907 2088 3183 2144 debuisset
3237 2089 3482 2159 recipere
3512 2090 3614 2146 de-

2027 2178 2344 2244 monstravi,
2377 2186 2430 2234 et
2484 2194 2605 2250 quae
2637 2177 2920 2234 clementia
2950 2176 3056 2230 illis
3087 2175 3176 2247 qui
3221 2191 3346 2232 cum
3375 2191 3440 2232 eo
3469 2185 3627 2234 erant

2027 2265 2361 2322 offerebatur
2389 2267 2614 2335 innotui,
2649 2273 2702 2321 et
2723 2265 2768 2320 si
2797 2265 2914 2321 haec
2944 2263 3269 2336 negligeret,
3323 2265 3408 2320 vel
3429 2265 3620 2338 despi-

2027 2363 2191 2420 ceret,
2225 2361 2388 2426 atque
2433 2353 2490 2408 in
2537 2353 2824 2424 apostasia:
2869 2367 2982 2407 suae
3035 2359 3212 2423 coapta
3264 2352 3625 2409 obstinatione

2024 2457 2376 2514 perseverare
2404 2441 2523 2512 ipse
2554 2449 2606 2497 et
2621 2440 2915 2511 complices
2969 2439 3053 2495 sui
3099 2440 3421 2514 deligerent,
3454 2439 3626 2496 incul-

2027 2530 2143 2586 cavi
2173 2529 2253 2585 eis
2283 2530 2512 2602 qualiter
2555 2537 2681 2602 post
2723 2529 2863 2584 hanc
2911 2535 3160 2600 quartam
3185 2528 3620 2596 conventionem,

2027 2618 2328 2674 secundum
2357 2626 2685 2690 praeceptum
2715 2615 2932 2671 Domini
2977 2616 3115 2672 sicut
3159 2617 3408 2672 ethnicus
3437 2623 3490 2672 et
3515 2633 3622 2687 pu-

2025 2706 2270 2762 blicanus
2298 2705 2474 2762 forent
2503 2705 2663 2760 nobis
2691 2704 2952 2770 habendi,
2985 2712 3038 2758 et
3053 2704 3238 2776 gladio
3259 2705 3451 2775 spiritu
3474 2705 3621 2776 quod

2027 2801 2108 2850 est
2138 2793 2362 2849 verbum
2392 2793 2494 2849 Dei
2523 2791 2819 2864 episcopali
2847 2791 3160 2848 auctoritate
3207 2792 3505 2848 secundum
3535 2807 3624 2848 sa-

2025 2898 2149 2938 cros
2179 2897 2438 2952 canones,
2471 2881 2660 2953 spiritu
2686 2881 2790 2937 Dei
2825 2880 3092 2950 conditos,
3143 2888 3192 2936 et
3239 2880 3402 2936 totius
3433 2881 3624 2937 mundi

2025 2971 2335 3026 reverentia
2364 2977 2730 3035 consecratos,
2787 2969 3054 3040 juxtaque
3110 2969 3425 3040 apostolicae
3471 2969 3619 3026 sedis

2026 3059 2244 3114 decreta
2272 3057 2607 3130 pontiﬁcum,
2631 3065 2687 3114 ut
2716 3072 2915 3114 revera
2970 3065 3246 3129 apostatae,
3297 3073 3330 3113 a
3387 3074 3620 3130 corpore
3719 3075 3724 3084 '

329 3145 469 3186 mea:
498 3130 736 3186 litteram
755 3131 966 3186 tertiam
994 3147 1054 3198 nt,
1105 3139 1158 3186 et
1213 3139 1412 3188 vestrm
1441 3105 1686 3204 quartam
1717 3133 1778 3188 F.
1811 3135 1924 3190 Va-

2028 3105 2244 3114 νων...
2272 3105 2607 3130 μνη---.ψη
2635 3105 2687 3114 --
2717 3105 2914 3114 ηπ--
2971 3105 3246 3129 τμη-ην,
3298 3105 3330 3113 ..
3390 3105 3619 3130 ---μη

2027 3156 2080 3202 et
2109 3148 2374 3218 sanguine
2394 3147 2630 3210 Domini,
2649 3153 2813 3220 atque
2829 3145 3054 3200 unanita
3080 3145 3329 3217 corporis
3354 3147 3620 3204 Ecclesia

329 3218 438 3272 leat
464 3219 751 3290 vigeatque
807 3227 986 3274 vestra
1013 3219 1320 3290 proprietas
1363 3219 1422 3274 in
1449 3237 1628 3277 aevum
1657 3228 1928 3293 Optamus-

330 3307 657 3362 venerande.

402 3395 467 3448 H.
497 3395 561 3450 Τ.
593 3395 655 3450 Ρ.
686 3396 776 3450 X.‘
796 3395 860 3450 Η.
895 3395 964 3453 Ο.
1012 3396 1082 3450 Μ.
1117 3396 1176 3452 F.
1210 3397 1272 3452 Y.
1319 3397 1387 3452 ΙΙ.
1438 3397 1630 3453 CCCC.
1664 3397 1778 3452 XL.
1813 3396 1920 3452 DC.

325 3483 443 3538 XC.
467 3484 558 3540 IlI.
589 3483 705 3539 LX.
739 3485 894 3541 DCC.
932 3487 1073 3541 VIII.

901 3599 1242 3656 EPISTOLA
1273 3600 1383 3656 LV.

543 3702 616 3742 AD
647 3704 942 3744 EPISCOPOS
969 3704 1284 3744 PROVINCIE
1313 3702 1718 3744 LUGDUNENSIS.

331 3785 412 3840 De
461 3785 838 3843 Carlomanno
887 3789 1115 3860 ejusque
1145 3787 1508 3911 ggmplicibus
1543 3785 1929 3842 excommuni-

1035 3873 1144 3911 can
1181 3873 1250 3911 is.

1035 3873 1250 3913 canazs.

937 3943 1099 4000 (Apud
1119 3943 1390 3997 Sirmond.)

402 4023 750 4088 Hmmaus,
809 4024 1139 4079 Rhemorum
1197 4023 1486 4094 episcopus
1533 4039 1595 4079 ac
1621 4023 1797 4094 plebis
1826 4023 1929 4078 Dei

329 4111 582 4180 famulus,
617 4127 739 4167 cum
787 4113 1116 4168 Rhemorum
1171 4111 1475 4168 dimceseos
1523 4112 1926 4167 venerabilibus

329 4199 816 4256 consacerdotibus
869 4199 1090 4270 nostris,
1147 4200 1409 4269 REMIGIO,
1485 4199 1927 4256 reverentissimo

331 4286 778 4359 Lugdunensium
823 4287 1254 4358 archiepiscopo,
1315 4295 1368 4342 et
1405 4287 1578 4358 ipsius
1623 4287 1927 4344 dimceseos

331 4375 656 4431 venerandis
684 4375 952 4446 episcopis
981 4375 1231 4430 salutem.

2026 3236 2266 3290 omnium
2294 3234 2550 3291 videlicet
2577 3233 2820 3290 fidelium
2851 3234 3046 3289 Christi
3103 3235 3376 3300 societate,
3437 3244 3622 3291 essent

2025 3323 2202 3378 modis
2231 3323 2484 3378 omnibus
2513 3321 2814 3378 ascidendi.
2859 3322 3054 3390 Quem,
3089 3322 3187 3378 sed
3243 3329 3296 3378 et
3349 3323 3617 3393 quosdam

2025 3427 2173 3478 suos,
2195 3426 2299 3467 nec
2325 3411 2601 3466 intentatae
2628 3425 2806 3482 pmnae
2829 3417 3164 3476 terruerunt,
3196 3425 3299 3465 nec
3327 3409 3612 3480 promissa:

2021 3499 2338 3555 dulcedines
2362 3499 2742 3554 invitaverunt.
2774 3499 2842 3552 Et
2871 3497 3015 3566 ideo,
3049 3497 3197 3568 quod
3226 3497 3418 3552 ﬂentes
3465 3497 3602 3552 dici-

2023 3603 2166 3655 mus,
2195 3594 2478 3658 gementes
2505 3586 2904 3652 denuntiamus,
2956 3585 3250 3656 complices
3297 3585 3462 3653 illius,
3517 3584 3610 3658 qui

2026 3683 2152 3729 sunt
2175 3675 2244 3730 de
2290 3675 2582 3730 Rhemensi
2631 3673 2874 3740 dimcesi,
2933 3681 2986 3728 et
3034 3681 3236 3728 nostrae
3291 3681 3417 3728 sunt
3463 3688 3610 3729 curae

2025 3763 2319 3828 commissi,
2351 3778 2416 3818 ac
2445 3763 2497 3817 in
2528 3762 2728 3817 nostris
2755 3761 3032 3833 parochiis
3061 3769 3208 3816 tanta
3255 3768 3308 3816 et
3364 3760 3508 3826 talia,
3561 3769 3620 3814 ut

2025 3851 2408 3922 praemisimus,
2465 3849 2700 3904 crimina
2757 3849 3168 3914 commiserunt,
3202 3855 3255 3904 et
3279 3849 3442 3904 toties
3470 3864 3618 3904 com-

2026 3938 2216 3993 moniti
2263 3937 2585 4008 resipiscere
2631 3954 2662 3992 a
2703 3937 2896 4008 cmptis
2961 3936 3140 4006 malis,
3197 3944 3250 3991 et
3323 3937 3392 3990 ad
3439 3936 3615 3991 sinum

2026 4028 2130 4098 piae
2151 4026 2334 4080 matris
2355 4027 2616 4082 Ecclesia:
2629 4026 2807 4081 redire
2823 4034 2880 4080 ut
2909 4024 3284 4080 satisfacerent
3303 4013 3616 4091 noluerunt,

2029 4115 2126 4170 sed
2155 4115 2209 4168 in
2251 4115 2426 4185 pejus,
2485 4114 2631 4185 quod
2687 4113 2836 4169 dictu
2892 4112 3046 4168 nefas
3103 4119 3187 4169 est
3235 4121 3615 4180 excreverunt,

2029 4193 2155 4274 quia
2177 4202 2313 4258 sicut
2341 4201 2470 4256 dicit
2497 4201 2807 4272 Apostolus,
2877 4201 3188 4270 hujusmodi
3237 4218 3470 4272 regnum
3517 4201 3618 4257 Dei

2026 4306 2135 4346 non
2171 4289 2546 4362 possidebunt,
2571 4296 2780 4344 etcum
2811 4288 3008 4342 talibus
3079 4296 3224 4344 vetat
3272 4289 3360 4344 vel
3435 4289 3616 4346 cibum

2031 4394 2267 4440 sumere,
2294 4377 2500 4446 judicio
2539 4376 2710 4431 sancti
2759 4375 2992 4446 Spiritus
3035 4391 3068 4430 a
3098 4391 3331 4448 corpore
3389 4385 3442 4432 et
3497 4393 3622 4432 san-

400 4463 813 4529 Carlomannus,
845 4463 1030 4518 domui
1055 4463 1229 4518 nostri
1259 4463 1440 4519 Caroli
1497 4465 1646 4538 regis
1695 4465 1922 4538 gloriosi
1949 4455 2002 4516 D
2023 4467 2189 4540 guine
2209 4464 2444 4532 Domini,
2479 4471 2530 4518 et
2568 4463 3000 4518 Christianorum
3029 4463 3285 4518 societate
3305 4472 3469 4536 atque
3498 4481 3622 4521 con-

332 4567 492 4606 carne
512 4551 680 4616 ﬁlius,
713 4551 768 4605 in
823 4551 1048 4607 dicacesi
1100 4553 1433 4608 Rhemorum
1485 4552 1684 4624 Spiritu
1739 4561 1926 4609 sancto

331 4647 710 4710 regeneratus,
749 4647 802 4694 et
833 4654 864 4694 a
895 4646 1040 4710 patre
1097 4654 1259 4694 sacro
1313 4639 1472 4694 altari
1527 4640 1762 4708 oblatus,
1794 4639 1926 4695 reli-

332 4727 499 4798 giosis
528 4726 700 4782 divini
753 4727 960 4781 servitii
1012 4727 1292 4798 obsequiis
1334 4727 1724 4798 mancipandus
1781 4745 1843 4784 ac
1871 4728 1928 4783 in

333 4814 591 4870 clericum
619 4822 828 4882 tonsus,
873 4814 930 4868 in
983 4814 1208 4870 dioecesi
1255 4831 1384 4872 vero
1433 4815 1758 4884 Senonensi,
1790 4824 1844 4872 et
1873 4816 1928 4871 in

330 4903 587 4973 parochia
618 4901 881 4957 Meldensi
921 4902 990 4956 ab
1046 4903 1360 4976 Hildegario
1417 4904 1661 4974 ejusdem
1699 4904 1927 4960 civitatis

330 4990 587 5064 religioso
617 4990 874 5062 episcopo
901 5007 999 5062 per
1026 4991 1272 5063 singulos
1299 4992 1505 5066 gradus
1532 5009 1707 5064 usque
1735 4993 1802 5048 ad
1833 5009 1926 5048 or-

330 5079 512 5134 dinem
561 5078 884 5134 diaconatus
940 5088 1250 5150 provectus,
1309 5097 1484 5152 nuper
1519 5097 1549 5136 a
1576 5089 1748 5154 patre,
1806 5090 1929 5153 post

328 5167 566 5238 plurima
596 5165 946 5239 benignitatis
975 5183 1038 5223 ac
1084 5167 1458 5226 beneficentia:
1499 5170 1645 5225 dona
1673 5169 1777 5224 sibi
1807 5170 1927 5226 col-

328 5255 460 5322 lata,
492 5255 628 5328 fuga
655 5255 844 5326 lapsus
865 5257 1224 5329 congregavit
1271 5273 1457 5314 secum
1485 5258 1748 5329 plurimos
1786 5257 1929 5314 ﬁlios

327 5343 517 5408 Belial,
546 5343 642 5415 qui
669 5343 911 5399 inaudita
938 5345 1144 5400 nostris
1197 5345 1532 5416 temporibus
1569 5347 1716 5402 mala
1740 5347 1796 5402 in
1826 5363 1927 5420 pa-

327 5431 534 5488 rochiis
562 5432 870 5488 dimceseos
899 5433 1230 5489 Rhemorum
1277 5443 1652 5502 exercuerunt,
1693 5436 1750 5490 in
1781 5436 1927 5508 rapi-

323 5521 414 5576 nis
431 5529 484 5577 et
520 5521 1040 5594 depraedationibus,
1072 5530 1126 5578 et
1155 5523 1462 5580 homicidiis
1507 5531 1668 5596 atque
1713 5524 1927 5582 adulte-

1574 5649 1618 5678 Ἵ-

2027 4554 2191 4610 sortio
2214 4568 2592 4624 segregamus,
2627 4559 2679 4606 et
2706 4551 3003 4623 episcOpali
3023 4551 3362 4622 auctoritate,
3422 4561 3547 4624 post
3588 4570 3622 4608 v

2025 4643 2152 4697 Idus
2179 4641 2340 4696 Mart.
2373 4640 2660 4711 praesentis
2717 4641 2921 4711 quarta
2951 4639 3277 4706 indictionis,
3313 4639 3437 4695 sise
3465 4648 3623 4695 antea

2025 4747 2133 4786 non
2163 4729 2521 4794 correxerint,
2573 4729 2926 4795 secernimus,
2993 4729 3169 4784 donec
3198 4729 3244 4782 si
3288 4727 3444 4794 forte,
3471 4729 3627 4797 juxta

2026 4820 2277 4875 eumdem
2336 4819 2678 4890 Apostolum,
2739 4832 2838 4872 vos
2868 4817 3172 4888 respiciens
3203 4817 3292 4872 dei
3323 4817 3429 4871 illis
3475 4817 3622 4872 Deus

2025 4909 2415 4978 penitentiam,
2449 4916 2506 4962 ut
2563 4908 2632 4962 ad
2664 4906 2779 4974 ejus
2825 4906 3158 4960 voluntatem
3215 4905 3540 4978 resipiscant
3593 4923 3624 4962 a

2026 4997 2235 5068 laquies
2263 4996 2486 5062 diaboli,
2521 4995 2754 5067 aquibus
2783 4994 2922 5065 capti
2955 5001 3228 5061 tenentur,
3283 5003 3343 5052 et
3399 5012 3498 5068 per
3543 4993 3622 5050 di-

2027 5101 2167 5157 gnos
2185 5084 2512 5157 poenitentiae
2531 5084 2742 5140 fructus
2799 5081 3136 5138 satisfaciant
3163 5083 3430 5140 Ecclesiae
3461 5099 3624 5154 quam

2026 5173 2304 5239 laeserunt,
2338 5189 2403 5228 ea
2422 5173 2675 5229 videlicet
2697 5171 3009 5228 conditione
3047 5179 3107 5227 ut
3167 5173 3467 5228 secundum
3515 5170 3625 5226 for-

2025 5279 2170 5317 mam
2199 5261 2412 5333 mystici
2441 5261 2647 5317 Nicaani
2697 5261 2912 5318 concilii
2977 5268 3032 5316 et
3083 5260 3280 5316 Africae
3332 5259 3630 5330 provincia:

2025 5365 2316 5415 canonum,
2357 5350 2620 5422 juxtaque
2648 5349 2961 5422 apostolica:
3009 5349 3154 5404 sedis
3183 5349 3402 5404 decreta
3451 5347 3628 5419 ponti-

2027 5437 2208 5504 ficum,
2241 5437 2438 5504 Sirtcii,
2472 5439 2790 5508 Innocentii,
2816 5435 3113 5504 leestini,
3145 5436 3360 5503 Leonis,
3393 5437 3626 5492 ubicun-

2028 5543 2134 5600 que
2162 5525 2383 5593 fuerint,
2409 5527 2601 5583 ultima
2623 5529 2964 5600 poenitentia,
2998 5532 3052 5582 et
3101 5524 3404 5582 necessarii
3445 5525 3630 5583 viatici
