4088 6180
456 227 524 285 79
1307 229 1648 286 HINCMARI
1683 228 2084 287 RHEMENSIS
2130 231 2680 290 ARCHIEPISCOPI.
3601 242 3708 294 280

424 351 732 409 communio
759 353 1064 425 petentibus
1090 368 1199 410 non
1245 361 1495 426 negetur.
1546 353 1658 408 Eos
1713 361 1891 409 autem
1921 354 2014 426 qui
2045 361 2102 420 Α
2123 355 2234 427 lial,
2263 370 2366 414 nec
2394 372 2521 428 pars
2550 372 2673 414 esse
2702 357 2865 416 debet
2894 358 3042 415 ﬂdeli
3091 375 3212 416 cum
3243 359 3489 427 'infideli,
3530 362 3709 419 donec

374 489 390 498 .
419 439 487 494 de
515 441 850 497 Rhemorum
878 441 1102 498 dioecesi
1156 455 1264 498 non
1327 449 1470 506 sunt,
1540 456 1643 496 nec
1703 441 2016 512 spectaliter
2116 444 2343 501 consilio
2372 452 2426 500 et
2445 445 2652 516 judicio
2706 463 2898 503 eorum
2949 463 3183 520 quorum
3213 448 3456 518 interest,
3491 451 3607 506 Deo
3655 459 3710 507 et

341 546 344 549 '
421 544 546 591 sunt
570 544 773 592 nostrae
801 555 944 594 curae
999 538 1296 606 commissi,
1357 545 1410 594 et
1435 546 1737 594 memorata
1787 539 1932 594 mala
1957 539 2014 594 in

423 620 625 676 nostris
652 622 920 691 parochiis
966 625 1372 690 commiserunt,
1429 621 1496 675 ab
1561 621 1770 678 eisdem
1814 622 2016 678 nostris

426 707 714 778 parochiis,
745 717 869 780 post
898 725 934 764 v
964 709 1090 765 Idus
1143 710 1359 765 Martias
1395 710 1680 781 praesentis
1707 719 1912 782 quartae
1941 710 2017 764 in-

427 796 700 863 dictionis,
733 799 779 852 si
808 814 867 852 se
895 807 1052 853 antea
1079 814 1190 854 non
1235 798 1588 863 correxerint,
1650 799 2018 854 excommuni-

427 892 576 939 catos
605 901 728 940 esse
759 885 1118 953 decrevimus,
1151 903 1216 942 eo
1245 895 1434 942 tenore
1464 895 1522 940 ut
1549 886 1747 940 nullam
1801 885 2019 957 partici-

429 972 700 1042 pationem
728 975 784 1027 in
813 973 911 1040 eis,
947 975 1035 1030 vel
1080 975 1138 1028 in
1191 973 1570 1030 communione
1626 973 2016 1041 ecclesiastica,

429 1060 515 1117 vel
545 1061 601 1114 in
631 1061 886 1116 societate
917 1062 1119 1117 Christi
1147 1061 1388 1118 fidelium
1423 1062 1580 1118 nobis
1601 1061 2019 1118 commissorum

427 1149 678 1217 habeant,
705 1150 828 1222 quia
857 1151 1003 1206 nulla
1027 1151 1364 1222 participatio
1403 1159 1485 1206 est
1541 1151 1740 1206 Christi
1770 1167 1893 1206 cum
1921 1151 2022 1206 Be-

2115 541 2316 589 sancta:
2343 533 2608 604 Ecclesiae
2635 534 2986 592 satisfaciant.
3011 537 3078 590 Et
3105 537 3232 608 quia
3265 537 3625 595 essentialiter
3643 554 3711 595 ac

2117 637 2326 678 summe
2357 622 2532 677 bonus
2550 630 2758 693 pastor,
2793 624 2886 694 qui
2933 623 3168 679 animam
3222 640 3376 679 suam
3403 627 3583 696 posuit
3611 641 3713 698 pro

2115 707 2310 766 ovibus
2329 709 2461 776 suis,
2494 711 2768 766 neminem
2825 712 2939 768 vult
2966 712 3168 783 perire,
3203 719 3257 768 et
3283 714 3431 769 venit
3461 730 3712 784 quaerere

2117 804 2171 852 et
2201 796 2409 854 salvum
2438 797 2615 853 facere
2643 799 2786 870 quod
2824 799 3079 870 perierat,
3109 800 3344 857 ostendit
3381 801 3538 858 nobis
3569 803 3712 857 viam

2121 901 2282 957 quam
2315 900 2629 956 sequamur,
2662 893 2715 942 et
2743 886 2972 943 formam
2999 888 3085 943 cui
3112 889 3715 960 imprimamur,decer—

2120 975 2319 1042 nimus,
2352 982 2410 1030 ut
2428 974 2474 1028 si
2503 975 2642 1030 forte
2683 975 2740 1030 in
2791 976 3126 1047 praascriptis
3181 977 3454 1047 parochiis
3508 979 3716 1034 nostris

2121 1061 2376 1134 cuiquam
2403 1061 2620 1118 illorum
2639 1062 2926 1120 imminens
2947 1063 3188 1138 urgentis
3215 1065 3494 1121 mortis....

1591 1468 2512 1601 HINCMABI

1667 1673 2086 1723 ARCHUSPISCOPI
2123 1673 2440 1714 RIIEMENSIS

509 1787 1772 1952 OPUSCULA
1937 1795 2240 1946 ET
2407 1791 3676 1953 EPISTOLZE

1815 2018 1969 2085 om
2007 2017 2176 2074 SPEC
2186 1985 2362 2072 TAN'I‘
2767 2055 2774 2062 .

1134 2141 1260 2215 AD
1334 2140 1724 2216 CAUSAM
1784 2142 2253 2217 HINCMARI
2312 2142 2995 2215 LAUDUNENSIS.

637 2420 976 2479 EPISTOLA
1014 2420 1354 2478 HINCMARI
1390 2422 1792 2480 BHEMENSIS

771 2571 846 2610 AD
886 2569 1215 2612 HINCMARUM
1251 2569 1680 2612 LAUDUNENSEM.

429 2690 506 2746 De
533 2688 736 2761 Nivino
753 2691 978 2760 eiusque
1007 2690 1202 2761 fratre,
1221 2689 1490 2761 Bertzfico,
1541 2706 1674 2761 quos
1712 2694 1778 2744 ut
1798 2690 2025 2746 sceleri-

549 2759 648 2816 bus
679 2759 926 2831 infamés
957 2774 985 2814 θ
1009 2759 1281 2830 parochia
1311 2759 1608 2816 Rhemenlsi
1635 2763 1895 2832 ejecerat.

659 2871 819 2929 (Apud
838 2871 1108 2929 Strmond.,
1140 2883 1200 2918 ex
1221 2871 1393 2919 codice
1418 2873 1768 2928 Laudunensi.)

503 2995 830 3048 Hmcmnus
858 2992 1184 3048 Rhemorum
1203 2992 1492 3064 episcOpus
1512 2993 1806 3050 Hmcmno
1835 2993 2022 3064 coepi-

433 3097 601 3152 scopo
629 3087 812 3136 'nostro
840 3081 1092 3136 salutem.

499 3169 728 3224 Nivinus
755 3169 811 3223 in
829 3169 1084 3240 parochia
1111 3183 1234 3223 mea
1265 3167 1528 3240 sacrilega
1557 3167 1777 3223 infamia
1806 3177 1888 3224 est
1915 3169 2024 3224 dif-

430 3257 664 3314 famatus
695 3257 764 3312 de
817 3257 1053 3328 quadam
1111 3255 1520 3325 sanctimoniali,
1579 3257 1645 3310 ab
1701 3255 1924 3311 infantia
1971 3257 2027 3312 in

431 3345 763 3402 monasterio
791 3345 908 3402 Deo
950 3345 1144 3410 dicata,
1177 3352 1231 3398 et
1267 3359 1300 3398 a
1329 3344 1612 3401 sacerdote
1645 3345 1843 3410 velata,
1881 3345 2026 3418 quod

429 3435 674 3492 clanculo
703 3450 823 3490 eam
849 3433 1000 3504 prius
1051 3431 1372 3503 corruperit,
1431 3441 1485 3489 et
1533 3442 1725 3504 postea
1780 3434 1850 3488 ab
1894 3434 2027 3505 ipsis

431 3522 745 3581 monasterii
776 3521 1022 3578 claustris
1052 3519 1232 3575 furtim
1271 3521 1428 3578 educi
1457 3520 1660 3588 fecerit,
1694 3529 1748 3577 et
1775 3521 1830 3576 in
1859 3537 2026 3593 paro-

429 3612 552 3668 chia
568 3627 688 3666 mea
718 3609 1028 3682 aliquandiu
1069 3609 1252 3664 multis
1306 3609 1602 3666 scientibus
1651 3610 1920 3676 habuerit,
1963 3625 2028 3666 ac

433 3701 652 3758 demum
679 3699 907 3754 latenter
961 3698 1016 3752 in
1065 3697 1286 3753 alteram
1333 3698 1669 3768 provinciam
1726 3698 2027 3754 abduxerit.

435 3788 590 3844 Unde
622 3785 978 3858 recogitandi,
1008 3785 1124 3840 sive
1143 3785 1210 3840 ad
1257 3801 1458 3840 noxam
1486 3784 1866 3852 confitendam,
1919 3785 2033 3840 sive
2064 3777 2112 3840 C

433 3876 502 3930 ad
531 3873 807 3930 infamiam
829 3887 982 3927 suam
1024 3873 1386 3944 purgandam,
1421 3873 1471 3928 ei
1506 3873 1712 3944 legales
1740 3889 1804 3928 ac
1859 3889 2030 3945 regu-

433 3965 583 4018 lares
599 3959 828 4017 consilio
875 3968 929 4015 et.
981 3975 1251 4016 consensu
1307 3959 1631 4016 clericorum
1679 3976 1742 4016 ac
1772 3961 2031 4016 nobilium

437 4050 700 4107 laicorum
747 4056 1058 4103 nostrorum
1115 4048 1362 4104 inducias
1409 4047 1572 4104 dedi:
1607 4049 1702 4124 sed
1757 4049 1875 4120 ipse
1930 4064 2032 4104 nec

437 4136 681 4194 confiteri
710 4143 1014 4208 peccatum,
1047 4150 1149 4191 nec
1185 4137 1253 4190 ab
1281 4135 1504 4192 infamia
1533 4153 1594 4193 se
1623 4152 1860 4208 purgare
1888 4137 2034 4209 lega-

435 4224 854 4296 literacquievit.
914 4223 1276 4295 Quapropter,
1339 4225 1462 4296 quia
1517 4239 1624 4280 non
1685 4232 1765 4280 est
1809 4225 1877 4280 de
1909 4241 2034 4281 mea

438 4312 739 4384 provincia,
795 4313 948 4369 illum
977 4327 1011 4368 a
1057 4329 1178 4368 mea
1233 4313 1494 4383 parochia
1547 4312 2028 4380 excommunicavi,

441 4401 615 4458 donec
640 4409 731 4456 aut
750 4399 1121 4468 confiteretur,
1145 4407 1240 4456 aut
1270 4417 1330 4456 se
1361 4400 1430 4455 ab
1459 4401 1688 4470 objectis
1745 4391 2028 4474 purgaret.

440 4490 598 4547 Nunc
626 4505 757 4546 vero
801 4489 910 4546 dici
939 4504 972 4545 a
1017 4488 1205 4544 multis
1247 4489 1410 4544 audio
1449 4489 1706 4561 quoniam
1757 4490 1810 4543 in
1865 4490 2034 4544 altera

439 4579 716 4651 provincia
745 4595 834 4634 res
862 4577 1210 4650 proprietatis
1231 4593 1342 4634 sua:
1367 4577 1424 4632 in
1451 4579 1685 4649 pretium
1701 4578 1770 4633 ab
1797 4593 1863 4634 eo
1881 4578 2031 4634 acci-

438 4667 575 4739 pias,
606 4675 660 4722 et
688 4666 764 4720 illi
793 4683 882 4722 res
911 4680 975 4723 ac
1020 4665 1302 4720 facultates
1357 4665 1775 4732 ecclesiasticas,
1811 4681 1947 4738 quas
1977 4667 2034 4721 in

441 4753 783 4812 ordinatione
809 4753 1107 4826 episcopali
1147 4753 1217 4808 ad
1273 4753 1575 4826 regendum
1618 4763 1670 4810 et
1710 4753 2032 4827 regulariter

439 4841 867 4914 dispensandum
892 4842 1009 4897 sine
1036 4841 1210 4912 pretio
1262 4842 1566 4912 suscepisti,
1599 4843 1667 4896 ad
1694 4841 1865 4912 turpis
1895 4841 2031 4897 lucri

437 4929 725 5002 pramium
757 4929 812 4983 in
840 4926 1162 4985 beneﬁcium
1190 4929 1384 4986 dones.
1409 4929 1567 4999 Quod
1597 4929 1727 4984 satis
1757 4945 2032 5000 superque

437 5025 748 5074 sanctarum
803 5015 1203 5086 Scripturarum
1246 5017 1554 5074 auctoritati
1603 5015 1948 5083 contrarium,
1981 5024 2034 5072 et

1955 2416 1966 2428 ’
2051 2423 2402 2498 Bintelligis.
2437 2423 2736 2480 Bertricum
2783 2422 2964 2490 etiam,
3015 2423 3188 2494 ipsius
3244 2424 3423 2480 Nivini
3466 2425 3718 2494 fratrem,

2124 2511 2558 2584 frequentissime
2587 2511 2656 2566 de
2711 2511 2994 2567 adulteriis
3041 2520 3093 2566 et
3119 2512 3242 2568 aliis
3271 2513 3491 2569 incestis
3539 2513 3724 2584 pollu-

2123 2601 2359 2657 tionibus
2387 2599 2717 2672 regulariter
2773 2608 3098 2670 correptum,
3131 2607 3185 2655 et
3230 2616 3339 2656 non
3385 2610 3722 2672 correptum,

2125 2697 2178 2746 et
2192 2689 2396 2744 diutius
2425 2688 2728 2754 toleratum,
2787 2696 2946 2760 atque
2976 2695 3034 2742 ut
3063 2705 3096 2743 a
3137 2689 3494 2760 pravitatibus
3513 2689 3626 2745 suis
3655 2707 3724 2747 se

2125 2777 2405 2834 cohiberet
2434 2783 2798 2848 expectatum,
2831 2777 3086 2847 quoniam
3116 2793 3145 2830 a
3175 2777 3288 2832 suis
3343 2777 3724 2850 iniquitatibus

2125 2882 2251 2922 eum
2275 2879 2530 2922 coercere
2551 2881 2659 2920 non
2688 2863 2858 2936 potui,
2901 2864 3028 2936 quia
3073 2880 3183 2921 non
3213 2874 3296 2920 est
3335 2867 3404 2922 de
3431 2882 3551 2920 mea
3579 2882 3724 2938 pro-

2124 2954 2318 3022 vincia,
2353 2969 2385 3008 a
2413 2969 2536 3009 mea
2582 2953 2842 3024 parochia
2868 2953 3193 3024 regulariter
3234 2955 3384 3010 exire
3431 2971 3554 3011 cum
3601 2956 3726 3011 suis

2123 3042 2377 3114 praecepi.
2413 3041 2548 3111 Quae
2574 3041 2692 3112 tibi,
2739 3042 2876 3096 sicut
2914 3041 3054 3097 sacri
3091 3043 3413 3114 praecipiunt
3457 3059 3726 3110 canones,

2126 3139 2251 3186 nota
2280 3129 2461 3186 facere
2507 3129 2816 3200 procuravi.
2849 3131 2985 3185 Data
3013 3130 3198 3185 Idibus
3250 3131 3556 3188 Februariis
3585 3149 3735 3204 prte-

2126 3219 2294 3274 sentis
2321 3219 2494 3274 tertia
2530 3217 2863 3274 indictionis.

2295 3341 2636 3398 EPISTOLA
2674 3341 3016 3398 HINCMARI
3053 3343 3539 3399 LAUDUNENSIS

2473 3462 2560 3528 AD.
2583 3461 2914 3503 HINCMARUM
2952 3461 3322 3504 RHEMENSEM.

2127 3548 2338 3616 Purgat
2368 3545 2635 3600 Nivinum
2681 3559 2844 3616 seque
2891 3545 3075 3615 ipsum
3107 3547 3170 3600 in
3219 3547 3340 3616 ejus
3394 3548 3632 3616 negotio,
3667 3553 3737 3604 et

2368 3614 3127 3671 Hincmaru-m'Rhemensem
3142 3614 3498 3688 perstringit.
3607 3624 3614 3629 '

2292 3712 2449 3782 (Vide
2479 3712 2806 3784 Patrologiae
2835 3719 2966 3767 tom.
2990 3712 3235 3780 CXXIV,
3267 3713 3376 3768 col.
3418 3716 3566 3783 979.)

2343 3826 2683 3882 EPISTOLA
2721 3826 3063 3882 HINCMARI
3100 3825 3498 3883 RHEMENSIS

2472 3945 2545 3985 AD
2581 3946 2912 3987 HINCMARUM
2950 3946 3380 3987 LAUDUNENSEM.

2393 4029 2699 4085 Intercedit
2714 4045 2815 4101 pro
2843 4029 3085 4100 Hadulfo
3109 4030 3448 4101 presbytero.

2555 4126 2641 4180 (Ex
2661 4124 2796 4170 Actis
2821 4133 2962 4180 prov.
2985 4124 3086 4170 eccl
3127 4123 3316 4178 abem.)

2203 4223 2546 4290 llmcmnus,
2589 4223 2915 4280 Rhemorum
2960 4223 3270 4293 episcopus,
3323 4223 3617 4278 HINCMABO
3649 4223 3744 4277 di-

2132 4313 2274 4368 lecto
2302 4311 2457 4367 fratri
2506 4319 2558 4367 et
2613 4311 2910 4368 venerabili
2939 4310 3265 4382 coepiscopo
3321 4319 3525 4381 nostro,
3582 4311 3742 4366 salu-

2132 4408 2260 4455 tem.

2203 4489 2392 4544 Frater
2415 4485 2720 4542 Clarentius
2776 4486 3078 4542 communis
3109 4487 3514 4559 compresbyter
3543 4494 3738 4543 noster

2131 4576 2198 4631 ad
2227 4593 2316 4632 me
2345 4575 2570 4631 veniens
2600 4591 2666 4630 ex
2715 4583 2806 4630 tua
2851 4583 3007 4646 parte
3051 4574 3185 4631 mihi
3227 4575 3379 4640 dixit,
3429 4575 3557 4646 quia
3583 4572 3745 4631 fratri

2133 4663 2364 4719 Hadulfo
2394 4663 2844 4735 compresbytero
2872 4670 3054 4719 nostro
3083 4662 3418 4720 missaticum
3476 4669 3626 4717 tuum
3655 4664 3734 4719 ad

2131 4751 2464 4825 Witgarium
2538 4750 2852 4822 episcopum
2936 4750 3006 4806 de
3089 4750 3302 4807 civitate
3359 4750 3734 4824 Augustiburc

2131 4839 2494 4912 (Augsbourg)
2538 4855 2640 4910 pro
2671 4839 2812 4894 libro
2843 4837 3041 4894 Paterii
3061 4847 3114 4893 et
3143 4838 3262 4894 aliis
3311 4854 3429 4910 quae
3478 4837 3573 4894 tibi
3603 4839 3736 4908 pla-

2132 4935 2358 4984 cuerunt
2386 4925 2747 4993 commiseris,
2771 4926 2838 4980 de
2858 4941 2965 4998 quo
2995 4926 3270 4982 missatico
3301 4923 3411 4981 non
3440 4941 3500 4981 se
3531 4941 3742 4982 excon-

2132 5016 2282 5071 dixit.
2319 5017 2515 5071 Postea
2559 5030 2692 5072 vero
2741 5015 2936 5071 audisti
2994 5015 3140 5086 quod
3195 5015 3251 5069 in
3278 5015 3414 5070 alias
3442 5023 3627 5086 partes
3648 5015 3739 5072 ire

441 5119 712 5162 canonum
751 5110 838 5158 est
863 5119 1140 5160 sacrorum
1177 5105 1414 5162 decretis
1441 5105 1731 5160 adversum
1765 5123 1778 5160 :
1813 5114 1865 5160 et
1885 5105 1932 5160 si
1959 5105 2032 5160 ita
2058 5103 2315 5194 Dvellet,
2357 5111 2408 5160 et
2441 5103 2633 5158 misisti
2677 5119 2779 5174 pro
2828 5119 2895 5159 eo
2949 5103 3214 5158 mandans
3243 5103 3320 5158 illi
3349 5117 3449 5174 per
3475 5101 3740 5158 clericum

435 5202 535 5260 est,
576 5201 636 5248 ut
669 5191 878 5263 passim
907 5206 940 5247 a
967 5191 1151 5247 multis
1180 5200 1234 5251 et
1262 5193 1426 5250 etiam
1456 5191 1674 5264 publice
1711 5193 1764 5247 in
1797 5192 2028 5264 publicis

435 5280 646 5352 placitis
675 5279 999 5354 divulgatur,
1024 5287 1279 5352 quantum
1308 5280 1608 5351 periculum
1633 5296 1698 5337 ac
1725 5282 2027 5337 detrimen-

440 5376 552 5423 tum
608 5368 734 5424 inde
806 5369 1072 5438 incurras,

443 5457 765 5515 sacerdotali
825 5457 1126 5516 ministerio
1205 5458 1446 5528 ingeras,
1523 5457 1570 5516 si
1627 5473 1820 5516 sanum
1893 5457 2036 5530 sapis

2133 5202 2281 5248 tuum
2309 5207 2376 5248 ex
2432 5192 2616 5248 divina
2644 5200 2698 5248 et
2753 5191 3050 5264 episcopali
3097 5192 3436 5258 auctoritate,
3487 5199 3540 5246 ut
3579 5192 3650 5246 ad
3680 5199 3743 5250 te

2131 5279 2350 5346 rediret,
2383 5287 2436 5337 et
2467 5279 2710 5336 direxisti
2735 5280 2984 5336 homines
3005 5289 3125 5336 tuos
3156 5279 3249 5352 qui
3276 5295 3419 5346 eum,
3481 5279 3527 5333 si
3557 5279 3742 5336 redire

1160 5375 1530 5442 quantamque
1590 5369 2037 5442 vituperationem
2138 5369 2324 5437 nollet,
2357 5369 2428 5424 ad
2457 5377 2510 5425 te
2527 5370 2868 5426 reducerent.
2901 5369 3138 5426 Veniens
3167 5383 3300 5425 vero
3322 5367 3393 5424 ad
3421 5375 3564 5422 tuam
3586 5383 3742 5440 pre-

2138 5457 2388 5527 sentiam,
2415 5474 2523 5515 non
2553 5458 2634 5515 sic
2661 5458 2936 5514 humiliter
2957 5457 3053 5512 tibi
3073 5457 3351 5529 respondit
3370 5457 3509 5512 sicut
3538 5455 3748 5513 debue-
