  <div class='ocr_page' id='page_1' title='image "/cluster/home/n/w/nwhite01/storage/ocr_20150623/126/hvd.32044052819513/149.png"; bbox 0 0 4088 6180; ppageno 0'>
   <div class='ocr_carea' id='block_1_1' title="bbox 463 255 3754 318">
    <p class='ocr_par' dir='ltr' id='par_1_1' title="bbox 463 255 3754 318">
     <span class='ocr_line' id='line_1_1' title="bbox 463 255 3754 318; baseline 0 -2"><span class='ocrx_word' id='word_1_1' title='bbox 463 258 570 316; x_wconf 75' lang='grc'><strong>28⁵7</strong></span> <span class='ocrx_word' id='word_1_2' title='bbox 1386 259 1727 316; x_wconf 85' lang='lat' dir='ltr'><strong>HINCMARI</strong></span> <span class='ocrx_word' id='word_1_3' title='bbox 1781 255 2184 314; x_wconf 75' lang='lat' dir='ltr'><strong>RHEMENSIS</strong></span> <span class='ocrx_word' id='word_1_4' title='bbox 2238 255 2790 313; x_wconf 79' lang='lat' dir='ltr'><strong>ARCHIEPISCOPI.</strong></span> <span class='ocrx_word' id='word_1_5' title='bbox 3647 265 3754 318; x_wconf 80' lang='lat'><strong>288</strong></span> 
     </span>
    </p>
   </div>
   <div class='ocr_carea' id='block_1_2' title="bbox 825 379 3448 460">
    <p class='ocr_par' dir='ltr' id='par_1_2' title="bbox 825 379 3448 460">
     <span class='ocr_line' id='line_1_2' title="bbox 825 379 3448 460; baseline -0.003 -14"><span class='ocrx_word' id='word_1_6' title='bbox 825 382 1258 448; x_wconf 86' lang='lat' dir='ltr'><strong>TITULATIO</strong></span> <span class='ocrx_word' id='word_1_7' title='bbox 1317 381 1703 444; x_wconf 81' lang='lat' dir='ltr'><strong>METRICA.</strong></span> <span class='ocrx_word' id='word_1_8' title='bbox 2092 379 2148 440; x_wconf 86' lang='lat' dir='ltr'>A</span> <span class='ocrx_word' id='word_1_9' title='bbox 2166 379 2374 450; x_wconf 64' lang='lat' dir='ltr'><strong>Saepius</strong></span> <span class='ocrx_word' id='word_1_10' title='bbox 2403 388 2657 451; x_wconf 86' lang='lat' dir='ltr'><strong>expertus</strong></span> <span class='ocrx_word' id='word_1_11' title='bbox 2687 396 2851 453; x_wconf 89' lang='lat' dir='ltr'><strong>quam</strong></span> <span class='ocrx_word' id='word_1_12' title='bbox 2881 380 2950 435; x_wconf 91' lang='lat' dir='ltr'><strong>sit</strong></span> <span class='ocrx_word' id='word_1_13' title='bbox 2977 379 3219 437; x_wconf 81' lang='lat' dir='ltr'><strong>laudatio</strong></span> <span class='ocrx_word' id='word_1_14' title='bbox 3247 380 3354 438; x_wconf 81' lang='lat' dir='ltr'><strong>ﬁxa</strong></span> <span class='ocrx_word' id='word_1_15' title='bbox 3423 442 3448 460; x_wconf 84' lang='lat'>_</span> 
     </span>
    </p>
   </div>
   <div class='ocr_carea' id='block_1_3' title="bbox 2231 468 3532 540">
    <p class='ocr_par' dir='ltr' id='par_1_3' title="bbox 2231 468 3532 540">
     <span class='ocr_line' id='line_1_3' title="bbox 2231 468 3532 540; baseline 0.003 -19"><span class='ocrx_word' id='word_1_16' title='bbox 2231 468 2360 524; x_wconf 74' lang='lat' dir='ltr'><strong>Haec</strong></span> <span class='ocrx_word' id='word_1_17' title='bbox 2386 475 2495 534; x_wconf 91' lang='lat' dir='ltr'><strong>tua,</strong></span> <span class='ocrx_word' id='word_1_18' title='bbox 2528 485 2650 540; x_wconf 70' lang='lat' dir='ltr'><strong>quae</strong></span> <span class='ocrx_word' id='word_1_19' title='bbox 2679 468 2850 524; x_wconf 90' lang='lat' dir='ltr'><strong>variat</strong></span> <span class='ocrx_word' id='word_1_20' title='bbox 2875 477 3118 540; x_wconf 89' lang='lat' dir='ltr'><strong>tempore</strong></span> <span class='ocrx_word' id='word_1_21' title='bbox 3149 478 3201 525; x_wconf 90' lang='lat' dir='ltr'><strong>et</strong></span> <span class='ocrx_word' id='word_1_22' title='bbox 3227 485 3321 525; x_wconf 88' lang='lat' dir='ltr'><strong>ore</strong></span> <span class='ocrx_word' id='word_1_23' title='bbox 3352 469 3532 526; x_wconf 88' lang='lat' dir='ltr'><strong>simul.</strong></span> 
     </span>
    </p>
   </div>
   <div class='ocr_carea' id='block_1_4' title="bbox 1011 505 3284 569">
    <p class='ocr_par' dir='ltr' id='par_1_4' title="bbox 1011 505 3284 569">
     <span class='ocr_line' id='line_1_4' title="bbox 1011 505 3284 569; baseline 0.002 -5"><span class='ocrx_word' id='word_1_24' title='bbox 1011 507 1293 564; x_wconf 75' lang='lat' dir='ltr'><strong>COMPILA</strong></span> <span class='ocrx_word' id='word_1_25' title='bbox 1309 505 1527 562; x_wconf 79' lang='lat' dir='ltr'><strong>TIONIS</strong></span> <span class='ocrx_word' id='word_1_26' title='bbox 2160 554 2192 569; x_wconf 64' lang='grc' dir='ltr'>η</span> <span class='ocrx_word' id='word_1_27' title='bbox 2231 505 2360 569; x_wconf 51' lang='lat'><strong>1&quot;“</strong></span> <span class='ocrx_word' id='word_1_28' title='bbox 2387 505 2495 569; x_wconf 73' lang='grc' dir='ltr'><strong>’ἶ““’</strong></span> <span class='ocrx_word' id='word_1_29' title='bbox 2528 505 2650 567; x_wconf 69' lang='grc' dir='ltr'><strong>“¹““ῖ</strong></span> <span class='ocrx_word' id='word_1_30' title='bbox 2688 505 2850 524; x_wconf 77' lang='grc'><strong>“¹““’</strong></span> <span class='ocrx_word' id='word_1_31' title='bbox 2877 505 3118 569; x_wconf 68' lang='grc' dir='ltr'><strong>ῗῗ⁴³⁵³¹¹⁹¹⁹</strong></span> <span class='ocrx_word' id='word_1_32' title='bbox 3149 505 3201 525; x_wconf 59' lang='grc'><strong>⁵⁵</strong></span> <span class='ocrx_word' id='word_1_33' title='bbox 3228 505 3284 569; x_wconf 64' lang='grc'><strong>⁸³.</strong></span> 
     </span>
    </p>
   </div>
   <div class='ocr_carea' id='block_1_5' title="bbox 2158 554 3575 629">
    <p class='ocr_par' dir='ltr' id='par_1_5' title="bbox 2158 554 3575 629">
     <span class='ocr_line' id='line_1_5' title="bbox 2158 554 3575 629; baseline 0.001 -19"><span class='ocrx_word' id='word_1_34' title='bbox 2158 554 2267 611; x_wconf 88' lang='lat' dir='ltr'><strong>Sed</strong></span> <span class='ocrx_word' id='word_1_35' title='bbox 2295 557 2532 627; x_wconf 84' lang='lat' dir='ltr'><strong>prudens</strong></span> <span class='ocrx_word' id='word_1_36' title='bbox 2560 557 2743 611; x_wconf 88' lang='lat' dir='ltr'><strong>animo</strong></span> <span class='ocrx_word' id='word_1_37' title='bbox 2770 557 2975 628; x_wconf 88' lang='lat' dir='ltr'><strong>pariter</strong></span> <span class='ocrx_word' id='word_1_38' title='bbox 3002 573 3112 612; x_wconf 93' lang='lat' dir='ltr'><strong>non</strong></span> <span class='ocrx_word' id='word_1_39' title='bbox 3141 559 3324 612; x_wconf 84' lang='lat' dir='ltr'><strong>omnia</strong></span> <span class='ocrx_word' id='word_1_40' title='bbox 3348 557 3575 629; x_wconf 83' lang='lat' dir='ltr'><strong>profert,</strong></span> 
     </span>
    </p>
   </div>
   <div class='ocr_carea' id='block_1_6' title="bbox 461 619 2075 716">
    <p class='ocr_par' dir='ltr' id='par_1_6' title="bbox 461 619 2057 692">
     <span class='ocr_line' id='line_1_6' title="bbox 461 619 2057 692; baseline 0.001 -17"><span class='ocrx_word' id='word_1_41' title='bbox 461 619 757 678; x_wconf 80' lang='lat' dir='ltr'><strong>Hincmari</strong></span> <span class='ocrx_word' id='word_1_42' title='bbox 831 621 1223 676; x_wconf 69' lang='lat' dir='ltr'><strong>Laudunensis</strong></span> <span class='ocrx_word' id='word_1_43' title='bbox 1305 621 1547 692; x_wconf 75' lang='lat' dir='ltr'><strong>episcopi</strong></span> <span class='ocrx_word' id='word_1_44' title='bbox 1629 619 1701 675; x_wconf 85' lang='lat' dir='ltr'><strong>ad</strong></span> <span class='ocrx_word' id='word_1_45' title='bbox 1789 620 2057 676; x_wconf 86' lang='lat' dir='ltr'><strong>domnu-m</strong></span> 
     </span>
    </p>
   </div>
   <div class='ocr_carea' id='block_1_7' title="bbox 1775 619 3389 716">
    <p class='ocr_par' dir='ltr' id='par_1_7' title="bbox 1789 619 3389 716">
     <span class='ocr_line' id='line_1_7' title="bbox 1789 619 3389 716; baseline 0.008 -27"><span class='ocrx_word' id='word_1_46' title='bbox 1789 620 2057 676; x_wconf 70' lang='grc' dir='ltr'><strong>άονηηωη</strong></span> <span class='ocrx_word' id='word_1_47' title='bbox 2228 619 2332 712; x_wconf 77' lang='lat' dir='ltr'><strong>Qui</strong></span> <span class='ocrx_word' id='word_1_48' title='bbox 2363 645 2591 700; x_wconf 78' lang='lat' dir='ltr'><strong>discreta</strong></span> <span class='ocrx_word' id='word_1_49' title='bbox 2621 619 3036 716; x_wconf 41' lang='lat' dir='ltr'><strong>tenet.tempora</strong></span> <span class='ocrx_word' id='word_1_50' title='bbox 3066 654 3244 700; x_wconf 80' lang='lat' dir='ltr'><strong>mente</strong></span> <span class='ocrx_word' id='word_1_51' title='bbox 3275 619 3389 704; x_wconf 73' lang='lat' dir='ltr'><strong>sua.</strong></span> 
     </span>
    </p>
   </div>
   <div class='ocr_carea' id='block_1_8' title="bbox 929 708 3440 806">
    <p class='ocr_par' dir='ltr' id='par_1_8' title="bbox 929 708 3440 806">
     <span class='ocr_line' id='line_1_8' title="bbox 929 708 3440 806; baseline 0.006 -30"><span class='ocrx_word' id='word_1_52' title='bbox 929 709 1190 764; x_wconf 68' lang='grc' dir='ltr'><strong>σανοιπιῖη</strong></span> <span class='ocrx_word' id='word_1_53' title='bbox 1225 724 1411 780; x_wconf 58' lang='lat' dir='ltr'><strong>regem</strong></span> <span class='ocrx_word' id='word_1_54' title='bbox 1448 708 1601 776; x_wconf 64' lang='grc' dir='ltr'><strong>βοέα-</strong></span> <span class='ocrx_word' id='word_1_55' title='bbox 2053 725 2057 728; x_wconf 69' lang='grc'><strong>’</strong></span> <span class='ocrx_word' id='word_1_56' title='bbox 2154 731 2223 786; x_wconf 87' lang='lat' dir='ltr'><strong>Et</strong></span> <span class='ocrx_word' id='word_1_57' title='bbox 2238 708 2403 802; x_wconf 69' lang='lat' dir='ltr'><strong>pardi</strong></span> <span class='ocrx_word' id='word_1_58' title='bbox 2434 732 2632 803; x_wconf 87' lang='lat' dir='ltr'><strong>pellem</strong></span> <span class='ocrx_word' id='word_1_59' title='bbox 2661 708 2977 789; x_wconf 60' lang='lat' dir='ltr'><strong>noscenste</strong></span> <span class='ocrx_word' id='word_1_60' title='bbox 3000 733 3244 806; x_wconf 84' lang='lat' dir='ltr'><strong>linquere</strong></span> <span class='ocrx_word' id='word_1_61' title='bbox 3275 735 3440 802; x_wconf 89' lang='lat' dir='ltr'><strong>nolle,</strong></span> 
     </span>
    </p>
   </div>
   <div class='ocr_carea' id='block_1_9' title="bbox 462 821 3387 894">
    <p class='ocr_par' dir='ltr' id='par_1_9' title="bbox 462 821 3387 894">
     <span class='ocr_line' id='line_1_9' title="bbox 462 821 3387 894; baseline 0 -16"><span class='ocrx_word' id='word_1_62' title='bbox 462 821 569 880; x_wconf 86' lang='lat' dir='ltr'><strong>Iste</strong></span> <span class='ocrx_word' id='word_1_63' title='bbox 589 823 862 894; x_wconf 89' lang='lat' dir='ltr'><strong>pitatiolus</strong></span> <span class='ocrx_word' id='word_1_64' title='bbox 889 823 1052 894; x_wconf 84' lang='lat' dir='ltr'><strong>plane</strong></span> <span class='ocrx_word' id='word_1_65' title='bbox 1081 821 1354 893; x_wconf 88' lang='lat' dir='ltr'><strong>depromit</strong></span> <span class='ocrx_word' id='word_1_66' title='bbox 1381 829 1433 877; x_wconf 85' lang='lat' dir='ltr'><strong>et</strong></span> <span class='ocrx_word' id='word_1_67' title='bbox 1457 828 1600 892; x_wconf 91' lang='lat' dir='ltr'><strong>apte,</strong></span> <span class='ocrx_word' id='word_1_68' title='bbox 2227 821 2466 876; x_wconf 85' lang='lat' dir='ltr'><strong>Sustinet</strong></span> <span class='ocrx_word' id='word_1_69' title='bbox 2494 829 2554 877; x_wconf 89' lang='lat' dir='ltr'><strong>ut</strong></span> <span class='ocrx_word' id='word_1_70' title='bbox 2581 821 2819 892; x_wconf 83' lang='lat' dir='ltr'><strong>propriis</strong></span> <span class='ocrx_word' id='word_1_71' title='bbox 2847 821 3064 877; x_wconf 81' lang='lat' dir='ltr'><strong>casibus</strong></span> <span class='ocrx_word' id='word_1_72' title='bbox 3093 821 3212 893; x_wconf 91' lang='lat' dir='ltr'><strong>ipse</strong></span> <span class='ocrx_word' id='word_1_73' title='bbox 3242 839 3387 878; x_wconf 89' lang='lat' dir='ltr'><strong>ruas.</strong></span> 
     </span>
    </p>
   </div>
   <div class='ocr_carea' id='block_1_10' title="bbox 531 907 3747 982">
    <p class='ocr_par' dir='ltr' id='par_1_10' title="bbox 531 907 3747 982">
     <span class='ocr_line' id='line_1_10' title="bbox 531 907 3747 982; baseline 0 -16"><span class='ocrx_word' id='word_1_74' title='bbox 531 911 731 966; x_wconf 91' lang='lat' dir='ltr'><strong>Sedem</strong></span> <span class='ocrx_word' id='word_1_75' title='bbox 760 911 1143 982; x_wconf 80' lang='lat' dir='ltr'><strong>appellandam</strong></span> <span class='ocrx_word' id='word_1_76' title='bbox 1173 911 1344 965; x_wconf 90' lang='lat' dir='ltr'><strong>libere</strong></span> <span class='ocrx_word' id='word_1_77' title='bbox 1375 909 1750 980; x_wconf 73' lang='lat' dir='ltr'><strong>apostolicam,</strong></span> <span class='ocrx_word' id='word_1_78' title='bbox 2153 907 2421 978; x_wconf 85' lang='lat' dir='ltr'><strong>Congeris</strong></span> <span class='ocrx_word' id='word_1_79' title='bbox 2447 917 2501 963; x_wconf 92' lang='lat' dir='ltr'><strong>et</strong></span> <span class='ocrx_word' id='word_1_80' title='bbox 2547 909 2798 980; x_wconf 69' lang='lat' dir='ltr'><strong>quaedam</strong></span> <span class='ocrx_word' id='word_1_81' title='bbox 2845 909 3052 964; x_wconf 87' lang='lat' dir='ltr'><strong>tibimet</strong></span> <span class='ocrx_word' id='word_1_82' title='bbox 3098 926 3220 982; x_wconf 73' lang='lat' dir='ltr'><strong>quze</strong></span> <span class='ocrx_word' id='word_1_83' title='bbox 3268 911 3425 966; x_wconf 82' lang='lat' dir='ltr'><strong>valde</strong></span> <span class='ocrx_word' id='word_1_84' title='bbox 3464 911 3747 978; x_wconf 89' lang='lat' dir='ltr'><strong>resistunt,</strong></span> 
     </span>
    </p>
   </div>
   <div class='ocr_carea' id='block_1_11' title="bbox 459 996 3582 1070">
    <p class='ocr_par' dir='ltr' id='par_1_11' title="bbox 459 996 3582 1070">
     <span class='ocr_line' id='line_1_11' title="bbox 459 996 3582 1070; baseline 0 -17"><span class='ocrx_word' id='word_1_85' title='bbox 459 997 602 1066; x_wconf 87' lang='lat' dir='ltr'><strong>Quin</strong></span> <span class='ocrx_word' id='word_1_86' title='bbox 623 999 987 1069; x_wconf 84' lang='lat' dir='ltr'><strong>appellantem</strong></span> <span class='ocrx_word' id='word_1_87' title='bbox 1017 999 1162 1054; x_wconf 83' lang='lat' dir='ltr'><strong>haud</strong></span> <span class='ocrx_word' id='word_1_88' title='bbox 1192 998 1386 1054; x_wconf 90' lang='lat' dir='ltr'><strong>vinclis</strong></span> <span class='ocrx_word' id='word_1_89' title='bbox 1414 998 1644 1052; x_wconf 90' lang='lat' dir='ltr'><strong>artarier</strong></span> <span class='ocrx_word' id='word_1_90' title='bbox 1673 996 1820 1067; x_wconf 87' lang='lat' dir='ltr'><strong>ullis,</strong></span> <span class='ocrx_word' id='word_1_91' title='bbox 2221 997 2407 1066; x_wconf 89' lang='lat' dir='ltr'><strong>Teque</strong></span> <span class='ocrx_word' id='word_1_92' title='bbox 2437 996 2615 1068; x_wconf 86' lang='lat' dir='ltr'><strong>magis</strong></span> <span class='ocrx_word' id='word_1_93' title='bbox 2645 1006 2910 1070; x_wconf 84' lang='lat' dir='ltr'><strong>pungunt,</strong></span> <span class='ocrx_word' id='word_1_94' title='bbox 2942 1014 3062 1070; x_wconf 62' lang='lat' dir='ltr'><strong>quae</strong></span> <span class='ocrx_word' id='word_1_95' title='bbox 3093 998 3190 1052; x_wconf 90' lang='lat' dir='ltr'><strong>tibi</strong></span> <span class='ocrx_word' id='word_1_96' title='bbox 3220 1007 3374 1070; x_wconf 86' lang='lat' dir='ltr'><strong>grata</strong></span> <span class='ocrx_word' id='word_1_97' title='bbox 3405 1006 3582 1069; x_wconf 90' lang='lat' dir='ltr'><strong>putas.</strong></span> 
     </span>
    </p>
   </div>
   <div class='ocr_carea' id='block_1_12' title="bbox 529 1083 3562 1158">
    <p class='ocr_par' dir='ltr' id='par_1_12' title="bbox 529 1083 3562 1158">
     <span class='ocr_line' id='line_1_12' title="bbox 529 1083 3562 1158; baseline -0.001 -16"><span class='ocrx_word' id='word_1_98' title='bbox 529 1087 870 1158; x_wconf 83' lang='lat' dir='ltr'><strong>Responsum</strong></span> <span class='ocrx_word' id='word_1_99' title='bbox 901 1104 933 1142; x_wconf 90' lang='lat' dir='ltr'><strong>a</strong></span> <span class='ocrx_word' id='word_1_100' title='bbox 962 1088 1142 1144; x_wconf 89' lang='lat' dir='ltr'><strong>vincto</strong></span> <span class='ocrx_word' id='word_1_101' title='bbox 1173 1087 1269 1140; x_wconf 88' lang='lat' dir='ltr'><strong>rite</strong></span> <span class='ocrx_word' id='word_1_102' title='bbox 1300 1100 1402 1141; x_wconf 89' lang='lat' dir='ltr'><strong>nec</strong></span> <span class='ocrx_word' id='word_1_103' title='bbox 1432 1085 1658 1156; x_wconf 85' lang='lat' dir='ltr'><strong>exigier.</strong></span> <span class='ocrx_word' id='word_1_104' title='bbox 2151 1083 2314 1139; x_wconf 89' lang='lat' dir='ltr'><strong>Multa</strong></span> <span class='ocrx_word' id='word_1_105' title='bbox 2345 1083 2564 1154; x_wconf 88' lang='lat' dir='ltr'><strong>quidem</strong></span> <span class='ocrx_word' id='word_1_106' title='bbox 2591 1100 2657 1140; x_wconf 86' lang='lat' dir='ltr'><strong>ex</strong></span> <span class='ocrx_word' id='word_1_107' title='bbox 2688 1085 2879 1139; x_wconf 90' lang='lat' dir='ltr'><strong>studiis</strong></span> <span class='ocrx_word' id='word_1_108' title='bbox 2901 1102 2929 1140; x_wconf 89' lang='lat' dir='ltr'><strong>a</strong></span> <span class='ocrx_word' id='word_1_109' title='bbox 2961 1094 3011 1140; x_wconf 92' lang='lat' dir='ltr'><strong>te</strong></span> <span class='ocrx_word' id='word_1_110' title='bbox 3040 1085 3268 1140; x_wconf 89' lang='lat' dir='ltr'><strong>dimissa</strong></span> <span class='ocrx_word' id='word_1_111' title='bbox 3295 1086 3562 1154; x_wconf 88' lang='lat' dir='ltr'><strong>videntur,</strong></span> 
     </span>
    </p>
   </div>
   <div class='ocr_carea' id='block_1_13' title="bbox 457 1170 3536 1247">
    <p class='ocr_par' dir='ltr' id='par_1_13' title="bbox 457 1170 3536 1247">
     <span class='ocr_line' id='line_1_13' title="bbox 457 1170 3536 1247; baseline -0 -17"><span class='ocrx_word' id='word_1_112' title='bbox 457 1176 728 1247; x_wconf 81' lang='lat' dir='ltr'><strong>Archique</strong></span> <span class='ocrx_word' id='word_1_113' title='bbox 756 1173 999 1246; x_wconf 85' lang='lat' dir='ltr'><strong>pontifici</strong></span> <span class='ocrx_word' id='word_1_114' title='bbox 1029 1174 1312 1246; x_wconf 85' lang='lat' dir='ltr'><strong>distinguit</strong></span> <span class='ocrx_word' id='word_1_115' title='bbox 1335 1175 1532 1244; x_wconf 89' lang='lat' dir='ltr'><strong>jusque</strong></span> <span class='ocrx_word' id='word_1_116' title='bbox 1560 1173 1890 1246; x_wconf 88' lang='lat' dir='ltr'><strong>modumque</strong></span> <span class='ocrx_word' id='word_1_117' title='bbox 2222 1170 2356 1240; x_wconf 65' lang='lat' dir='ltr'><strong>Quae</strong></span> <span class='ocrx_word' id='word_1_118' title='bbox 2386 1172 2512 1243; x_wconf 88' lang='lat' dir='ltr'><strong>quia</strong></span> <span class='ocrx_word' id='word_1_119' title='bbox 2539 1173 2858 1240; x_wconf 82' lang='lat' dir='ltr'><strong>contemnis,</strong></span> <span class='ocrx_word' id='word_1_120' title='bbox 2889 1173 3077 1228; x_wconf 80' lang='lat' dir='ltr'><strong>fraude</strong></span> <span class='ocrx_word' id='word_1_121' title='bbox 3107 1173 3342 1244; x_wconf 87' lang='lat' dir='ltr'><strong>doloque</strong></span> <span class='ocrx_word' id='word_1_122' title='bbox 3369 1183 3536 1231; x_wconf 86' lang='lat' dir='ltr'><strong>taces.</strong></span> 
     </span>
    </p>
   </div>
   <div class='ocr_carea' id='block_1_14' title="bbox 529 1260 3452 1335">
    <p class='ocr_par' dir='ltr' id='par_1_14' title="bbox 529 1260 3452 1335">
     <span class='ocr_line' id='line_1_14' title="bbox 529 1260 3452 1335; baseline 0 -17"><span class='ocrx_word' id='word_1_123' title='bbox 529 1264 663 1319; x_wconf 94' lang='lat' dir='ltr'><strong>Cum</strong></span> <span class='ocrx_word' id='word_1_124' title='bbox 693 1263 1144 1335; x_wconf 72' lang='lat' dir='ltr'><strong>compraesulibus</strong></span> <span class='ocrx_word' id='word_1_125' title='bbox 1171 1279 1271 1318; x_wconf 91' lang='lat' dir='ltr'><strong>ceu</strong></span> <span class='ocrx_word' id='word_1_126' title='bbox 1298 1271 1475 1319; x_wconf 88' lang='lat' dir='ltr'><strong>teneat</strong></span> <span class='ocrx_word' id='word_1_127' title='bbox 1505 1262 1738 1317; x_wconf 91' lang='lat' dir='ltr'><strong>sobrius.</strong></span> <span class='ocrx_word' id='word_1_128' title='bbox 2150 1260 2398 1331; x_wconf 86' lang='lat' dir='ltr'><strong>Impurus</strong></span> <span class='ocrx_word' id='word_1_129' title='bbox 2427 1262 2677 1332; x_wconf 68' lang='lat' dir='ltr'><strong>quaedam</strong></span> <span class='ocrx_word' id='word_1_130' title='bbox 2703 1261 2928 1328; x_wconf 90' lang='lat' dir='ltr'><strong>falsasti,</strong></span> <span class='ocrx_word' id='word_1_131' title='bbox 2960 1262 3191 1318; x_wconf 89' lang='lat' dir='ltr'><strong>imittere</strong></span> <span class='ocrx_word' id='word_1_132' title='bbox 3222 1262 3452 1318; x_wconf 89' lang='lat' dir='ltr'><strong>mendas</strong></span> 
     </span>
    </p>
   </div>
   <div class='ocr_carea' id='block_1_15' title="bbox 455 1349 3582 1424">
    <p class='ocr_par' dir='ltr' id='par_1_15' title="bbox 455 1349 3582 1424">
     <span class='ocr_line' id='line_1_15' title="bbox 455 1349 3582 1424; baseline -0.001 -16"><span class='ocrx_word' id='word_1_133' title='bbox 455 1352 644 1424; x_wconf 86' lang='lat' dir='ltr'><strong>Sitque</strong></span> <span class='ocrx_word' id='word_1_134' title='bbox 677 1353 766 1422; x_wconf 93' lang='lat' dir='ltr'><strong>pio</strong></span> <span class='ocrx_word' id='word_1_135' title='bbox 797 1352 918 1424; x_wconf 86' lang='lat' dir='ltr'><strong>regi</strong></span> <span class='ocrx_word' id='word_1_136' title='bbox 949 1351 1144 1407; x_wconf 87' lang='lat' dir='ltr'><strong>Carolo</strong></span> <span class='ocrx_word' id='word_1_137' title='bbox 1172 1367 1296 1421; x_wconf 85' lang='lat' dir='ltr'><strong>pax,</strong></span> <span class='ocrx_word' id='word_1_138' title='bbox 1327 1352 1454 1416; x_wconf 91' lang='lat' dir='ltr'><strong>vita,</strong></span> <span class='ocrx_word' id='word_1_139' title='bbox 1485 1359 1747 1421; x_wconf 88' lang='lat' dir='ltr'><strong>potestas,</strong></span> <span class='ocrx_word' id='word_1_140' title='bbox 2218 1350 2342 1404; x_wconf 91' lang='lat' dir='ltr'><strong>Non</strong></span> <span class='ocrx_word' id='word_1_141' title='bbox 2371 1349 2594 1416; x_wconf 88' lang='lat' dir='ltr'><strong>veritus,</strong></span> <span class='ocrx_word' id='word_1_142' title='bbox 2629 1350 2883 1422; x_wconf 90' lang='lat' dir='ltr'><strong>quoniam</strong></span> <span class='ocrx_word' id='word_1_143' title='bbox 2917 1366 3025 1405; x_wconf 89' lang='lat' dir='ltr'><strong>non</strong></span> <span class='ocrx_word' id='word_1_144' title='bbox 3055 1350 3151 1404; x_wconf 90' lang='lat' dir='ltr'><strong>tibi</strong></span> <span class='ocrx_word' id='word_1_145' title='bbox 3180 1367 3316 1421; x_wconf 90' lang='lat' dir='ltr'><strong>pura</strong></span> <span class='ocrx_word' id='word_1_146' title='bbox 3343 1351 3582 1421; x_wconf 87' lang='lat' dir='ltr'><strong>placent.</strong></span> 
     </span>
    </p>
   </div>
   <div class='ocr_carea' id='block_1_16' title="bbox 527 1437 3668 1510">
    <p class='ocr_par' dir='ltr' id='par_1_16' title="bbox 527 1437 3668 1510">
     <span class='ocr_line' id='line_1_16' title="bbox 527 1437 3668 1510; baseline 0 -16"><span class='ocrx_word' id='word_1_147' title='bbox 527 1439 632 1510; x_wconf 86' lang='lat' dir='ltr'><strong>Qui</strong></span> <span class='ocrx_word' id='word_1_148' title='bbox 658 1441 860 1510; x_wconf 90' lang='lat' dir='ltr'><strong>probus</strong></span> <span class='ocrx_word' id='word_1_149' title='bbox 889 1441 1006 1496; x_wconf 70' lang='lat' dir='ltr'><strong>hzec</strong></span> <span class='ocrx_word' id='word_1_150' title='bbox 1035 1456 1266 1495; x_wconf 89' lang='lat' dir='ltr'><strong>cernens</strong></span> <span class='ocrx_word' id='word_1_151' title='bbox 1295 1456 1408 1510; x_wconf 63' lang='lat' dir='ltr'><strong>prae</strong></span> <span class='ocrx_word' id='word_1_152' title='bbox 1435 1439 1703 1510; x_wconf 87' lang='lat' dir='ltr'><strong>probitate</strong></span> <span class='ocrx_word' id='word_1_153' title='bbox 1730 1437 1923 1510; x_wconf 89' lang='lat' dir='ltr'><strong>probet</strong></span> <span class='ocrx_word' id='word_1_154' title='bbox 2146 1437 2286 1492; x_wconf 88' lang='lat' dir='ltr'><strong>Nam</strong></span> <span class='ocrx_word' id='word_1_155' title='bbox 2315 1453 2472 1492; x_wconf 88' lang='lat' dir='ltr'><strong>sacra</strong></span> <span class='ocrx_word' id='word_1_156' title='bbox 2499 1437 2818 1508; x_wconf 87' lang='lat' dir='ltr'><strong>depromunt</strong></span> <span class='ocrx_word' id='word_1_157' title='bbox 2849 1454 3120 1494; x_wconf 91' lang='lat' dir='ltr'><strong>canonum</strong></span> <span class='ocrx_word' id='word_1_158' title='bbox 3149 1437 3368 1495; x_wconf 89' lang='lat' dir='ltr'><strong>decreta</strong></span> <span class='ocrx_word' id='word_1_159' title='bbox 3397 1447 3668 1510; x_wconf 88' lang='lat' dir='ltr'><strong>patenter,</strong></span> 
     </span>
    </p>
   </div>
   <div class='ocr_carea' id='block_1_17' title="bbox 455 1517 3670 1598">
    <p class='ocr_par' dir='ltr' id='par_1_17' title="bbox 455 1517 3670 1598">
     <span class='ocr_line' id='line_1_17' title="bbox 455 1517 3670 1598; baseline 0 -16"><span class='ocrx_word' id='word_1_160' title='bbox 455 1527 554 1582; x_wconf 90' lang='lat' dir='ltr'><strong>Cui</strong></span> <span class='ocrx_word' id='word_1_161' title='bbox 581 1527 628 1581; x_wconf 90' lang='lat' dir='ltr'><strong>si</strong></span> <span class='ocrx_word' id='word_1_162' title='bbox 655 1527 943 1598; x_wconf 87' lang='lat' dir='ltr'><strong>surripitur</strong></span> <span class='ocrx_word' id='word_1_163' title='bbox 969 1528 1219 1582; x_wconf 86' lang='lat' dir='ltr'><strong>humanis</strong></span> <span class='ocrx_word' id='word_1_164' title='bbox 1247 1528 1454 1582; x_wconf 91' lang='lat' dir='ltr'><strong>nisibus</strong></span> <span class='ocrx_word' id='word_1_165' title='bbox 1484 1527 1627 1594; x_wconf 90' lang='lat' dir='ltr'><strong>ullis,</strong></span> <span class='ocrx_word' id='word_1_166' title='bbox 2215 1526 2452 1597; x_wconf 80' lang='lat' dir='ltr'><strong>Juraque</strong></span> <span class='ocrx_word' id='word_1_167' title='bbox 2480 1525 2800 1581; x_wconf 82' lang='lat' dir='ltr'><strong>conﬁrmant</strong></span> <span class='ocrx_word' id='word_1_168' title='bbox 2829 1525 2976 1581; x_wconf 86' lang='lat' dir='ltr'><strong>sedis</strong></span> <span class='ocrx_word' id='word_1_169' title='bbox 3005 1527 3342 1596; x_wconf 72' lang='lat' dir='ltr'><strong>apostolicae,</strong></span> <span class='ocrx_word' id='word_1_170' title='bbox 3667 1517 3670 1519; x_wconf 12' lang='grc' dir='ltr'><strong>Α</strong></span> 
     </span>
    </p>
   </div>
   <div class='ocr_carea' id='block_1_18' title="bbox 526 1612 3354 1687">
    <p class='ocr_par' dir='ltr' id='par_1_18' title="bbox 526 1612 3354 1687">
     <span class='ocr_line' id='line_1_18' title="bbox 526 1612 3354 1687; baseline -0 -16"><span class='ocrx_word' id='word_1_171' title='bbox 526 1613 807 1671; x_wconf 90' lang='lat' dir='ltr'><strong>Cassando</strong></span> <span class='ocrx_word' id='word_1_172' title='bbox 836 1616 1008 1684; x_wconf 87' lang='lat' dir='ltr'><strong>reicit,</strong></span> <span class='ocrx_word' id='word_1_173' title='bbox 1043 1633 1131 1671; x_wconf 90' lang='lat' dir='ltr'><strong>res</strong></span> <span class='ocrx_word' id='word_1_174' title='bbox 1156 1616 1249 1670; x_wconf 94' lang='lat' dir='ltr'><strong>ubi</strong></span> <span class='ocrx_word' id='word_1_175' title='bbox 1277 1624 1428 1671; x_wconf 91' lang='lat' dir='ltr'><strong>certa</strong></span> <span class='ocrx_word' id='word_1_176' title='bbox 1457 1616 1618 1671; x_wconf 87' lang='lat' dir='ltr'><strong>redit.</strong></span> <span class='ocrx_word' id='word_1_177' title='bbox 2145 1612 2612 1684; x_wconf 88' lang='lat' dir='ltr'><strong>Metropolitanum</strong></span> <span class='ocrx_word' id='word_1_178' title='bbox 2637 1630 2825 1669; x_wconf 88' lang='lat' dir='ltr'><strong>curam</strong></span> <span class='ocrx_word' id='word_1_179' title='bbox 2855 1615 3096 1687; x_wconf 82' lang='lat' dir='ltr'><strong>regionis</strong></span> <span class='ocrx_word' id='word_1_180' title='bbox 3128 1615 3354 1682; x_wconf 88' lang='lat' dir='ltr'><strong>habere,</strong></span> 
     </span>
    </p>
   </div>
   <div class='ocr_carea' id='block_1_19' title="bbox 451 1702 3357 1794">
    <p class='ocr_par' dir='ltr' id='par_1_19' title="bbox 451 1702 3357 1794">
     <span class='ocr_line' id='line_1_19' title="bbox 451 1702 3357 1794; baseline 0 -36"><span class='ocrx_word' id='word_1_181' title='bbox 451 1702 542 1760; x_wconf 86' lang='lat' dir='ltr'><strong>Sic</strong></span> <span class='ocrx_word' id='word_1_182' title='bbox 568 1718 666 1757; x_wconf 87' lang='lat' dir='ltr'><strong>sua</strong></span> <span class='ocrx_word' id='word_1_183' title='bbox 693 1718 848 1758; x_wconf 90' lang='lat' dir='ltr'><strong>mens</strong></span> <span class='ocrx_word' id='word_1_184' title='bbox 877 1703 1016 1760; x_wconf 89' lang='lat' dir='ltr'><strong>adeo</strong></span> <span class='ocrx_word' id='word_1_185' title='bbox 1046 1705 1161 1760; x_wconf 89' lang='lat' dir='ltr'><strong>veri</strong></span> <span class='ocrx_word' id='word_1_186' title='bbox 1189 1703 1434 1759; x_wconf 87' lang='lat' dir='ltr'><strong>defervet</strong></span> <span class='ocrx_word' id='word_1_187' title='bbox 1460 1719 1646 1760; x_wconf 90' lang='lat' dir='ltr'><strong>amore</strong></span> <span class='ocrx_word' id='word_1_188' title='bbox 2075 1735 2128 1794; x_wconf 80' lang='grc' dir='ltr'>Β</span> <span class='ocrx_word' id='word_1_189' title='bbox 2219 1702 2288 1756; x_wconf 93' lang='lat' dir='ltr'><strong>Ut</strong></span> <span class='ocrx_word' id='word_1_190' title='bbox 2306 1702 2495 1772; x_wconf 65' lang='lat' dir='ltr'><strong>praesit</strong></span> <span class='ocrx_word' id='word_1_191' title='bbox 2522 1702 2714 1756; x_wconf 88' lang='lat' dir='ltr'><strong>sollers</strong></span> <span class='ocrx_word' id='word_1_192' title='bbox 2742 1718 2839 1756; x_wconf 91' lang='lat' dir='ltr'><strong>ore</strong></span> <span class='ocrx_word' id='word_1_193' title='bbox 2867 1719 3136 1774; x_wconf 90' lang='lat' dir='ltr'><strong>manuque</strong></span> <span class='ocrx_word' id='word_1_194' title='bbox 3165 1718 3357 1776; x_wconf 83' lang='lat' dir='ltr'><strong>sagax,</strong></span> 
     </span>
    </p>
   </div>
   <div class='ocr_carea' id='block_1_20' title="bbox 523 1789 3540 1864">
    <p class='ocr_par' dir='ltr' id='par_1_20' title="bbox 523 1789 3540 1864">
     <span class='ocr_line' id='line_1_20' title="bbox 523 1789 3540 1864; baseline 0 -18"><span class='ocrx_word' id='word_1_195' title='bbox 523 1792 689 1847; x_wconf 83' lang='lat' dir='ltr'><strong>Recte</strong></span> <span class='ocrx_word' id='word_1_196' title='bbox 719 1791 1084 1848; x_wconf 87' lang='lat' dir='ltr'><strong>frustrandum</strong></span> <span class='ocrx_word' id='word_1_197' title='bbox 1113 1808 1180 1848; x_wconf 88' lang='lat' dir='ltr'><strong>ne</strong></span> <span class='ocrx_word' id='word_1_198' title='bbox 1209 1793 1351 1848; x_wconf 89' lang='lat' dir='ltr'><strong>sinat</strong></span> <span class='ocrx_word' id='word_1_199' title='bbox 1381 1809 1503 1848; x_wconf 89' lang='lat' dir='ltr'><strong>esse</strong></span> <span class='ocrx_word' id='word_1_200' title='bbox 1534 1801 1727 1848; x_wconf 89' lang='lat' dir='ltr'><strong>ratum.</strong></span> <span class='ocrx_word' id='word_1_201' title='bbox 2075 1789 2122 1794; x_wconf 70' lang='lat'>_</span> <span class='ocrx_word' id='word_1_202' title='bbox 2147 1789 2231 1844; x_wconf 79' lang='lat' dir='ltr'><strong>Ad</strong></span> <span class='ocrx_word' id='word_1_203' title='bbox 2260 1805 2424 1859; x_wconf 89' lang='lat' dir='ltr'><strong>quem</strong></span> <span class='ocrx_word' id='word_1_204' title='bbox 2451 1798 2772 1844; x_wconf 85' lang='lat' dir='ltr'><strong>concurrant</strong></span> <span class='ocrx_word' id='word_1_205' title='bbox 2801 1807 3135 1862; x_wconf 69' lang='lat' dir='ltr'><strong>quaecunque</strong></span> <span class='ocrx_word' id='word_1_206' title='bbox 3163 1791 3380 1864; x_wconf 83' lang='lat' dir='ltr'><strong>negotia</strong></span> <span class='ocrx_word' id='word_1_207' title='bbox 3401 1791 3540 1860; x_wconf 83' lang='lat' dir='ltr'><strong>juris</strong></span> 
     </span>
    </p>
   </div>
   <div class='ocr_carea' id='block_1_21' title="bbox 449 1877 3467 1951">
    <p class='ocr_par' dir='ltr' id='par_1_21' title="bbox 449 1877 3467 1951">
     <span class='ocr_line' id='line_1_21' title="bbox 449 1877 3467 1951; baseline -0.001 -17"><span class='ocrx_word' id='word_1_208' title='bbox 449 1877 698 1951; x_wconf 84' lang='lat' dir='ltr'><strong>Namque</strong></span> <span class='ocrx_word' id='word_1_209' title='bbox 727 1881 967 1935; x_wconf 89' lang='lat' dir='ltr'><strong>animum</strong></span> <span class='ocrx_word' id='word_1_210' title='bbox 995 1888 1180 1936; x_wconf 87' lang='lat' dir='ltr'><strong>servat</strong></span> <span class='ocrx_word' id='word_1_211' title='bbox 1207 1881 1354 1935; x_wconf 87' lang='lat' dir='ltr'><strong>mitis</strong></span> <span class='ocrx_word' id='word_1_212' title='bbox 1382 1881 1647 1951; x_wconf 87' lang='lat' dir='ltr'><strong>sapientia</strong></span> <span class='ocrx_word' id='word_1_213' title='bbox 1674 1881 1890 1948; x_wconf 86' lang='lat' dir='ltr'><strong>fortem,</strong></span> <span class='ocrx_word' id='word_1_214' title='bbox 2213 1877 2403 1932; x_wconf 90' lang='lat' dir='ltr'><strong>Cuncti</strong></span> <span class='ocrx_word' id='word_1_215' title='bbox 2432 1884 2739 1948; x_wconf 85' lang='lat' dir='ltr'><strong>poscentes,</strong></span> <span class='ocrx_word' id='word_1_216' title='bbox 2773 1879 3052 1948; x_wconf 66' lang='lat' dir='ltr'><strong>praeminet</strong></span> <span class='ocrx_word' id='word_1_217' title='bbox 3079 1879 3196 1949; x_wconf 91' lang='lat' dir='ltr'><strong>ipse</strong></span> <span class='ocrx_word' id='word_1_218' title='bbox 3227 1879 3467 1950; x_wconf 89' lang='lat' dir='ltr'><strong>quidem.</strong></span> 
     </span>
    </p>
   </div>
   <div class='ocr_carea' id='block_1_22' title="bbox 521 1957 2135 2041">
    <p class='ocr_par' dir='ltr' id='par_1_22' title="bbox 521 1957 1780 2041">
     <span class='ocr_line' id='line_1_22' title="bbox 521 1957 1780 2041; baseline 0.003 -21"><span class='ocrx_word' id='word_1_219' title='bbox 521 1967 637 2022; x_wconf 66' lang='lat' dir='ltr'><strong>Prae</strong></span> <span class='ocrx_word' id='word_1_220' title='bbox 665 1968 872 2024; x_wconf 90' lang='lat' dir='ltr'><strong>cunctis</strong></span> <span class='ocrx_word' id='word_1_221' title='bbox 901 1957 1122 2038; x_wconf 85' lang='lat' dir='ltr'><strong>prOprie</strong></span> <span class='ocrx_word' id='word_1_222' title='bbox 1147 1985 1310 2041; x_wconf 88' lang='lat' dir='ltr'><strong>quem</strong></span> <span class='ocrx_word' id='word_1_223' title='bbox 1343 1969 1561 2024; x_wconf 90' lang='lat' dir='ltr'><strong>redimit</strong></span> <span class='ocrx_word' id='word_1_224' title='bbox 1585 1969 1780 2040; x_wconf 88' lang='lat' dir='ltr'><strong>pietas.</strong></span> 
     </span>
    </p>
   </div>
   <div class='ocr_carea' id='block_1_23' title="bbox 1808 1957 3422 2041">
    <p class='ocr_par' dir='ltr' id='par_1_23' title="bbox 2142 1960 3422 2032">
     <span class='ocr_line' id='line_1_23' title="bbox 2142 1960 3422 2032; baseline 0 -16"><span class='ocrx_word' id='word_1_225' title='bbox 2142 1960 2407 2031; x_wconf 85' lang='lat' dir='ltr'><strong>Regmine</strong></span> <span class='ocrx_word' id='word_1_226' title='bbox 2437 1961 2536 2014; x_wconf 92' lang='lat' dir='ltr'><strong>sub</strong></span> <span class='ocrx_word' id='word_1_227' title='bbox 2565 1961 2718 2029; x_wconf 89' lang='lat' dir='ltr'><strong>cujus</strong></span> <span class='ocrx_word' id='word_1_228' title='bbox 2747 1969 2959 2016; x_wconf 88' lang='lat' dir='ltr'><strong>constat</strong></span> <span class='ocrx_word' id='word_1_229' title='bbox 2987 1962 3268 2032; x_wconf 88' lang='lat' dir='ltr'><strong>provincia</strong></span> <span class='ocrx_word' id='word_1_230' title='bbox 3295 1971 3422 2028; x_wconf 89' lang='lat' dir='ltr'><strong>tota,</strong></span> 
     </span>
    </p>
   </div>
   <div class='ocr_carea' id='block_1_24' title="bbox 449 2049 3341 2126">
    <p class='ocr_par' dir='ltr' id='par_1_24' title="bbox 449 2049 3341 2126">
     <span class='ocr_line' id='line_1_24' title="bbox 449 2049 3341 2126; baseline -0 -17"><span class='ocrx_word' id='word_1_231' title='bbox 449 2052 497 2109; x_wconf 93' lang='grc' dir='ltr'><strong>Ο</strong></span> <span class='ocrx_word' id='word_1_232' title='bbox 527 2071 691 2126; x_wconf 91' lang='lat' dir='ltr'><strong>quam</strong></span> <span class='ocrx_word' id='word_1_233' title='bbox 722 2072 819 2110; x_wconf 86' lang='lat' dir='ltr'><strong>rex</strong></span> <span class='ocrx_word' id='word_1_234' title='bbox 849 2055 995 2122; x_wconf 84' lang='lat' dir='ltr'><strong>felix,</strong></span> <span class='ocrx_word' id='word_1_235' title='bbox 1029 2057 1288 2111; x_wconf 90' lang='lat' dir='ltr'><strong>virtutum</strong></span> <span class='ocrx_word' id='word_1_236' title='bbox 1315 2056 1468 2112; x_wconf 89' lang='lat' dir='ltr'><strong>fortis</strong></span> <span class='ocrx_word' id='word_1_237' title='bbox 1497 2066 1727 2126; x_wconf 86' lang='lat' dir='ltr'><strong>amator,</strong></span> <span class='ocrx_word' id='word_1_238' title='bbox 2213 2050 2282 2104; x_wconf 69' lang='lat' dir='ltr'><strong>Ut</strong></span> <span class='ocrx_word' id='word_1_239' title='bbox 2311 2049 2515 2104; x_wconf 73' lang='lat' dir='ltr'><strong>Sanctis</strong></span> <span class='ocrx_word' id='word_1_240' title='bbox 2545 2064 2761 2119; x_wconf 81' lang='lat' dir='ltr'><strong>semper</strong></span> <span class='ocrx_word' id='word_1_241' title='bbox 2787 2049 3000 2120; x_wconf 81' lang='lat' dir='ltr'><strong>legibus</strong></span> <span class='ocrx_word' id='word_1_242' title='bbox 3027 2058 3172 2120; x_wconf 84' lang='lat' dir='ltr'><strong>aptet</strong></span> <span class='ocrx_word' id='word_1_243' title='bbox 3199 2066 3341 2105; x_wconf 85' lang='lat' dir='ltr'><strong>eam.</strong></span> 
     </span>
    </p>
   </div>
   <div class='ocr_carea' id='block_1_25' title="bbox 517 2136 3641 2216">
    <p class='ocr_par' dir='ltr' id='par_1_25' title="bbox 517 2136 3641 2216">
     <span class='ocr_line' id='line_1_25' title="bbox 517 2136 3641 2216; baseline 0.001 -27"><span class='ocrx_word' id='word_1_244' title='bbox 517 2143 652 2199; x_wconf 77' lang='lat' dir='ltr'><strong>Tam</strong></span> <span class='ocrx_word' id='word_1_245' title='bbox 681 2143 821 2199; x_wconf 79' lang='lat' dir='ltr'><strong>bene</strong></span> <span class='ocrx_word' id='word_1_246' title='bbox 850 2159 1013 2216; x_wconf 77' lang='lat' dir='ltr'><strong>quem</strong></span> <span class='ocrx_word' id='word_1_247' title='bbox 1040 2153 1263 2214; x_wconf 64' lang='lat' dir='ltr'><strong>superat</strong></span> <span class='ocrx_word' id='word_1_248' title='bbox 1289 2145 1404 2200; x_wconf 78' lang='lat' dir='ltr'><strong>sola</strong></span> <span class='ocrx_word' id='word_1_249' title='bbox 1435 2145 1562 2200; x_wconf 81' lang='lat' dir='ltr'><strong>boni</strong></span> <span class='ocrx_word' id='word_1_250' title='bbox 1592 2146 1800 2216; x_wconf 69' lang='lat' dir='ltr'><strong>pietas!</strong></span> <span class='ocrx_word' id='word_1_251' title='bbox 2141 2136 2322 2192; x_wconf 85' lang='lat' dir='ltr'><strong>Rebus</strong></span> <span class='ocrx_word' id='word_1_252' title='bbox 2351 2137 2408 2190; x_wconf 92' lang='lat' dir='ltr'><strong>in</strong></span> <span class='ocrx_word' id='word_1_253' title='bbox 2435 2136 2702 2203; x_wconf 90' lang='lat' dir='ltr'><strong>obscuris,</strong></span> <span class='ocrx_word' id='word_1_254' title='bbox 2735 2137 2912 2191; x_wconf 90' lang='lat' dir='ltr'><strong>dubiis</strong></span> <span class='ocrx_word' id='word_1_255' title='bbox 2942 2154 3178 2209; x_wconf 88' lang='lat' dir='ltr'><strong>quoque,</strong></span> <span class='ocrx_word' id='word_1_256' title='bbox 3211 2147 3353 2194; x_wconf 86' lang='lat' dir='ltr'><strong>certa</strong></span> <span class='ocrx_word' id='word_1_257' title='bbox 3381 2137 3641 2211; x_wconf 88' lang='lat' dir='ltr'><strong>requirat,</strong></span> 
     </span>
    </p>
   </div>
   <div class='ocr_carea' id='block_1_26' title="bbox 447 2223 3389 2305">
    <p class='ocr_par' dir='ltr' id='par_1_26' title="bbox 447 2223 3389 2305">
     <span class='ocr_line' id='line_1_26' title="bbox 447 2223 3389 2305; baseline 0 -19"><span class='ocrx_word' id='word_1_258' title='bbox 447 2232 518 2286; x_wconf 77' lang='lat' dir='ltr'><strong>At</strong></span> <span class='ocrx_word' id='word_1_259' title='bbox 545 2239 617 2297; x_wconf 91' lang='lat' dir='ltr'><strong>te,</strong></span> <span class='ocrx_word' id='word_1_260' title='bbox 651 2231 886 2298; x_wconf 79' lang='lat' dir='ltr'><strong>Christe,</strong></span> <span class='ocrx_word' id='word_1_261' title='bbox 917 2231 1092 2287; x_wconf 88' lang='lat' dir='ltr'><strong>Deum</strong></span> <span class='ocrx_word' id='word_1_262' title='bbox 1115 2247 1351 2288; x_wconf 90' lang='lat' dir='ltr'><strong>noscens</strong></span> <span class='ocrx_word' id='word_1_263' title='bbox 1381 2233 1511 2288; x_wconf 90' lang='lat' dir='ltr'><strong>dum</strong></span> <span class='ocrx_word' id='word_1_264' title='bbox 1540 2233 1718 2305; x_wconf 79' lang='lat' dir='ltr'><strong>diligit</strong></span> <span class='ocrx_word' id='word_1_265' title='bbox 1745 2234 1904 2301; x_wconf 86' lang='lat' dir='ltr'><strong>ultro,</strong></span> <span class='ocrx_word' id='word_1_266' title='bbox 2211 2223 2450 2280; x_wconf 84' lang='lat' dir='ltr'><strong>Consilio</strong></span> <span class='ocrx_word' id='word_1_267' title='bbox 2481 2224 2711 2280; x_wconf 77' lang='lat' dir='ltr'><strong>fratrum</strong></span> <span class='ocrx_word' id='word_1_268' title='bbox 2743 2225 2931 2298; x_wconf 84' lang='lat' dir='ltr'><strong>sicque</strong></span> <span class='ocrx_word' id='word_1_269' title='bbox 2962 2226 3192 2281; x_wconf 83' lang='lat' dir='ltr'><strong>tenenda</strong></span> <span class='ocrx_word' id='word_1_270' title='bbox 3220 2227 3389 2299; x_wconf 82' lang='lat' dir='ltr'><strong>legat.</strong></span> 
     </span>
    </p>
   </div>
   <div class='ocr_carea' id='block_1_27' title="bbox 517 2312 3736 2393">
    <p class='ocr_par' dir='ltr' id='par_1_27' title="bbox 517 2312 3736 2393">
     <span class='ocr_line' id='line_1_27' title="bbox 517 2312 3736 2393; baseline -0.001 -20"><span class='ocrx_word' id='word_1_271' title='bbox 517 2318 651 2388; x_wconf 64' lang='lat' dir='ltr'><strong>Qum</strong></span> <span class='ocrx_word' id='word_1_272' title='bbox 681 2320 893 2390; x_wconf 90' lang='lat' dir='ltr'><strong>spernis</strong></span> <span class='ocrx_word' id='word_1_273' title='bbox 922 2321 1150 2391; x_wconf 87' lang='lat' dir='ltr'><strong>spernit,</strong></span> <span class='ocrx_word' id='word_1_274' title='bbox 1183 2337 1305 2393; x_wconf 58' lang='lat' dir='ltr'><strong>qua}</strong></span> <span class='ocrx_word' id='word_1_275' title='bbox 1333 2321 1522 2376; x_wconf 89' lang='lat' dir='ltr'><strong>statuis</strong></span> <span class='ocrx_word' id='word_1_276' title='bbox 1551 2322 1752 2388; x_wconf 89' lang='lat' dir='ltr'><strong>statuit,</strong></span> <span class='ocrx_word' id='word_1_277' title='bbox 2137 2312 2272 2382; x_wconf 73' lang='lat' dir='ltr'><strong>Qua:</strong></span> <span class='ocrx_word' id='word_1_278' title='bbox 2301 2313 2567 2384; x_wconf 89' lang='lat' dir='ltr'><strong>scriptura</strong></span> <span class='ocrx_word' id='word_1_279' title='bbox 2607 2323 2803 2379; x_wconf 88' lang='lat' dir='ltr'><strong>tamen,</strong></span> <span class='ocrx_word' id='word_1_280' title='bbox 2846 2323 3157 2370; x_wconf 89' lang='lat' dir='ltr'><strong>sanctorum</strong></span> <span class='ocrx_word' id='word_1_281' title='bbox 3187 2323 3240 2370; x_wconf 92' lang='lat' dir='ltr'><strong>et</strong></span> <span class='ocrx_word' id='word_1_282' title='bbox 3267 2315 3426 2380; x_wconf 88' lang='lat' dir='ltr'><strong>dicta,</strong></span> <span class='ocrx_word' id='word_1_283' title='bbox 3457 2330 3736 2386; x_wconf 87' lang='lat' dir='ltr'><strong>perennes</strong></span> 
     </span>
    </p>
   </div>
   <div class='ocr_carea' id='block_1_28' title="bbox 447 2401 3326 2476">
    <p class='ocr_par' dir='ltr' id='par_1_28' title="bbox 447 2401 3326 2476">
     <span class='ocr_line' id='line_1_28' title="bbox 447 2401 3326 2476; baseline 0 -15"><span class='ocrx_word' id='word_1_284' title='bbox 447 2407 519 2462; x_wconf 92' lang='lat' dir='ltr'><strong>Se</strong></span> <span class='ocrx_word' id='word_1_285' title='bbox 551 2406 647 2460; x_wconf 90' lang='lat' dir='ltr'><strong>tibi</strong></span> <span class='ocrx_word' id='word_1_286' title='bbox 672 2408 1013 2463; x_wconf 85' lang='lat' dir='ltr'><strong>committens</strong></span> <span class='ocrx_word' id='word_1_287' title='bbox 1042 2408 1098 2462; x_wconf 90' lang='lat' dir='ltr'><strong>in</strong></span> <span class='ocrx_word' id='word_1_288' title='bbox 1127 2417 1178 2463; x_wconf 88' lang='lat' dir='ltr'><strong>te</strong></span> <span class='ocrx_word' id='word_1_289' title='bbox 1210 2417 1301 2464; x_wconf 89' lang='lat' dir='ltr'><strong>tua</strong></span> <span class='ocrx_word' id='word_1_290' title='bbox 1329 2410 1493 2464; x_wconf 90' lang='lat' dir='ltr'><strong>verba</strong></span> <span class='ocrx_word' id='word_1_291' title='bbox 1521 2417 1760 2476; x_wconf 88' lang='lat' dir='ltr'><strong>veretur,</strong></span> <span class='ocrx_word' id='word_1_292' title='bbox 2207 2401 2380 2472; x_wconf 80' lang='lat' dir='ltr'><strong>Leges</strong></span> <span class='ocrx_word' id='word_1_293' title='bbox 2409 2401 2672 2457; x_wconf 77' lang='lat' dir='ltr'><strong>duxerunt</strong></span> <span class='ocrx_word' id='word_1_294' title='bbox 2698 2402 2846 2456; x_wconf 85' lang='lat' dir='ltr'><strong>nulla</strong></span> <span class='ocrx_word' id='word_1_295' title='bbox 2873 2403 3108 2458; x_wconf 81' lang='lat' dir='ltr'><strong>molesta</strong></span> <span class='ocrx_word' id='word_1_296' title='bbox 3135 2401 3326 2458; x_wconf 86' lang='lat' dir='ltr'><strong>ferant.</strong></span> 
     </span>
    </p>
   </div>
   <div class='ocr_carea' id='block_1_29' title="bbox 518 2488 3508 2568">
    <p class='ocr_par' dir='ltr' id='par_1_29' title="bbox 518 2488 3508 2568">
     <span class='ocr_line' id='line_1_29' title="bbox 518 2488 3508 2568; baseline 0.002 -28"><span class='ocrx_word' id='word_1_297' title='bbox 518 2496 675 2552; x_wconf 80' lang='lat' dir='ltr'><strong>Nunc</strong></span> <span class='ocrx_word' id='word_1_298' title='bbox 705 2504 759 2551; x_wconf 67' lang='lat' dir='ltr'><strong>et</strong></span> <span class='ocrx_word' id='word_1_299' title='bbox 784 2496 841 2550; x_wconf 78' lang='lat' dir='ltr'><strong>in</strong></span> <span class='ocrx_word' id='word_1_300' title='bbox 868 2505 1130 2553; x_wconf 61' lang='lat' dir='ltr'><strong>aeternum</strong></span> <span class='ocrx_word' id='word_1_301' title='bbox 1157 2504 1320 2568; x_wconf 68' lang='lat' dir='ltr'><strong>tuque</strong></span> <span class='ocrx_word' id='word_1_302' title='bbox 1347 2505 1499 2554; x_wconf 75' lang='lat' dir='ltr'><strong>tuere</strong></span> <span class='ocrx_word' id='word_1_303' title='bbox 1529 2505 1682 2553; x_wconf 70' lang='lat' dir='ltr'><strong>tuum</strong></span> <span class='ocrx_word' id='word_1_304' title='bbox 2135 2488 2231 2543; x_wconf 87' lang='lat' dir='ltr'><strong>Cui</strong></span> <span class='ocrx_word' id='word_1_305' title='bbox 2263 2488 2392 2560; x_wconf 88' lang='lat' dir='ltr'><strong>quia</strong></span> <span class='ocrx_word' id='word_1_306' title='bbox 2420 2490 2697 2558; x_wconf 72' lang='lat' dir='ltr'><strong>subjicitur</strong></span> <span class='ocrx_word' id='word_1_307' title='bbox 2721 2490 2966 2562; x_wconf 81' lang='lat' dir='ltr'><strong>regionis</strong></span> <span class='ocrx_word' id='word_1_308' title='bbox 2995 2491 3284 2562; x_wconf 89' lang='lat' dir='ltr'><strong>episcOpus</strong></span> <span class='ocrx_word' id='word_1_309' title='bbox 3310 2489 3508 2558; x_wconf 89' lang='lat' dir='ltr'><strong>omnis,</strong></span> 
     </span>
    </p>
   </div>
   <div class='ocr_carea' id='block_1_30' title="bbox 2203 2575 3344 2652">
    <p class='ocr_par' dir='ltr' id='par_1_30' title="bbox 2203 2575 3344 2652">
     <span class='ocr_line' id='line_1_30' title="bbox 2203 2575 3344 2652; baseline 0.003 -21"><span class='ocrx_word' id='word_1_310' title='bbox 2203 2575 2282 2631; x_wconf 88' lang='lat' dir='ltr'><strong>Sit</strong></span> <span class='ocrx_word' id='word_1_311' title='bbox 2309 2576 2525 2632; x_wconf 89' lang='lat' dir='ltr'><strong>humilis</strong></span> <span class='ocrx_word' id='word_1_312' title='bbox 2555 2577 2762 2642; x_wconf 85' lang='lat' dir='ltr'><strong>humili,</strong></span> <span class='ocrx_word' id='word_1_313' title='bbox 2796 2578 2863 2632; x_wconf 90' lang='lat' dir='ltr'><strong>sit</strong></span> <span class='ocrx_word' id='word_1_314' title='bbox 2888 2578 3101 2650; x_wconf 89' lang='lat' dir='ltr'><strong>rigidus</strong></span> <span class='ocrx_word' id='word_1_315' title='bbox 3131 2579 3344 2652; x_wconf 78' lang='lat' dir='ltr'><strong>rigidis.</strong></span> 
     </span>
    </p>
   </div>
   <div class='ocr_carea' id='block_1_31' title="bbox 1031 2639 3504 2740">
    <p class='ocr_par' dir='ltr' id='par_1_31' title="bbox 1031 2639 3504 2740">
     <span class='ocr_line' id='line_1_31' title="bbox 1031 2639 3504 2740; baseline 0.007 -35"><span class='ocrx_word' id='word_1_316' title='bbox 1031 2639 1450 2696; x_wconf 67' lang='grc' dir='ltr'><strong>ΒΕΞΡΟΝΞῙΟ·</strong></span> <span class='ocrx_word' id='word_1_317' title='bbox 2137 2664 2313 2720; x_wconf 91' lang='lat' dir='ltr'><strong>Corde</strong></span> <span class='ocrx_word' id='word_1_318' title='bbox 2345 2681 2572 2721; x_wconf 90' lang='lat' dir='ltr'><strong>manens</strong></span> <span class='ocrx_word' id='word_1_319' title='bbox 2599 2639 2764 2733; x_wconf 70' lang='lat' dir='ltr'><strong>mitis,</strong></span> <span class='ocrx_word' id='word_1_320' title='bbox 2801 2667 2918 2722; x_wconf 90' lang='lat' dir='ltr'><strong>zelo</strong></span> <span class='ocrx_word' id='word_1_321' title='bbox 2938 2639 3019 2721; x_wconf 59' lang='lat' dir='ltr'><strong>sit</strong></span> <span class='ocrx_word' id='word_1_322' title='bbox 3049 2639 3312 2735; x_wconf 64' lang='lat' dir='ltr'><strong>fervidus,</strong></span> <span class='ocrx_word' id='word_1_323' title='bbox 3344 2675 3504 2740; x_wconf 90' lang='lat' dir='ltr'><strong>atque</strong></span> 
     </span>
    </p>
   </div>
   <div class='ocr_carea' id='block_1_32' title="bbox 443 2752 3410 2840">
    <p class='ocr_par' dir='ltr' id='par_1_32' title="bbox 443 2752 3410 2840">
     <span class='ocr_line' id='line_1_32' title="bbox 443 2752 3410 2840; baseline 0.001 -16"><span class='ocrx_word' id='word_1_324' title='bbox 443 2769 562 2826; x_wconf 87' lang='lat' dir='ltr'><strong>Hoc</strong></span> <span class='ocrx_word' id='word_1_325' title='bbox 587 2767 681 2823; x_wconf 89' lang='lat' dir='ltr'><strong>tibi</strong></span> <span class='ocrx_word' id='word_1_326' title='bbox 709 2767 778 2824; x_wconf 92' lang='lat' dir='ltr'><strong>de</strong></span> <span class='ocrx_word' id='word_1_327' title='bbox 809 2768 979 2839; x_wconf 88' lang='lat' dir='ltr'><strong>titulo,</strong></span> <span class='ocrx_word' id='word_1_328' title='bbox 1003 2770 1222 2839; x_wconf 84' lang='lat' dir='ltr'><strong>juvenis</strong></span> <span class='ocrx_word' id='word_1_329' title='bbox 1257 2771 1544 2827; x_wconf 86' lang='lat' dir='ltr'><strong>Hincmare</strong></span> <span class='ocrx_word' id='word_1_330' title='bbox 1573 2772 1856 2840; x_wconf 88' lang='lat' dir='ltr'><strong>sacerdos,</strong></span> <span class='ocrx_word' id='word_1_331' title='bbox 2208 2752 2482 2810; x_wconf 73' lang='grc' dir='ltr'><strong>δοῙῙίοίωε</strong></span> <span class='ocrx_word' id='word_1_332' title='bbox 2511 2762 2691 2810; x_wconf 63' lang='lat' dir='ltr'><strong>servet</strong></span> <span class='ocrx_word' id='word_1_333' title='bbox 2717 2771 2839 2826; x_wconf 67' lang='grc' dir='ltr'><strong>(1⁸1εὲ</strong></span> <span class='ocrx_word' id='word_1_334' title='bbox 2869 2770 3107 2810; x_wconf 71' lang='lat' dir='ltr'><strong>canones</strong></span> <span class='ocrx_word' id='word_1_335' title='bbox 3137 2763 3410 2821; x_wconf 54' lang='lat' dir='ltr'><strong>statuunt;</strong></span> 
     </span>
    </p>
   </div>
   <div class='ocr_carea' id='block_1_33' title="bbox 513 2841 2127 2930">
    <p class='ocr_par' dir='ltr' id='par_1_33' title="bbox 513 2857 1622 2930">
     <span class='ocr_line' id='line_1_33' title="bbox 513 2857 1622 2930; baseline 0.001 -17"><span class='ocrx_word' id='word_1_336' title='bbox 513 2857 868 2928; x_wconf 89' lang='lat' dir='ltr'><strong>Respondere</strong></span> <span class='ocrx_word' id='word_1_337' title='bbox 895 2857 1027 2912; x_wconf 90' lang='lat' dir='ltr'><strong>mihi</strong></span> <span class='ocrx_word' id='word_1_338' title='bbox 1057 2859 1310 2914; x_wconf 88' lang='lat' dir='ltr'><strong>convenit</strong></span> <span class='ocrx_word' id='word_1_339' title='bbox 1338 2866 1456 2914; x_wconf 86' lang='lat' dir='ltr'><strong>arte</strong></span> <span class='ocrx_word' id='word_1_340' title='bbox 1483 2859 1622 2930; x_wconf 88' lang='lat' dir='ltr'><strong>pari.</strong></span> 
     </span>
    </p>
   </div>
   <div class='ocr_carea' id='block_1_34' title="bbox 1866 2841 3480 2930">
    <p class='ocr_par' dir='ltr' id='par_1_34' title="bbox 2135 2841 3480 2914">
     <span class='ocr_line' id='line_1_34' title="bbox 2135 2841 3480 2914; baseline 0.001 -18"><span class='ocrx_word' id='word_1_341' title='bbox 2135 2841 2356 2910; x_wconf 69' lang='lat' dir='ltr'><strong>IEtates,</strong></span> <span class='ocrx_word' id='word_1_342' title='bbox 2391 2857 2606 2908; x_wconf 87' lang='lat' dir='ltr'><strong>causas,</strong></span> <span class='ocrx_word' id='word_1_343' title='bbox 2641 2858 2924 2912; x_wconf 87' lang='lat' dir='ltr'><strong>personas,</strong></span> <span class='ocrx_word' id='word_1_344' title='bbox 2956 2850 3190 2914; x_wconf 85' lang='lat' dir='ltr'><strong>tempus,</strong></span> <span class='ocrx_word' id='word_1_345' title='bbox 3225 2853 3279 2900; x_wconf 90' lang='lat' dir='ltr'><strong>et</strong></span> <span class='ocrx_word' id='word_1_346' title='bbox 3307 2851 3480 2910; x_wconf 89' lang='lat' dir='ltr'><strong>actus,</strong></span> 
     </span>
    </p>
   </div>
   <div class='ocr_carea' id='block_1_35' title="bbox 440 2930 2054 3019">
    <p class='ocr_par' dir='ltr' id='par_1_35' title="bbox 440 2945 2030 3019">
     <span class='ocr_line' id='line_1_35' title="bbox 440 2945 2030 3019; baseline 0.003 -19"><span class='ocrx_word' id='word_1_347' title='bbox 440 2945 524 3000; x_wconf 88' lang='lat' dir='ltr'><strong>Ne</strong></span> <span class='ocrx_word' id='word_1_348' title='bbox 552 2945 648 3000; x_wconf 90' lang='lat' dir='ltr'><strong>tibi</strong></span> <span class='ocrx_word' id='word_1_349' title='bbox 682 2945 758 3000; x_wconf 89' lang='lat' dir='ltr'><strong>sis</strong></span> <span class='ocrx_word' id='word_1_350' title='bbox 784 2945 1000 3017; x_wconf 85' lang='lat' dir='ltr'><strong>sapiens</strong></span> <span class='ocrx_word' id='word_1_351' title='bbox 1024 2946 1266 3016; x_wconf 89' lang='lat' dir='ltr'><strong>multum,</strong></span> <span class='ocrx_word' id='word_1_352' title='bbox 1318 2947 1463 3019; x_wconf 88' lang='lat' dir='ltr'><strong>quod</strong></span> <span class='ocrx_word' id='word_1_353' title='bbox 1511 2956 1680 3004; x_wconf 65' lang='lat' dir='ltr'><strong>caecat</strong></span> <span class='ocrx_word' id='word_1_354' title='bbox 1718 2950 2030 3018; x_wconf 89' lang='lat' dir='ltr'><strong>homonem,</strong></span> 
     </span>
    </p>
   </div>
   <div class='ocr_carea' id='block_1_36' title="bbox 1844 2930 3458 3019">
    <p class='ocr_par' dir='ltr' id='par_1_36' title="bbox 1849 2930 3458 3019">
     <span class='ocr_line' id='line_1_36' title="bbox 1849 2930 3458 3019; baseline -0.002 -30"><span class='ocrx_word' id='word_1_355' title='bbox 1849 2965 2030 3018; x_wconf 56' lang='lat' dir='ltr'><strong>onem,</strong></span> <span class='ocrx_word' id='word_1_356' title='bbox 2299 2930 2418 3019; x_wconf 87' lang='lat' dir='ltr'><strong>loca</strong></span> <span class='ocrx_word' id='word_1_357' title='bbox 2448 2931 2756 2996; x_wconf 89' lang='lat' dir='ltr'><strong>dicernens,</strong></span> <span class='ocrx_word' id='word_1_358' title='bbox 2788 2940 2983 3001; x_wconf 89' lang='lat' dir='ltr'><strong>penset</strong></span> <span class='ocrx_word' id='word_1_359' title='bbox 3011 2932 3226 3004; x_wconf 86' lang='lat' dir='ltr'><strong>agenda</strong></span> <span class='ocrx_word' id='word_1_360' title='bbox 3256 2932 3413 2986; x_wconf 89' lang='lat' dir='ltr'><strong>simul</strong></span> <span class='ocrx_word' id='word_1_361' title='bbox 3447 2951 3458 2986; x_wconf 94' lang='lat'><strong>:</strong></span> 
     </span>
    </p>
   </div>
   <div class='ocr_carea' id='block_1_37' title="bbox 2134 3017 3477 3090">
    <p class='ocr_par' dir='ltr' id='par_1_37' title="bbox 2134 3017 3477 3090">
     <span class='ocr_line' id='line_1_37' title="bbox 2134 3017 3477 3090; baseline 0.003 -20"><span class='ocrx_word' id='word_1_362' title='bbox 2134 3017 2282 3072; x_wconf 90' lang='lat' dir='ltr'><strong>Illius</strong></span> <span class='ocrx_word' id='word_1_363' title='bbox 2311 3018 2368 3072; x_wconf 91' lang='lat' dir='ltr'><strong>in</strong></span> <span class='ocrx_word' id='word_1_364' title='bbox 2395 3019 2602 3074; x_wconf 89' lang='lat' dir='ltr'><strong>cunctis</strong></span> <span class='ocrx_word' id='word_1_365' title='bbox 2632 3035 2849 3090; x_wconf 91' lang='lat' dir='ltr'><strong>semper</strong></span> <span class='ocrx_word' id='word_1_366' title='bbox 2877 3019 3253 3074; x_wconf 88' lang='lat' dir='ltr'><strong>moderamina</strong></span> <span class='ocrx_word' id='word_1_367' title='bbox 3281 3019 3477 3076; x_wconf 88' lang='lat' dir='ltr'><strong>fratres</strong></span> 
     </span>
    </p>
   </div>
   <div class='ocr_carea' id='block_1_38' title="bbox 511 3033 3371 3180">
    <p class='ocr_par' dir='ltr' id='par_1_38' title="bbox 511 3033 3371 3180">
     <span class='ocr_line' id='line_1_38' title="bbox 511 3033 3371 3107; baseline 0.002 -40"><span class='ocrx_word' id='word_1_368' title='bbox 511 3033 720 3107; x_wconf 71' lang='lat' dir='ltr'><strong>Collige</strong></span> <span class='ocrx_word' id='word_1_369' title='bbox 750 3035 818 3089; x_wconf 75' lang='lat' dir='ltr'>de</span> <span class='ocrx_word' id='word_1_370' title='bbox 848 3034 990 3091; x_wconf 65' lang='lat' dir='ltr'><strong>veris</strong></span> <span class='ocrx_word' id='word_1_371' title='bbox 1017 3036 1136 3092; x_wconf 51' lang='lat' dir='ltr'><strong>hac</strong></span> <span class='ocrx_word' id='word_1_372' title='bbox 1165 3043 1256 3090; x_wconf 54' lang='lat' dir='ltr'><strong>tua</strong></span> <span class='ocrx_word' id='word_1_373' title='bbox 1282 3034 1404 3092; x_wconf 59' lang='lat' dir='ltr'><strong>ﬁcta</strong></span> <span class='ocrx_word' id='word_1_374' title='bbox 1433 3035 1566 3103; x_wconf 61' lang='lat' dir='ltr'><strong>fore,</strong></span> <span class='ocrx_word' id='word_1_375' title='bbox 2135 3033 2282 3072; x_wconf 85' lang='lat' dir='ltr'><strong>unus</strong></span> <span class='ocrx_word' id='word_1_376' title='bbox 2311 3034 2368 3072; x_wconf 85' lang='lat' dir='ltr'><strong>1n</strong></span> <span class='ocrx_word' id='word_1_377' title='bbox 2395 3033 2602 3074; x_wconf 79' lang='lat' dir='ltr'><strong>cunctis</strong></span> <span class='ocrx_word' id='word_1_378' title='bbox 2632 3035 2849 3090; x_wconf 90' lang='lat' dir='ltr'><strong>semper</strong></span> <span class='ocrx_word' id='word_1_379' title='bbox 2877 3033 3253 3074; x_wconf 80' lang='lat' dir='ltr'><strong>moueramtna</strong></span> <span class='ocrx_word' id='word_1_380' title='bbox 3281 3033 3371 3074; x_wconf 56' lang='lat' dir='ltr'><strong>irai</strong></span> 
     </span>
     <span class='ocr_line' id='line_1_39' title="bbox 511 3085 3371 3180; baseline 0.001 -3"><span class='ocrx_word' id='word_1_381' title='bbox 511 3129 590 3177; x_wconf 85' lang='lat' dir='ltr'><strong>:ut</strong></span> <span class='ocrx_word' id='word_1_382' title='bbox 617 3129 671 3177; x_wconf 88' lang='lat' dir='ltr'><strong>et</strong></span> <span class='ocrx_word' id='word_1_383' title='bbox 698 3122 816 3180; x_wconf 79' lang='lat' dir='ltr'><strong>ipsa</strong></span> <span class='ocrx_word' id='word_1_384' title='bbox 846 3123 923 3178; x_wconf 89' lang='lat' dir='ltr'><strong>tui</strong></span> <span class='ocrx_word' id='word_1_385' title='bbox 949 3123 1250 3180; x_wconf 73' lang='lat' dir='ltr'><strong>primordia</strong></span> <span class='ocrx_word' id='word_1_386' title='bbox 1279 3123 1533 3178; x_wconf 88' lang='lat' dir='ltr'><strong>carminis</strong></span> <span class='ocrx_word' id='word_1_387' title='bbox 1561 3140 1684 3180; x_wconf 90' lang='lat' dir='ltr'><strong>esse</strong></span> <span class='ocrx_word' id='word_1_388' title='bbox 2059 3085 2108 3148; x_wconf 68' lang='grc' dir='ltr'>Ο</span> <span class='ocrx_word' id='word_1_389' title='bbox 2207 3107 2554 3177; x_wconf 69' lang='grc' dir='ltr'><strong>ΕΧεΡθοίθηίν</strong></span> <span class='ocrx_word' id='word_1_390' title='bbox 2589 3107 2729 3162; x_wconf 62' lang='lat' dir='ltr'><strong>Sim“</strong></span> <span class='ocrx_word' id='word_1_391' title='bbox 2757 3107 2946 3180; x_wconf 73' lang='grc' dir='ltr'><strong>ι’θευιει</strong></span> <span class='ocrx_word' id='word_1_392' title='bbox 2975 3116 3162 3163; x_wconf 63' lang='grc' dir='ltr'><strong>δειλαία</strong></span> <span class='ocrx_word' id='word_1_393' title='bbox 3192 3109 3371 3165; x_wconf 49' lang='lat' dir='ltr'><strong>docet.</strong></span> 
     </span>
    </p>
   </div>
   <div class='ocr_carea' id='block_1_39' title="bbox 441 3120 1684 3194">
    <p class='ocr_par' dir='ltr' id='par_1_39' title="bbox 441 3120 1684 3194">
     <span class='ocr_line' id='line_1_40' title="bbox 441 3120 1684 3194; baseline 0.002 -18"><span class='ocrx_word' id='word_1_394' title='bbox 441 3120 590 3177; x_wconf 89' lang='lat' dir='ltr'><strong>Sicut</strong></span> <span class='ocrx_word' id='word_1_395' title='bbox 617 3129 671 3177; x_wconf 89' lang='lat' dir='ltr'><strong>et</strong></span> <span class='ocrx_word' id='word_1_396' title='bbox 698 3122 816 3194; x_wconf 89' lang='lat' dir='ltr'><strong>ipsa</strong></span> <span class='ocrx_word' id='word_1_397' title='bbox 846 3123 923 3178; x_wconf 90' lang='lat' dir='ltr'><strong>tui</strong></span> <span class='ocrx_word' id='word_1_398' title='bbox 949 3123 1250 3194; x_wconf 90' lang='lat' dir='ltr'><strong>primordia</strong></span> <span class='ocrx_word' id='word_1_399' title='bbox 1279 3123 1533 3178; x_wconf 89' lang='lat' dir='ltr'><strong>carminis</strong></span> <span class='ocrx_word' id='word_1_400' title='bbox 1561 3140 1684 3180; x_wconf 91' lang='lat' dir='ltr'><strong>esse</strong></span> 
     </span>
    </p>
   </div>
   <div class='ocr_carea' id='block_1_40' title="bbox 507 3193 3435 3284">
    <p class='ocr_par' dir='ltr' id='par_1_40' title="bbox 507 3193 3435 3284">
     <span class='ocr_line' id='line_1_41' title="bbox 507 3193 3435 3284; baseline 0.002 -37"><span class='ocrx_word' id='word_1_401' title='bbox 507 3210 667 3266; x_wconf 53' lang='lat' dir='ltr'><strong>Clare</strong></span> <span class='ocrx_word' id='word_1_402' title='bbox 695 3193 1070 3267; x_wconf 54' lang='grc' dir='ltr'><strong>άθωοηειξηηι</strong></span> <span class='ocrx_word' id='word_1_403' title='bbox 1099 3211 1364 3284; x_wconf 63' lang='lat' dir='ltr'><strong>degeneri</strong></span> <span class='ocrx_word' id='word_1_404' title='bbox 1390 3228 1614 3284; x_wconf 45' lang='lat' dir='ltr'><strong>genere.</strong></span> <span class='ocrx_word' id='word_1_405' title='bbox 2131 3195 2382 3284; x_wconf 18' lang='lat' dir='ltr'><strong>Utipater</strong></span> <span class='ocrx_word' id='word_1_406' title='bbox 2406 3202 2460 3284; x_wconf 85' lang='lat' dir='ltr'><strong>et</strong></span> <span class='ocrx_word' id='word_1_407' title='bbox 2489 3193 2684 3284; x_wconf 80' lang='lat' dir='ltr'><strong>fratres</strong></span> <span class='ocrx_word' id='word_1_408' title='bbox 2709 3196 2984 3252; x_wconf 88' lang='lat' dir='ltr'><strong>charitatis</strong></span> <span class='ocrx_word' id='word_1_409' title='bbox 3012 3197 3241 3251; x_wconf 84' lang='lat' dir='ltr'><strong>nexibus</strong></span> <span class='ocrx_word' id='word_1_410' title='bbox 3272 3213 3435 3252; x_wconf 92' lang='lat' dir='ltr'><strong>unum</strong></span> 
     </span>
    </p>
   </div>
   <div class='ocr_carea' id='block_1_41' title="bbox 437 3281 3362 3371">
    <p class='ocr_par' dir='ltr' id='par_1_41' title="bbox 437 3281 3362 3371">
     <span class='ocr_line' id='line_1_42' title="bbox 437 3281 3362 3371; baseline 0.002 -19"><span class='ocrx_word' id='word_1_411' title='bbox 437 3298 686 3370; x_wconf 88' lang='lat' dir='ltr'><strong>Namque</strong></span> <span class='ocrx_word' id='word_1_412' title='bbox 716 3299 1019 3371; x_wconf 89' lang='lat' dir='ltr'><strong>pitatiolum</strong></span> <span class='ocrx_word' id='word_1_413' title='bbox 1048 3281 1240 3355; x_wconf 78' lang='lat' dir='ltr'><strong>neutro</strong></span> <span class='ocrx_word' id='word_1_414' title='bbox 1271 3281 1458 3356; x_wconf 77' lang='lat' dir='ltr'><strong>dixere</strong></span> <span class='ocrx_word' id='word_1_415' title='bbox 1485 3300 1716 3371; x_wconf 90' lang='lat' dir='ltr'><strong>priores,</strong></span> <span class='ocrx_word' id='word_1_416' title='bbox 2203 3283 2264 3336; x_wconf 75' lang='grc' dir='ltr'><strong>Ῑυ</strong></span> <span class='ocrx_word' id='word_1_417' title='bbox 2289 3282 2506 3371; x_wconf 55' lang='lat' dir='ltr'><strong>chris”</strong></span> <span class='ocrx_word' id='word_1_418' title='bbox 2536 3281 2684 3352; x_wconf 60' lang='lat' dir='ltr'><strong>fac“:</strong></span> <span class='ocrx_word' id='word_1_419' title='bbox 2717 3284 3010 3340; x_wconf 61' lang='grc' dir='ltr'><strong>εθδίεωδῑδ</strong></span> <span class='ocrx_word' id='word_1_420' title='bbox 3040 3284 3186 3339; x_wconf 67' lang='lat' dir='ltr'><strong>“una</strong></span> <span class='ocrx_word' id='word_1_421' title='bbox 3214 3284 3362 3351; x_wconf 69' lang='lat' dir='ltr'><strong>ﬁemv</strong></span> 
     </span>
    </p>
   </div>
   <div class='ocr_carea' id='block_1_42' title="bbox 505 3370 3511 3460">
    <p class='ocr_par' dir='ltr' id='par_1_42' title="bbox 505 3370 3511 3460">
     <span class='ocr_line' id='line_1_43' title="bbox 505 3370 3511 3460; baseline 0.001 -35"><span class='ocrx_word' id='word_1_422' title='bbox 505 3386 573 3440; x_wconf 60' lang='lat' dir='ltr'><strong>Et</strong></span> <span class='ocrx_word' id='word_1_423' title='bbox 601 3370 760 3458; x_wconf 56' lang='lat' dir='ltr'><strong>capm</strong></span> <span class='ocrx_word' id='word_1_424' title='bbox 790 3388 893 3444; x_wconf 72' lang='lat' dir='ltr'><strong>hoc</strong></span> <span class='ocrx_word' id='word_1_425' title='bbox 923 3388 1189 3460; x_wconf 65' lang='lat' dir='ltr'><strong>languens</strong></span> <span class='ocrx_word' id='word_1_426' title='bbox 1220 3394 1416 3443; x_wconf 51' lang='lat' dir='ltr'><strong>cetera</strong></span> <span class='ocrx_word' id='word_1_427' title='bbox 1445 3370 1588 3444; x_wconf 63' lang='grc' dir='ltr'><strong>ηίιχα</strong></span> <span class='ocrx_word' id='word_1_428' title='bbox 1617 3389 1796 3446; x_wconf 45' lang='lat' dir='ltr'><strong>docet,</strong></span> <span class='ocrx_word' id='word_1_429' title='bbox 2131 3370 2407 3444; x_wconf 71' lang='lat' dir='ltr'><strong>Angelicaa</strong></span> <span class='ocrx_word' id='word_1_430' title='bbox 2435 3380 2613 3460; x_wconf 89' lang='lat' dir='ltr'><strong>sortes</strong></span> <span class='ocrx_word' id='word_1_431' title='bbox 2641 3372 2782 3428; x_wconf 88' lang='lat' dir='ltr'><strong>coelo</strong></span> <span class='ocrx_word' id='word_1_432' title='bbox 2812 3389 2938 3428; x_wconf 90' lang='lat' dir='ltr'><strong>nam</strong></span> <span class='ocrx_word' id='word_1_433' title='bbox 2966 3372 3201 3428; x_wconf 88' lang='lat' dir='ltr'><strong>culmine</strong></span> <span class='ocrx_word' id='word_1_434' title='bbox 3229 3381 3511 3445; x_wconf 68' lang='lat' dir='ltr'><strong>praestant,</strong></span> 
     </span>
    </p>
   </div>
   <div class='ocr_carea' id='block_1_43' title="bbox 435 3459 2049 3546">
    <p class='ocr_par' dir='ltr' id='par_1_43' title="bbox 435 3459 1718 3546">
     <span class='ocr_line' id='line_1_44' title="bbox 435 3459 1718 3546; baseline 0.002 -15"><span class='ocrx_word' id='word_1_435' title='bbox 435 3474 572 3542; x_wconf 74' lang='lat' dir='ltr'><strong>Quae</strong></span> <span class='ocrx_word' id='word_1_436' title='bbox 599 3475 907 3546; x_wconf 88' lang='lat' dir='ltr'><strong>compilasti</strong></span> <span class='ocrx_word' id='word_1_437' title='bbox 937 3459 1088 3530; x_wconf 87' lang='lat' dir='ltr'><strong>vario</strong></span> <span class='ocrx_word' id='word_1_438' title='bbox 1114 3490 1214 3545; x_wconf 88' lang='lat' dir='ltr'><strong>pro</strong></span> <span class='ocrx_word' id='word_1_439' title='bbox 1244 3483 1487 3546; x_wconf 89' lang='lat' dir='ltr'><strong>tempore</strong></span> <span class='ocrx_word' id='word_1_440' title='bbox 1516 3484 1568 3532; x_wconf 91' lang='lat' dir='ltr'><strong>et</strong></span> <span class='ocrx_word' id='word_1_441' title='bbox 1595 3485 1718 3534; x_wconf 88' lang='lat' dir='ltr'><strong>actu</strong></span> 
     </span>
    </p>
   </div>
   <div class='ocr_carea' id='block_1_44' title="bbox 1887 3459 3501 3546">
    <p class='ocr_par' dir='ltr' id='par_1_44' title="bbox 2201 3459 3501 3533">
     <span class='ocr_line' id='line_1_45' title="bbox 2201 3459 3501 3533; baseline 0.002 -19"><span class='ocrx_word' id='word_1_442' title='bbox 2201 3459 2460 3530; x_wconf 87' lang='lat' dir='ltr'><strong>Supposit</strong></span> <span class='ocrx_word' id='word_1_443' title='bbox 2472 3459 2518 3514; x_wconf 94' lang='lat' dir='ltr'><strong>is</strong></span> <span class='ocrx_word' id='word_1_444' title='bbox 2546 3460 2664 3515; x_wconf 89' lang='lat' dir='ltr'><strong>aliis</strong></span> <span class='ocrx_word' id='word_1_445' title='bbox 2694 3461 2886 3516; x_wconf 91' lang='lat' dir='ltr'><strong>ordine</strong></span> <span class='ocrx_word' id='word_1_446' title='bbox 2915 3462 3238 3533; x_wconf 88' lang='lat' dir='ltr'><strong>composito,</strong></span> <span class='ocrx_word' id='word_1_447' title='bbox 3493 3483 3501 3489; x_wconf 92' lang='grc'>·</span> 
     </span>
    </p>
   </div>
   <div class='ocr_carea' id='block_1_45' title="bbox 505 3547 3399 3635">
    <p class='ocr_par' dir='ltr' id='par_1_45' title="bbox 505 3547 3399 3635">
     <span class='ocr_line' id='line_1_46' title="bbox 505 3547 3399 3635; baseline 0.003 -36"><span class='ocrx_word' id='word_1_448' title='bbox 505 3563 732 3618; x_wconf 53' lang='lat' dir='ltr'><strong>condita</strong></span> <span class='ocrx_word' id='word_1_449' title='bbox 761 3563 830 3618; x_wconf 71' lang='lat' dir='ltr'><strong>de</strong></span> <span class='ocrx_word' id='word_1_450' title='bbox 859 3561 1046 3618; x_wconf 65' lang='lat' dir='ltr'><strong>verbis</strong></span> <span class='ocrx_word' id='word_1_451' title='bbox 1071 3562 1220 3619; x_wconf 71' lang='lat' dir='ltr'><strong>sedis</strong></span> <span class='ocrx_word' id='word_1_452' title='bbox 1248 3564 1582 3635; x_wconf 49' lang='lat' dir='ltr'><strong>apostolica.</strong></span> <span class='ocrx_word' id='word_1_453' title='bbox 2128 3547 2282 3602; x_wconf 90' lang='lat' dir='ltr'><strong>Unde</strong></span> <span class='ocrx_word' id='word_1_454' title='bbox 2312 3548 2659 3604; x_wconf 86' lang='lat' dir='ltr'><strong>sacerdotum</strong></span> <span class='ocrx_word' id='word_1_455' title='bbox 2688 3557 2902 3605; x_wconf 87' lang='lat' dir='ltr'><strong>constat</strong></span> <span class='ocrx_word' id='word_1_456' title='bbox 2928 3550 3201 3606; x_wconf 91' lang='lat' dir='ltr'><strong>distinctio</strong></span> <span class='ocrx_word' id='word_1_457' title='bbox 3229 3558 3399 3616; x_wconf 85' lang='lat' dir='ltr'><strong>certa,</strong></span> 
     </span>
    </p>
   </div>
   <div class='ocr_carea' id='block_1_46' title="bbox 429 3636 3314 3722">
    <p class='ocr_par' dir='ltr' id='par_1_46' title="bbox 429 3636 3314 3722">
     <span class='ocr_line' id='line_1_47' title="bbox 429 3636 3314 3722; baseline 0.001 -15"><span class='ocrx_word' id='word_1_458' title='bbox 429 3651 690 3707; x_wconf 88' lang='lat' dir='ltr'><strong>Conciliis</strong></span> <span class='ocrx_word' id='word_1_459' title='bbox 720 3650 882 3706; x_wconf 87' lang='lat' dir='ltr'><strong>certis</strong></span> <span class='ocrx_word' id='word_1_460' title='bbox 911 3667 1238 3722; x_wconf 65' lang='lat' dir='ltr'><strong>prmponens</strong></span> <span class='ocrx_word' id='word_1_461' title='bbox 1266 3652 1396 3708; x_wconf 85' lang='lat' dir='ltr'><strong>talia</strong></span> <span class='ocrx_word' id='word_1_462' title='bbox 1424 3669 1607 3718; x_wconf 87' lang='lat' dir='ltr'><strong>sensu,</strong></span> <span class='ocrx_word' id='word_1_463' title='bbox 2173 3636 2267 3722; x_wconf 16' lang='lat' dir='ltr'><strong>,E‘</strong></span> <span class='ocrx_word' id='word_1_464' title='bbox 2296 3636 2482 3691; x_wconf 71' lang='lat' dir='ltr'><strong>mundi</strong></span> <span class='ocrx_word' id='word_1_465' title='bbox 2511 3637 2744 3708; x_wconf 74' lang='grc' dir='ltr'><strong>ΡοΡυῙοε</strong></span> <span class='ocrx_word' id='word_1_466' title='bbox 2773 3639 2911 3694; x_wconf 69' lang='lat' dir='ltr'><strong>ordo</strong></span> <span class='ocrx_word' id='word_1_467' title='bbox 2939 3639 3082 3710; x_wconf 64' lang='grc' dir='ltr'><strong>Υθὲίῑ</strong></span> <span class='ocrx_word' id='word_1_468' title='bbox 3113 3639 3314 3695; x_wconf 59' lang='lat' dir='ltr'><strong>Verius-</strong></span> 
     </span>
    </p>
   </div>
   <div class='ocr_carea' id='block_1_47' title="bbox 505 3721 2119 3810">
    <p class='ocr_par' dir='ltr' id='par_1_47' title="bbox 505 3721 1754 3810">
     <span class='ocr_line' id='line_1_48' title="bbox 505 3721 1754 3810; baseline 0.002 -16"><span class='ocrx_word' id='word_1_469' title='bbox 505 3739 600 3794; x_wconf 90' lang='lat' dir='ltr'><strong>Cui</strong></span> <span class='ocrx_word' id='word_1_470' title='bbox 629 3740 806 3796; x_wconf 90' lang='lat' dir='ltr'><strong>bonus</strong></span> <span class='ocrx_word' id='word_1_471' title='bbox 835 3721 1101 3810; x_wconf 87' lang='lat' dir='ltr'><strong>interpres</strong></span> <span class='ocrx_word' id='word_1_472' title='bbox 1131 3740 1363 3810; x_wconf 84' lang='lat' dir='ltr'><strong>Spiritus</strong></span> <span class='ocrx_word' id='word_1_473' title='bbox 1391 3741 1565 3796; x_wconf 86' lang='lat' dir='ltr'><strong>almus</strong></span> <span class='ocrx_word' id='word_1_474' title='bbox 1598 3742 1754 3797; x_wconf 89' lang='lat' dir='ltr'><strong>abest</strong></span> 
     </span>
    </p>
   </div>
   <div class='ocr_carea' id='block_1_48' title="bbox 1864 3721 3478 3810">
    <p class='ocr_par' dir='ltr' id='par_1_48' title="bbox 2128 3721 3478 3798">
     <span class='ocr_line' id='line_1_49' title="bbox 2128 3721 3478 3798; baseline 0.004 -21"><span class='ocrx_word' id='word_1_475' title='bbox 2128 3721 2363 3778; x_wconf 87' lang='lat' dir='ltr'><strong>Plurima</strong></span> <span class='ocrx_word' id='word_1_476' title='bbox 2393 3725 2636 3779; x_wconf 88' lang='lat' dir='ltr'><strong>membra</strong></span> <span class='ocrx_word' id='word_1_477' title='bbox 2666 3732 2759 3780; x_wconf 90' lang='lat' dir='ltr'><strong>tuo</strong></span> <span class='ocrx_word' id='word_1_478' title='bbox 2789 3734 2975 3794; x_wconf 73' lang='lat' dir='ltr'><strong>gestas</strong></span> <span class='ocrx_word' id='word_1_479' title='bbox 3004 3727 3058 3781; x_wconf 92' lang='lat' dir='ltr'><strong>in</strong></span> <span class='ocrx_word' id='word_1_480' title='bbox 3091 3742 3318 3798; x_wconf 86' lang='lat' dir='ltr'><strong>corpore</strong></span> <span class='ocrx_word' id='word_1_481' title='bbox 3349 3734 3478 3791; x_wconf 79' lang='lat' dir='ltr'><strong>toto,</strong></span> 
     </span>
    </p>
   </div>
   <div class='ocr_carea' id='block_1_49' title="bbox 432 3811 2046 3900">
    <p class='ocr_par' dir='ltr' id='par_1_49' title="bbox 432 3825 1772 3900">
     <span class='ocr_line' id='line_1_50' title="bbox 432 3825 1772 3900; baseline 0.001 -17"><span class='ocrx_word' id='word_1_482' title='bbox 432 3829 541 3884; x_wconf 93' lang='lat' dir='ltr'><strong>Cor</strong></span> <span class='ocrx_word' id='word_1_483' title='bbox 570 3827 786 3900; x_wconf 77' lang='lat' dir='ltr'><strong>fugiens</strong></span> <span class='ocrx_word' id='word_1_484' title='bbox 815 3825 1016 3893; x_wconf 88' lang='lat' dir='ltr'><strong>ﬁctum,</strong></span> <span class='ocrx_word' id='word_1_485' title='bbox 1049 3828 1195 3898; x_wconf 91' lang='lat' dir='ltr'><strong>quod</strong></span> <span class='ocrx_word' id='word_1_486' title='bbox 1225 3829 1510 3899; x_wconf 90' lang='lat' dir='ltr'><strong>disciplina</strong></span> <span class='ocrx_word' id='word_1_487' title='bbox 1539 3829 1772 3884; x_wconf 88' lang='lat' dir='ltr'><strong>salubris</strong></span> 
     </span>
    </p>
   </div>
   <div class='ocr_carea' id='block_1_50' title="bbox 1641 3811 3255 3900">
    <p class='ocr_par' dir='ltr' id='par_1_50' title="bbox 1641 3811 3255 3886">
     <span class='ocr_line' id='line_1_51' title="bbox 1641 3811 3255 3886; baseline -0.002 -14"><span class='ocrx_word' id='word_1_488' title='bbox 1641 3829 1772 3884; x_wconf 65' lang='lat' dir='ltr'><strong>lbris</strong></span> <span class='ocrx_word' id='word_1_489' title='bbox 2199 3811 2335 3880; x_wconf 67' lang='lat' dir='ltr'><strong>Quae</strong></span> <span class='ocrx_word' id='word_1_490' title='bbox 2363 3813 2569 3868; x_wconf 91' lang='lat' dir='ltr'><strong>servire</strong></span> <span class='ocrx_word' id='word_1_491' title='bbox 2598 3812 2752 3868; x_wconf 86' lang='lat' dir='ltr'><strong>vides</strong></span> <span class='ocrx_word' id='word_1_492' title='bbox 2783 3813 2973 3869; x_wconf 81' lang='lat' dir='ltr'><strong>oﬂiciis</strong></span> <span class='ocrx_word' id='word_1_493' title='bbox 3001 3815 3255 3886; x_wconf 84' lang='lat' dir='ltr'><strong>prapriis.</strong></span> 
     </span>
    </p>
   </div>
   <div class='ocr_carea' id='block_1_51' title="bbox 503 3900 3460 3988">
    <p class='ocr_par' dir='ltr' id='par_1_51' title="bbox 503 3900 3460 3988">
     <span class='ocr_line' id='line_1_52' title="bbox 503 3900 3460 3988; baseline 0.002 -20"><span class='ocrx_word' id='word_1_494' title='bbox 503 3917 627 3970; x_wconf 90' lang='lat' dir='ltr'><strong>Non</strong></span> <span class='ocrx_word' id='word_1_495' title='bbox 653 3914 810 3986; x_wconf 84' lang='lat' dir='ltr'><strong>regit,</strong></span> <span class='ocrx_word' id='word_1_496' title='bbox 846 3922 1010 3986; x_wconf 88' lang='lat' dir='ltr'><strong>atque</strong></span> <span class='ocrx_word' id='word_1_497' title='bbox 1042 3915 1201 3970; x_wconf 88' lang='lat' dir='ltr'><strong>simul</strong></span> <span class='ocrx_word' id='word_1_498' title='bbox 1233 3932 1354 3988; x_wconf 72' lang='lat' dir='ltr'><strong>quae</strong></span> <span class='ocrx_word' id='word_1_499' title='bbox 1383 3925 1474 3972; x_wconf 89' lang='lat' dir='ltr'><strong>tua</strong></span> <span class='ocrx_word' id='word_1_500' title='bbox 1500 3925 1624 3973; x_wconf 89' lang='lat' dir='ltr'><strong>vota</strong></span> <span class='ocrx_word' id='word_1_501' title='bbox 1652 3927 1893 3974; x_wconf 90' lang='lat' dir='ltr'><strong>vomunt.</strong></span> <span class='ocrx_word' id='word_1_502' title='bbox 2129 3900 2475 3972; x_wconf 67' lang='grc' dir='ltr'><strong>ΩιιαΡΓοΡίθν</strong></span> <span class='ocrx_word' id='word_1_503' title='bbox 2504 3917 2698 3956; x_wconf 72' lang='lat' dir='ltr'><strong>sensus</strong></span> <span class='ocrx_word' id='word_1_504' title='bbox 2723 3918 2921 3974; x_wconf 70' lang='lat' dir='ltr'><strong>Pompa</strong></span> <span class='ocrx_word' id='word_1_505' title='bbox 2946 3902 3164 3960; x_wconf 53' lang='lat' dir='ltr'><strong>fauente</strong></span> <span class='ocrx_word' id='word_1_506' title='bbox 3193 3903 3460 3974; x_wconf 63' lang='lat' dir='ltr'><strong>superbos</strong></span> 
     </span>
    </p>
   </div>
   <div class='ocr_carea' id='block_1_52' title="bbox 433 3989 2047 4076">
    <p class='ocr_par' dir='ltr' id='par_1_52' title="bbox 433 4001 1834 4076">
     <span class='ocr_line' id='line_1_53' title="bbox 433 4001 1834 4076; baseline 0.003 -18"><span class='ocrx_word' id='word_1_507' title='bbox 433 4002 699 4074; x_wconf 84' lang='lat' dir='ltr'><strong>Congruit</strong></span> <span class='ocrx_word' id='word_1_508' title='bbox 725 4002 870 4058; x_wconf 90' lang='lat' dir='ltr'><strong>unde</strong></span> <span class='ocrx_word' id='word_1_509' title='bbox 895 4001 992 4058; x_wconf 90' lang='lat' dir='ltr'><strong>tibi</strong></span> <span class='ocrx_word' id='word_1_510' title='bbox 1021 4003 1239 4075; x_wconf 90' lang='lat' dir='ltr'><strong>sapiens</strong></span> <span class='ocrx_word' id='word_1_511' title='bbox 1269 4005 1414 4076; x_wconf 89' lang='lat' dir='ltr'><strong>quod</strong></span> <span class='ocrx_word' id='word_1_512' title='bbox 1443 4004 1655 4062; x_wconf 85' lang='lat' dir='ltr'><strong>dixerat</strong></span> <span class='ocrx_word' id='word_1_513' title='bbox 1685 4006 1834 4075; x_wconf 90' lang='lat' dir='ltr'><strong>olim,</strong></span> 
     </span>
    </p>
   </div>
   <div class='ocr_carea' id='block_1_53' title="bbox 1780 3989 3394 4076">
    <p class='ocr_par' dir='ltr' id='par_1_53' title="bbox 1780 3989 3394 4075">
     <span class='ocr_line' id='line_1_54' title="bbox 1780 3989 3394 4075; baseline 0.002 -32"><span class='ocrx_word' id='word_1_514' title='bbox 1780 4023 1834 4075; x_wconf 51' lang='lat' dir='ltr'><strong>n’</strong></span> <span class='ocrx_word' id='word_1_515' title='bbox 2196 3989 2454 4060; x_wconf 88' lang='lat' dir='ltr'><strong>Deprime</strong></span> <span class='ocrx_word' id='word_1_516' title='bbox 2485 3990 2586 4044; x_wconf 90' lang='lat' dir='ltr'><strong>sub</strong></span> <span class='ocrx_word' id='word_1_517' title='bbox 2616 3991 2832 4046; x_wconf 89' lang='lat' dir='ltr'><strong>Domini</strong></span> <span class='ocrx_word' id='word_1_518' title='bbox 2855 3991 3098 4060; x_wconf 90' lang='lat' dir='ltr'><strong>jussibus</strong></span> <span class='ocrx_word' id='word_1_519' title='bbox 3127 3989 3394 4056; x_wconf 88' lang='lat' dir='ltr'><strong>almiﬁcis,</strong></span> 
     </span>
    </p>
   </div>
   <div class='ocr_carea' id='block_1_54' title="bbox 503 4077 3514 4152">
    <p class='ocr_par' dir='ltr' id='par_1_54' title="bbox 503 4077 3514 4152">
     <span class='ocr_line' id='line_1_55' title="bbox 503 4077 3514 4152; baseline 0.002 -8"><span class='ocrx_word' id='word_1_520' title='bbox 503 4091 624 4144; x_wconf 87' lang='lat' dir='ltr'><strong>Non</strong></span> <span class='ocrx_word' id='word_1_521' title='bbox 655 4097 872 4146; x_wconf 87' lang='lat' dir='ltr'><strong>tenuem</strong></span> <span class='ocrx_word' id='word_1_522' title='bbox 901 4105 1123 4146; x_wconf 90' lang='lat' dir='ltr'><strong>sensum</strong></span> <span class='ocrx_word' id='word_1_523' title='bbox 1152 4100 1341 4148; x_wconf 88' lang='lat' dir='ltr'><strong>venter</strong></span> <span class='ocrx_word' id='word_1_524' title='bbox 1367 4093 1569 4148; x_wconf 90' lang='lat' dir='ltr'><strong>obesus</strong></span> <span class='ocrx_word' id='word_1_525' title='bbox 1602 4095 1782 4152; x_wconf 85' lang='lat' dir='ltr'><strong>habet.</strong></span> <span class='ocrx_word' id='word_1_526' title='bbox 2127 4077 2290 4146; x_wconf 72' lang='lat' dir='ltr'><strong>cuius</strong></span> <span class='ocrx_word' id='word_1_527' title='bbox 2319 4093 2428 4132; x_wconf 76' lang='grc' dir='ltr'><strong>ηοη</strong></span> <span class='ocrx_word' id='word_1_528' title='bbox 2457 4077 2654 4133; x_wconf 74' lang='grc' dir='ltr'><strong>ῐηθῑυίε</strong></span> <span class='ocrx_word' id='word_1_529' title='bbox 2683 4087 3009 4150; x_wconf 70' lang='grc' dir='ltr'><strong>Ροειροηθτθ</strong></span> <span class='ocrx_word' id='word_1_530' title='bbox 3039 4079 3184 4136; x_wconf 68' lang='grc' dir='ltr'><strong>ἀίδια</strong></span> <span class='ocrx_word' id='word_1_531' title='bbox 3213 4081 3514 4147; x_wconf 58' lang='lat' dir='ltr'><strong>&quot;emenda:</strong></span> 
     </span>
    </p>
   </div>
   <div class='ocr_carea' id='block_1_55' title="bbox 434 4166 2048 4238">
    <p class='ocr_par' dir='ltr' id='par_1_55' title="bbox 434 4177 1564 4237">
     <span class='ocr_line' id='line_1_56' title="bbox 434 4177 1564 4237; baseline 0.004 -5"><span class='ocrx_word' id='word_1_532' title='bbox 434 4179 502 4232; x_wconf 89' lang='lat' dir='ltr'><strong>Et</strong></span> <span class='ocrx_word' id='word_1_533' title='bbox 527 4193 683 4232; x_wconf 89' lang='lat' dir='ltr'><strong>mens</strong></span> <span class='ocrx_word' id='word_1_534' title='bbox 709 4177 892 4234; x_wconf 87' lang='lat' dir='ltr'><strong>inﬂato</strong></span> <span class='ocrx_word' id='word_1_535' title='bbox 921 4195 1086 4234; x_wconf 90' lang='lat' dir='ltr'><strong>sensu</strong></span> <span class='ocrx_word' id='word_1_536' title='bbox 1116 4180 1350 4236; x_wconf 89' lang='lat' dir='ltr'><strong>distenta</strong></span> <span class='ocrx_word' id='word_1_537' title='bbox 1377 4181 1564 4237; x_wconf 88' lang='lat' dir='ltr'><strong>videre</strong></span> 
     </span>
    </p>
   </div>
   <div class='ocr_carea' id='block_1_56' title="bbox 1691 4166 3305 4238">
    <p class='ocr_par' dir='ltr' id='par_1_56' title="bbox 2197 4166 3305 4238">
     <span class='ocr_line' id='line_1_57' title="bbox 2197 4166 3305 4238; baseline 0.002 -18"><span class='ocrx_word' id='word_1_538' title='bbox 2197 4167 2424 4236; x_wconf 91' lang='lat' dir='ltr'><strong>Insuper</strong></span> <span class='ocrx_word' id='word_1_539' title='bbox 2452 4166 2567 4236; x_wconf 90' lang='lat' dir='ltr'><strong>ipsa</strong></span> <span class='ocrx_word' id='word_1_540' title='bbox 2595 4175 2809 4222; x_wconf 90' lang='lat' dir='ltr'><strong>tumens</strong></span> <span class='ocrx_word' id='word_1_541' title='bbox 2839 4183 3102 4223; x_wconf 89' lang='lat' dir='ltr'><strong>evacuare</strong></span> <span class='ocrx_word' id='word_1_542' title='bbox 3133 4169 3305 4238; x_wconf 90' lang='lat' dir='ltr'><strong>cupis,</strong></span> 
     </span>
    </p>
   </div>
   <div class='ocr_carea' id='block_1_57' title="bbox 501 4254 3542 4344">
    <p class='ocr_par' dir='ltr' id='par_1_57' title="bbox 501 4254 3542 4344">
     <span class='ocr_line' id='line_1_58' title="bbox 501 4254 3542 4344; baseline 0.002 -37"><span class='ocrx_word' id='word_1_543' title='bbox 501 4265 673 4320; x_wconf 66' lang='lat' dir='ltr'><strong>Noxia</strong></span> <span class='ocrx_word' id='word_1_544' title='bbox 702 4275 858 4339; x_wconf 59' lang='lat' dir='ltr'><strong>gesta</strong></span> <span class='ocrx_word' id='word_1_545' title='bbox 885 4267 1088 4340; x_wconf 57' lang='lat' dir='ltr'><strong>nequit,</strong></span> <span class='ocrx_word' id='word_1_546' title='bbox 1123 4283 1242 4339; x_wconf 65' lang='lat' dir='ltr'><strong>qua,</strong></span> <span class='ocrx_word' id='word_1_547' title='bbox 1273 4276 1451 4324; x_wconf 52' lang='lat' dir='ltr'><strong>tamen</strong></span> <span class='ocrx_word' id='word_1_548' title='bbox 1479 4270 1599 4341; x_wconf 68' lang='lat' dir='ltr'><strong>ipsa</strong></span> <span class='ocrx_word' id='word_1_549' title='bbox 1625 4272 1786 4344; x_wconf 45' lang='lat' dir='ltr'><strong>gem.</strong></span> <span class='ocrx_word' id='word_1_550' title='bbox 2125 4254 2294 4344; x_wconf 83' lang='lat' dir='ltr'><strong>quue</strong></span> <span class='ocrx_word' id='word_1_551' title='bbox 2323 4255 2512 4344; x_wconf 88' lang='lat' dir='ltr'><strong>procul</strong></span> <span class='ocrx_word' id='word_1_552' title='bbox 2545 4255 2710 4311; x_wconf 87' lang='lat' dir='ltr'><strong>dubio</strong></span> <span class='ocrx_word' id='word_1_553' title='bbox 2739 4271 2976 4326; x_wconf 88' lang='lat' dir='ltr'><strong>nequam</strong></span> <span class='ocrx_word' id='word_1_554' title='bbox 3010 4256 3104 4310; x_wconf 91' lang='lat' dir='ltr'><strong>tibi</strong></span> <span class='ocrx_word' id='word_1_555' title='bbox 3134 4257 3354 4327; x_wconf 89' lang='lat' dir='ltr'><strong>spiritus</strong></span> <span class='ocrx_word' id='word_1_556' title='bbox 3383 4271 3542 4314; x_wconf 91' lang='lat' dir='ltr'><strong>omne</strong></span> 
     </span>
    </p>
   </div>
   <div class='ocr_carea' id='block_1_58' title="bbox 431 4342 2045 4428">
    <p class='ocr_par' dir='ltr' id='par_1_58' title="bbox 431 4342 1738 4428">
     <span class='ocr_line' id='line_1_59' title="bbox 431 4342 1738 4428; baseline 0.005 -20"><span class='ocrx_word' id='word_1_557' title='bbox 431 4354 568 4410; x_wconf 83' lang='lat' dir='ltr'><strong>Hinc</strong></span> <span class='ocrx_word' id='word_1_558' title='bbox 594 4353 730 4410; x_wconf 86' lang='lat' dir='ltr'><strong>alios</strong></span> <span class='ocrx_word' id='word_1_559' title='bbox 758 4355 921 4426; x_wconf 83' lang='lat' dir='ltr'><strong>gestit</strong></span> <span class='ocrx_word' id='word_1_560' title='bbox 950 4371 1168 4426; x_wconf 90' lang='lat' dir='ltr'><strong>semper</strong></span> <span class='ocrx_word' id='word_1_561' title='bbox 1195 4356 1430 4412; x_wconf 89' lang='lat' dir='ltr'><strong>clamare</strong></span> <span class='ocrx_word' id='word_1_562' title='bbox 1457 4342 1738 4428; x_wconf 82' lang='lat' dir='ltr'><strong>nocentes,</strong></span> 
     </span>
    </p>
   </div>
   <div class='ocr_carea' id='block_1_59' title="bbox 1893 4342 3507 4428">
    <p class='ocr_par' dir='ltr' id='par_1_59' title="bbox 2195 4342 3507 4418">
     <span class='ocr_line' id='line_1_60' title="bbox 2195 4342 3507 4418; baseline 0.002 -21"><span class='ocrx_word' id='word_1_563' title='bbox 2195 4342 2472 4415; x_wconf 80' lang='lat' dir='ltr'><strong>Suggerit,</strong></span> <span class='ocrx_word' id='word_1_564' title='bbox 2508 4350 2562 4399; x_wconf 91' lang='lat' dir='ltr'><strong>et</strong></span> <span class='ocrx_word' id='word_1_565' title='bbox 2591 4360 2806 4416; x_wconf 89' lang='lat' dir='ltr'><strong>semper</strong></span> <span class='ocrx_word' id='word_1_566' title='bbox 2834 4360 2956 4418; x_wconf 72' lang='lat' dir='ltr'><strong>quae</strong></span> <span class='ocrx_word' id='word_1_567' title='bbox 2989 4359 3089 4399; x_wconf 89' lang='lat' dir='ltr'><strong>sua</strong></span> <span class='ocrx_word' id='word_1_568' title='bbox 3120 4353 3244 4400; x_wconf 90' lang='lat' dir='ltr'><strong>sunt</strong></span> <span class='ocrx_word' id='word_1_569' title='bbox 3272 4345 3507 4400; x_wconf 86' lang='lat' dir='ltr'><strong>adhibet.</strong></span> 
     </span>
    </p>
   </div>
   <div class='ocr_carea' id='block_1_60' title="bbox 503 4429 3554 4515">
    <p class='ocr_par' dir='ltr' id='par_1_60' title="bbox 503 4429 3554 4515">
     <span class='ocr_line' id='line_1_61' title="bbox 503 4429 3554 4515; baseline 0.002 -17"><span class='ocrx_word' id='word_1_570' title='bbox 503 4442 682 4515; x_wconf 91' lang='lat' dir='ltr'><strong>Seque</strong></span> <span class='ocrx_word' id='word_1_571' title='bbox 711 4451 864 4514; x_wconf 88' lang='lat' dir='ltr'><strong>putat</strong></span> <span class='ocrx_word' id='word_1_572' title='bbox 885 4444 1162 4512; x_wconf 88' lang='lat' dir='ltr'><strong>mundam,</strong></span> <span class='ocrx_word' id='word_1_573' title='bbox 1195 4445 1242 4499; x_wconf 90' lang='lat' dir='ltr'><strong>si</strong></span> <span class='ocrx_word' id='word_1_574' title='bbox 1275 4445 1472 4500; x_wconf 91' lang='lat' dir='ltr'><strong>nitidos</strong></span> <span class='ocrx_word' id='word_1_575' title='bbox 1500 4447 1751 4503; x_wconf 89' lang='lat' dir='ltr'><strong>maculat.</strong></span> <span class='ocrx_word' id='word_1_576' title='bbox 2054 4438 2106 4498; x_wconf 91' lang='lat' dir='ltr'>D</span> <span class='ocrx_word' id='word_1_577' title='bbox 2129 4429 2234 4498; x_wconf 72' lang='lat' dir='ltr'><strong>QUi</strong></span> <span class='ocrx_word' id='word_1_578' title='bbox 2265 4447 2360 4486; x_wconf 69' lang='lat' dir='ltr'><strong>rex</strong></span> <span class='ocrx_word' id='word_1_579' title='bbox 2391 4439 2473 4485; x_wconf 61' lang='lat' dir='ltr'><strong>est</strong></span> <span class='ocrx_word' id='word_1_580' title='bbox 2498 4432 2708 4497; x_wconf 60' lang='grc' dir='ltr'><strong>ἢοηων</strong></span> <span class='ocrx_word' id='word_1_581' title='bbox 2743 4448 2880 4504; x_wconf 74' lang='lat' dir='ltr'><strong>quos</strong></span> <span class='ocrx_word' id='word_1_582' title='bbox 2910 4449 3057 4489; x_wconf 66' lang='lat'><strong>03903</strong></span> <span class='ocrx_word' id='word_1_583' title='bbox 3087 4433 3341 4505; x_wconf 66' lang='lat' dir='ltr'><strong>superbia</strong></span> <span class='ocrx_word' id='word_1_584' title='bbox 3371 4434 3554 4503; x_wconf 71' lang='grc' dir='ltr'><strong>νίυοίῐν</strong></span> 
     </span>
    </p>
   </div>
   <div class='ocr_carea' id='block_1_61' title="bbox 431 4517 2045 4604">
    <p class='ocr_par' dir='ltr' id='par_1_61' title="bbox 431 4533 1762 4604">
     <span class='ocr_line' id='line_1_62' title="bbox 431 4533 1762 4604; baseline 0.002 -16"><span class='ocrx_word' id='word_1_585' title='bbox 431 4535 497 4588; x_wconf 83' lang='lat' dir='ltr'><strong>At</strong></span> <span class='ocrx_word' id='word_1_586' title='bbox 527 4547 625 4588; x_wconf 88' lang='lat' dir='ltr'><strong>cor</strong></span> <span class='ocrx_word' id='word_1_587' title='bbox 651 4533 960 4599; x_wconf 88' lang='lat' dir='ltr'><strong>contritum,</strong></span> <span class='ocrx_word' id='word_1_588' title='bbox 990 4533 1222 4588; x_wconf 89' lang='lat' dir='ltr'><strong>Domino</strong></span> <span class='ocrx_word' id='word_1_589' title='bbox 1249 4533 1515 4604; x_wconf 88' lang='lat' dir='ltr'><strong>placabile</strong></span> <span class='ocrx_word' id='word_1_590' title='bbox 1545 4551 1762 4601; x_wconf 89' lang='lat' dir='ltr'><strong>munus,</strong></span> 
     </span>
    </p>
   </div>
   <div class='ocr_carea' id='block_1_62' title="bbox 1625 4517 3239 4604">
    <p class='ocr_par' dir='ltr' id='par_1_62' title="bbox 1625 4517 3239 4601">
     <span class='ocr_line' id='line_1_63' title="bbox 1625 4517 3239 4601; baseline -0.001 -24"><span class='ocrx_word' id='word_1_591' title='bbox 1625 4551 1762 4601; x_wconf 56' lang='lat' dir='ltr'><strong>mus,</strong></span> <span class='ocrx_word' id='word_1_592' title='bbox 2193 4517 2356 4587; x_wconf 90' lang='lat' dir='ltr'><strong>Cujus</strong></span> <span class='ocrx_word' id='word_1_593' title='bbox 2385 4527 2510 4574; x_wconf 92' lang='lat' dir='ltr'><strong>sunt</strong></span> <span class='ocrx_word' id='word_1_594' title='bbox 2541 4519 2669 4576; x_wconf 87' lang='lat' dir='ltr'><strong>facti</strong></span> <span class='ocrx_word' id='word_1_595' title='bbox 2697 4529 2889 4590; x_wconf 90' lang='lat' dir='ltr'><strong>sponte</strong></span> <span class='ocrx_word' id='word_1_596' title='bbox 2919 4537 3018 4576; x_wconf 90' lang='lat' dir='ltr'><strong>sua</strong></span> <span class='ocrx_word' id='word_1_597' title='bbox 3047 4521 3239 4594; x_wconf 81' lang='lat' dir='ltr'><strong>geniti.</strong></span> 
     </span>
    </p>
   </div>
   <div class='ocr_carea' id='block_1_63' title="bbox 501 4607 3541 4689">
    <p class='ocr_par' dir='ltr' id='par_1_63' title="bbox 501 4607 3541 4689">
     <span class='ocr_line' id='line_1_64' title="bbox 501 4607 3541 4689; baseline 0.002 -13"><span class='ocrx_word' id='word_1_598' title='bbox 501 4621 606 4676; x_wconf 89' lang='lat' dir='ltr'><strong>Dat</strong></span> <span class='ocrx_word' id='word_1_599' title='bbox 633 4621 771 4675; x_wconf 90' lang='lat' dir='ltr'><strong>mala</strong></span> <span class='ocrx_word' id='word_1_600' title='bbox 800 4628 997 4678; x_wconf 89' lang='lat' dir='ltr'><strong>cuncta</strong></span> <span class='ocrx_word' id='word_1_601' title='bbox 1027 4621 1149 4689; x_wconf 87' lang='lat' dir='ltr'><strong>sibi,</strong></span> <span class='ocrx_word' id='word_1_602' title='bbox 1181 4621 1274 4676; x_wconf 87' lang='lat' dir='ltr'><strong>dat</strong></span> <span class='ocrx_word' id='word_1_603' title='bbox 1305 4621 1449 4677; x_wconf 90' lang='lat' dir='ltr'><strong>bona</strong></span> <span class='ocrx_word' id='word_1_604' title='bbox 1477 4632 1674 4679; x_wconf 90' lang='lat' dir='ltr'><strong>cuncta</strong></span> <span class='ocrx_word' id='word_1_605' title='bbox 1703 4625 1839 4680; x_wconf 91' lang='lat' dir='ltr'><strong>Deo.</strong></span> <span class='ocrx_word' id='word_1_606' title='bbox 2121 4607 2367 4678; x_wconf 68' lang='lat' dir='ltr'><strong>Denique</strong></span> <span class='ocrx_word' id='word_1_607' title='bbox 2399 4608 2546 4680; x_wconf 77' lang='grc' dir='ltr'><strong>σμιοά</strong></span> <span class='ocrx_word' id='word_1_608' title='bbox 2575 4607 2712 4664; x_wconf 63' lang='lat' dir='ltr'><strong>diois</strong></span> <span class='ocrx_word' id='word_1_609' title='bbox 2741 4610 3118 4680; x_wconf 59' lang='lat' dir='ltr'><strong>depromptum</strong></span> <span class='ocrx_word' id='word_1_610' title='bbox 3153 4611 3254 4665; x_wconf 68' lang='grc' dir='ltr'><strong>Ρίῑθ</strong></span> <span class='ocrx_word' id='word_1_611' title='bbox 3284 4611 3369 4666; x_wconf 69' lang='lat' dir='ltr'><strong>&quot;el</strong></span> <span class='ocrx_word' id='word_1_612' title='bbox 3397 4619 3541 4682; x_wconf 68' lang='grc' dir='ltr'><strong>δρῐθν</strong></span> 
     </span>
    </p>
   </div>
   <div class='ocr_carea' id='block_1_64' title="bbox 429 4695 3418 4782">
    <p class='ocr_par' dir='ltr' id='par_1_64' title="bbox 429 4695 3418 4782">
     <span class='ocr_line' id='line_1_65' title="bbox 429 4695 3418 4782; baseline 0.002 -19"><span class='ocrx_word' id='word_1_613' title='bbox 429 4709 526 4776; x_wconf 92' lang='lat' dir='ltr'><strong>Tu,</strong></span> <span class='ocrx_word' id='word_1_614' title='bbox 557 4708 774 4782; x_wconf 77' lang='lat' dir='ltr'><strong>fugiens</strong></span> <span class='ocrx_word' id='word_1_615' title='bbox 803 4709 1036 4780; x_wconf 89' lang='lat' dir='ltr'><strong>culpam,</strong></span> <span class='ocrx_word' id='word_1_616' title='bbox 1072 4709 1285 4780; x_wconf 90' lang='lat' dir='ltr'><strong>culpam</strong></span> <span class='ocrx_word' id='word_1_617' title='bbox 1315 4710 1665 4766; x_wconf 90' lang='lat' dir='ltr'><strong>nihilominus</strong></span> <span class='ocrx_word' id='word_1_618' title='bbox 1696 4711 1876 4778; x_wconf 86' lang='lat' dir='ltr'><strong>addis,</strong></span> <span class='ocrx_word' id='word_1_619' title='bbox 2191 4695 2388 4750; x_wconf 71' lang='lat' dir='ltr'><strong>sedem</strong></span> <span class='ocrx_word' id='word_1_620' title='bbox 2411 4695 2792 4768; x_wconf 68' lang='lat' dir='ltr'><strong>appellandam</strong></span> <span class='ocrx_word' id='word_1_621' title='bbox 2826 4697 2995 4752; x_wconf 64' lang='lat' dir='ltr'><strong>libere</strong></span> <span class='ocrx_word' id='word_1_622' title='bbox 3023 4699 3372 4768; x_wconf 66' lang='grc' dir='ltr'><strong>θβοδίοιίοθω</strong></span> <span class='ocrx_word' id='word_1_623' title='bbox 3405 4717 3418 4752; x_wconf 76' lang='grc' dir='ltr'>ε</span> 
     </span>
    </p>
   </div>
   <div class='ocr_carea' id='block_1_65' title="bbox 499 4782 2113 4870">
    <p class='ocr_par' dir='ltr' id='par_1_65' title="bbox 499 4797 1626 4870">
     <span class='ocr_line' id='line_1_66' title="bbox 499 4797 1626 4870; baseline 0.001 -18"><span class='ocrx_word' id='word_1_624' title='bbox 499 4797 768 4853; x_wconf 90' lang='lat' dir='ltr'><strong>Innocuos</strong></span> <span class='ocrx_word' id='word_1_625' title='bbox 796 4814 1028 4870; x_wconf 90' lang='lat' dir='ltr'><strong>carpens</strong></span> <span class='ocrx_word' id='word_1_626' title='bbox 1056 4798 1306 4854; x_wconf 90' lang='lat' dir='ltr'><strong>conscius</strong></span> <span class='ocrx_word' id='word_1_627' title='bbox 1338 4798 1481 4854; x_wconf 90' lang='lat' dir='ltr'><strong>unde</strong></span> <span class='ocrx_word' id='word_1_628' title='bbox 1512 4800 1626 4854; x_wconf 89' lang='lat' dir='ltr'><strong>tibi.</strong></span> 
     </span>
    </p>
   </div>
   <div class='ocr_carea' id='block_1_66' title="bbox 1807 4782 3421 4870">
    <p class='ocr_par' dir='ltr' id='par_1_66' title="bbox 2119 4782 3421 4857">
     <span class='ocr_line' id='line_1_67' title="bbox 2119 4782 3421 4857; baseline 0.002 -19"><span class='ocrx_word' id='word_1_629' title='bbox 2119 4782 2254 4852; x_wconf 88' lang='lat' dir='ltr'><strong>Quis</strong></span> <span class='ocrx_word' id='word_1_630' title='bbox 2275 4784 2393 4839; x_wconf 73' lang='lat' dir='ltr'><strong>haec</strong></span> <span class='ocrx_word' id='word_1_631' title='bbox 2422 4784 2642 4857; x_wconf 83' lang='lat' dir='ltr'><strong>ignorat</strong></span> <span class='ocrx_word' id='word_1_632' title='bbox 2673 4801 2794 4856; x_wconf 71' lang='lat' dir='ltr'><strong>qua:</strong></span> <span class='ocrx_word' id='word_1_633' title='bbox 2822 4793 2878 4840; x_wconf 92' lang='lat' dir='ltr'><strong>tu</strong></span> <span class='ocrx_word' id='word_1_634' title='bbox 2909 4794 2960 4840; x_wconf 91' lang='lat' dir='ltr'><strong>te</strong></span> <span class='ocrx_word' id='word_1_635' title='bbox 2986 4801 3149 4841; x_wconf 90' lang='lat' dir='ltr'><strong>nosse</strong></span> <span class='ocrx_word' id='word_1_636' title='bbox 3183 4786 3367 4844; x_wconf 84' lang='lat' dir='ltr'><strong>fateris</strong></span> <span class='ocrx_word' id='word_1_637' title='bbox 3394 4787 3421 4840; x_wconf 70' lang='grc' dir='ltr'><strong>Τ</strong></span> 
     </span>
    </p>
   </div>
   <div class='ocr_carea' id='block_1_67' title="bbox 427 4871 3397 4959">
    <p class='ocr_par' dir='ltr' id='par_1_67' title="bbox 427 4871 3397 4959">
     <span class='ocr_line' id='line_1_68' title="bbox 427 4871 3397 4959; baseline 0.003 -22"><span class='ocrx_word' id='word_1_638' title='bbox 427 4883 666 4939; x_wconf 86' lang='lat' dir='ltr'><strong>Moribus</strong></span> <span class='ocrx_word' id='word_1_639' title='bbox 695 4894 748 4938; x_wconf 89' lang='lat' dir='ltr'><strong>et</strong></span> <span class='ocrx_word' id='word_1_640' title='bbox 775 4885 928 4940; x_wconf 87' lang='lat' dir='ltr'><strong>factis</strong></span> <span class='ocrx_word' id='word_1_641' title='bbox 959 4894 1206 4959; x_wconf 84' lang='lat' dir='ltr'><strong>turgens,</strong></span> <span class='ocrx_word' id='word_1_642' title='bbox 1240 4895 1295 4940; x_wconf 91' lang='lat' dir='ltr'><strong>ut</strong></span> <span class='ocrx_word' id='word_1_643' title='bbox 1323 4901 1572 4958; x_wconf 87' lang='lat' dir='ltr'><strong>corpore,</strong></span> <span class='ocrx_word' id='word_1_644' title='bbox 1607 4889 1794 4952; x_wconf 87' lang='lat' dir='ltr'><strong>corde,</strong></span> <span class='ocrx_word' id='word_1_645' title='bbox 2191 4874 2296 4926; x_wconf 68' lang='grc' dir='ltr'><strong>Αυῑ</strong></span> <span class='ocrx_word' id='word_1_646' title='bbox 2327 4871 2421 4926; x_wconf 54' lang='lat' dir='ltr'><strong>tibi</strong></span> <span class='ocrx_word' id='word_1_647' title='bbox 2453 4881 2575 4926; x_wconf 68' lang='lat' dir='ltr'><strong>sum</strong></span> <span class='ocrx_word' id='word_1_648' title='bbox 2605 4873 2706 4928; x_wconf 66' lang='lat' dir='ltr'><strong>501i</strong></span> <span class='ocrx_word' id='word_1_649' title='bbox 2733 4873 2954 4946; x_wconf 68' lang='grc' dir='ltr'><strong>οοέηίῑα</strong></span> <span class='ocrx_word' id='word_1_650' title='bbox 2977 4890 3208 4946; x_wconf 58' lang='lat' dir='ltr'><strong>qumque</strong></span> <span class='ocrx_word' id='word_1_651' title='bbox 3241 4875 3342 4930; x_wconf 66' lang='lat' dir='ltr'><strong>Dei</strong></span> <span class='ocrx_word' id='word_1_652' title='bbox 3368 4877 3397 4930; x_wconf 69' lang='grc' dir='ltr'><em>Ῥ</em></span> 
     </span>
    </p>
   </div>
   <div class='ocr_carea' id='block_1_68' title="bbox 499 4960 3574 5044">
    <p class='ocr_par' dir='ltr' id='par_1_68' title="bbox 499 4960 3574 5044">
     <span class='ocr_line' id='line_1_69' title="bbox 499 4960 3574 5044; baseline 0.002 -33"><span class='ocrx_word' id='word_1_653' title='bbox 499 4971 729 5026; x_wconf 59' lang='lat' dir='ltr'><strong>Molibus</strong></span> <span class='ocrx_word' id='word_1_654' title='bbox 757 4981 916 5044; x_wconf 56' lang='lat' dir='ltr'><strong>atque</strong></span> <span class='ocrx_word' id='word_1_655' title='bbox 947 4974 1110 5028; x_wconf 68' lang='lat' dir='ltr'><strong>nimis</strong></span> <span class='ocrx_word' id='word_1_656' title='bbox 1139 4974 1335 5032; x_wconf 63' lang='lat' dir='ltr'><strong>diceris</strong></span> <span class='ocrx_word' id='word_1_657' title='bbox 1365 4991 1457 5030; x_wconf 61' lang='grc' dir='ltr'><strong>ονε</strong></span> <span class='ocrx_word' id='word_1_658' title='bbox 1488 4975 1642 5030; x_wconf 47' lang='lat' dir='ltr'><strong>levis.</strong></span> <span class='ocrx_word' id='word_1_659' title='bbox 2118 4961 2326 5031; x_wconf 90' lang='lat' dir='ltr'><strong>Nempe</strong></span> <span class='ocrx_word' id='word_1_660' title='bbox 2356 4960 2496 5016; x_wconf 91' lang='lat' dir='ltr'><strong>sacri</strong></span> <span class='ocrx_word' id='word_1_661' title='bbox 2515 4975 2775 5027; x_wconf 87' lang='lat' dir='ltr'><strong>canones,</strong></span> <span class='ocrx_word' id='word_1_662' title='bbox 2809 4978 2908 5017; x_wconf 89' lang='lat' dir='ltr'><strong>nec</strong></span> <span class='ocrx_word' id='word_1_663' title='bbox 2938 4978 3048 5018; x_wconf 91' lang='lat' dir='ltr'><strong>non</strong></span> <span class='ocrx_word' id='word_1_664' title='bbox 3075 4971 3127 5018; x_wconf 88' lang='lat' dir='ltr'><strong>et</strong></span> <span class='ocrx_word' id='word_1_665' title='bbox 3156 4964 3383 5020; x_wconf 88' lang='lat' dir='ltr'><strong>Romula</strong></span> <span class='ocrx_word' id='word_1_666' title='bbox 3411 4964 3574 5030; x_wconf 88' lang='lat' dir='ltr'><strong>dicta,</strong></span> 
     </span>
    </p>
   </div>
   <div class='ocr_carea' id='block_1_69' title="bbox 427 5048 3422 5136">
    <p class='ocr_par' dir='ltr' id='par_1_69' title="bbox 427 5048 3422 5136">
     <span class='ocr_line' id='line_1_70' title="bbox 427 5048 3422 5136; baseline 0.002 -21"><span class='ocrx_word' id='word_1_667' title='bbox 427 5059 654 5116; x_wconf 87' lang='lat' dir='ltr'><strong>Viscera</strong></span> <span class='ocrx_word' id='word_1_668' title='bbox 685 5061 777 5132; x_wconf 90' lang='lat' dir='ltr'><strong>qui</strong></span> <span class='ocrx_word' id='word_1_669' title='bbox 802 5061 1000 5128; x_wconf 89' lang='lat' dir='ltr'><strong>matris,</strong></span> <span class='ocrx_word' id='word_1_670' title='bbox 1035 5063 1164 5118; x_wconf 90' lang='lat' dir='ltr'><strong>dum</strong></span> <span class='ocrx_word' id='word_1_671' title='bbox 1195 5072 1244 5119; x_wconf 89' lang='lat' dir='ltr'><strong>te</strong></span> <span class='ocrx_word' id='word_1_672' title='bbox 1275 5071 1512 5136; x_wconf 84' lang='lat' dir='ltr'><strong>gestaret</strong></span> <span class='ocrx_word' id='word_1_673' title='bbox 1541 5063 1596 5117; x_wconf 91' lang='lat' dir='ltr'><strong>in</strong></span> <span class='ocrx_word' id='word_1_674' title='bbox 1626 5063 1768 5132; x_wconf 87' lang='lat' dir='ltr'><strong>alvo,</strong></span> <span class='ocrx_word' id='word_1_675' title='bbox 2140 5135 2145 5136; x_wconf 15' lang='grc' dir='ltr'><em>γ</em></span> <span class='ocrx_word' id='word_1_676' title='bbox 2192 5052 2270 5104; x_wconf 73' lang='grc' dir='ltr'><strong>ΑΟ</strong></span> <span class='ocrx_word' id='word_1_677' title='bbox 2298 5048 2450 5120; x_wconf 70' lang='lat' dir='ltr'><strong>leges</strong></span> <span class='ocrx_word' id='word_1_678' title='bbox 2479 5049 2731 5115; x_wconf 56' lang='lat' dir='ltr'><strong>Clamant:</strong></span> <span class='ocrx_word' id='word_1_679' title='bbox 2763 5050 3014 5106; x_wconf 66' lang='lat' dir='ltr'><strong>omnibus</strong></span> <span class='ocrx_word' id='word_1_680' title='bbox 3043 5060 3206 5125; x_wconf 55' lang='lat' dir='ltr'><strong>atque</strong></span> <span class='ocrx_word' id='word_1_681' title='bbox 3235 5052 3422 5124; x_wconf 68' lang='grc' dir='ltr'><strong>ιίίίυεῑ,</strong></span> 
     </span>
    </p>
   </div>
   <div class='ocr_carea' id='block_1_70' title="bbox 500 5135 2114 5223">
    <p class='ocr_par' dir='ltr' id='par_1_70' title="bbox 500 5135 1742 5223">
     <span class='ocr_line' id='line_1_71' title="bbox 500 5135 1742 5223; baseline 0.002 -19"><span class='ocrx_word' id='word_1_682' title='bbox 500 5149 772 5220; x_wconf 88' lang='lat' dir='ltr'><strong>Rumpere</strong></span> <span class='ocrx_word' id='word_1_683' title='bbox 803 5165 910 5205; x_wconf 91' lang='lat' dir='ltr'><strong>non</strong></span> <span class='ocrx_word' id='word_1_684' title='bbox 941 5151 1124 5223; x_wconf 88' lang='lat' dir='ltr'><strong>quisti,</strong></span> <span class='ocrx_word' id='word_1_685' title='bbox 1158 5135 1300 5206; x_wconf 85' lang='lat' dir='ltr'><strong>nunc</strong></span> <span class='ocrx_word' id='word_1_686' title='bbox 1331 5151 1541 5206; x_wconf 88' lang='lat' dir='ltr'><strong>laniare</strong></span> <span class='ocrx_word' id='word_1_687' title='bbox 1570 5151 1742 5222; x_wconf 89' lang='lat' dir='ltr'><strong>cupis.</strong></span> 
     </span>
    </p>
   </div>
   <div class='ocr_carea' id='block_1_71' title="bbox 2108 5135 3722 5223">
    <p class='ocr_par' dir='ltr' id='par_1_71' title="bbox 2118 5135 3722 5213">
     <span class='ocr_line' id='line_1_72' title="bbox 2118 5135 3722 5213; baseline 0.004 -23"><span class='ocrx_word' id='word_1_688' title='bbox 2118 5135 2378 5206; x_wconf 87' lang='lat' dir='ltr'><strong>Qualiter,</strong></span> <span class='ocrx_word' id='word_1_689' title='bbox 2392 5144 2444 5192; x_wconf 91' lang='lat' dir='ltr'><strong>et</strong></span> <span class='ocrx_word' id='word_1_690' title='bbox 2463 5138 2696 5210; x_wconf 90' lang='lat' dir='ltr'><strong>quando,</strong></span> <span class='ocrx_word' id='word_1_691' title='bbox 2721 5146 2883 5211; x_wconf 89' lang='lat' dir='ltr'><strong>atque</strong></span> <span class='ocrx_word' id='word_1_692' title='bbox 2895 5139 3011 5210; x_wconf 79' lang='lat' dir='ltr'><strong>ubi,</strong></span> <span class='ocrx_word' id='word_1_693' title='bbox 3033 5140 3154 5211; x_wconf 88' lang='lat' dir='ltr'><strong>quis</strong></span> <span class='ocrx_word' id='word_1_694' title='bbox 3170 5156 3406 5213; x_wconf 90' lang='lat' dir='ltr'><strong>quoque,</strong></span> <span class='ocrx_word' id='word_1_695' title='bbox 3425 5140 3493 5195; x_wconf 88' lang='lat' dir='ltr'><strong>d’e</strong></span> <span class='ocrx_word' id='word_1_696' title='bbox 3513 5138 3722 5212; x_wconf 83' lang='lat' dir='ltr'><strong>quibus</strong></span> 
     </span>
    </p>
   </div>
   <div class='ocr_carea' id='block_1_72' title="bbox 427 5227 3642 5310">
    <p class='ocr_par' dir='ltr' id='par_1_72' title="bbox 427 5227 3642 5310">
     <span class='ocr_line' id='line_1_73' title="bbox 427 5227 3642 5310; baseline 0.003 -18"><span class='ocrx_word' id='word_1_697' title='bbox 427 5237 585 5294; x_wconf 87' lang='lat' dir='ltr'><strong>Parte</strong></span> <span class='ocrx_word' id='word_1_698' title='bbox 611 5237 700 5310; x_wconf 89' lang='lat' dir='ltr'><strong>pie</strong></span> <span class='ocrx_word' id='word_1_699' title='bbox 729 5238 968 5307; x_wconf 89' lang='lat' dir='ltr'><strong>suboles,</strong></span> <span class='ocrx_word' id='word_1_700' title='bbox 1003 5241 1270 5296; x_wconf 87' lang='lat' dir='ltr'><strong>donorum</strong></span> <span class='ocrx_word' id='word_1_701' title='bbox 1300 5239 1463 5294; x_wconf 90' lang='lat' dir='ltr'><strong>oblita</strong></span> <span class='ocrx_word' id='word_1_702' title='bbox 1492 5240 1756 5310; x_wconf 87' lang='lat' dir='ltr'><strong>parentis,</strong></span> <span class='ocrx_word' id='word_1_703' title='bbox 3445 5227 3642 5301; x_wconf 64' lang='lat' dir='ltr'><strong>[ipsam</strong></span> 
     </span>
    </p>
   </div>
   <div class='ocr_carea' id='block_1_73' title="bbox 497 5313 2111 5393">
    <p class='ocr_par' dir='ltr' id='par_1_73' title="bbox 497 5325 1652 5393">
     <span class='ocr_line' id='line_1_74' title="bbox 497 5325 1652 5393; baseline 0.003 -14"><span class='ocrx_word' id='word_1_704' title='bbox 497 5325 630 5393; x_wconf 74' lang='lat' dir='ltr'><strong>Quae</strong></span> <span class='ocrx_word' id='word_1_705' title='bbox 659 5333 710 5380; x_wconf 94' lang='lat' dir='ltr'><strong>te</strong></span> <span class='ocrx_word' id='word_1_706' title='bbox 736 5327 995 5382; x_wconf 89' lang='lat' dir='ltr'><strong>nutritam</strong></span> <span class='ocrx_word' id='word_1_707' title='bbox 1025 5327 1152 5383; x_wconf 83' lang='lat' dir='ltr'><strong>fecit</strong></span> <span class='ocrx_word' id='word_1_708' title='bbox 1183 5327 1388 5381; x_wconf 90' lang='lat' dir='ltr'><strong>honore</strong></span> <span class='ocrx_word' id='word_1_709' title='bbox 1417 5342 1652 5383; x_wconf 89' lang='lat' dir='ltr'><strong>sacram.</strong></span> 
     </span>
    </p>
   </div>
   <div class='ocr_carea' id='block_1_74' title="bbox 1609 5313 3223 5393">
    <p class='ocr_par' dir='ltr' id='par_1_74' title="bbox 1609 5313 3223 5389">
     <span class='ocr_line' id='line_1_75' title="bbox 1609 5313 3223 5389; baseline 0.005 -25"><span class='ocrx_word' id='word_1_710' title='bbox 1609 5343 1652 5382; x_wconf 59' lang='grc' dir='ltr'><strong>α,</strong></span> <span class='ocrx_word' id='word_1_711' title='bbox 2189 5313 2440 5384; x_wconf 78' lang='lat' dir='ltr'><strong>Appellat</strong></span> <span class='ocrx_word' id='word_1_712' title='bbox 2469 5315 2657 5371; x_wconf 88' lang='lat' dir='ltr'><strong>sedem</strong></span> <span class='ocrx_word' id='word_1_713' title='bbox 2686 5330 2794 5370; x_wconf 91' lang='lat' dir='ltr'><strong>non</strong></span> <span class='ocrx_word' id='word_1_714' title='bbox 2820 5315 3036 5371; x_wconf 89' lang='lat' dir='ltr'><strong>levitate</strong></span> <span class='ocrx_word' id='word_1_715' title='bbox 3066 5332 3223 5389; x_wconf 87' lang='lat' dir='ltr'><strong>vaga,</strong></span> 
     </span>
    </p>
   </div>
   <div class='ocr_carea' id='block_1_75' title="bbox 425 5410 3600 5484">
    <p class='ocr_par' dir='ltr' id='par_1_75' title="bbox 425 5410 3600 5484">
     <span class='ocr_line' id='line_1_76' title="bbox 425 5410 3600 5484; baseline 0 -18"><span class='ocrx_word' id='word_1_716' title='bbox 425 5413 547 5468; x_wconf 90' lang='lat' dir='ltr'><strong>Non</strong></span> <span class='ocrx_word' id='word_1_717' title='bbox 575 5429 691 5484; x_wconf 86' lang='lat' dir='ltr'><strong>rex,</strong></span> <span class='ocrx_word' id='word_1_718' title='bbox 724 5423 781 5468; x_wconf 91' lang='lat' dir='ltr'><strong>ut</strong></span> <span class='ocrx_word' id='word_1_719' title='bbox 809 5415 968 5481; x_wconf 90' lang='lat' dir='ltr'><strong>dicis,</strong></span> <span class='ocrx_word' id='word_1_720' title='bbox 1001 5421 1283 5484; x_wconf 89' lang='lat' dir='ltr'><strong>surreptus</strong></span> <span class='ocrx_word' id='word_1_721' title='bbox 1313 5414 1520 5471; x_wconf 91' lang='lat' dir='ltr'><strong>nisibus</strong></span> <span class='ocrx_word' id='word_1_722' title='bbox 1547 5417 1688 5483; x_wconf 91' lang='lat' dir='ltr'><strong>ullis,</strong></span> <span class='ocrx_word' id='word_1_723' title='bbox 2116 5410 2185 5465; x_wconf 87' lang='lat' dir='ltr'><strong>Et</strong></span> <span class='ocrx_word' id='word_1_724' title='bbox 2211 5410 2352 5482; x_wconf 89' lang='lat' dir='ltr'><strong>quis,</strong></span> <span class='ocrx_word' id='word_1_725' title='bbox 2385 5427 2590 5484; x_wconf 90' lang='lat' dir='ltr'><strong>proque</strong></span> <span class='ocrx_word' id='word_1_726' title='bbox 2619 5412 2815 5484; x_wconf 90' lang='lat' dir='ltr'><strong>quibus</strong></span> <span class='ocrx_word' id='word_1_727' title='bbox 2841 5413 3026 5469; x_wconf 90' lang='lat' dir='ltr'><strong>sedem</strong></span> <span class='ocrx_word' id='word_1_728' title='bbox 3057 5413 3406 5484; x_wconf 81' lang='lat' dir='ltr'><strong>appellaverit</strong></span> <span class='ocrx_word' id='word_1_729' title='bbox 3433 5413 3600 5484; x_wconf 87' lang='lat' dir='ltr'><strong>illam,</strong></span> 
     </span>
    </p>
   </div>
   <div class='ocr_carea' id='block_1_76' title="bbox 499 5502 3161 5577">
    <p class='ocr_par' dir='ltr' id='par_1_76' title="bbox 499 5502 3161 5577">
     <span class='ocr_line' id='line_1_77' title="bbox 499 5502 3161 5577; baseline 0.004 -21"><span class='ocrx_word' id='word_1_730' title='bbox 499 5502 578 5558; x_wconf 92' lang='lat' dir='ltr'><strong>De</strong></span> <span class='ocrx_word' id='word_1_731' title='bbox 606 5510 658 5557; x_wconf 92' lang='lat' dir='ltr'><strong>te</strong></span> <span class='ocrx_word' id='word_1_732' title='bbox 687 5503 875 5574; x_wconf 88' lang='lat' dir='ltr'><strong>rejecit</strong></span> <span class='ocrx_word' id='word_1_733' title='bbox 903 5518 1026 5577; x_wconf 67' lang='lat' dir='ltr'><strong>quae</strong></span> <span class='ocrx_word' id='word_1_734' title='bbox 1057 5502 1196 5558; x_wconf 90' lang='lat' dir='ltr'><strong>bene</strong></span> <span class='ocrx_word' id='word_1_735' title='bbox 1226 5509 1352 5557; x_wconf 90' lang='lat' dir='ltr'><strong>nota</strong></span> <span class='ocrx_word' id='word_1_736' title='bbox 1380 5511 1543 5560; x_wconf 89' lang='lat' dir='ltr'><strong>tenet.</strong></span> <span class='ocrx_word' id='word_1_737' title='bbox 2189 5506 2391 5564; x_wconf 84' lang='lat' dir='ltr'><strong>Vinciri</strong></span> <span class='ocrx_word' id='word_1_738' title='bbox 2422 5508 2572 5564; x_wconf 87' lang='lat' dir='ltr'><strong>nullo</strong></span> <span class='ocrx_word' id='word_1_739' title='bbox 2599 5507 2796 5566; x_wconf 88' lang='lat' dir='ltr'><strong>debeat</strong></span> <span class='ocrx_word' id='word_1_740' title='bbox 2824 5509 2892 5564; x_wconf 89' lang='lat' dir='ltr'><strong>ab</strong></span> <span class='ocrx_word' id='word_1_741' title='bbox 2919 5508 3161 5567; x_wconf 88' lang='lat' dir='ltr'><strong>homine.</strong></span> 
     </span>
    </p>
   </div>
  </div>
