4004 6176
200 276 292 334 289
950 262 1190 320 OPUSC.
1223 258 1560 316 ETEPIST.
1594 257 1667 312 IN
1696 252 1925 312 CAUSA
1953 249 2295 308 HINCMARI
2325 247 2633 305 LAUDUN.
3381 243 3487 301 290

198 397 258 451 Et
286 394 422 466 quis,
455 406 665 463 proque
685 389 902 461 quibus,
934 363 1167 459 pr0priis
1197 384 1429 440 nudatus
1458 383 1529 438 ad
1548 381 1659 437 ulla
1815 380 1870 440 A
2415 394 2489 452 Η
2486 392 2528 450 Ῑ
2531 393 2598 450 Ν
2606 390 2652 451 C
2656 391 2733 448 M
2734 390 2792 448 Α
2798 390 2855 448 R
2867 388 2970 447 US

261 483 378 536 Non
405 481 497 535 ἀεί
526 493 870 549 responsum,
905 492 1027 532 cum
1047 474 1206 529 fuerit
1234 473 1489 538 monitus’
1978 514 2025 554 ε.
2060 512 2408 555 unruorous
2438 511 2713 552 nccnesw
2741 507 3052 549 munitorum
3082 504 3380 546 EPISCOPUS

200 570 394 625 Iudicat
420 569 539 639 ipsa
568 567 667 622 tibi
697 564 982 620 manifeste
1008 563 1203 634 regula
1229 568 1433 627 sancta,

260 610 1433 726 anizrhigzgxazggagraging"
2056 615 2356 670 ιιίηετηανο
2386 611 2753 668 malum
2780 610 3098 681 εοερίδεορο
3124 610 3316 665 nostra

201 747 251 803 Si
269 713 425 816 leges
458 744 650 813 scires,
682 757 952 798 canonum
980 755 1113 812 quas
1134 748 1336 794 trames
1363 737 1616 804 honorat,
2498 815 2505 816 γ
2537 713 2834 816 fit???

263 811 555 904 Perspicue
578 811 774 887 nosses
804 845 926 902 quae
956 829 1095 883 bene
1122 834 1319 884 cuncta
1346 832 1548 898 patent,

1291 841 1319 881 a
1346 832 1548 898 patent,
2493 811 2872 868 PREFATIO.

200 923 260 979 Et
280 930 335 976 tu
364 921 736 992 conspiceres,
768 918 873 972 nisi
901 931 1097 988 magna
1124 914 1379 987 albugine
1409 912 1604 985 plenus
1960 920 2170 990 Nuper,
2203 918 2417 990 quando
2465 926 2743 974 transacto
2788 925 3051 988 tempore,
3106 915 3246 971 sicut
3304 914 3401 969 tibi
3441 920 3495 969 et

261 1009 519 1065 Mulceret
548 1008 718 1071 viSUS,
749 1007 866 1062 haec
896 1005 993 1059 tibi
1022 1011 1153 1059 nota
1182 1003 1317 1059 fore.
1891 1008 2013 1063 aliis
2043 1007 2227 1062 multis
2257 1015 2343 1062 est
2370 1006 2668 1079 cognitum,
2702 1006 2847 1078 apud
2880 1003 3164 1061 lGundulfi
3223 1002 3410 1059 villam
3440 1002 3497 1057 in

199 1099 319 1169 Quae
336 1096 435 1152 tibi
466 1096 599 1151 dum
627 1094 841 1159 tribuis,
867 1093 1039 1162 jactas
1069 1100 1122 1148 et
1153 1091 1293 1147 scire
1323 1088 1578 1160 superbe.
1892 1086 2157 1168 obsequio
2179 1094 2365 1150 domni
2415 1094 2587 1150 nostri
2631 1095 2781 1166 regis
2827 1109 2950 1149 cum
2998 1092 3247 1163 plurimis
3306 1090 3495 1147 archi-

258 1185 449 1242 Cordis
479 1184 620 1239 inest
648 1182 809 1238 oculo
838 1197 942 1236 nox
978 1180 1272 1235 tenebrosa
1300 1185 1416 1233 tuo.
1892 1184 2165 1256 episcopis
2191 1192 2245 1239 et
2276 1183 2566 1255 episcopis,
2602 1197 2668 1237 ac
2688 1182 2903 1238 ceteris
2933 1180 3186 1237 fidelibus
3229 1179 3340 1235 suis
3385 1178 3496 1234 fui-

198 1274 321 1329 Hinc
349 1272 554 1328 etenim
585 1270 819 1326 Domino
848 1284 1017 1339 panes
1050 1267 1251 1347 offerre
1282 1265 1503 1330 vetariS,
1896 1289 2039 1339 mus,
2073 1272 2197 1344 quia
2226 1287 2335 1338 me,
2371 1272 2508 1327 sicut
2536 1270 2625 1324 alii
2663 1270 2739 1324 tui
2765 1270 2975 1340 priores
3016 1269 3205 1323 ordine
3236 1314 3250 1339 ,
3281 1275 3335 1323 et
3391 1281 3496 1338 po-

258 1363 507 1433 ταυὲθτθ
537 1359 670 1431 (inin
699 1358 866 1414 etiam
887 1357 1011 1425 iura
1044 1355 1350 1411 ministerii
1894 1361 2059 1416 tiores
2088 1360 2299 1415 ordinis
2332 1360 2619 1433 dignitate,
2666 1373 2731 1414 ac
2787 1357 3035 1413 seniores
3074 1364 3247 1421 aetate,
3305 1371 3500 1412 consa-

200 1453 333 1507 Hanc
364 1457 593 1505 auctore
622 1446 771 1519 geris
801 1446 955 1516 lapso
980 1445 1049 1500 de
1080 1443 1200 1499 luce
1231 1442 1489 1514 superbo.
1895 1449 2142 1506 cerdotes
2174 1448 2344 1503 nostri
2380 1456 2433 1503 et
2489 1446 2830 1503 venerabiles
2890 1444 3284 1515 archiepiscOpi
3342 1452 3502 1517 atque

260 1537 361 1606 Qui
391 1536 626 1591 sublime
657 1534 877 1606 quidem
908 1532 1087 1588 letifer
1116 1546 1279 1587 omne
1309 1530 1477 1585 videt.
1896 1537 2137 1607 episcopi
2169 1535 2435 1602 fecerunt,
2467 1544 2519 1590 et
2551 1543 2602 1589 te
2634 1534 2925 1606 specialius
2955 1539 3271 1605 oportuerat
3301 1530 3504 1601 facere,

201 1627 289 1682 Hic
311 1634 365 1680 te
394 1624 581 1679 mirari
611 1623 834 1678 monitat
861 1620 1008 1694 quod
1038 1618 1257 1691 perﬁcis
1287 1618 1426 1689 ipse.
1897 1624 2248 1697 exiguitatem
2303 1638 2483 1679 meam
2535 1622 2688 1678 adire
2758 1622 3000 1693 mihique
3052 1620 3203 1692 pacis
3258 1620 3504 1676 osculum

263 1711 421 1782 Quod
450 1726 562 1767 non
592 1718 677 1765 est
702 1710 922 1776 mirum,
956 1708 1052 1763 sed
1071 1707 1252 1779 potius
1280 1706 1563 1770 miserum.
1825 1734 1878 1793 Β
1900 1713 2033 1767 dare
2061 1712 2300 1776 noluisti,
2332 1727 2436 1768 nec
2468 1711 2629 1767 etiam
2656 1710 2824 1766 ullum
2852 1710 3079 1765 verbum
3113 1724 3327 1765 mecum
3356 1708 3507 1780 loqui

199 1804 267 1858 Ac
292 1799 677 1856 detestandum
705 1797 822 1854 veri
850 1797 1064 1853 ratione
1096 1795 1321 1860 tenoriS,
1900 1801 2153 1873 dignatus
2182 1799 2349 1865 fuisti,
2400 1816 2510 1855 non
2553 1800 2731 1855 dicam
2771 1813 3051 1871 magnum,
3100 1798 3197 1853 sed
3247 1797 3506 1853 miserum

261 1891 382 1945 Non
411 1887 781 1944 attestandum
810 1901 1037 1957 prorsus
1067 1892 1127 1939 ut
1154 1883 1420 1940 iilicitum-
1898 1889 2081 1945 multis
2112 1888 2483 1960 spectaculum
2529 1888 2826 1959 praebuisti.
2878 1886 3058 1955 Quare
3096 1887 3165 1942 de
3221 1902 3301 1955 re,
3365 1886 3507 1942 sicut

199 1980 417 2049 Propter
445 1978 552 2033 hoc
582 1984 760 2030 autem
790 1981 1001 2030 tantum
1030 1972 1273 2029 clamare
1305 1970 1511 2027 Videris
1898 1977 2031 2033 mihi
2061 1977 2213 2043 dixit,
2247 1976 2577 2032 venerabilis
2608 1975 3052 2047 archiepiscopus
3084 1974 3307 2029 Wenilo
3328 1982 3505 2030 tecum

259 2067 493 2123 Securos
523 2064 701 2119 aditus
730 2062 878 2117 sedis
896 2059 1228 2133 apostolica},
1897 2066 2130 2132 locutus,
2182 2065 2539 2136 interrogavit
2593 2072 2648 2120 te
2684 2079 2784 2119 cur
2837 2077 3056 2118 mecum
3111 2062 3350 2118 debitam
3400 2076 3503 2133 pa-

202 2155 261 2210 Ut
284 2153 434 2226 quod
463 2151 623 2209 valde
651 2150 785 2206 libet
813 2150 994 2206 valeas
1022 2156 1242 2220 patrare
1272 2146 1499 2209 licenter
1534 2164 1546 2199 ε
1898 2170 2017 2210 cem
2045 2168 2157 2209 non
2180 2153 2440 2222 haberes,
2471 2160 2523 2208 et
2554 2151 2791 2208 debitam
2819 2150 3070 2222 obsequii
3097 2149 3533 2206 venerationem.

261 2242 382 2297 Non
412 2250 600 2296 tamen
628 2242 799 2295 Omne'
819 2238 964 2307 Ῑίοθίν
1000 2237 1146 2309 (ἰυοά
1175 2236 1268 2291 tibi
1298 2234 1437 2290 forte
1468 2233 1615 2289 Ῑίδθῐ·
1898 2241 2218 2314 impendere
2248 2242 2601 2298 detrectares.
2658 2240 2815 2297 Unde
2834 2255 2866 2294 a
2893 2247 2947 2295 te
2985 2254 3315 2310 responsum
3342 2252 3504 2294 acce-

203 2335 262 2387 At
277 2331 459 2404 magis
487 2330 543 2386 id
573 2336 769 2394 certas,
804 2328 929 2400 quia
958 2341 1066 2383 non
1094 2326 1178 2382 vis
1211 2325 1328 2396 ipse
1358 2323 1584 2380 subesse
1898 2330 1998 2401 pit,
2033 2330 2293 2402 quoniam
2324 2330 2372 2385 si
2429 2330 2631 2400 scripta
2677 2344 2798 2401 qua:
2852 2327 2950 2383 tibi
3006 2333 3062 2383 et
3102 2326 3365 2383 Ecclesiae
3411 2326 3509 2382 tibi

162 2479 174 2484 _
264 2419 389 2487 Ulli,
423 2434 526 2476 ceu
553 2418 733 2489 poscit
763 2415 948 2488 regula
962 2414 1220 2484 iustitiae.
1900 2418 2212 2474 commissa:
2239 2418 2309 2475 de
2339 2427 2452 2474 ate
2499 2418 2760 2474 intentata
2807 2414 3363 2473 excommunicatione
3402 2422 3509 2471 tua:

203 2508 327 2563 Hinc
353 2507 581 2562 imitans
607 2505 779 2573 illum,
812 2503 903 2576 qui
933 2502 1065 2558 nulli
1096 2508 1288 2573 sponte
1319 2501 1545 2556 subesse
1898 2506 2173 2577 parochias
2198 2505 2624 2571 transmiseram,
2661 2520 2780 2577 qua:
2810 2503 3014 2560 ibidem
3043 2511 3224 2560 tecum
3241 2502 3505 2570 habebas,

264 2596 518 2660 Gestivit,
542 2594 732 2649 labens
763 2609 864 2664 per
892 2592 1036 2646 male
1068 2606 1296 2662 quasque
1326 2589 1513 2655 miser,
1899 2609 2092 2650 coram
2123 2593 2244 2649 aliis
2275 2592 2649 2661 incenderem,
2685 2601 2739 2649 et
2769 2592 3082 2647 annulanda
3109 2591 3370 2661 dicerem,
3402 2605 3510 2646 me-

205 2682 297 2752 Qui
324 2684 460 2739 vitio
496 2683 715 2754 proprio
742 2681 868 2736 talis
891 2681 1005 2749 jam
1036 2679 1206 2735 factus
1238 2678 1485 2742 habetur,
1900 2698 2008 2755 que
2040 2690 2229 2739 contra
2258 2682 2528 2737 rationem
2558 2681 2753 2736 fecisse
2784 2679 3089 2751 proﬁterer,
3124 2687 3253 2734 tunc
3292 2693 3507 2734 mecum

267 2773 331 2828 Ut
358 2771 579 2826 nullum
616 2770 820 2839 timeat,
842 2783 944 2824 nec
966 2766 1112 2822 mala
1137 2774 1261 2837 poat
1283 2772 1503 2821 metuat.
1898 2784 2092 2841 pacem
2130 2770 2337 2826 habere
2367 2769 2555 2825 velles.
2589 2768 2732 2824 Dixit
2761 2769 2921 2823 etiam
2951 2774 3004 2823 te
3030 2767 3163 2822 mihi
3191 2766 3504 2832 mandasse,

214 2859 352 2915 Hunc
380 2866 439 2915 et
467 2858 528 2912 in
556 2857 662 2914 hoc
691 2856 960 2928 sequeris,
991 2855 1123 2912 dum
1148 2870 1258 2911 non
1287 2852 1607 2925 resipiscere
1644 2849 1802 2922 quid-
1901 2857 2029 2929 quia
2060 2858 2207 2930 quod
2236 2857 2437 2930 deiilla
2464 2856 3020 2913 excommunicatione
3050 2854 3242 2921 fecisti,
3277 2869 3381 2927 ego
3409 2854 3508 2909 tibi

1547 2938 1730 3012 [quam
1901 2929 2192 3001 insinuavi.
2226 2929 2406 3002 Habes
2431 2946 2576 3001 enim
2621 2945 2916 3017 quamdam
2935 2944 3121 3001 villam
3148 2943 3207 2998 in
3241 2958 3363 2999 mea
3405 2959 3508 3014 pa-

268 3038 312 3090 A
340 3050 514 3107 prave
542 3032 734 3105 coeptis
765 3033 852 3089 vel
878 3032 973 3087 tibi
1005 3043 1131 3087 sero
1155 3030 1353 3101 placet,
1832 3084 1877 3107 η
1900 3034 2107 3101 rochia,
2154 3042 2209 3090 et
2252 3035 2380 3106 quia
2430 3035 2679 3090 homines
2722 3034 2968 3103 ejusdem
3010 3033 3152 3088 villae
3197 3032 3404 3104 rogasti
3441 3031 3509 3087 ad

211 3084 437 3179 Sicutret
467 3123 587 3193 ipse
618 3084 827 3194 dequit,
858 3128 1139 3192 postquam
1172 3134 1335 3189 super
1363 3115 1547 3174 omnia
1574 3131 1696 3171 sese
1831 3084 1881 3148 Ο
1906 3122 2054 3179 illam
2081 3084 2371 3179 ecclesiam
2411 3124 2541 3179 dare
2586 3123 2808 3179 illorum
2864 3122 3151 3191 decimam,
3210 3084 3296 3177 ad,
3339 3137 3510 3193 quam

267 3212 492 3277 Extulit,
524 3218 580 3267 et
609 3210 811 3265 misere
836 3209 1042 3280 primus
1071 3208 1139 3262 ad
1171 3207 1277 3261 ima
1306 3206 1434 3261 ruit.
1908 3227 2027 3267 eam
2056 3212 2191 3267 dare
2241 3211 2549 3279 debebant,
2609 3210 3192 3267 excommunicaverim
3256 3209 3400 3275 illos,
3460 3218 3514 3266 et

206 3297 305 3355 Sed
324 3300 369 3355 si
400 3298 549 3355 forte
577 3299 787 3353 animos
815 3297 1005 3352 vincas
1033 3295 1102 3351 ad
1129 3302 1326 3351 cuncta
1352 3300 1659 3365 proterVOS,
1908 3301 2149 3356 habebas
2179 3300 2533 3356 imbreviatos
2563 3308 2693 3371 quot
2723 3299 2953 3354 infantes
3001 3300 3119 3354 sine
3168 3298 3507 3368 baptismate,

267 3392 309 3441 Α
336 3388 541 3460 quibus
575 3404 641 3441 ex
672 3385 851 3441 studio
880 3385 1041 3440 valde
1072 3391 1262 3439 tenere
1304 3390 1416 3449 tuO,
1575 3438 1578 3440 .
1906 3396 1958 3443 et
2010 3396 2144 3459 quot
2219 3386 2465 3443 homines
2514 3388 2631 3442 sine
2656 3387 3034 3443 communione
3089 3386 3217 3441 inde
3257 3385 3508 3452 obierint,

205 3470 499 3531 Confestim
527 3474 738 3546 poteris
767 3488 961 3530 secure
990 3487 1123 3528 vera
1142 3480 1349 3536 tenere,
1906 3492 2026 3548 qua:
2054 3476 2186 3531 mihi
2216 3476 2272 3530 in
2300 3476 2580 3547 publicum
2610 3476 2849 3544 objicere
2887 3474 3080 3536 nolles,
3099 3489 3166 3529 ne
3193 3482 3384 3546 postea
3413 3472 3510 3528 tibi

266 3566 309 3619 Α
336 3564 544 3635 quibus
575 3570 628 3618 et
659 3563 852 3618 nolens
878 3560 1123 3617 vinceris
1171 3560 1289 3629 ipse
1308 3559 1491 3614 modo.
1904 3565 2351 3635 improperarem,
2384 3564 2531 3635 quod
2562 3563 2608 3618 si
2637 3563 2741 3617 alia
2768 3564 2908 3617 mala
2934 3563 3002 3618 de
3031 3578 3119 3617 me
3163 3561 3355 3628 scires,
3416 3561 3511 3617 illa

205 3652 369 3723 thue
390 3650 600 3722 duplex
639 3650 839 3717 animO,
872 3648 1189 3704 inconstans
1216 3663 1317 3717 per
1345 3654 1535 3702 cuncta
1584 3643 1802 3709 ViaudO,
1906 3652 2069 3708 etiam
2097 3652 2332 3707 diceres.
2364 3651 2521 3707 Unde
2548 3651 2643 3706 tibi
2673 3651 2851 3706 statim
2881 3667 2979 3721 per
3008 3667 3133 3706 eum
3160 3649 3502 3716 remandavi,

269 3739 486 3811 Lingua
518 3738 847 3795 assentantis
876 3736 1033 3809 regia
1064 3736 1227 3791 corda
1259 3735 1401 3790 linis.
1906 3739 2033 3813 quia
2062 3747 2115 3794 et
2162 3740 2307 3806 inde,
2359 3748 2411 3795 et
2453 3739 2524 3796 de
2572 3740 2983 3811 quibuscumque
2999 3738 3188 3803 velles,
3222 3754 3345 3811 quae
3400 3737 3501 3792 tibi

204 3826 367 3896 Quem
399 3827 814 3885 contemnendo
844 3825 989 3881 nosti
1016 3833 1069 3880 te
1097 3824 1297 3880 laedere
1327 3823 1543 3889 crebro,
1902 3828 2214 3883 viderentur
2258 3828 2549 3897 objiceres,
2592 3827 2691 3883 sed
2721 3828 2790 3882 de
2817 3829 2919 3883 hac
2947 3842 3107 3883 causa
3157 3843 3346 3883 verum
3395 3842 3507 3882 non

268 3917 390 3973 Non
423 3932 626 3987 parens
657 3915 803 3971 dicto
832 3914 970 3984 legis
1000 3912 1331 3984 apostolica,
1906 3916 2139 3972 diceres.
2174 3917 2362 3971 Habeo
2392 3915 2538 3971 enim
2567 3916 2827 3990 scriptum
2857 3932 3115 3987 perverse
3159 3931 3188 3970 a
3235 3923 3289 3970 te
3337 3915 3509 3970 colle-

203 4001 352 4072 Quod
382 4005 611 4060 demum
639 4002 811 4058 sancti
839 4017 1097 4067 canones,
1134 4016 1231 4055 seu
1261 3999 1478 4070 publica
1504 3999 1651 4068 jura,
1906 4012 2072 4072 ctum,
2107 4012 2161 4060 et
2190 4005 2502 4076 perversius
2532 4021 2652 4076 quas
2682 4005 2951 4078 collegisti
2972 4004 3343 4076 interpretata,
3368 4003 3515 4076 quod

271 4094 334 4148 Et
364 4093 523 4166 quod
564 4093 691 4148 hinc
721 4091 882 4146 sedes
913 4090 1084 4146 sancti
1113 4088 1433 4161 apostolica.
1906 4108 2007 4164 per
2035 4108 2230 4148 manus
2259 4093 2477 4149 Hadulﬁ
2516 4093 2977 4166 archipresbyteri
3019 4094 3096 4148 tui
3140 4093 3328 4165 accepi
3367 4110 3380 4147 :
3415 4091 3514 4148 sed

207 4178 421 4238 Scilicet
453 4189 513 4235 ut
536 4180 711 4234 subsit
741 4180 948 4251 qnaevis
974 4177 1258 4249 provincia
1299 4176 1417 4231 sedi
1907 4189 1959 4238 et
1989 4188 2161 4254 gesta,
2195 4197 2317 4253 quae
2344 4183 2413 4237 de
2458 4182 2578 4252 ipsa
2633 4182 2871 4254 ecclesia
2899 4189 2952 4236 tu
2983 4181 3163 4253 egisti,
3205 4192 3257 4237 et
3288 4181 3513 4253 qualiter

273 4267 707 4340 Metropolitanus
736 4250 953 4338 semper
981 4266 1181 4337 ubique
1212 4281 1343 4319 suae.
1388 4334 1392 4339 ἡ
1908 4277 1961 4323 et
1991 4250 2113 4340 quae
2141 4250 2269 4323 inde
2298 4285 2404 4341 ego
2424 4250 2535 4340 egi,
2585 4284 2713 4325 vera
2744 4250 3055 4323 nairatione
3099 4250 3427 4339 conscripta,
3462 4276 3514 4325 et

209 4356 258 4412 Si
276 4357 377 4422 νίς,
416 4357 467 4412 si
494 4372 605 4412 non
642 4356 744 4424 viS,
778 4354 996 4409 ﬁrmum
1025 4353 1294 4411 constabit
1321 4352 1377 4407 in
1404 4367 1600 4417 ωνυω,
1796 4378 1799 4383 π
1909 4357 2344 4428 quandocunque
2374 4357 2563 4425 velles,
2598 4364 2685 4411 aut
2727 4372 2852 4412 cum
2898 4357 3222 4427 quibusdam
3261 4356 3512 4412 fratribus

271 4446 359 4502 Sic
388 4461 527 4501 vere
557 4452 774 4501 sanctus
808 4443 1038 4514 Spiritus
1066 4441 1312 4507 instituit,
1672 4518 1679 4521 _
1839 4437 1890 4497 D
1914 4454 1967 4501 et
2025 4445 2508 4502 consacerdotibus
2554 4444 2771 4513 nostris,
2808 4451 2900 4499 aut
2923 4444 2969 4499 si
2997 4439 3166 4499 velles
3208 4443 3265 4498 in
3303 4444 3511 4514 synodo

209 4533 270 4589 Ut
296 4534 393 4589 tibi
430 4532 749 4603 conscripta
778 4532 833 4586 in
862 4547 1031 4602 parvo
1062 4530 1355 4601 diplomate
1383 4528 1507 4584 misi
1915 4533 2009 4589 tibi
2056 4533 2421 4588 ostenderem.
2475 4532 2658 4587 Tacite
2706 4540 2890 4588 autem
2922 4532 2979 4586 in
3026 4532 3125 4586 hac
3167 4530 3512 4587 confessione

271 4623 612 4678 Rbemorum
642 4620 842 4692 praesul
874 4619 1221 4690 metropolita
1252 4626 1375 4673 tuus
1400 4635 1415 4672 :
1913 4628 2020 4690 tua,
2056 4636 2162 4692 qua
2190 4621 2394 4686 dixisti,
2427 4620 2550 4692 quia
2581 4620 2724 4692 quod
2755 4622 2822 4676 de
2851 4620 2943 4675 illa
2960 4618 3511 4677 excommunicatione

205 4708 334 4778 Quae
362 4710 610 4765 mundus
649 4716 795 4763 totus
825 4707 1090 4779 sequitur,
1132 4714 1443 4771 veneratur,
1486 4706 1720 4760 honorat
1911 4708 2088 4765 fecisti
2111 4723 2215 4781 ego
2246 4709 2342 4764 tibi
2370 4708 2662 4775 insinuavi,
2693 4709 2796 4763 tria
2824 4707 3187 4764 consideravi.

266 4800 335 4853 Et
361 4798 664 4868 reprobare
694 4797 912 4867 nequis,
938 4796 986 4850 si
1010 4794 1153 4850 male
1183 4794 1324 4850 forte
1351 4793 1489 4849 velis
1979 4797 2225 4851 Primum
2258 4798 2501 4869 quidem,
2529 4798 2786 4870 quoniam
2816 4797 2861 4851 si
2882 4796 3021 4852 ratio
3059 4796 3201 4851 inter
3230 4804 3284 4851 te
3306 4803 3359 4853 et
3391 4795 3508 4853 cle-

205 4884 468 4941 Versibus
497 4886 755 4953 inversis,
779 4885 996 4954 juvenis
1034 4884 1323 4939 Hincmare
1354 4881 1626 4950 sacerdos,
1910 4885 2054 4942 ricos
2081 4886 2457 4941 Laudunensis
2486 4886 2750 4941 Ecclesiae
2782 4884 3036 4954 agitanda
3065 4883 3227 4951 foret,
3268 4885 3336 4941 de
3364 4885 3508 4956 peti-

268 4974 505 5031 Reddita
535 4991 691 5029 sume
712 4974 816 5028 tuis
846 4973 1080 5028 fontibus
1111 4973 1303 5026 hausta
1335 4971 1522 5027 sacris.
1911 4974 2058 5029 tione
2090 4990 2155 5029 ex
2184 4968 2449 5030 causisin
2476 4989 2539 5028 ea
2568 4972 2985 5029 continentibus
3010 4973 3082 5027 ab
3123 4973 3333 5030 eisdem
3377 4973 3511 5029 mihi

203 5063 258 5116 In
288 5064 502 5119 sinibus
531 5062 765 5134 propriis
792 5062 1016 5133 capiens
1046 5061 1170 5116 hinc
1200 5061 1463 5132 septupla,
1496 5067 1646 5116 vates
1909 5070 2179 5135 porrecta,
2242 5070 2420 5118 utrum
2476 5068 2619 5116 esset
2672 5076 2742 5114 an
2793 5074 2905 5116 non
2971 5061 3199 5118 veritate
3255 5062 3505 5129 subnixa,

272 5149 341 5203 Ut
372 5148 551 5219 poscit
575 5147 707 5216 justi
738 5147 807 5203 de
831 5146 1081 5202 manibus
1107 5145 1343 5202 Domini.
1913 5151 2117 5207 nullam
2145 5150 2501 5223 quaestionem
2531 5148 2758 5205 deberet
2784 5150 3050 5221 recipere,
3085 5158 3373 5223 postquam
3402 5158 3509 5206 tuas

1909 5238 2267 5295 confessionis
2309 5236 2648 5292 attestatione
2703 5236 2965 5294 ﬁrmatur.
2997 5237 3158 5295 Aliud
3199 5253 3351 5304 vero,
3382 5237 3507 5309 quia

1908 5327 2120 5383 silentio
2164 5324 2475 5396 suppressis
2502 5324 2682 5391 bonis,
2722 5342 2845 5397 quae
2871 5326 2969 5381 tibi
3016 5325 3287 5381 insinuavi
3340 5333 3503 5398 atque

876 5454 1166 5472 .__.__..
1907 5413 2170 5471 insinuari
2201 5412 2324 5479 feci,
2380 5413 2697 5484 imputando
2716 5415 2849 5469 mihi
2874 5414 3018 5485 quod
3042 5413 3186 5469 male
3202 5413 3298 5468 tibi
3314 5413 3386 5472 de
3405 5415 3509 5471 hac

1908 5502 2463 5562 excommunicatione
2511 5520 2675 5575 quam
2719 5503 3048 5576 perpetrasti
3094 5502 3504 5574 insinuaverim,
