4088 6180
507 229 606 286 2M

500 368 652 408 reum
685 361 738 408 te
767 351 1050 408 confessus
1081 370 1160 422 es,
1195 355 1322 426 quia
1359 356 1596 410 scienter
1621 355 1760 412 male
1811 357 2002 425 fecisti,
2038 373 2098 412 ac
2127 355 2182 414 A

503 457 604 512 per
633 443 756 510 hoc,
789 443 1090 498 secundum
1121 444 1341 498 decreta
1371 444 1536 498 Hilari
1584 461 1756 514 papae,
1791 453 1940 499 tuum
1969 461 2104 500 con-

499 535 584 584 tra
615 529 836 600 regulas
865 530 1066 586 factum
1119 531 1350 586 deberes
1387 533 1506 602 ipse
1536 532 1853 598 dissolvere,
1884 535 2030 604 quod
2061 533 2107 588 si

495 617 693 684 nolles,
726 619 1022 674 auctoritas
1051 619 1468 690 metropolitana
1523 621 1658 676 illud
1689 622 1916 676 deberet
1943 622 2104 676 anni-

495 705 952 772 hilare.Tertium,
987 708 1114 778 quia
1143 717 1204 762 ut
1225 716 1402 764 tecum
1435 725 1524 764 me
1563 726 1757 780 posses
1787 710 2100 782 illaqueare,

497 795 545 848 si
575 794 731 862 forte,
763 803 820 850 ut
873 796 1078 851 assolet
1123 796 1436 867 improvisae
1465 798 1632 851 menti
1681 799 1950 866 accidere,
2009 799 2103 853 tibi

499 883 680 937 statim
719 883 832 938 haec
863 882 1002 938 falsa
1030 885 1098 938 de
1151 901 1240 938 me
1282 885 1576 954 rejiciendo
1607 886 1906 956 imparatus
1938 894 1991 942 et
2017 887 2103 942 ira

501 979 804 1026 commotus
831 987 940 1026 non
969 973 1383 1044 responderem,
1417 981 1470 1028 et
1505 981 1557 1028 te
1593 975 1840 1042 jactitare
1889 977 2100 1030 valeres

492 1074 582 1114 me
611 1059 668 1114 in
715 1059 898 1130 aliquo
941 1060 1068 1116 inde
1097 1061 1529 1126 concredidisse,
1583 1063 1880 1118 voluntarie
1909 1063 2004 1118 tibi
2029 1064 2099 1119 de

489 1146 582 1200 tali
611 1147 955 1203 confessione
995 1148 1246 1220 laqueum
1300 1150 1551 1204 studuisti
1599 1151 1842 1219 injicere,
1923 1161 1974 1206 et
2003 1169 2102 1223 pro

489 1235 650 1290 bonis
697 1236 836 1290 mala
889 1237 1212 1305 retribuens,
1247 1253 1358 1291 non
1409 1245 1464 1292 ut
1524 1239 1798 1310 quondam
1845 1241 2096 1310 prodito-

490 1338 612 1376 rum
667 1323 1032 1392 primicerius,
1095 1324 1402 1380 simulando
1457 1315 1649 1396 pacem
1695 1328 1885 1382 osculo
1933 1345 2094 1401 quam

487 1426 596 1464 non
627 1411 867 1465 habebas
899 1411 954 1464 in
985 1419 1228 1482 pectore,
1263 1414 1360 1468 sed
1417 1423 1602 1468 exerto
1651 1415 1853 1486 linguae
1911 1417 2095 1486 gladio

487 1515 576 1552 me
625 1507 816 1568 aperte
873 1513 940 1554 ac
993 1499 1341 1570 impudenter
1373 1502 1662 1558 decrevisti
1713 1504 2002 1574 impetere,
2042 1513 2094 1560 et

487 1587 642 1656 quasi
673 1602 762 1640 me
791 1587 1156 1660 qualicunque
1199 1598 1430 1660 patrono
1459 1605 1526 1646 ac
1556 1591 1900 1647 benefactore
1931 1601 2092 1665 atque

1485 231 1826 288 HINCMARI
1863 229 2258 288 RHEMENSIS
2297 227 2850 286 ARCHIEPISCOPI.

3703 230 3812 288 292

2279 377 2298 404 α
2321 356 2458 410 Sane
2481 355 2535 410 hi
2565 355 2660 426 qui
2673 355 2898 410 crimina
2913 371 3010 410 sua
3030 354 3084 408 in
3096 354 3392 426 quastione
3405 354 3640 412 confessi
3653 365 3802 424 sunt,

2207 443 2276 496 de
2305 443 2423 496 aliis
2453 444 2500 496 si
2529 444 2714 498 dicere
2745 443 3032 509 voluerint,
3066 459 3094 497 a
3118 443 3299 512 judice
3331 459 3437 498 non
3468 443 3796 499 credantur:

2207 531 2330 602 quia
2350 532 2473 600 jure
2503 539 2556 586 et
2583 532 2796 604 legibus
2845 532 3194 586 constitutum
3237 539 3335 598 est,
3391 540 3444 586 ut
3503 541 3804 602 spontanea

2159 643 2166 648 -
2203 619 2542 690 professione
2599 637 2728 674 reus
2759 636 2908 675 reum
2929 635 3038 674 non
3063 619 3244 686 faciat,
3275 636 3452 691 neque
3483 621 3558 674 illi
3601 621 3670 674 de
3717 621 3806 674 al-

2203 715 2323 762 tero
2366 709 2636 774 credatur,
2687 708 2780 779 qui
2829 725 2888 763 se
2937 708 3287 763 criminosum
3335 724 3458 763 esse
3514 707 3802 764 confessus

2203 803 2302 850 est.
2337 815 2356 847 »
2393 795 2462 850 Et
2509 797 2638 850 item
2669 798 2862 865 (ibid.,
2901 797 2992 851 lib.
3027 797 3171 866 xu):
3210 819 3230 846 ι
3283 797 3407 851 Νοιι
3461 797 3796 852 credendum

2201 891 2284 939 est
2304 893 2496 940 contra
2525 885 2662 940 alios
2692 900 2883 940 eorum
2930 883 3279 950 confessioni,
3327 885 3419 956 qui
3447 885 3500 938 in
3549 885 3798 940 crimini-

2200 972 2302 1026 bus
2331 981 2674 1036 accusantur,
2708 972 2812 1026 nisi
2843 989 2903 1027 se
2931 973 3080 1042 prius
3125 972 3476 1042 probaverint
3529 973 3798 1028 innocen-

2199 1069 2282 1116 tes
2316 1077 2328 1115 :
2363 1061 2492 1132 quia
2519 1061 2829 1132 periculosa
2857 1069 2956 1128 est,
2991 1069 3044 1115 et
3093 1060 3302 1116 admitti
3333 1077 3440 1116 non
3497 1061 3679 1128 debet,
3713 1060 3794 1116 rei

2199 1149 2490 1203 adversum
2520 1164 2899 1220 quemcunque
2927 1147 3218 1220 professio.
3257 1171 3278 1194 ι
3314 1149 3384 1202 Et
3411 1164 3648 1204 canones
3703 1149 3793 1204 di-

2197 1245 2324 1292 cunt
2353 1237 2532 1306 (conc.
2565 1238 2686 1307 Afr.
2720 1253 2848 1292 can.
2881 1241 2970 1300 96,
3005 1237 3096 1304 97)
3131 1254 3146 1292 :
3173 1257 3196 1288 ι
3221 1237 3289 1293 Ut
3309 1236 3376 1292 ad
3393 1237 3794 1292 accusationem

2195 1341 2301 1380 non
2331 1325 2698 1392 admittantur,
2733 1341 2872 1396 quos
2903 1325 2974 1380 ad
3003 1325 3310 1380 accusanda
3331 1325 3548 1396 publica
3563 1325 3796 1381 crimina

2193 1413 2346 1484 leges
2405 1413 2636 1484 publicae
2699 1429 2810 1468 non
2874 1414 3186 1468 admittunt.
3239 1415 3308 1467 Et
3367 1413 3796 1486 quotiescunque

2193 1501 2408 1557 clericis
2436 1503 2504 1556 ab
2535 1501 2950 1558 accusatoribus
2977 1503 3148 1556 multa
3175 1502 3400 1558 crimina
3443 1501 3791 1570 objiciuntur,

2191 1599 2246 1644 et
2275 1605 2436 1645 unum
2467 1607 2534 1646 ex
2565 1590 2717 1661 ipsis,
2751 1591 2822 1646 de
2851 1606 2960 1662 quo
2989 1590 3136 1662 prius
3167 1591 3358 1662 egerit,
3401 1591 3636 1662 probare
3681 1606 3794 1645 non

485 1672 798 1730 ordinatore
844 1683 934 1730 tuo
981 1676 1200 1744 tradito,
1237 1678 1359 1732 talis
1413 1678 1774 1734 confessionis
1804 1681 1871 1736 de
1929 1682 2086 1736 tantis
2116 1678 2441 1766 Bvaluerit,
2476 1678 2548 1733 ad
2577 1687 2774 1734 caetera
2796 1679 2911 1748 jam
2953 1694 3064 1734 non
3112 1679 3446 1734 admittatur.
3487 1701 3508 1726 η
3539 1677 3608 1734 Et
3661 1677 3793 1732 item

487 1761 858 1832 impietatibus
888 1763 1086 1836 laqueo
1133 1774 1184 1820 te
1217 1767 1570 1836 suspendere.
1604 1767 1710 1822 Sed
1769 1769 2088 1824 benedictus

484 1850 767 1920 Dominus,
802 1851 894 1922 qui
949 1853 1248 1908 secundum
1295 1855 1712 1924 promissionem
1759 1873 1916 1912 suam
1939 1900 1952 1924 ,
1987 1875 2090 1929 qua

482 1938 616 1993 dixit
647 1957 662 1992 :
695 1941 734 1994 Α
767 1939 990 2010 ﬂagello
1009 1941 1214 2012 lingua
1269 1943 1622 1998 absconderis
1643 1945 1760 2012 (Job
1785 1960 1842 2012 v,
1873 1948 1984 2016 21),
2017 1946 2088 1999 li-

483 2025 727 2084 beranda
757 2028 996 2082 animam
1041 2045 1222 2084 meam
1253 2046 1286 2085 a
1316 2030 1476 2086 labiis
1525 2032 1726 2103 iniquis
1756 2042 1810 2089 et
1841 2049 1874 2088 a
1901 2033 2086 2107 lingua

487 2113 695 2184 dolosa,
731 2116 936 2185 adjuvit
965 2133 1071 2184 me,
1102 2126 1154 2172 et
1181 2119 1494 2176 consolatus
1523 2129 1606 2176 est
1635 2137 1742 2190 me,
1775 2139 1896 2178 mox
1919 2123 2086 2178 telum

489 2202 742 2258 falsitatis
801 2213 954 2262 scuto
1009 2205 1251 2261 veritatis
1305 2208 1684 2278 respondendo
1741 2209 1924 2278 rejeci.
1951 2209 2087 2278 Quae

489 2291 658 2346 animi
701 2292 892 2348 dolore
935 2303 1312 2366 compunctus,
1346 2311 1456 2350 non
1509 2297 1886 2354 amaritudinis
1915 2298 2086 2354 livore

483 2379 792 2436 stimulatus
849 2381 992 2449 dico,
1055 2383 1236 2438 sciens
1290 2383 1456 2454 capiti
1485 2399 1552 2442 ac
1599 2385 1856 2442 salvatori
1895 2395 2084 2444 nostro

480 2467 813 2524 mendaciter
869 2469 1038 2524 multa
1070 2469 1240 2526 fuisse
1291 2472 1536 2540 objecta,
1567 2473 1668 2528 sed
1709 2481 1762 2528 et
1789 2475 2085 2544 productos

483 2555 746 2612 adversus
799 2573 922 2612 eum
963 2556 1132 2614 falsos
1165 2566 1332 2615 testes
1353 2559 1541 2618 fuisse.
1575 2563 1714 2616 Nam
1745 2570 1798 2617 et
1825 2563 2084 2618 Romanae

481 2643 628 2698 sedis
655 2643 1000 2716 pontificibus
1059 2648 1314 2716 Damaso,
1375 2649 1542 2716 Sixto,
1592 2657 1644 2704 et
1691 2650 1858 2706 Leoni
1901 2651 2079 2722 tertio,

481 2749 670 2788 verum
695 2741 750 2788 et
765 2733 992 2790 aliarum
1031 2735 1328 2808 insignium
1357 2739 1714 2794 ecclesiarum
1733 2739 2078 2809 praesulibus,

477 2821 994 2879 Athanasiuscilicet
1023 2823 1413 2892 Alexandrino,
1455 2827 1650 2882 Joanni
1695 2827 2079 2884 Constantino-

478 2909 745 2980 politano,
779 2911 1066 2966 Caeciliano
1123 2914 1561 2985 Carthaginensi,
1613 2917 1894 2972 sanctitate
1953 2916 2080 2972 fidei

479 3005 531 3052 et
577 2999 908 3070 operationis
975 3007 1134 3072 atque
1191 3001 1432 3058 scientia:
1481 3003 1729 3060 doctrina
1773 3005 2073 3076 praeclaris,

474 3101 688 3142 necnon
718 3095 770 3142 et
799 3087 1206 3159 quamplurimis
1249 3090 1370 3145 aliis
1426 3093 1746 3148 venerandis
1777 3093 2068 3166 episcopis,

487 3175 558 3230 ab
583 3175 894 3230 hominibus
923 3175 1142 3244 invidis,
1162 3185 1215 3233 et
1247 3195 1436 3234 eorum
1463 3181 1646 3237 locum
1677 3197 1741 3236 ac
1771 3181 1928 3236 bona:
1949 3183 2070 3252 cpi-

483 3262 662 3318 nionis
691 3263 892 3319 famam
922 3265 1167 3322 obtinere
1195 3267 1522 3334 volentibus,
1555 3269 1654 3326 sed
1712 3285 1820 3325 non
1864 3271 2071 3326 habere

475 3351 725 3408 meritum
774 3353 992 3408 illorum
1037 3355 1413 3426 studentibus,
1443 3357 1698 3412 mortalia
1751 3367 1805 3413 et
1863 3357 2070 3414 nefaria

471 3439 694 3496 crimina
717 3439 856 3498 falso
887 3442 1138 3513 impacta,
1177 3452 1230 3499 et
1257 3461 1432 3517 usque
1472 3447 1540 3500 ad
1584 3446 2067 3516 ecclesiasticaju-

471 3528 616 3584 dicia
645 3538 700 3584 et
736 3530 1104 3603 cognitionem
1137 3534 1412 3603 publicam
1443 3533 1608 3590 fuisse
1639 3535 1903 3607 perducta
1929 3535 2068 3608 legi-

471 3633 610 3672 mus.
665 3619 798 3673 Sunt
827 3618 972 3674 enim
1013 3621 1323 3690 hujusmodi
1344 3623 1576 3693 viperea:
1605 3624 1860 3694 nequitiae
1887 3623 2068 3680 homi-

469 3723 586 3771 nes,
647 3707 739 3778 qui
767 3706 892 3762 licet
939 3708 1088 3778 prius
1133 3726 1320 3766 eorum
1377 3719 1586 3766 mentes
1641 3712 1866 3782 propria
1911 3712 2068 3766 rodat

465 3795 686 3860 invidia,
719 3795 776 3848 in
805 3795 910 3850 hoc
969 3803 1150 3852 tamen
1177 3813 1306 3852 suas
1339 3807 1526 3870 tegere
1557 3814 1721 3868 posse
1751 3799 2064 3870 iniquitates

465 3890 669 3953 putant,
706 3882 752 3937 si
781 3883 918 3938 alios
949 3883 1165 3938 infamia
1195 3887 1360 3940 modo
1392 3885 1632 3958 quolibet
1660 3887 1931 3944 maculare
1963 3905 2064 3943 cu-

463 3970 734 4036 raverint;
785 3987 1016 4042 quorum
1073 3973 1476 4030 criminationes
1521 3974 1688 4030 iidem
1731 3976 1834 4030 viri
1889 3977 2064 4032 sancti

465 4057 855 4130 patientissime
912 4059 1292 4126 toleraverunt,
1333 4070 1387 4116 et
1434 4064 1872 4118 constantissime
1901 4065 2062 4135 adju-

463 4153 621 4204 vante
651 4147 884 4202 Domino
911 4149 1240 4205 revicerunt.
1273 4152 1340 4206 Et
1375 4151 1588 4216 horum,
1622 4153 1762 4209 sicut
1799 4153 2062 4224 scriptum

465 4243 548 4291 est
603 4235 786 4306 (Hebr.
837 4251 960 4304 xm,
1009 4239 1084 4308 7),
1119 4238 1336 4294 intuens
1391 4239 1596 4294 exitum
1629 4243 2060 4298 conversationis

463 4323 626 4380 fidem
651 4323 786 4380 mihi
813 4340 1040 4382 necesse
1063 4334 1142 4382 est
1171 4327 1400 4394 imitari;
1435 4337 1488 4384 et
1515 4345 1616 4384 usu
1643 4339 1974 4402 compertus,
2009 4339 2062 4386 et

461 4413 529 4469 de
559 4421 613 4469 te
639 4412 692 4466 in
723 4429 810 4469 me
829 4430 1053 4484 prorsus
1073 4425 1346 4486 expertus,
1379 4417 1508 4488 quia
1525 4417 1876 4489 phreneticus
1909 4436 2055 4490 saepe

460 4502 594 4560 nulli
621 4502 886 4571 majorem
908 4503 1124 4574 alapam
1143 4505 1278 4560 dare
1321 4505 1476 4572 solet,
1521 4523 1684 4577 quam
1707 4507 1812 4578 ipsi
1841 4508 2056 4564 medico

461 4592 554 4664 qui
574 4607 700 4646 eum
729 4607 920 4648 curare
941 4591 1103 4647 volet.

533 4679 640 4735 Sed
684 4687 738 4736 et
773 4681 1000 4736 multum
1047 4680 1270 4736 miratus
1301 4698 1456 4752 sum,
1487 4683 1580 4739 ubi
1637 4700 1858 4740 sensum
1905 4693 2053 4741 tuum

459 4767 716 4836 habuisti,
777 4771 990 4840 quando
1019 4770 1088 4824 de
1146 4777 1306 4824 tantae
1344 4773 1676 4828 auctoritatis
1705 4781 1760 4829 et
1778 4773 2052 4844 sapientiae

462 4862 624 4926 atque
689 4857 970 4927 religionis
1024 4858 1142 4914 viro
1165 4903 1180 4925 ,
1214 4859 1351 4916 sicut
1387 4859 1621 4916 domnus
1663 4870 1748 4916 est
1791 4863 2011 4918 Wenilo
2036 4905 2049 4930 ,

456 4942 672 5012 dixisti,
705 4952 757 4999 et
831 4946 902 5000 ad
957 4947 1314 5017 plurimorum
1374 4949 1752 5020 episcoporum
1807 4949 2053 5004 notitiam

458 5033 747 5102 pervenire
773 5033 970 5104 fecisti,
997 5037 1140 5106 quod
1171 5037 1218 5092 si
1245 5037 1302 5094 in
1349 5037 1556 5106 judicio
1585 5037 1820 5110 regulari
1847 5038 2052 5094 dixeris

453 5122 691 5193 probare
721 5138 830 5178 non
853 5124 1072 5194 poteris,
1107 5125 1410 5197 praesertim
1443 5134 1493 5180 te
1515 5142 1667 5180 reum
1698 5127 1766 5182 de
1800 5127 1900 5182 hoc
1931 5127 2050 5198 ipso

455 5209 758 5276 confessus,
794 5219 844 5266 et
871 5212 1180 5270 conﬁtendo
1202 5223 1255 5270 te
1274 5214 1402 5268 talia
1432 5215 1634 5288 egisse,
1659 5232 1780 5287 quae
1811 5216 1912 5271 etsi
1939 5233 2050 5272 non

452 5299 808 5368 confitereris,
843 5311 1190 5373 perpetrasse
1237 5319 1434 5372 negare
1459 5319 1566 5359 non
1583 5321 1795 5375 posses,
1817 5305 2050 5376 teipsum

451 5387 776 5458 illaqueasse
807 5391 993 5446 videre
1023 5407 1130 5446 non
1155 5391 1376 5462 potuisti
1409 5410 1422 5446 ε
1451 5407 1574 5448 cum
1595 5393 1748 5466 leges
1769 5411 1904 5465 quas
1920 5411 2052 5465 pro—

451 5483 542 5539 bat
569 5485 810 5542 Ecclesia
835 5487 1016 5545 dicant
1043 5489 1196 5558 (Cod.
1225 5487 1332 5555 th.,
1367 5488 1433 5546 de
1459 5491 1722 5548 Accusat.
1759 5491 1852 5548 lib.
1873 5495 1996 5562 xix)
2033 5508 2046 5547 :

2191 1782 2431 1823 canones
2459 1767 2643 1822 dicunt
2673 1767 2850 1836 (conc.
2891 1768 3410 1839 Carthag.can.18)
3444 1784 3505 1821 ει
3541 1768 3610 1822 Ut
3635 1767 3794 1823 ordi-

2187 1855 2382 1910 nandis
2411 1855 2704 1927 episcOpis,
2735 1854 2822 1910 vel
2850 1855 3082 1920 clericis,
3111 1855 3266 1926 prius
3295 1855 3366 1910 ob
3383 1855 3792 1910 ordinatoribus

2190 1943 2300 1997 suis
2331 1943 2528 2014 placita
2557 1943 2910 2000 conciliorum
2957 1943 3179 1998 auribus
3209 1959 3398 1998 eorum
3427 1943 3788 2010 inculcantur,

2187 2047 2256 2086 ne
2287 2047 2346 2086 se
2375 2030 2581 2102 aliquid
2625 2041 2814 2088 contra
2858 2039 3054 2087 statuta
3097 2032 3312 2088 concilii
3359 2031 3556 2088 fecisse
3603 2031 3790 2103 pleni-

2187 2127 2350 2174 teant.
2391 2140 2412 2168 ι
2447 2119 2580 2186 Quae
2609 2135 2643 2174 a
2670 2136 2760 2175 me
2789 2120 2884 2175 tibi
2929 2120 3236 2175 ordinando
3281 2119 3552 2176 inculcata
3607 2128 3736 2176 sunt
3772 2137 3786 2174 :

2187 2207 2324 2262 inter
2355 2223 2476 2278 quae
2505 2208 2770 2262 habentur
2799 2216 2852 2263 et
2881 2207 2970 2263 illa
3001 2208 3200 2280 quibus
3237 2215 3288 2264 et
3331 2207 3388 2262 in
3443 2209 3542 2262 hac
3595 2208 3790 2263 illicita

2184 2295 2764 2366 excommunicatione,
2795 2304 2848 2352 et
2875 2297 2931 2352 in
2959 2305 3270 2367 contemptu
3313 2295 3624 2362 obediendi,
3673 2311 3785 2351 non

2185 2384 2364 2438 solum
2391 2385 2560 2439 semel
2589 2385 2850 2450 secundo,
2885 2385 2985 2440 sed
3031 2393 3084 2440 et
3129 2385 3310 2454 tertio,
3371 2401 3436 2440 ex
3483 2383 3784 2456 Scripturis

2183 2476 2236 2524 et
2265 2468 2474 2540 regulis
2501 2468 2672 2524 sacris
2695 2468 3018 2538 conscriptis
3047 2467 3356 2524 admonitus
3391 2477 3448 2523 ut
3485 2483 3606 2522 eam
3648 2483 3782 2524 cor-

2182 2557 2411 2628 rigeres,
2445 2556 2698 2620 obviasti,
2733 2573 2856 2612 cum
2885 2556 3146 2626 scriptum
3177 2557 3245 2612 sit
3282 2574 3294 2610 :
3330 2556 3519 2612 Melior
3547 2561 3630 2611 est
3658 2557 3783 2612 obe-

2181 2645 2400 2700 dientia
2419 2662 2586 2716 quam
2605 2647 2868 2710 victima,
2893 2649 2950 2700 et
2969 2646 3296 2700 auscultare
3311 2647 3490 2716 magis
3513 2661 3680 2716 quam
3691 2647 3782 2714 of-

2179 2735 2332 2803 ferre
2348 2733 2846 2804 adipemarietum,
2867 2735 3132 2806 quoniam
3143 2735 3304 2804 quasi
3317 2737 3610 2804 peccat-um
3632 2735 3784 2788 ario-

2183 2823 2340 2876 landi
2359 2825 2444 2876 est
2461 2837 2794 2894 repugnare,
2819 2826 2874 2878 et
2893 2823 3052 2892 quasi
3071 2823 3256 2878 scelus
3283 2821 3566 2876 idolatria
3613 2821 3776 2876 nolle

2179 2911 2530 2982 acquiescere
2571 2909 2624 2980 (Ι
2680 2912 2803 2980 Reg.
2863 2925 2960 2974 xv,
3037 2911 3150 2979 22).
3185 2909 3293 2966 Sed
3349 2917 3402 2962 et
3458 2917 3532 2976 tu,
3583 2923 3784 2964 coram

2179 2997 2472 3053 Rhemensi
2498 2997 2764 3064 Ecclesia,
2795 2997 2852 3052 in
2884 3013 2988 3069 qua
3012 2997 3248 3052 nutritus
3277 2995 3441 3063 fuisti,
3481 3005 3532 3050 et
3584 3012 3783 3054 coram

2179 3085 2430 3141 Ecclesia
2459 3085 2804 3140 Laudunensi
2855 3086 2952 3140 tibi
2997 3085 3402 3150 committenda,
3453 3085 3553 3140 sed
3597 3093 3650 3140 et
3678 3101 3780 3140 co-

2171 3191 2282 3228 ram
2299 3174 2570 3244 episcOpis
2593 3173 2682 3244 qui
2706 3172 3011 3240 adfuerunt,
3045 3183 3099 3228 et
3127 3189 3316 3230 coram
3343 3172 3540 3246 legatis
3581 3189 3778 3228 eorum

2168 3263 2550 3332 episcoporum
2581 3263 2672 3333 qui
2695 3262 3280 3334 corporalipraesentia
3297 3261 3602 3328 defuerunt,
3641 3271 3780 3332 post

2167 3349 2296 3406 fidei
2325 3349 2743 3415 confessionem,
2779 3367 2844 3405 ea
2873 3367 2993 3422 quae
3037 3350 3130 3403 tibi
3179 3349 3444 3406 inculcata
3493 3357 3666 3414 erant,
3717 3357 3778 3404 et

2168 3438 2477 3509 specialiter
2522 3437 2590 3494 de
2636 3438 2944 3494 obedientia
2989 3447 3094 3493 tua:
3138 3438 3424 3510 metropoli
3467 3445 3629 3508 atque
3676 3445 3776 3494 tuo

2167 3527 2586 3598 metropolitano
2611 3527 2941 3599 regulariter
2971 3526 3294 3594 exhibenda,
3327 3534 3380 3581 te
3434 3526 3772 3580 observatu-

2167 3631 2284 3670 rum
2315 3631 2478 3670 manu
2503 3615 2724 3686 propria
2779 3614 3110 3670 confirmasti
3144 3631 3157 3669 :
3189 3622 3242 3670 et
3269 3614 3488 3686 quando
3545 3613 3638 3668 tibi
3691 3613 3776 3667 li-

2165 3703 2321 3758 brum
2351 3719 2632 3758 sacrorum
2687 3718 2974 3768 canonum,
3027 3709 3084 3756 et
3137 3702 3386 3776 regulam
3429 3700 3774 3774 pastoralem

2165 3791 2307 3846 beati
2345 3791 2622 3862 Gregorii,
2655 3805 2841 3846 coram
2867 3791 3035 3846 altare
3066 3799 3268 3846 sancta:
3299 3790 3504 3856 Marias,
3537 3790 3592 3846 in
3617 3806 3772 3860 pra:-

2163 3879 2334 3936 sentia
2363 3881 2603 3936 omnium
2641 3879 2732 3951 qui
2779 3879 3084 3948 adfuerunt,
3113 3879 3168 3934 in
3204 3894 3427 3934 manum
3471 3877 3614 3944 misi,
3652 3877 3766 3933 ob-

2162 3957 2367 4024 testans
2393 3975 2452 4022 ut
2478 3969 2575 4037 ita,
2607 3975 2868 4038 quantum
2885 3968 2984 4022 tibi
3021 3969 3170 4022 Deus
3197 3967 3338 4022 scire
3367 3974 3420 4020 et
3455 3981 3618 4036 posse
3657 3966 3770 4020 da-

2163 4065 2263 4124 ret,
2294 4073 2546 4112 servares
2565 4055 2624 4110 in
2651 4056 2904 4124 vivendo,
2937 4055 3205 4124 docendo,
3237 4063 3290 4110 et
3311 4053 3626 4122 judicando,
3677 4053 3770 4108 si-

2161 4153 2252 4201 cut
2281 4145 2484 4200 ibidem
2531 4145 2864 4214 descriptum
2919 4151 3052 4214 erat,
3103 4151 3156 4198 et
3201 4144 3352 4214 ipsos
3407 4141 3592 4206 libros,
3655 4142 3768 4196 sub

2159 4234 2470 4290 testimonio
2497 4233 2682 4290 divino
2713 4241 2766 4288 et
2792 4233 3066 4304 praedictae
3105 4231 3340 4286 fidelium
3377 4230 3638 4286 Ecclesia
3665 4245 3766 4286 su-

2161 4331 2396 4393 sceptos,
2438 4331 2490 4378 te
2521 4323 2594 4377 ita
2635 4323 3049 4378 observatorum
3094 4319 3458 4376 consensione
3507 4325 3597 4372 tua
3625 4333 3768 4373 con-

2085 4415 2144 4479 D
2163 4409 2411 4466 firmasti.
2437 4410 2592 4465 Unde
2611 4409 2754 4466 sacri
2783 4424 3024 4464 canones
3070 4408 3256 4464 dicunt
3313 4409 3494 4476 (conc.
3559 4406 3758 4461 Carth.

2155 4515 2214 4564 ιι,
2265 4515 2385 4568 cap.
2427 4501 2556 4568 l3):
2599 4516 2620 4548 ι
2657 4497 2858 4569 Siquis
2905 4505 3093 4554 contra
3140 4511 3296 4551 suam
3337 4493 3768 4565 professionem,

2153 4586 2242 4642 vel
2269 4587 2722 4657 subscriptionem
2751 4586 2960 4641 venerit
2989 4586 3044 4639 in
3075 4585 3273 4658 aliquo,
3303 4583 3422 4654 ipse
3453 4599 3514 4638 se
3545 4584 3762 4636 honore

2153 4675 2408 4746 privabit.
2447 4695 2469 4724 ι
2503 4676 2571 4730 Ει
2599 4683 2820 4730 sanctus
2847 4675 2958 4728 Leo
2985 4689 3128 4744 papa
3164 4673 3234 4726 ad
3280 4673 3518 4726 Leonem
3557 4673 3768 4742 Augu-

2154 4771 2297 4818 stum
2319 4762 2506 4818 scribit
2535 4765 2721 4832 (epist.
2759 4765 2824 4816 84
2865 4779 2962 4832 per
2988 4760 3392 4830 Philumenam)
3414 4759 3480 4815 de
3511 4775 3602 4814 sua
3625 4773 3766 4828 erga

2151 4851 2307 4924 leges
2335 4851 2698 4907 consensione
2731 4851 2776 4905 si
2805 4859 2998 4907 contra
3023 4850 3172 4906 illam
3199 4849 3410 4916 fecerit,
3449 4869 3471 4898 ι
3503 4845 3616 4914 Eis,
3661 4847 3766 4900 in-

2153 4940 2364 5012 quiens,
2397 4955 2486 4994 me
2514 4939 2774 4994 ultionum
2804 4939 3203 4994 conditionibus
3231 4935 3426 5004 subdo,
3477 4951 3608 5007 quas
3641 4950 3764 4990 non

2152 5028 2327 5082 solum
2358 5027 2648 5082 auctoritas
2677 5027 2852 5082 beatae
2881 5027 3156 5082 memoriae
3185 5025 3448 5096 principis
3475 5023 3750 5090 Martiani,

2151 5116 2250 5172 sed
2271 5116 2432 5170 etiam
2464 5131 2570 5189 ego
2597 5132 2720 5171 mea
2749 5116 3108 5172 consensione
3139 5113 3363 5168 firmavi.
3418 5133 3439 5162 ι
3475 5112 3542 5167 Et
3576 5127 3758 5166 cano-

2147 5219 2248 5262 nes
2279 5203 2732 5276 Carthaginenses
2761 5205 2947 5262 dicunt
2964 5215 3140 5272 (conc.
3175 5219 3193 5256 ι
3227 5202 3511 5272 Carthag.,
3536 5217 3583 5255 c.
3621 5201 3708 5266 14)
3737 5217 3756 5254 :

2155 5313 2176 5343 ι
2213 5291 2349 5359 Qua:
2392 5291 2480 5348 vel
2523 5291 2664 5348 facta
2721 5293 2806 5349 vel
2855 5292 2994 5347 dicta
3053 5289 3302 5363 superius
3357 5287 3756 5358 comprehensa

2149 5401 2291 5458 sunt,
2319 5391 2406 5447 vel
2435 5393 2504 5446 ab
2531 5393 2654 5448 aliis
2685 5393 2928 5448 conciliis
2959 5391 3286 5462 conscripta,
3309 5405 3428 5460 qua:
3449 5387 3762 5444 secundum

2147 5491 2328 5565 legem
2356 5492 2726 5558 inveniuntur,
2777 5491 3048 5548 custodire
3089 5506 3190 5546 nos
3245 5495 3476 5560 Oportet.
3537 5487 3593 5542 Si
3619 5485 3760 5557 quia
