4088 6180
465 218 572 272 295

1465 221 1805 278 HINCMARI
1832 222 2233 280 RHEMENSIS
2285 227 2835 287 ARCHIEPISCOPI.

3657 237 3765 291 296

462 338 713 428 legimus,
747 341 855 398 illa;
883 342 1006 398 aliis
1044 344 1302 415 subjectae
1345 345 1651 402 civitatibus
1683 364 1804 403 sum
1831 349 2060 418 privile-
2089 349 2145 411 Α
2166 349 2295 418 latii,
2329 353 2695 421 praelationem
2716 355 3033 411 monasterii
3053 356 3110 411 in
3139 356 3297 411 tertia
3334 357 3611 428 provincia
3641 358 3762 414 sine

466 422 618 499 gium
646 429 1016 501 perdiderunt,
1050 433 1196 504 quod
1225 448 1335 489 non
1362 443 1702 505 recuperant,
1740 444 1794 490 et
1822 443 2062 492 castrum

465 517 664 572 montis
693 519 934 574 Lauduni
963 521 1254 589 convaluit,
1288 522 1412 594 quia
1456 524 1760 579 secundum
1788 525 1963 598 leges,
1998 541 2064 582 ac

467 620 657 661 sacros
685 621 944 675 canones,
978 617 1140 681 atque
1169 610 1388 666 decreta
1417 612 1566 667 sedis
1597 613 1859 669 Romanae
1887 613 2065 684 ponti-

470 693 653 762 ficum,
693 711 792 766 pro
824 695 880 750 id
919 697 1213 768 appellare,
1254 698 1419 771 idque
1461 700 1727 774 refragari
1764 717 1874 758 non
1913 702 2060 773 licet,

468 783 615 853 quod
643 783 827 855 legum
854 793 1070 858 tempus
1098 787 1352 843 excludit.

1103 901 1325 956 CAPUT
1356 902 1420 955 II.

470 997 545 1051 De
557 996 1051 1069 administratione
1068 1000 1275 1069 palatii
1298 1000 1585 1054 etabbatia
1606 1005 1805 1057 contra
1817 1017 2060 1057 canones

540 1066 776 1152 adeptis,
805 1072 860 1122 et
884 1069 1041 1152 qnod.
1054 1066 1281 1124 coactus
1301 1070 1372 1124 ad
1392 1071 1667 1152 synodum
1688 1088 1803 1152 non
1820 1074 2056 1152 venerit,

539 1141 595 1192 et
623 1140 690 1193 de
734 1140 1044 1210 irrcgulari
1076 1140 1665 1197 excommunicatione
1705 1143 2056 1198 Almalberti.

538 1243 646 1299 Sed
675 1252 728 1298 et
778 1252 1024 1315 tempore
1070 1253 1162 1299 tuo
1207 1246 1405 1300 nullam
1456 1247 1582 1320 ind‘e
1628 1247 2059 1319 inquietudinem

463 1332 670 1399 habuit,
715 1348 823 1402 quo
866 1348 1039 1404 usque
1077 1340 1131 1387 te
1172 1335 1509 1390 commovisti
1548 1344 1737 1391 contra
1781 1354 1886 1403 me,
1932 1338 2061 1408 quia

466 1421 800 1493 redarguere
850 1427 902 1475 te
945 1422 1291 1492 praesumpsi,
1334 1423 1592 1494 quoniam
1642 1433 1835 1480 contra
1873 1441 2059 1481 sacras

466 1507 832 1563 Antiochenas
869 1508 1092 1578 regulas
1122 1510 1141 1577 (
1162 1526 1318 1565 conc.
1361 1511 1620 1568 Antioch.
1663 1512 1813 1583 6.9),
1858 1513 2057 1583 praeci-

465 1596 676 1666 pientes
695 1618 718 1643 «
740 1602 798 1649 ut
826 1602 1025 1665 praeter
1062 1613 1150 1652 me
1171 1612 1338 1669 agere
1364 1615 1474 1653 non
1503 1599 1727 1666 debeas,
1760 1601 2058 1656 secundum

2164 454 2288 495 meo
2314 454 2605 511 consensu,
2638 444 2726 499 vel
2755 445 2925 514 ipsius
2956 445 3216 515 episcopi,
3248 446 3302 500 in
3322 446 3475 514 cujus
3500 446 3761 517 parochia

2163 527 2309 583 idem
2366 532 2762 587 monasterium
2789 541 2923 601 erat,
2974 533 3280 589 obstinuisti
3335 543 3525 591 contra
3570 550 3756 591 sacros

2162 617 2528 675 Antiochenos
2569 634 2825 690 canones,
2874 622 2965 692 qui
2997 622 3182 676 dicunt
3234 621 3395 678 etiam
3448 623 3763 694 metropoli-

2164 711 2289 761 tano
2321 721 2431 761 non
2459 706 2643 775 licere,
2666 710 2811 780 quod
2841 716 2896 763 tu
2915 709 3266 779 provincialis
3295 710 3583 782 episcopus
3613 728 3761 782 pra:-

2162 793 2456 864 sumpsisti.
2494 816 2517 845 α
2541 795 2754 861 Nullus,
2787 796 3035 868 inquiunt
3063 800 3240 865 (conc.
3273 799 3623 865 Antioch.,c.
3646 802 3758 868 i3),

2162 881 2453 952 episcopus
2473 899 2539 938 ex
2568 884 2677 938 alia
2701 884 2982 955 provincia
3013 886 3213 941 audeat
3240 887 3309 941 ad
3365 887 3522 941 aliam
3572 894 3758 941 trans—

2161 970 2339 1041 gredi,
2384 972 2451 1025 ad
2500 973 2899 1042 promotionem
2955 974 3245 1030 ministerii
3286 975 3497 1047 aliquos
3542 976 3601 1030 in
3657 992 3759 1032 ec-

2160 1058 2341 1114 clesiis
2370 1059 2627 1116 ordinare
2664 1061 2790 1117 licet
2846 1078 3173 1118 consensum
3196 1063 3478 1118 videantur
3505 1065 3758 1134 praebere

2158 1147 2400 1213 nonnuli,
2435 1148 2539 1203 nisi
2568 1149 2761 1205 litteris
2807 1159 2919 1205 tam
2961 1151 3361 1222 metropolitani
3390 1169 3549 1223 quam
3595 1160 3762 1209 caete-

2161 1251 2342 1291 rorum
2375 1237 2465 1308 qui
2494 1252 2618 1294 cum
2648 1255 2714 1295 eo
2734 1247 2859 1293 sunt
2889 1239 3292 1310 episcoporum,
3326 1248 3546 1311 rogatus
3592 1242 3762 1297 adve-

2159 1323 2290 1393 niat,
2342 1333 2393 1379 et
2436 1326 2514 1380 sic
2568 1327 2636 1381 ad
2677 1327 2943 1383 actionem
3001 1328 3356 1384 ordinationis
3403 1328 3643 1385 accedat.
3675 1329 3764 1385 Si-

2147 1428 2306 1480 ,vero,
2373 1413 2522 1469 nullo
2571 1423 2813 1483 vocante,
2882 1415 3189 1472 inordinata
3226 1433 3381 1473 more
3429 1418 3757 1488 deproperet

2159 1516 2322 1571 super
2379 1502 2650 1573 aliquibus
2720 1504 3171 1571 ordinationibus,
3245 1513 3298 1559 et
3372 1505 3757 1561 ecclesiasticis

2155 1589 2393 1659 negotiis
2448 1591 2519 1645 ad
2565 1608 2689 1646 eum
2741 1608 2849 1647 non
2903 1593 3298 1663 pertinentibus
3321 1593 3753 1665 ,componendis,

469 1684 741 1755 antiquam
787 1699 816 1737 a
863 1684 1103 1755 patribus
1149 1687 1349 1741 nostris
1391 1687 1637 1759 regulam
1694 1689 2052 1759 constitutam,

2160 1675 2312 1732 irrita
2341 1678 2561 1749 quidem
2590 1696 2711 1751 qua)
2739 1680 2807 1734 ab
2835 1696 2902 1735 eo
2932 1689 3197 1752 geruntur
3236 1681 3483 1749 existant,
3517 1681 3634 1752 ipse
3660 1698 3759 1738 ve-

464 1771 572 1826 nisi
602 1788 664 1827 ea
695 1779 897 1826 tantum
949 1789 1069 1843 quae
1112 1774 1181 1827 ad
1211 1782 1356 1828 tuam
1404 1775 1723 1845 parochiam
1763 1777 2056 1848 pertinent,

466 1860 953 1931 possessionesque
992 1861 1281 1930 subjectas,
1326 1862 1445 1917 sine
1486 1879 1610 1919 mea
1649 1864 1736 1919 vel
1772 1866 2060 1935 coepisco—

468 1963 665 2019 porum
692 1956 1003 2003 nostrorum
1046 1950 1394 2019 conscientia,
1439 1951 1960 2008 administrationem
2004 1954 2058 2008 in

465 2036 668 2107 palatio
697 2036 880 2091 domni
909 2036 1057 2108 regis
1086 2038 1394 2093 obstinuisti
1425 2055 1437 2094 :
1469 2040 1567 2095 sed
1596 2048 1649 2095 et
1677 2040 1761 2095 his
1785 2058 1904 2113 quae
1932 2042 2059 2098 inde

466 2125 535 2180 de
557 2123 725 2180 sacris
745 2125 950 2198 regulis
971 2125 1065 2179 tibi
1085 2126 1328 2199 legeram
1359 2128 1704 2199 contemptis,
1731 2138 1917 2199 postea
1937 2145 2060 2185 con-

464 2221 545 2268 tra
575 2212 921 2268 interdictum
948 2229 1128 2269 meum
1167 2216 1509 2283 canonicum,
1545 2217 1791 2272 eamdem
1821 2218 2057 2273 admini-

465 2296 784 2352 strationem
845 2296 1029 2367 palatii
1084 2299 1374 2369 readeptus
1421 2298 1591 2367 fuisti,
1641 2309 1829 2356 contra
1869 2301 2055 2356 Sardi-

466 2401 660 2441 censes
685 2400 922 2440 canones
952 2385 1141 2455 (conc.
1176 2387 1339 2443 Sard.
1371 2403 1499 2443 can.
1526 2388 1627 2459 8),
1660 2389 2055 2462 redarguentes

463 2473 668 2545 passim
710 2472 1015 2544 episcopos,
1066 2474 1157 2545 qui
1213 2474 1613 2548 archiepiscopi
1665 2477 1749 2532 sui
1796 2477 2056 2533 salutaria

465 2560 694 2618 consilia
722 2570 986 2631 spernunt
1001 2569 1163 2633 atque
1191 2569 1559 2630 contemnunt,
1582 2572 1639 2618 ut
1658 2581 1765 2620 non
1787 2565 1963 2620 solum
1983 2565 2053 2620 ad

461 2650 771 2706 comitatum
800 2649 993 2704 multas
1023 2658 1075 2705 et
1103 2650 1349 2707 diversas
1374 2652 1638 2708 Ecclesiae
1665 2669 1773 2707 non
1800 2652 2052 2723 profutu-

462 2754 551 2793 ras
581 2737 856 2809 perferant
902 2754 1114 2805 causas,
1145 2739 1242 2794 sed
1272 2747 1325 2794 et
1352 2740 1642 2813 dignitates
1684 2742 1972 2797 saeculares
2000 2749 2055 2797 et

462 2826 955 2891 administrationes
988 2835 1244 2898 quaerant,
1278 2828 1375 2883 sed
1397 2836 1448 2884 et
1468 2829 1727 2885 scandala
1753 2830 2045 2886 excitent.»

457 2916 510 2986 (Ι
525 2915 655 2981 bid.,
687 2931 816 2971 can.
847 2919 902 2973 2.
927 2917 946 2985 )
971 2937 991 2961 ι-
1029 2913 1351 2987 Quicunque
1380 2933 1513 2989 ergo
1542 2933 1737 2988 preces
1766 2918 2054 2974 habuerint
2090 2958 2095 2963 η

2081 3054 2131 3117 G

461 3004 549 3060 vel
597 3003 924 3074 acceperint,
970 3018 1068 3073 per
1126 3003 1412 3060 diaconum
1461 3021 1617 3060 suum
1663 3005 1868 3071 mittan,
1919 3006 2047 3076 quia

458 3107 699 3162 persona
725 3090 957 3147 ministri
984 3090 1252 3146 invidiosa
1279 3108 1387 3147 non
1416 3101 1516 3159 est,
1561 3100 1615 3147 et
1643 3110 1764 3164 quae
1790 3094 2051 3164 impetra—

460 3180 595 3235 verit
622 3180 850 3251 (scilicet
879 3180 949 3234 de
977 3195 1297 3250 pauperum,
1316 3188 1368 3236 et
1398 3180 1703 3247 viduarum,
1736 3196 1801 3237 ac
1828 3181 2053 3253 pupillo-

459 3285 577 3324 rum
606 3267 804 3334 causis,
838 3275 892 3323 et
919 3268 1179 3323 Ecclesiae
1208 3283 1319 3322 suae
1350 3268 1674 3332 necessariis
1705 3270 1791 3325 vel
1819 3269 2054 3341 profutu-

457 3356 588 3429 ris),
622 3357 855 3413 celerius
876 3356 1074 3428 poterit
1104 3354 1331 3411 referre.
1355 3357 1424 3411 Et
1444 3358 1548 3414 hoc
1568 3373 1911 3430 consequens
1928 3375 2051 3414 esse

458 3446 690 3513 videtur,
732 3453 790 3500 ut
818 3446 887 3501 de
916 3445 1157 3516 qualibet
1198 3445 1477 3515 provincia
1525 3446 1767 3518 episcOpi
1817 3447 1887 3502 ad
1926 3462 2051 3502 eum

457 3533 679 3591 fratrem
709 3542 763 3590 et
792 3533 1171 3604 coepiscopum
1220 3549 1409 3604 preces
1441 3534 1674 3601 mittant,
1716 3535 1808 3607 qui
1846 3535 1900 3589 in
1928 3552 2051 3590 me-

458 3622 656 3694 tr0poli
687 3622 953 3689 consistit,
985 3630 1037 3677 et
1067 3622 1158 3676 ille
1187 3622 1237 3677 ei
1266 3608 1558 3678 diaconum
1588 3625 1725 3693 ejus,
1757 3632 1810 3679 et
1839 3624 2049 3695 suppli-

458 3712 698 3768 cationes
729 3711 982 3776 destinet,
1016 3710 1258 3765 tribuens
1296 3712 1766 3766 commendatitias
1797 3712 2052 3783 epistolas

456 3800 579 3871 pari
608 3799 817 3855 ratione
846 3799 917 3853 ad
944 3799 1140 3854 fratres
1170 3806 1222 3854 et
1250 3800 1626 3870 coepiscOpos,
1670 3800 1760 3870 qui
1786 3800 1880 3855 illo
1908 3809 2050 3856 tem-

454 3904 591 3959 pore
622 3888 677 3941 in
705 3888 792 3942 his
820 3886 1139 3959 regionibus
1168 3895 1222 3942 et
1247 3888 1474 3942 urbibus
1501 3896 1804 3954 morantur,
1840 3889 1894 3945 in
1926 3889 2050 3960 qui-

457 3976 562 4030 bus
589 3974 717 4030 felix
736 3983 789 4031 et
810 3976 1001 4030 beatus
1030 3977 1306 4046 Augustus
1334 3976 1730 4047 rempublicam
1758 3977 2046 4049 gubernat.

457 4064 515 4119 Si
544 4078 673 4119 vero
704 4063 994 4134 episcopus
1023 4064 1187 4120 habet
1211 4063 1416 4120 amicos
1437 4065 1493 4118 in
1521 4065 1743 4136 palatio,
1780 4066 1870 4137 qui
1901 4067 2053 4137 cupit

456 4151 659 4223 aliquid
706 4152 851 4224 quod
900 4160 1081 4207 tamen
1129 4154 1416 4207 honestum
1459 4161 1541 4208 est
1583 4154 1892 4224 impetrare,
1938 4170 2051 4209 non

455 4240 777 4311 prohibetur
789 4256 890 4311 per
915 4240 1203 4297 diaconum
1225 4257 1383 4296 suum
1404 4257 1625 4312 rogare,
1645 4258 1711 4299 ac
1742 4241 2050 4315 significare

453 4328 539 4383 his
571 4344 708 4400 quos
727 4329 829 4385 scit
848 4330 1088 4401 benigna
1114 4330 1503 4385 intercessione
1524 4330 1628 4386 sibi
1646 4331 1857 4385 absenti
1885 4346 2050 4401 posse

2161 1779 2224 1819 ro
2254 1765 2598 1836 incompositi
2653 1775 2833 1822 motus
2903 1769 2985 1822 sui
3028 1777 3080 1824 et
3136 1768 3529 1825 irrationabilis
3576 1770 3757 1826 auda-

2160 1853 2261 1908 cias
2323 1854 2511 1909 subeat
2574 1855 2852 1922 ultionem,
2925 1873 2991 1911 ex
3063 1857 3166 1913 hoc
3224 1858 3340 1926 jam
3405 1858 3692 1913 damnatus
3725 1875 3759 1913 a

2161 1949 2345 1997 sancto
2405 1942 2674 1999 Concilio.
2717 1968 2738 1992 υ
2775 1945 3014 1999 Attende
3046 1945 3439 2019 intelligenter,
3476 1947 3599 2017 quia
3626 1947 3772 2003 sicut

2157 2045 2267 2084 non
2287 2030 2382 2084 tibi
2428 2031 2575 2086 licuit
2603 2031 2658 2085 in
2706 2033 2901 2088 eodem
2950 2035 3280 2088 monasterio
3311 2050 3637 2106 quemquam
3669 2035 3754 2089 ir-

2155 2118 2478 2189 regulariter
2505 2118 2777 2187 ordinare,
2811 2120 2887 2175 ita
2918 2129 2972 2175 et
3016 2137 3125 2176 non
3178 2122 3327 2177 licuit
3384 2122 3753 2178 ecclesiastica

2158 2222 2491 2279 quaecunque
2542 2208 2760 2279 negotia
2809 2209 2881 2264 ad
2929 2216 2980 2264 te
3036 2225 3145 2265 non
3182 2210 3509 2281 pertinentia
3555 2210 3755 2267 incon-

2157 2295 2295 2349 sulte
2328 2310 2676 2366 componere.
2735 2298 2816 2351 De
2847 2297 3044 2368 quibus
3086 2299 3324 2371 nogotiis
3378 2308 3490 2354 ate
3545 2299 3754 2356 ibidem

2156 2382 2525 2456 irregulariter
2550 2385 2701 2451 actis,
2735 2401 2836 2455 per
2877 2401 2974 2442 eos
3004 2403 3237 2459 quorum
3297 2388 3556 2443 intererat
3591 2396 3753 2461 gesta

2154 2471 2286 2525 mihi
2316 2489 2437 2543 quae
2464 2473 2641 2527 habeo
2672 2472 2850 2529 facere
2878 2475 3077 2546 oblata,
3111 2476 3249 2531 sicut
3278 2476 3375 2530 tibi
3404 2486 3627 2547 paterna
3658 2477 3755 2531 di-

2154 2558 2385 2615 lectione
2411 2560 2754 2617 innotescere
2775 2563 2975 2617 studui.
3013 2563 3120 2618 Sed
3150 2564 3276 2637 quia
3305 2564 3620 2635 principalis
3650 2581 3759 2635 po-

2154 2655 2342 2715 testas,
2390 2656 2445 2703 te
2487 2658 2880 2722 exaggerante,
2942 2661 3131 2707 contra
3178 2660 3230 2706 te
3286 2653 3579 2707 admodum
3635 2661 3755 2708 erat

2154 2744 2442 2803 commota,
2475 2753 2544 2793 ne
2574 2755 2740 2808 super
2790 2739 3077 2794 vulnerum
3107 2741 3354 2796 dolorem
3401 2750 3615 2797 tuorum
3642 2742 3755 2795 ad-

2150 2825 2356 2892 derem,
2388 2825 2515 2881 inde
2542 2843 2707 2900 agere
2736 2827 2867 2882 satis
2888 2828 3067 2897 omisi,
3099 2845 3196 2900 spe
3224 2845 3289 2885 ac
3315 2829 3492 2885 studio
3522 2831 3767 2902 cautelae,

2151 2927 2216 2969 ac
2245 2913 2601 2969 correctionis
2629 2906 2739 2970 tuae
2763 2916 2819 2970 in
2849 2916 3117 2988 reliquum
3149 2935 3162 2971 :
3198 2918 3599 2974 excusationem
3646 2933 3752 2973 ra-

2152 3000 2461 3056 tionabilem
2491 3018 2559 3057 ne
2589 3002 2716 3058 inde
2748 3012 3072 3077 satagerem,
3106 3005 3410 3075 proferens,
3446 3007 3571 3078 quia
3592 3015 3761 3080 gesta

2152 3088 2241 3143 illa
2286 3105 2396 3144 non
2444 3091 2751 3146 constitutis
2809 3093 3015 3163 pariter
3076 3095 3338 3165 partibus,
3386 3095 3483 3150 sed
3531 3111 3595 3149 ex
3640 3111 3755 3148 una

2149 3184 2302 3248 parte
2332 3178 2577 3234 confecta
2604 3179 2837 3246 fuerunt,
2898 3190 2951 3235 et
2980 3179 3103 3237 ideo
3157 3183 3455 3238 secundum
3487 3182 3639 3254 leges
3678 3198 3752 3239 ac
3850 3196 3865 3201 ”

2150 3266 2365 3337 regulas
2405 3268 2599 3324 exinde
2648 3269 3001 3343 quaestionem
3032 3286 3218 3343 agere,
3270 3279 3322 3326 et
3358 3271 3614 3339 judicium
3655 3288 3754 3342 sy-

2150 3355 2348 3411 nodale
2379 3355 2623 3426 proferre
2654 3338 2763 3412 non
2790 3338 3031 3428 poss'em.
3064 3338 3146 3413 Ᾰά
3186 3360 3332 3430 quod
3359 3338 3749 3415 monasterium

2150 3442 2523 3516 irregulariter
2548 3446 2807 3518 adeptum
2836 3447 2891 3501 in
2920 3447 3080 3502 tertia
3131 3448 3429 3518 provincia,
3474 3448 3589 3503 sine
3618 3463 3751 3502 mea

2149 3530 2382 3600 licentia,
2440 3534 2652 3604 quoties
2710 3536 2805 3589 tibi
2860 3535 3076 3605 placuit,
3146 3537 3311 3591 etiam
3368 3536 3748 3609 irregulariter

2149 3621 2452 3690 perrexisti,
2503 3630 2694 3677 contra
2752 3623 2923 3678 Hilari
2977 3640 3132 3694 papae
3191 3625 3412 3680 decreta
3461 3624 3688 3679 dicentis
3726 3643 3743 3678 :

2155 3729 2177 3759 «
2212 3709 2348 3763 Illud
2378 3724 2487 3764 non
2515 3710 2788 3781 potuimus
2843 3711 3144 3782 praeterire,
3206 3712 3351 3783 quod
3379 3712 3746 3768 sollicitudine

2149 3796 2496 3869 diligentiore
2524 3799 2823 3853 curandum
2853 3807 2954 3869 est,
3015 3816 3083 3855 ne
3109 3808 3308 3870 prazter
3364 3800 3744 3871 metropolita-

2148 3900 2340 3939 norum
2361 3901 2584 3940 suorum
2611 3886 2837 3952 litteras,
2871 3887 3036 3959 aliqui
3080 3888 3147 3943 ad
3176 3888 3471 3960 quamlibet
3510 3888 3745 3958 provin-

2149 3973 2289 4028 ciam
2318 3974 2549 4029 audeant
2571 3972 2863 4045 proficisci,
2899 3975 3043 4046 quod
3076 3976 3234 4030 etiam
3265 3976 3321 4029 in
3351 3976 3498 4031 omni
3536 3991 3750 4048 genere

2148 4061 2308 4118 ofﬁcii
2336 4062 2607 4139 clericalis
2634 4080 2735 4133 per
2765 4063 3009 4134 singulas
3064 4063 3226 4119 debet
3254 4064 3517 4120 ecclesias
3547 4072 3743 4120 custo-

2148 4150 2272 4205 diri.
2311 4173 2332 4198 ››
2367 4151 2437 4205 Et
2468 4159 2689 4206 sanctus
2721 4152 3023 4222 Gregorius
3080 4152 3148 4206 ad
3190 4152 3533 4209 Vincentium
3552 4159 3606 4206 et
3633 4168 3746 4207 cte-

2147 4246 2295 4293 teros
2325 4238 2614 4309 episcopos
2647 4240 2766 4309 (lib.
2799 4256 2896 4305 vn,
2928 4241 3049 4295 ind.
3079 4244 3162 4306 11,
3187 4243 3349 4313 epist.
3374 4242 3449 4311 8),
3485 4263 3507 4291 α
3534 4241 3745 4294 Horta-

2148 4342 2290 4393 mur,
2326 4327 2514 4399 inquit,
2546 4327 2937 4383 fraternitatem
2960 4337 3217 4397 vestram,
3248 4337 3304 4384 ut
3336 4329 3382 4384 si
3411 4344 3744 4400 quemquam

453 4425 738 4487 praestare.
777 4442 799 4466 η
832 4419 1022 4490 (ibid.,
1056 4436 1183 4475 can.
1219 4422 1277 4471 11
1301 4418 1341 4489 .)
1377 4440 1400 4469 ι
1426 4419 1639 4474 Scimus
1665 4418 1808 4473 enim
1838 4426 1889 4474 et
1918 4419 2045 4489 ipsi,
2075 4408 2127 4468 D
2150 4423 2385 4470 vestrum
2415 4432 2514 4486 pro
2535 4417 2715 4471 causis
2743 4417 2975 4487 propriis
3004 4417 3313 4489 ubicunque
3341 4417 3557 4489 longius
3588 4432 3747 4472 com-

455 4504 754 4577 saapissime
783 4515 1002 4577 prOpter
1038 4522 1340 4578 paucorum
1381 4506 1786 4578 impudentiam,
1819 4507 2045 4579 religio-
2143 4503 2342 4574 pulerit
2362 4505 2638 4560 ambulare
2667 4506 2982 4573 necessitas,
3016 4522 3049 4560 a
3097 4506 3515 4576 metropolitano
3558 4513 3745 4560 vestro

453 4610 573 4649 sum
605 4594 941 4651 sacerdotale
970 4609 1170 4649 nomen
1198 4594 1367 4651 fuisse
1405 4597 1816 4666 reprehensum.
1851 4595 1907 4650 Si
1934 4594 2045 4667 igi-

452 4690 537 4737 tur
563 4682 758 4754 aliquis
787 4692 979 4738 contra
1006 4682 1247 4736 omnium
1278 4685 1600 4739 sententiam
1630 4684 1784 4738 nisus
1814 4681 2046 4738 voluerit

452 4770 734 4825 ambitioni
763 4770 941 4843 magis
970 4770 1207 4840 placere,
1254 4788 1413 4843 quam
1445 4773 1578 4837 Deo,
1611 4771 1659 4827 is
1689 4772 1853 4826 debet
1882 4771 2042 4838 scire,

452 4857 635 4914 causis
676 4858 904 4913 redditis
938 4860 1203 4916 honorem
1240 4860 1669 4934 dignitatemque
1711 4876 1771 4915 se
1808 4858 2045 4914 amissu-

450 4962 607 5013 rum;
630 4954 684 5001 et
712 4947 876 5017 paulo
905 4956 1028 5018 post
1054 4968 1069 5016 ;
1093 4949 1150 5004 Si
1179 4965 1330 5015 vero,
1364 4957 1421 5004 ut
1451 4948 1700 5018 superius
1728 4948 2048 5005 memoravit

452 5034 709 5091 sanctitas
738 5043 942 5105 vestra,
972 5046 1195 5108 propter
1231 5035 1509 5092 desideria
1546 5045 1599 5091 et
1627 5036 1948 5092 ambitiones
1976 5037 2045 5092 ad

450 5123 762 5183 comitatum
802 5125 1001 5198 pergit,
1048 5142 1227 5197 neque
1255 5125 1311 5178 in
1339 5123 1533 5179 litteris
1570 5125 1687 5193 ejus
1726 5125 2043 5181 subscriba-

450 5220 556 5280 tur,
588 5230 765 5286 neque
794 5213 850 5268 in
878 5214 1256 5270 communione
1293 5212 1591 5284 cecipiatur
1624 5231 1637 5268 :
1669 5214 1716 5268 si
1745 5214 1902 5270 vobis
1930 5214 2044 5285 pla-

451 5309 554 5369 cet,
586 5303 829 5359 omnium
854 5304 1122 5360 sententia
1150 5301 1461 5358 confirmari
1490 5302 1673 5359 debet.
1706 5305 1773 5359 Et
1800 5301 2045 5358 universi

451 5390 703 5446 dixerunt
729 5393 1018 5448 honestum
1040 5407 1183 5461 esse,
1204 5398 1258 5446 et
1276 5391 1498 5461 placere
1549 5392 1654 5446 sibi
1683 5392 1825 5448 hanc
1850 5389 2047 5447 consti-

449 5478 729 5537 tutionem.
771 5504 793 5533 ››
827 5482 934 5538 Sed
965 5488 1018 5538 et
1045 5497 1171 5539 cum
1214 5479 1421 5537 eadem
1442 5480 1910 5538 administratione
1938 5494 2043 5551 pa-

2147 4593 2445 4647 secundum
2476 4593 2701 4648 inditam
2731 4609 2765 4648 a
2785 4593 2989 4649 sanctis
3010 4594 3255 4649 Patribus
3282 4594 3528 4667 regulam
3549 4601 3746 4665 petere

2145 4680 2415 4736 licentiam
2456 4682 2717 4751 debeatis,
2763 4697 2866 4738 nec
2913 4699 3036 4737 eum
3063 4691 3390 4753 postponere
3444 4683 3497 4736 in
3554 4681 3744 4752 aliquo

2146 4770 2505 4839 praesumatis,
2538 4780 2764 4840 excepto
2795 4771 2859 4839 si,
2894 4771 3038 4842 quod
3069 4787 3179 4826 non
3231 4779 3499 4841 Optamus,
3546 4778 3745 4826 contra

2147 4858 2398 4918 eumdem
2426 4859 2892 4930 metropolitanum
2913 4868 3151 4915 vestrum
3183 4876 3280 4915 vos
3311 4860 3512 4914 habere
3531 4858 3743 4930 aliquid

2145 4962 2323 5003 causa:
2353 4946 2646 5018 contingat,
2679 4955 2737 5001 ut
2765 4948 2836 5002 ob
2871 4949 2975 5004 hoc
3029 4948 3175 5003 sedis
3230 4948 3537 5019 apostolicae
3585 4946 3743 5016 judi-

2146 5034 2286 5091 cium
2317 5035 2620 5106 requiratis.
2654 5036 2789 5089 Nam
2821 5036 2887 5091 iis
2928 5040 3018 5108 qui
3046 5044 3234 5107 petere
3281 5036 3534 5091 festinant
3569 5035 3744 5091 licen-

2146 5123 2294 5191 tiam,
2330 5124 2474 5194 quod
2506 5123 2673 5190 scitis,
2733 5141 2831 5195 per
2886 5140 3126 5180 canones
3175 5124 3335 5179 etiam
3391 5124 3741 5196 antiquorum

2144 5219 2359 5283 patrum
2388 5210 2719 5268 institutione
2747 5213 2953 5267 habere
2986 5214 3310 5284 permissum
3340 5220 3442 5268 est.
3484 5234 3505 5262 ι

2218 5301 2278 5354 In
2306 5300 2499 5355 eodem
2522 5301 2755 5374 denique
2792 5302 3125 5357 monasterio
3172 5302 3228 5356 in
3258 5301 3419 5357 tertia
3459 5300 3744 5372 provincia

2145 5388 2268 5453 sito,
2300 5389 2368 5443 ad
2399 5390 2545 5461 quod
2573 5389 2960 5461 irregulariter,
2994 5398 3052 5444 ut
3071 5389 3199 5459 dixi,
3225 5390 3341 5445 sine
3370 5405 3491 5445 mea
3519 5389 3747 5451 licentia

2144 5477 2357 5548 quoties
2386 5477 2481 5535 tibi
2525 5478 2725 5549 placuit
2769 5479 3070 5550 perrexisti,
3116 5479 3316 5535 diutius
3346 5487 3536 5536 contra
3565 5493 3742 5535 cano-
