4004 6176
211 314 317 368 297

944 313 1192 371 OPUSC.
1246 315 1337 370 ET
1391 313 1610 371 EPIST.
1672 314 1743 369 ΙΝ
1791 314 2016 371 CAUSA
2071 314 2413 373 HINCMARI
2461 315 2766 373 LAUDUN.

3420 323 3527 378 298

216 454 313 493 nes
343 437 683 494 Sardicensa
722 436 1023 494 immorans
1064 440 1215 510 (can.
1254 441 1338 506 14,
1376 443 1481 509 15).
1530 441 1599 495 Et
1654 440 1826 495 semel
1852 438 1910 501 Α
1928 440 2109 495 censis
2129 441 2458 513 regulariter
2487 441 2740 509 electum,
2765 455 2891 497 cum
2909 440 2993 497 his
3016 442 3108 514 qui
3136 455 3524 514 convenerant,

218 542 280 583 ac
298 526 547 583 secundo
576 526 772 583 litteris
791 526 1070 584 canonicis
1126 536 1383 585 evocatus
1404 528 1474 583 ad
1517 528 1819 585 ordinatio-

215 630 339 670 nem
387 615 634 687 episcopi
683 615 741 671 in
786 614 1041 672 Ecclesia
1087 615 1472 672 Cameracensi
1527 617 1826 687 provinciae

215 712 416 759 nostrae
445 711 672 773 pastore
700 703 978 770 destituta,
1010 703 1155 758 unde
1185 704 1486 775 apostolica
1523 705 1686 761 sedes
1738 721 1826 760 me

215 798 550 864 suggerente
579 807 691 849 non
720 791 937 847 modice
963 791 1254 862 laboravit,
1287 808 1391 849 nec
1425 793 1543 863 ipse
1600 793 1823 862 venisti,

217 895 318 935 nec
332 895 438 952 pro
468 888 522 934 te
535 879 802 936 vicariam
822 895 1177 951 personnam,
1198 889 1255 936 ut
1268 880 1476 953 regulae
1494 897 1667 938 sacrae
1711 897 1824 952 prae

218 968 442 1039 cipiunt,
477 969 550 1023 ad
579 984 667 1025 me
696 968 971 1024 direxisti:
1004 969 1150 1025 unde
1179 969 1535 1041 Symmachus
1564 986 1705 1041 papa
1758 970 1829 1025 ad

214 1056 467 1112 Eonium
529 1072 597 1111 ex
656 1058 833 1113 sacris
888 1058 1188 1113 canonibus
1243 1058 1631 1132 promulgavit,
1690 1058 1829 1113 utsi

216 1144 449 1216 quilibet
483 1145 776 1216 episcopus
807 1146 1230 1217 metropolitano
1257 1146 1500 1218 pontifici
1550 1148 1698 1217 justa
1746 1162 1830 1203 ca-

219 1248 427 1288 nonum
458 1232 839 1289 difﬁnitionem
860 1242 1102 1300 vocatus,
1133 1235 1513 1306 obtemperare
1570 1234 1825 1305 noluerit,

158 1367 171 1375 .
218 1321 432 1376 noverit
465 1321 857 1377 succidendum
911 1338 992 1391 se,
1023 1323 1170 1394 quod
1198 1338 1307 1378 non
1343 1324 1614 1393 obtamus,
1646 1323 1829 1380 eccle—

220 1408 444 1464 siastica
474 1408 782 1480 disciplina.
825 1411 906 1465 De
934 1426 1170 1480 persona
1198 1419 1380 1465 autem
1422 1427 1523 1482 pro
1578 1419 1650 1476 te,
1707 1426 1831 1467 cum

222 1497 484 1552 tractoria
514 1506 569 1552 et
607 1498 911 1553 rationabili
963 1499 1330 1566 excusatione,
1381 1499 1429 1554 si
1478 1499 1667 1555 venire
1722 1500 1843 1555 non'

222 1585 444 1656 potuisti
502 1585 811 1657 dirigenda,
869 1587 1013 1642 sacri
1060 1588 1267 1643 Nicazni
1339 1602 1579 1643 canones
1645 1587 1831 1643 dicunt

224 1674 405 1743 (conc.
442 1674 595 1739 Nic”
619 1688 667 1729 c.
692 1676 787 1742 4):
825 1695 847 1724 ι
882 1673 1023 1743 Quia
1044 1674 1361 1746 episcopum
1408 1675 1661 1731 convenit
1715 1691 1833 1730 ma-

1930 528 2015 583 vel
2037 544 2135 599 per
2174 529 2371 600 scripta
2395 537 2806 597 consenserant,
2841 529 3229 587 ordinavimus.
3267 554 3291 585 ι
3341 533 3400 590 Si
3436 534 3525 589 in-

1926 616 2118 687 quiunt
2135 618 2314 685 (conc.
2339 619 2481 686 Nic.,
2505 634 2558 676 c.
2583 621 2658 687 6),
2680 618 2954 674 communi
2970 629 3289 677 cunctorum
3307 622 3528 678 decreto

1928 704 2235 761 rationabili
2268 748 2282 771 ,
2344 714 2398 762 et
2446 707 2745 763 secundum
2792 708 3038 784 regulam
3098 709 3529 766 ecclesiasticam

1927 792 2298 864 comprobato,
2330 794 2439 849 duo
2469 804 2580 862 aut,
2612 806 2724 854 tres
2753 807 2979 871 propter
2998 798 3373 854 contentiones
3402 812 3528 869 pro-

1927 879 2075 950 prias
2093 882 2489 947 contradicunt,
2523 884 2767 942 obtineat
2798 887 3067 944 sententia
3092 886 3476 957 plurimorum;
3499 911 3520 935 υ

1926 968 2234 1037 praesertim
2263 984 2388 1023 cum
2415 985 2516 1026 nec
2546 979 2692 1027 tuam
2722 975 3128 1030 contentionem
3161 974 3520 1043 audierimus,

1929 1054 2067 1110 sicut
2085 1070 2189 1112 nec
2243 1057 2661 1114 consensionem
2725 1062 2928 1118 habere
2967 1062 3283 1119 meruimus.
3343 1062 3520 1129 Unde,

1931 1143 2062 1214 quia
2088 1143 2287 1199 fratres
2315 1154 2530 1202 nostros
2550 1163 2660 1203 non
2678 1150 2893 1206 modice
2940 1151 3307 1217 scandalizati,
3370 1150 3530 1206 adhi-

1929 1231 2040 1286 bito
2052 1248 2269 1288 mecum
2304 1232 2470 1289 fratre
2500 1235 2727 1292 Hodone
2746 1239 3043 1293 venerabili
3062 1239 3310 1296 ecclesia
3339 1239 3531 1296 Belva-

1932 1320 2111 1375 censis
2139 1320 2417 1392 episcopo,
2452 1331 2503 1379 te
2531 1325 2835 1395 corripiens
2866 1326 2978 1381 dixi
3007 1328 3104 1382 tibi
3124 1335 3383 1399 quantum
3404 1327 3531 1384 inde

1929 1408 2357 1464 incurreris.Sed
2373 1411 2533 1465 aliam
2554 1414 2985 1485 recognitionem
3001 1414 3087 1471 vel
3107 1414 3529 1471 satisfactionem

1934 1511 1967 1551 a
1997 1503 2048 1551 te
2069 1497 2317 1566 recipere
2332 1513 2439 1553 non
2458 1500 2629 1568 potui,
2651 1502 2948 1557 ostendens
2964 1502 3055 1573 qui
3085 1502 3212 1558 hinc
3243 1511 3295 1558 te
3324 1504 3530 1576 regula:

1935 1599 2046 1638 non
2082 1585 2297 1639 modice
2354 1596 2732 1656 succenseant,
2797 1589 2904 1644 nisi
2958 1590 3105 1660 quod
3164 1590 3535 1664 indignatione

1931 1672 2125 1741 plenus
2144 1674 2473 1744 respondisti
2490 1692 2502 1727 :
2517 1676 2640 1730 Non
2664 1690 2854 1730 sumus
2867 1678 3045 1733 adhuc
3064 1678 3316 1751 inquiens
3327 1679 3532 1737 adhoc:

219 1761 359 1816 xime
379 1762 609 1833 quidem
637 1762 708 1816 ab
736 1762 988 1818 omnibus
1043 1764 1136 1833 qui
1166 1771 1291 1818 sunt
1318 1763 1374 1817 in
1401 1763 1681 1833 provincia
1711 1764 1831 1834 epi-
1862 1787 1915 1847 B
1937 1767 1990 1814 et
2018 1768 2144 1829 post
2167 1761 2311 1816 hanc
2340 1768 2395 1816 et
2419 1761 2557 1817 alias
2595 1764 2986 1834 correptiones,
3021 1781 3055 1820 a
3082 1782 3170 1821 me
3199 1767 3297 1821 tibi
3340 1767 3533 1822 litteris

220 1849 402 1920 scopis
441 1849 710 1905 ordinari.
762 1850 819 1905 Si
875 1858 1056 1905 autem
1094 1852 1199 1907 hoc
1241 1850 1459 1906 difﬁcile
1512 1850 1693 1917 fuerit,
1744 1860 1833 1907 aut

218 1946 447 2008 propter
476 1938 771 1992 instantam
798 1938 1201 2005 necessitatem,
1235 1946 1328 1994 aut
1358 1947 1579 2010 propter
1624 1938 1835 1994 itineris

216 2024 645 2098 longitudinem,
678 2026 852 2083 tribus
882 2035 1066 2082 tamen
1114 2026 1443 2082 omnimodis
1497 2028 1551 2081 in
1597 2026 1836 2098 idipsum

216 2114 692 2181 convenientibus,
727 2124 780 2172 et
810 2116 1129 2170 absentibus
1149 2131 1366 2187 quoque
1395 2115 1517 2186 pari
1545 2116 1709 2172 modo
1741 2116 1838 2171 de-

221 2203 606 2269 cernentibus,
656 2211 709 2259 et
756 2219 857 2274 per
903 2203 1107 2274 scripta
1156 2203 1641 2271 consentientibus,
1709 2211 1835 2258 tunc

218 2291 500 2347 ordinatio
560 2290 904 2347 celebretur:
964 2291 1192 2348 ﬁrmitas
1247 2300 1424 2348 autem
1473 2308 1660 2347 eorum
1717 2308 1836 2362 qua:

215 2386 490 2449 geruntur
530 2396 631 2450 per
658 2396 1093 2452 unamquamque
1150 2380 1484 2451 provinciam
1513 2379 1833 2451 metropoli-

217 2474 340 2523 tano
394 2468 667 2522 tribuatur
727 2468 1008 2540 episcopo.
1047 2494 1068 2516 ››
1093 2469 1161 2524 Et
1216 2468 1539 2524 Antiocheni
1596 2483 1835 2524 canones

214 2555 391 2626 (conc.
430 2558 719 2623 Antioch”
754 2572 802 2613 c.
838 2560 945 2625 19),
981 2556 1335 2627 explanantes
1392 2557 1718 2612 sententiam
1746 2556 1835 2611 Ni-

212 2645 345 2699 cani
375 2644 623 2707 concilii,
657 2644 874 2699 dicunt:
895 2667 917 2695 ι
943 2645 1247 2716 Episcopus
1276 2653 1470 2716 przeter
1493 2646 1761 2715 synodum
1784 2652 1836 2700 et

214 2732 577 2802 praesentiam
594 2733 996 2803 metropolitani
1027 2732 1338 2789 nullatenus
1377 2733 1675 2788 ordinetur.
1719 2733 1837 2789 Hoc

217 2828 395 2876 autem
418 2820 603 2875 modis
630 2821 883 2876 omnibus
915 2836 1104 2877 coram
1129 2821 1329 2893 posito,
1380 2821 1575 2876 melius
1614 2820 1835 2893 quidem

217 2917 298 2963 est
326 2917 385 2963 ut
413 2923 611 2964 omnes
642 2909 804 2964 simul
824 2909 1002 2963 adsint
1033 2910 1279 2978 ejusdem
1306 2909 1619 2981 provinciae,
1648 2924 1834 2965 sacer-

216 2997 368 3053 dotes
391 3013 537 3068 quos
563 2997 1015 3067 metropolitanus
1040 2996 1330 3069 episcopus
1361 2998 1630 3054 advocare
1660 2997 1834 3053 debe-

1936 1862 2003 1903 ac
2017 1848 2202 1903 verbis
2213 1848 2505 1916 adhibitae,
2526 1850 2580 1904 in
2597 1851 2791 1907 eadem
2808 1854 3148 1909 contumacia
3156 1855 3531 1926 permansisti,

1937 1942 1991 1989 et
2007 1936 2270 1991 hactenus
2297 1953 2646 2007 permanens,
2695 1956 2800 2010 qua
2845 1948 2900 1994 et
2925 1949 3050 1995 ante
3131 1943 3521 2012 parochianum

1934 2039 2120 2077 meum
2149 2023 2520 2079 Amalbertum
2563 2033 2749 2081 contra
2804 2028 3024 2098 regulas
3071 2045 3173 2099 pro
3221 2046 3383 2086 causa
3438 2030 3537 2085 tibi

1933 2109 2125 2166 illicita
2164 2113 2680 2169 excommunicasti:
2739 2114 2948 2171 scilicet
2987 2115 3111 2186 quia
3160 2133 3300 2173 uxor
3365 2117 3530 2187 illius,

1936 2215 2098 2270 quam
2125 2199 2181 2253 in
2218 2207 2307 2255 tua
2334 2201 2600 2272 parochia
2629 2202 2877 2275 legaliter
2906 2204 3157 2272 obtinuit,
3188 2213 3243 2261 et
3270 2205 3324 2260 in
3353 2221 3533 2262 meam

1934 2288 2250 2358 parochiam
2294 2289 2537 2357 adduxit,
2588 2298 2713 2361 post
2756 2291 2943 2362 plures
2984 2307 3160 2348 annos
3190 2308 3351 2365 quam
3388 2293 3534 2349 illam

1934 2375 2144 2442 habuit,
2176 2392 2277 2448 per
2306 2377 2620 2433 mandatum
2651 2394 2776 2434 eum
2804 2380 2950 2449 apud
2979 2388 3033 2435 te
3059 2381 3355 2452 accusavit,
3386 2381 3536 2453 quod

1935 2479 2062 2520 cum
2090 2465 2185 2520 illa
2229 2480 2340 2520 non
2385 2474 2573 2537 posset
2602 2468 2985 2535 concumbere,
3038 2484 3164 2526 cum
3210 2470 3365 2543 leges
3388 2469 3534 2525 ditii-

1934 2552 2087 2608 niant
2118 2571 2133 2608 :
2172 2576 2193 2602 α
2230 2555 2297 2609 Ut
2340 2570 2520 2625 neque
2561 2564 2846 2612 accusator
2886 2573 2988 2627 per
3033 2557 3202 2613 alium
3249 2573 3532 2627 accusare,

1934 2657 2113 2713 neque
2141 2656 2269 2696 reus
2314 2658 2416 2712 per
2444 2642 2610 2698 alium
2639 2642 2861 2699 defendi
2897 2652 3092 2715 potest,
3126 2645 3232 2701 nisi
3261 2646 3532 2718 ingratum

1932 2729 2189 2785 libertum
2238 2738 2496 2799 patronus
2540 2740 2781 2797 accuset,
2815 2740 2907 2788 aut
2933 2733 3015 2789 rei
3060 2733 3309 2789 absentia
3337 2733 3533 2790 defen-

1934 2817 2111 2872 datur.
2140 2838 2163 2869 ι
2188 2818 2258 2873 Et
2284 2818 2414 2874 item
2438 2834 2450 2873 :
2480 2838 2502 2869 ι
2529 2818 2839 2875 Observare
2860 2821 3076 2889 judices
3102 2821 3415 2893 specialiter
3442 2823 3545 2878 de-

1934 2906 2084 2975 bent,
2114 2914 2171 2960 ut
2196 2906 2253 2962 in
2280 2907 2530 2962 omnibus
2576 2908 2757 2964 causis
2795 2909 3061 2966 sententia
3092 2926 3214 2982 qua
3237 2910 3535 2967 deliberata

1934 2993 2095 3049 fuerit
2121 2994 2424 3050 constitutis
2453 2994 2663 3066 pariter
2690 2997 2935 3067 partibus
2963 2997 3242 3066 recitetur,
3270 3006 3329 3054 ut
3357 2999 3426 3055 ab
3448 2999 3534 3055 his

218 3084 292 3139 bit
320 3093 395 3151 et,
433 3086 667 3157 reliqua,
709 3102 829 3157 qua:
887 3085 1024 3141 sicut
1071 3094 1124 3142 et
1177 3086 1542 3157 pracedentia
1599 3086 1835 3142 Nicaznis
1866 3135 1910 3159 η
1935 3097 1968 3137 a
1995 3082 2191 3153 quibus
2218 3098 2382 3139 causa
2411 3083 2556 3139 dicta
2583 3092 2666 3139 est
2685 3084 2757 3141 ad
2785 3086 3060 3157 integrum
3089 3101 3212 3159 qua
3240 3086 3385 3143 dicta
3410 3087 3531 3144 fue-

218 3174 582 3240 concordant,
600 3173 922 3230 canonibus.
945 3199 965 3222 »ι
986 3174 1321 3246 thuoniam
1335 3176 1477 3229 hunc
1508 3183 1834 3230 conventum

216 3261 607 3333 episcoporum
637 3262 965 3317 Antiocheni
1022 3278 1278 3329 canones,
1341 3262 1713 3332 explanantes,
1774 3269 1836 3316 ut

216 3349 473 3417 diximus,
496 3355 827 3405 sententiam
842 3350 1048 3405 Nicaani
1061 3351 1298 3417 concilii,
1321 3350 1587 3420 synodum
1609 3358 1824 3415 vocant,

218 3445 268 3492 et
295 3437 609 3509 perfectum
640 3438 1077 3509 esse.concilium
1114 3439 1319 3505 dicunt,
1374 3439 1467 3494 ubi
1521 3437 1829 3493 interfuerit

215 3526 668 3597 metropolitanus
691 3526 938 3596 antistes,
1003 3543 1113 3597 quo
1173 3526 1504 3599 regulariter
1568 3534 1827 3581 evocatus

217 3616 401 3671 venire
433 3622 533 3670 aut
569 3630 672 3685 pro
722 3631 1014 3686 personam
1070 3631 1401 3670 consensum
1460 3623 1611 3671 tuum
1667 3613 1824 3669 defe-

215 3712 426 3759 rentem
446 3702 667 3758 mittere
687 3703 996 3776 neglexisti,
1028 3719 1138 3758 non
1166 3711 1218 3757 te
1248 3702 1604 3773 pertransiere
1661 3702 1825 3757 debet

216 3791 333 3863 quia
361 3791 667 3862 provincia
692 3789 887 3846 Africae
927 3806 1164 3847 canones
1219 3791 1576 3846 decreverunt
1638 3792 1817 3861 (conc.

214 3878 356 3947 Afra,
389 3893 520 3949 cap.
557 3879 677 3947 43):
716 3900 736 3924 ιι
776 3880 842 3934 Ut
870 3878 1159 3949 episcopus
1177 3878 1450 3950 a'primate
1464 3894 1562 3934 suo
1594 3886 1819 3934 vocatus

213 3965 277 4019 ad
298 3966 574 4038 synodum
604 3973 977 4037 competenter
1005 3975 1226 4022 occurat
1257 3984 1270 4020 :
1304 3967 1449 4039 quod
1480 3966 1526 4022 si
1556 3982 1665 4022 non
1720 3982 1819 4037 po-

214 4047 372 4111 tuerit
400 4070 714 4121 occurrere,
744 4054 850 4109 nisi
870 4055 1137 4110 rationem
1168 4054 1541 4126 impedimenti
1560 4055 1643 4110 sui
1671 4054 1817 4125 apud

214 4158 367 4198 suum
396 4144 689 4214 primatem
750 4142 1071 4213 reddiderit,
1110 4143 1357 4200 ecclesiae
1385 4160 1499 4200 sua:
1574 4158 1818 4199 commu-

213 4230 372 4287 nione
391 4232 600 4288 debere
616 4248 740 4288 esse
769 4240 1103 4289 contentum.
1144 4257 1164 4280 »ι
1200 4233 1385 4303 (lbid.,
1406 4248 1531 4288 can.
1548 4232 1662 4303 20.)
1689 4256 1710 4279 ιι
1747 4231 1816 4287 Et

214 4322 303 4394 qui
330 4336 442 4376 non
474 4319 640 4375 fuerit
669 4336 901 4377 concors
930 4321 1072 4378 circa
1098 4321 1571 4393 metropolitanam
1629 4319 1812 4376 eccle-

209 4409 363 4473 siam,
397 4417 453 4465 et
480 4410 629 4465 circa
659 4409 998 4466 sacerdotale
1026 4410 1334 4479 concilium,
1370 4409 1468 4465 sed
1521 4408 1738 4464 inﬂatus
1760 4416 1815 4464 et

1864 3135 1913 3199 C

1930 3170 1996 3224 rit
2021 3172 2288 3226 sententia
2316 3180 2699 3243 cognoscatur.
2739 3194 2762 3224 ι
2795 3174 2865 3229 Et
2892 3174 3101 3246 regula:
3131 3175 3310 3231 sicunt
3345 3176 3533 3246 (conc.

1930 3259 2076 3328 Δίνη
2101 3274 2223 3315 can.
2248 3262 2339 3327 96)
2372 3276 2386 3313 :
2422 3280 2446 3310 ι
2474 3261 2541 3314 Ut
2566 3260 2635 3314 ad
2664 3261 3072 3317 accusationem
3099 3277 3210 3317 non
3237 3262 3530 3318 admittan-

1929 3354 2016 3401 tur
2046 3362 2182 3417 quos
2209 3346 2364 3418 leges
2384 3347 2617 3418 publica
2636 3363 2745 3403 non
2767 3348 3070 3404 admittunt.
3096 3370 3119 3400 ι
3140 3349 3209 3405 Et
3230 3351 3372 3405 hanc
3392 3364 3528 3421 quo-

1927 3450 2031 3505 que
2060 3434 2484 3490 irrationabilem
2521 3436 3133 3493 excommunicationem
3161 3452 3191 3491 a
3221 3446 3275 3493 te
3302 3437 3524 3507 factam,

1924 3522 2088 3577 etiam
2117 3522 2397 3593 scriptum,
2428 3530 2618 3579 contra
2659 3523 2929 3579 rationem
2957 3533 3011 3580 et
3035 3525 3432 3594 auctoritatem,
3465 3534 3521 3583 et

1922 3626 2033 3666 non
2071 3606 2296 3666 veritate
2344 3610 2656 3677 subnixum,
2702 3612 2800 3667 sed
2828 3619 2942 3667 ate
2986 3611 3234 3669 fabulose
3283 3613 3525 3670 conscri-

1919 3707 2092 3769 ptum,
2124 3698 2382 3765 ostendit,
2415 3698 2563 3770 quod
2589 3699 2724 3755 mihi
2751 3699 2880 3755 inde
2918 3700 3134 3757 dedisti.
3168 3702 3326 3758 Unde
3354 3702 3521 3757 etiam

1919 3787 2074 3843 tertio
2101 3787 2195 3842 tibi
2226 3787 2390 3851 suasi,
2422 3795 2481 3843 ut
2510 3788 2835 3844 sententiam
2864 3796 3014 3844 tuam
3056 3796 3245 3846 contra
3292 3790 3517 3863 regulas

1914 3874 2178 3944 prolatam
2224 3874 2562 3943 immutares,
2594 3875 2924 3933 decernente
2960 3877 3299 3934 Antiocheno
3327 3878 3519 3936 conci-

1915 3961 1990 4018 lio
2006 3963 2185 4033 (conc.
2211 3965 2493 4032 Antioch.,
2512 3980 2661 4032 can.,
2686 3965 2776 4036 l3)
2801 3982 2814 4022 :
2847 3966 2949 4021 «Ut
2967 3966 3015 4020 si
3030 3966 3339 4038 episcopus,
3363 3967 3514 4025 nullo

1915 4060 2164 4119 vocante,
2195 4052 2505 4109 inordinato
2534 4068 2688 4109 more
2709 4053 3041 4126 deproperat
3059 4070 3225 4126 super
3243 4055 3515 4128 aliquibus

1913 4140 2367 4209 ordinationibus,
2390 4148 2443 4197 et
2464 4141 2852 4198 ecclesiasticis
2880 4143 3116 4215 negotiis
3146 4144 3219 4199 ad
3250 4161 3376 4201 eum
3404 4160 3515 4202 non

1910 4228 2303 4299 pertinentibus
2333 4227 2746 4301 componendis,
2778 4230 2935 4286 irrita
2956 4231 3174 4303 quidem
3205 4247 3327 4305 qua
3346 4234 3419 4289 ab
3447 4246 3514 4292 eo

1911 4325 2179 4388 geruntur
2205 4316 2437 4371 existant
2468 4335 2481 4371 :
2515 4317 2633 4387 ipse
2661 4332 2790 4374 vero
2819 4317 3165 4388 incompositi
3194 4328 3374 4376 motus
3403 4320 3510 4388 sui,

1911 4412 1964 4459 et
2003 4404 2383 4460 irrationabilis
2429 4404 2670 4471 audacias
2714 4405 2908 4460 subeat
2953 4405 3232 4475 ultionem,
3284 4423 3351 4462 ex
3399 4407 3506 4464 hoc

207 4498 274 4553 ab
300 4500 402 4553 hoc
422 4497 704 4553 consortio
725 4506 1006 4569 separatus
1033 4506 1185 4570 putat
1212 4497 1448 4570 propriae
1476 4496 1624 4570 plebi
1653 4496 1810 4553 incu-
1830 4490 1883 4551 D
1906 4491 2022 4561 jam
2048 4492 2338 4547 damnatus
2365 4508 2396 4547 a
2425 4500 2612 4547 sancto
2642 4492 2896 4549 concilio.
2934 4513 2957 4544 »
2990 4493 3113 4550 Non
3136 4494 3281 4549 enim
3308 4502 3514 4550 metro-

208 4583 464 4652 bandum,
498 4593 553 4641 et
601 4601 992 4658 nonnunquam
1045 4594 1346 4643 conventus
1403 4583 1475 4641 ad
1521 4583 1814 4642 concilium

207 4674 393 4730 venire
411 4674 699 4741 detrectat,
724 4673 869 4730 circa
923 4676 1066 4731 hunc
1122 4690 1233 4731 non
1286 4682 1490 4729 tantum
1533 4674 1813 4731 dimcesim

205 4778 313 4818 non
344 4778 468 4817 esse
500 4763 848 4829 servandam,
882 4779 1073 4819 verum
1102 4764 1240 4819 etde
1271 4763 1492 4835 propria
1537 4763 1808 4830 Ecclesia,

206 4866 325 4921 quae
343 4850 421 4905 illi
450 4848 597 4906 male
626 4850 835 4917 faverit,
858 4852 1170 4907 omnimodo
1190 4852 1540 4907 adnitendum
1567 4859 1623 4906 ut
1651 4851 1811 4907 etiam

206 4939 527 4995 auctoritate
549 4939 767 5010 publica
796 4940 1088 5009 rejiciatur,
1110 4947 1272 5012 atque
1327 4941 1394 4994 ab
1450 4939 1570 5010 ipsa
1615 4939 1815 5011 princi-

201 5028 312 5097 pali
337 5027 594 5083 cathedra
624 5035 990 5084 removeatur.
1032 5054 1052 5076 »ι
1084 5028 1226 5097 Quia
1255 5044 1385 5084 vero
1404 5027 1576 5084 semel
1596 5043 1661 5084 ac
1717 5044 1809 5085 se-

203 5115 401 5183 cundo,
438 5116 654 5171 caeteris
682 5116 1023 5187 coepiscopis
1073 5117 1275 5172 nostris
1302 5117 1372 5172 ad
1416 5116 1810 5172 ordinationem

203 5204 508 5260 secundum
537 5219 725 5260 sacras
755 5204 973 5277 regulas
1018 5204 1486 5274 convenientibus,
1509 5214 1561 5260 et
1606 5206 1809 5262 absen-

201 5290 345 5348 tibus
374 5308 479 5364 per
545 5291 750 5363 scripta
790 5292 1274 5365 consentientibus,
1313 5301 1368 5348 tu
1416 5293 1587 5349 semel
1624 5309 1689 5350 ac
1716 5304 1831 5350 se-'

202 5382 381 5437 eundo
403 5380 732 5454 regulariter
761 5388 1112 5449 convocatus,
1138 5380 1347 5446 venire,
1379 5382 1469 5437 vel
1497 5382 1810 5454 regularem

205 5483 537 5526 consensum
571 5477 723 5523 tuum
750 5469 962 5525 mittere
980 5469 1316 5537 detrectasfi,
1347 5471 1645 5526 secundum
1661 5487 1808 5542 pra:-

205 5556 376 5616 factos
406 5573 601 5617 sacros
619 5573 878 5627 canones,
909 5559 1234 5630 praedictum
1252 5558 1517 5617 Ecclesiae
1556 5560 1811 5618 Camera-

540 5665 786 5723 Parnon.
820 5664 1063 5725 CXXVI.

1912 4579 2183 4651 politanus
2230 4594 2375 4647 eras,
2406 4588 2466 4637 ut
2492 4580 2803 4637 sollicitudo
2844 4581 3009 4637 totius
3036 4580 3329 4653 provincia
3354 4581 3424 4636 ad
3453 4589 3507 4639 te

1910 4668 2226 4740 pertineret.
2252 4668 2358 4724 Sed
2387 4669 2536 4741 quod
2557 4668 2656 4724 tibi
2683 4670 2971 4726 honestum
2999 4668 3195 4736 fuerat,
3226 4676 3279 4725 et
3305 4670 3499 4741 preci-

1910 4756 2067 4828 piunt
2101 4756 2324 4830 regule,
2374 4757 2621 4813 obtinere
2669 4772 2779 4814 non
2815 4756 2984 4829 potui,
3015 4757 3192 4813 donec
3218 4757 3499 4830 placitum,

1911 4850 1962 4900 te
1988 4853 2213 4917 propter
2241 4845 2392 4917 pacis
2422 4844 2804 4918 charitatisque
2840 4843 3140 4902 custodiam
3189 4846 3496 4915 cohibente,

1911 4933 1967 4989 in
2024 4932 2259 4991 conﬁnio
2304 4934 2688 5005 parochiarum
2743 4941 3051 4989 nostrarum
3098 4934 3334 5003 condixi,
3396 4950 3502 5009 quo

1911 5021 2131 5095 quidam
2160 5039 2227 5078 ex
2255 5022 2592 5095 coepiscopis
2620 5021 2840 5089 nostris,
2872 5029 2926 5079 et
2951 5021 3103 5077 multi
3123 5023 3500 5093 ecclesiastici,

1911 5118 1964 5166 et
1988 5110 2193 5168 laicalis
2221 5110 2450 5177 ordinis,
2483 5125 2550 5166 ac
2576 5108 2807 5177 nobiles,
2838 5118 2890 5166 et
2914 5111 3209 5168 mediocris
3234 5112 3502 5169 conditio-

1910 5199 1996 5255 nis
2033 5199 2135 5255 viri
2174 5205 2545 5256 convenerunt
2575 5215 2589 5253 :
2620 5196 2713 5253 ubi
2759 5212 2926 5254 causa
2970 5199 3411 5257 irrationabiliter
3447 5208 3501 5255 et

1908 5286 2192 5344 inhoneste
2223 5303 2254 5341 a
2282 5294 2334 5342 te
2363 5294 2500 5353 acta,
2534 5286 2857 5359 regulariter
2882 5295 3042 5360 atque
3079 5287 3328 5361 legaliter
3354 5286 3500 5343 diffi-

1909 5376 2039 5444 nita,
2086 5391 2194 5430 non
2246 5374 2421 5429 solum
2467 5374 2619 5444 mihi,
2652 5383 2705 5430 et
2733 5376 2854 5431 aliis
2898 5376 3238 5446 coepiscopis
3268 5390 3331 5432 ac
3362 5391 3501 5433 con-

1908 5463 2159 5520 fratribus
2190 5462 2411 5533 nostris,
2444 5480 2631 5520 verum
2660 5464 2823 5521 etiam
2849 5464 3130 5535 permultis
3158 5464 3310 5521 laicis
3340 5467 3504 5522 mori-

1910 5553 2113 5627 geratis
2142 5551 2436 5611 maximam
2473 5552 2861 5613 verecundiam
2888 5552 2958 5610 de
2985 5552 3093 5610 tuis
3123 5552 3309 5637 verbis
3337 5570 3502 5613 vere-

3012 5670 3079 5726 10
