4088 6180
521 259 626 314 299
1552 247 1892 304 HINCMARI
1932 243 2334 300 RHEMENSIS
2372 242 2923 300 ARCIIIEPISCOPI.
3710 241 3811 295 300

532 377 811 446 cundosis,
841 391 906 431 ac
935 375 1175 430 moribus
1204 371 1596 442 incompositis,
1629 379 1680 425 et
1701 369 2032 426 clamoribus
2053 367 2128 420 in-
2155 368 2210 426 A
2230 367 2412 422 missae
2443 367 2498 420 in
2527 367 2734 421 eisdem
2765 365 2978 436 scriptis
3009 363 3198 430 direxi,
3231 364 3300 418 de
3325 363 3652 436 Evangelica
3681 363 3824 418 veri-

533 464 786 529 conditis,
806 472 994 520 contra
1012 463 1216 518 bonum
1238 476 1436 516 nomen
1449 459 1594 530 quod
1613 457 1904 529 Apostolus
1922 457 1971 527 (ι
1991 457 2127 511 Tim.
2230 463 2360 524 tate,
2393 463 2446 509 et
2475 455 2776 525 apostolica
2807 461 2969 524 atque
3009 453 3346 524 prophetica,
3397 466 3607 507 necnon
3646 460 3698 506 et
3727 467 3824 506 ca-

535 553 789 625 m)jubet
808 551 1008 606 habere
1029 550 1344 621 episcopum
1364 546 1660 604 incussisti.
1681 544 2130 614 Quamturpisrei
2229 543 2427 598 nonica
2453 543 2793 608 auctoritate,
2825 543 2922 597 sed
2956 550 3010 596 et
3045 541 3115 595 de
3163 540 3476 612 apostolicae
3506 539 3656 594 sedis
3687 554 3825 596 con-

535 639 1146 713 episcopoindecentem
1166 636 1468 702 historiam,
1488 635 1624 706 proh
1645 632 2029 690 dolorlmultis
2050 631 2133 686 ni-
2230 631 2524 696 stitutione,
2559 631 2700 686 sicut
2731 637 3016 702 acceperat
3045 629 3236 684 eadem
3271 636 3459 683 sancta
3507 628 3667 683 sedes
3696 627 3826 683 bea-

538 729 707 785 mium
737 727 1027 799 cognitam,
1060 725 1204 797 pude
1233 741 1320 779 me
1351 723 1612 780 scribere.
2230 729 2406 776 torum
2451 719 2825 790 apostolorum
2871 717 3186 784 traditione,
3239 725 3490 772 constant
3528 733 3650 771 esse
3688 732 3825 772 con-

1149 813 1377 868 CAPUT
1416 812 1508 866 III.
2230 807 2452 878 scripta.
2486 808 2553 862 Et
2583 815 2806 862 sanctus
2836 807 3218 876 Hieronymus,
3251 822 3318 860 ex
3350 812 3660 860 sanctarum
3682 804 3825 860 Scri-

533 891 606 944 De
635 886 1225 944 excommunicatione
1256 885 1315 938 in
1347 884 1593 937 aliorum
1623 881 2011 952 episcoporum
2037 895 2132 950 pa-

1010 955 1306 1011 rochianos
1337 955 1647 1008 intentata.

601 1045 805 1099 Verum
845 1058 948 1100 nec
995 1043 1084 1097 isti
1132 1055 1393 1098 excessus
1436 1038 1533 1093 tibi
1563 1037 1899 1093 suffecerunt
1928 1035 2129 1092 admit-

527 1142 664 1199 tere,
697 1132 802 1187 nisi
832 1131 992 1186 etiam
1015 1130 1100 1184 his
1130 1128 1268 1184 alios
1298 1127 1714 1197 superadderes.
1759 1124 1896 1194 Qum
1923 1139 2031 1180 non
2061 1123 2131 1178 ad

531 1228 700 1284 tuam,
736 1219 883 1291 quod
911 1218 1072 1283 absit,
1113 1215 1539 1280 damnationem,
1590 1213 1637 1268 si
1683 1228 1792 1268 non
1842 1221 1898 1267 tu
1929 1212 2048 1284 ipse
2074 1211 2130 1266 in

529 1307 872 1365 contumacia
901 1304 1308 1376 perseverando
1339 1303 1606 1374 exegeris,
1627 1301 1724 1356 sed
1744 1301 1812 1356 ad
1832 1299 2131 1356 correctio-

530 1411 658 1452 nem
717 1395 853 1450 sicut
905 1401 958 1448 et
1015 1392 1300 1464 sequentia
1340 1391 1483 1456 dico,
1516 1391 1650 1445 Cum
1695 1392 1837 1444 enim
1875 1388 2130 1458 princeps

533 1481 904 1553 apostolorum
935 1480 1128 1536 beatus
1144 1481 1335 1535 Petrus
1352 1479 1495 1532 dicat
1527 1495 1539 1532 :
1581 1479 1710 1546 Qua:
1727 1481 1812 1533 est
1829 1477 1984 1532 enim
2000 1493 2130 1547 gra-

534 1572 634 1635 tia,
665 1571 718 1624 si
725 1573 1024 1642 peccantes
1053 1572 1108 1623 et
1120 1569 1465 1639 colaphizati
1485 1566 1738 1636 suffertis
1759 1565 1950 1620 .9sedsi
1968 1565 2132 1620 bene-

531 1658 810 1729 facientes
836 1657 1126 1729 patienter
1144 1657 1464 1720 sustinetis,
1492 1656 1608 1710 hac
1641 1657 1725 1709 est
1762 1654 1948 1724 gratia
1979 1652 2130 1724 apud

532 1747 710 1801 Deum
726 1745 935 1816 (Il’etr.
952 1760 1012 1811 ιι,
1025 1747 1138 1814 20).
1155 1743 1386 1799 Causam
1399 1743 1712 1812 injuriarum
1729 1749 1960 1808 tuarum,
1975 1755 2129 1795 meos

537 1841 593 1888 et
621 1833 852 1887 aliorum
867 1833 1158 1902 primatum
1185 1839 1346 1903 atque
1377 1831 1758 1900 episcoporum
1792 1828 2130 1883 diversarum

531 1921 940 1992 provinciarum
983 1919 1363 1990 parachianos,
1421 1934 1531 1973 non
1585 1917 1888 1985 confessos,
1950 1932 2128 1987 neque

531 2009 810 2064 convictos
841 2009 909 2062 de
939 2008 1120 2078 aliquo
1151 2007 1379 2062 crimine
1405 2006 1461 2060 in
1490 2005 1740 2076 parochia
1779 2012 1870 2060 tua
1911 2004 1999 2060 vel
2029 2004 2129 2059 ali-

530 2095 654 2152 cubi
683 2095 945 2165 admisso,
975 2095 1093 2150 sine
1121 2111 1245 2150 meo
1276 2094 1363 2150 vel
1390 2109 1580 2150 eorum
1600 2095 1667 2148 ad
1691 2107 1920 2164 quorum
1939 2107 2128 2148 curam

531 2184 878 2255 pertinebant
923 2198 1216 2249 consensu,
1258 2191 1447 2238 contra
1492 2183 1705 2238 divinas
1767 2189 1820 2236 et
1866 2182 2128 2236 humanas

528 2283 683 2342 leges
711 2272 1190 2337 anathematizare,
1223 2279 1276 2326 et
1305 2272 1372 2326 ab
1402 2270 1551 2326 omni
1579 2269 1820 2324 omnium
1857 2269 2126 2324 Christia-

525 2369 723 2409 norum
754 2354 1013 2409 societate
1043 2353 1278 2409 alienare
1323 2351 1736 2424 praesumpsisti.
1780 2351 1935 2406 Unde
1983 2351 2127 2406 mul-

525 2449 610 2497 tos
639 2440 1039 2508 scandalizasti,
1071 2449 1126 2496 et
1152 2439 1448 2495 maximum
1480 2439 1800 2496 scandalum
1820 2455 1930 2495 non
1951 2439 2127 2495 solum

526 2529 809 2598 Ecclesiae,
829 2528 927 2584 sed
946 2537 999 2583 et
1017 2529 1138 2600 regi
1150 2544 1216 2584 ac
1236 2544 1410 2599 regno
1430 2527 1674 2594 intulisti,
1700 2543 1824 2584 cum
1840 2527 1927 2582 lex
1948 2526 2129 2597 prohi-

530 2617 675 2683 beat,
710 2617 778 2672 Ut
804 2632 904 2687 per
931 2617 1163 2672 alienam
1210 2631 1448 2672 messem
1491 2615 1764 2670 transiens
1794 2615 1986 2671 falcem
2016 2630 2126 2670 non

525 2705 726 2771 mittas,
762 2705 859 2760 sed
887 2719 1052 2760 manu
1081 2703 1263 2775 spicas
1293 2711 1605 2760 conteraset
1623 2703 1918 2758 manduces
1936 2705 2122 2771 (Deut.

527 2807 694 2858 χχιιι,
727 2794 838 2861 25).
877 2815 899 2842 ι
932 2793 1166 2857 Falcem,
1218 2792 1390 2864 inquit
1436 2792 1631 2847 beatus
1676 2791 1974 2864 Gregorius
2003 2791 2120 2862 (lib.

533 2895 630 2947 χιι,
649 2881 814 2952 epist.
835 2884 921 2945 32,
947 2881 1018 2936 ad
1038 2881 1308 2952 interrog.
1329 2885 1360 2934 9
1389 2879 1675 2950 August.),
1693 2879 1885 2948 judicii
1910 2879 2125 2934 mittere

527 2982 639 3023 non
665 2975 821 3036 potes
850 2966 904 3021 in
935 2983 997 3022 ea
1027 2974 1235 3038 segete,
1267 2983 1388 3037 quae
1416 2967 1571 3023 alteri
1599 2967 1808 3021 videtur
1837 2982 1961 3022 esse
1977 2981 2126 3022 com-

525 3055 695 3109 missa
727 3073 740 3108 :
775 3055 871 3110 sed
901 3071 1001 3125 per
1031 3053 1284 3110 effectum
1332 3054 1460 3110 boni
1488 3054 1672 3124 operis
1712 3053 1985 3110 frumenta
2015 3055 2122 3110 Do-
2155 3073 2204 3136 ρ

526 3142 728 3198 minica
755 3143 1009 3198 vitiorum
1039 3159 1259 3198 suorum
1289 3142 1460 3212 paleis
1490 3143 1684 3212 spolia,
1715 3143 1840 3197 etin
1861 3142 2122 3198 Ecclesiae

525 3245 726 3301 corpus
762 3231 1036 3286 monendo
1079 3237 1133 3286 et
1178 3231 1579 3300 persuadendo,
1619 3230 1775 3302 quasi
1813 3231 2122 3286 mandendo

523 3327 800 3376 converte.
836 3339 857 3368 ν
892 3319 1068 3392 Leges
1097 3319 1256 3374 etiam
1287 3319 1510 3390 saaculi,‘
1528 3333 1664 3391 quas
1703 3318 1897 3390 probat
1923 3319 2121 3376 Eccle-

521 3407 623 3473 sia,
671 3415 727 3462 et
769 3407 910 3462 sacri
954 3421 1212 3475 canones,
1262 3413 1422 3478 atque
1451 3407 1668 3462 decreta
1722 3415 1928 3464 sancta:
1974 3407 2122 3462 sedis

520 3495 781 3552 Romanae
808 3494 1146 3567 pontiﬁcum,
1179 3503 1327 3550 certa
1363 3502 1415 3550 et
1459 3493 1564 3549 ﬁxa
1609 3496 1934 3566 depromunt
1967 3495 2120 3564 judi-

517 3582 599 3638 cia
629 3583 697 3639 de
725 3583 812 3637 his
841 3582 933 3655 qui
963 3583 1226 3638 adversus
1277 3597 1345 3638 ea
1389 3598 1488 3654 per
1526 3583 1924 3640 contumacium
1952 3583 2120 3654 perti-

519 3670 727 3726 naciter
754 3679 942 3742 agunt,
986 3670 1126 3725 sicut
1153 3669 1333 3740 egisti.

1147 3765 1374 3820 CAPUT
1411 3765 1503 3820 IV.

623 3839 702 3892 De
729 3852 791 3894 eo
811 3836 954 3908 quod
981 3837 1198 3908 scripta
1223 3840 1422 3908 contra
1443 3851 1500 3890 se
1525 3835 1752 3906 prolata
1782 3835 2012 3892 incendi

1141 3906 1488 3977 postulabat.

585 3992 667 4050 De
696 3993 818 4048 aliis
839 3992 1025 4056 etiam,
1043 4007 1164 4065 quae
1185 3991 1316 4046 mihi
1332 4007 1432 4062 per
1450 3991 1823 4062 supradictum
1841 3993 2116 4049 venerabi-

514 4081 623 4138 lem
663 4080 1130 4151 archiepiscopum
1177 4078 1525 4137 Wanilonem
1572 4080 1860 4146 mandasti,
1912 4081 2117 4137 scilicet

516 4169 775 4243 quoniam
805 4168 850 4223 si
901 4169 1118 4240 scripta,
1162 4184 1284 4240 quae
1325 4168 1422 4222 tibi
1467 4176 1520 4224 et
1563 4169 1809 4224 ecclesiae
1837 4168 1930 4224 tibi
1960 4185 2114 4225 com-

515 4258 720 4324 missa},
754 4258 822 4314 de
852 4272 886 4313 a
917 4263 966 4312 te
998 4257 1258 4312 intentata
1299 4257 1859 4314 excommunicatione
1887 4265 1992 4312 tuae
2019 4273 2113 4328 pa-

516 4346 720 4402 rochia:
749 4345 1042 4411 transmisi,
1076 4361 1197 4417 quae
1243 4345 1446 4401 ibidem
1486 4353 1665 4400 tecum
1714 4345 1980 4411 habebas,
2013 4360 2112 4401 co-

2228 904 2510 966 pturarum
2567 895 2888 952 auctoritate
2909 937 2923 958 ,
2969 894 3293 964 comprobat
3356 894 3485 965 quia
3555 893 3825 966 ignoratio

2230 983 2629 1055 Scripturarum
2658 982 2934 1055 ignoratio
2964 982 3163 1037 Christi
3193 989 3295 1037 est.
3328 981 3400 1036 Et
3423 981 3736 1051 Apostolus,
3770 979 3826 1035 Si

2229 1073 2351 1143 quis
2367 1072 2600 1145 ignorat,
2617 1071 2980 1144 ignorabitur.
3015 1069 3286 1138 Profecto,
3311 1068 3483 1140 inquit
3503 1069 3824 1142 Gregorius,

2228 1160 2284 1214 hi
2301 1161 2392 1231 qui
2404 1177 2466 1216 ea
2480 1177 2601 1232 quae
2619 1169 2740 1214 sunt
2763 1159 2978 1214 Domini
2999 1158 3268 1227 nesciunt,
3283 1173 3316 1213 a
3327 1157 3560 1213 Domino
3571 1158 3826 1213 nesciun-

2230 1256 2336 1314 tur,
2357 1256 2410 1303 et
2433 1256 2744 1304 sanctarum
2763 1248 3170 1318 Scripturarum
3187 1247 3479 1302 traditores
3500 1254 3552 1300 et
3572 1247 3825 1302 incenso-

2229 1353 2321 1391 res
2350 1335 2492 1390 inter
2541 1335 2842 1408 sacrilegos
2888 1334 3190 1405 cumputari
3231 1335 3434 1388 debere
3481 1333 3737 1406 legimus.
3771 1333 3826 1388 Si

2229 1440 2366 1497 ergo
2395 1424 2506 1490 illa,
2540 1441 2661 1496 qua:
2688 1425 2758 1478 de
2787 1423 3112 1496 Evangelia,
3145 1431 3197 1477 et
3213 1421 3677 1493 apostolis,'atque
3698 1437 3826 1492 pro-

2229 1513 2426 1584 phetis,
2460 1529 2560 1567 nec
2587 1528 2698 1568 non
2727 1520 2780 1566 et
2810 1513 2984 1568 sacris
3014 1511 3217 1584 regulis
3234 1511 3431 1582 Spiritu
3455 1511 3552 1565 Dei
3571 1509 3821 1578 conditis,

2230 1601 2346 1656 sine
2403 1601 2728 1656 admistione
2763 1601 2988 1669 alicujus
3044 1601 3320 1655 haereseos
3376 1598 3463 1654 vel
3517 1597 3826 1654 schismatis

2156 1718 2210 1778 Β
2232 1689 2550 1760 conscripsi,
2584 1689 2836 1744 videlicet
2865 1703 3177 1742 mensuram
3215 1686 3396 1754 tritici,
3429 1702 3463 1741 a
3491 1687 3825 1742 comburen-

2230 1777 2314 1832 dis
2345 1777 2518 1848 paleis
2546 1783 2598 1832 et
2627 1776 2829 1831 zizania
2875 1776 3018 1847 puri,
3051 1792 3243 1831 revera
3285 1776 3354 1830 de
3402 1775 3600 1830 horreo
3629 1774 3826 1830 Domi-

2228 1865 2352 1920 nico
2383 1865 2438 1918 in
2466 1873 2707 1935 tempore
2739 1865 2854 1932 tibi,
2887 1879 2954 1930 ac
2984 1863 3230 1919 ecclesia:
3274 1863 3370 1918 tibi
3413 1863 3738 1932 commissae,
3773 1870 3828 1919 et

2229 1952 2579 2009 sollicitudini
2623 1969 2760 2008 meae
2815 1953 3092 2021 subjecta).
3126 1951 3336 2023 prolata
3362 1951 3710 2007 incenderem
3734 1992 3750 2020 ,
3775 1958 3830 2006 et

2228 2058 2357 2096 vera
2385 2057 2670 2114 negarem,
2705 2041 2822 2096 sine
2853 2041 3019 2096 dubio
3049 2041 3336 2105 Christum,
3369 2040 3461 2110 qui
3489 2039 3544 2094 in
3573 2039 3655 2094 eis
3683 2056 3830 2110 prae-

2228 2129 2503 2184 nuntiatus
2534 2137 2587 2184 et
2615 2137 2861 2184 ostentus
2890 2137 2990 2198 est,
3025 2137 3078 2183 et
3121 2145 3220 2200 per
3257 2143 3378 2200 quae
3420 2127 3694 2184 Christum
3723 2143 3826 2184 co-

2227 2219 2536 2288 gnovimus,
2571 2218 2772 2290 quique
2803 2217 2892 2272 illa
2937 2218 3150 2273 locutus
3197 2225 3300 2284 est,
3340 2233 3427 2273 me
3457 2232 3618 2272 nosse
3667 2225 3720 2272 et
3772 2217 3828 2271 in

2228 2323 2352 2361 eum
2381 2307 2626 2374 credere,
2659 2323 2725 2362 ac
2753 2323 2854 2377 per
2881 2308 2986 2362 hoc
3015 2322 3103 2360 me
3131 2305 3498 2361 Christianum
3526 2321 3823 2378 negarem:

2227 2402 2278 2450 et
2309 2394 2354 2448 si
2383 2410 2569 2450 sacros
2615 2409 2854 2450 canones
2899 2401 2951 2450 et
2989 2394 3212 2450 decreta
3255 2394 3532 2450 catholicae
3560 2393 3826 2449 Ecclesiae

2226 2481 2574 2538 incendercm
2605 2491 2656 2538 et
2683 2483 3010 2548 abdicarem,
3043 2498 3131 2537 me
3163 2483 3352 2553 procul
3389 2481 3554 2537 dubio
3583 2498 3694 2538 non
3723 2498 3824 2538 so-

2226 2568 2340 2625 lum
2367 2570 2434 2624 ab
2466 2570 2780 2642 episcopatu
2809 2570 2927 2640 ipse
2955 2570 3270 2639 dejicerem,
3301 2587 3494 2626 verum
3537 2579 3591 2625 et
3627 2571 3694 2626 ab
3723 2586 3824 2627 ec-

2225 2659 2394 2714 clesia
2422 2659 2690 2714 catholica
2721 2659 2956 2714 divisum
2985 2668 3038 2714 et
3068 2659 3324 2725 alienum,
3355 2659 3410 2714 id
3438 2667 3519 2714 cst
3548 2658 3825 2714 schisma-

2226 2747 2392 2802 ticum
2421 2755 2473 2803 ct
2501 2747 3012 2802 anathematizatum
3059 2747 3292 2818 publicis
3333 2754 3388 2802 et
3434 2747 3824 2804 ecclesiasticis

2224 2833 2438 2906 legibus
2469 2834 2765 2902 efﬁcerem,
2798 2836 2936 2892 sicut
2965 2845 3187 2892 sanctus
3227 2836 3335 2892 Leo
3381 2851 3541 2907 papa,
3574 2836 3825 2892 scribens

2223 2925 2292 2978 ad
2321 2925 2557 2978 Leonem
2573 2925 2897 2994 Augustum,
2923 2925 3086 2980 etiam
3115 2923 3184 2980 de
3212 2940 3272 2979 se
3299 2923 3430 2980 dicit
3459 2926 3643 2996 (epist.
3677 2925 3773 2994 ει)
3809 2942 3823 2979 :

2227 3035 2248 3059 α
2285 3011 2341 3066 Si
2371 3013 2671 3068 secundum
2702 3012 3022 3083 Apostolum
3052 3013 3199 3084 (Gal.
3232 3028 3291 3078 ιι,
3336 3017 3444 3084 t8),
3475 3013 3668 3085 inquit,
3694 3029 3823 3085 quas

2223 3100 2467 3156 destruxi
2495 3101 2612 3156 haec
2639 3100 2871 3167 aediﬁco,
2903 3102 3384 3172 praevaricatorem
3409 3118 3497 3158 me
3522 3102 3818 3168 constituo,

2221 3197 2275 3242 et
2303 3189 2384 3243 eis
2412 3205 2500 3244 me
2541 3189 2941 3244 conditionibus
2989 3190 3256 3246 ultionum
3306 3190 3498 3258 subdo,
3531 3205 3667 3262 quas
3706 3206 3822 3246 non

2221 3277 2398 3332 solum
2417 3278 2712 3333 auctoritas
2739 3279 2910 3334 beata:
2938 3279 3214 3336 memoriae
3254 3279 3517 3351 principis
3545 3279 3820 3348 Martiani,

2222 3366 2320 3421 sed
2345 3366 2504 3422 etiam
2537 3383 2673 3440 ergo
2701 3383 2824 3422 mea
2857 3369 3218 3424 consensione
3244 3366 3476 3424 ﬁrmavi.
3516 3387 3538 3418 ι
3573 3366 3826 3438 Quapro-

2219 3462 2360 3526 pter,
2395 3455 2494 3510 etsi
2526 3471 2612 3511 me
2642 3453 2936 3522 inﬁrmum,
2970 3472 3035 3512 ac
3064 3455 3317 3530 fragilem
3360 3465 3542 3528 atque-
3564 3455 3821 3512 imbecil-

2219 3543 2347 3609 lem,
2381 3551 2439 3598 ut
2468 3559 2663 3599 revera
2711 3553 2853 3610 sum',
2905 3545 3045 3600 adeo
3081 3545 3380 3614 aastimasti,
3426 3552 3484 3600 ut
3529 3544 3689 3600 minis
3727 3546 3821 3602 vel

2218 3631 2645 3702 promissionum
2671 3632 2945 3690 blanditiis
2975 3633 3046 3690 ad
3071 3634 3187 3690 haec
3217 3633 3431 3707 agenda
3460 3633 3600 3688 trahi
3615 3633 3702 3689 vel
3733 3633 3821 3689 in-

2218 3719 2375 3774 vitari
2397 3720 2659 3786 valerem,
2709 3735 2818 3776 non
2866 3729 3047 3777 tamen
3098 3722 3386 3794 episcopus
3427 3721 3673 3778 dubitare
3709 3721 3819 3778 de-

2218 3807 2436 3872 bueras,
2470 3823 2658 3864 verum
2690 3824 2813 3873 esse
2841 3810 2985 3881 quod
3015 3810 3086 3865 ab
3114 3827 3180 3866 eo
3209 3811 3302 3882 qui
3331 3810 3546 3882 perﬁcit
3573 3811 3628 3866 in
3653 3808 3820 3865 inﬁr-

2215 3894 2402 3950 mitate
2434 3895 2707 3966 virtutem,
2739 3913 2832 3953 ore
2863 3899 3106 3955 veridico
3126 3899 3459 3971 promittitur
3493 3917 3508 3954 :
3541 3900 3820 3956 Dominus

2216 3983 2409 4056 inquit,
2429 3985 2582 4041 dabit
2599 3985 2825 4042 verbum
2841 3989 3362 4060 euangelizantibus
3383 3991 3653 4045 virtutem
3670 3989 3821 4045 mul-

2219 4077 2335 4128 tam
2365 4073 2538 4140 (Psal.
2572 4088 2746 4142 van,
2783 4076 2898 4146 12).
2929 4077 3318 4133 Verumtamen
3349 4077 3477 4149 quia
3507 4077 3646 4133 sicut
3673 4077 3822 4150 legi-

2213 4176 2336 4216 mus
2366 4179 2380 4216 :
2414 4161 2762 4218 In-discendo
2791 4180 2944 4219 mora
2973 4164 3121 4220 nulla
3145 4173 3248 4232 est,
3287 4166 3380 4220 ubi
3415 4166 3647 4238 Spiritus
3677 4181 3818 4221 san-

2213 4257 2332 4305 ctus
2375 4249 2568 4306 doctor
2615 4252 2790 4318 adest,
2834 4253 2955 4324 ipso
2993 4253 3294 4325 inspirante
3337 4254 3429 4326 qui
3460 4254 3627 4311 dicit:
3662 4255 3818 4311 Dabo

2211 4338 2360 4394 vobis
2381 4355 2440 4395 os
2472 4343 2530 4394 et
2547 4341 2914 4412 sapientiam,
2939 4342 3034 4398 cui
3054 4358 3170 4398 non
3181 4346 3450 4415 poterunt
3471 4345 3736 4400 resistere
3759 4347 3821 4399 et

517 4448 634 4488 ram
663 4433 783 4488 aliis
825 4433 1196 4501 incenderem,
1242 4442 1296 4488 et
1337 4432 1665 4488 annullanda
1711 4433 1972 4498 dicerem,
1997 4449 2112 4489 me—
2140 4420 2199 4484 D
2219 4426 2607 4485 contradicere
2637 4445 2832 4485 omnes
2853 4430 3168 4486 adversarii
3185 4433 3357 4487 vestri
3372 4432 3530 4501 (Luc.
3549 4445 3672 4497 χχι,
3697 4434 3813 4500 15),

517 4537 623 4593 que
653 4529 844 4577 contra
874 4521 1136 4576 rationem
1175 4528 1230 4575 et
1253 4521 1625 4576 auctoritatem
1659 4520 1854 4578 fecisse
1897 4519 2116 4593 proﬁte-

514 4625 622 4676 rer,
657 4623 874 4665 mecum
918 4623 1108 4678 pacem
1162 4607 1366 4663 habere
1422 4608 1610 4678 velles,
1657 4607 1950 4665 meditatus
1991 4626 2114 4666 cum

517 4697 683 4752 corde
711 4711 855 4761 meo,
879 4695 1008 4750 satis
1035 4694 1178 4766 apud
1209 4710 1297 4750 me
1323 4695 1511 4751 mirari
1558 4713 1665 4752 non
1709 4698 1861 4769 potui
1890 4697 2033 4753 unde
2063 4705 2116 4754 et

517 4783 789 4853 quomodo
818 4783 935 4839 haec
967 4783 1062 4838 tibi
1089 4783 1146 4836 in
1178 4798 1397 4839 sensum
1426 4783 1692 4851 venerint,
1733 4793 1791 4840 ut
1820 4785 1947 4842 talia
1981 4786 2114 4843 mihi

516 4871 774 4925 mandare
802 4885 1015 4940 posses.
1065 4871 1187 4927 Non
1236 4870 1485 4926 diabolus
1526 4871 1756 4944 loquens
1796 4873 1865 4928 ad
1907 4874 2112 4945 primos

511 4964 767 5027 parentes
794 4965 1032 5028 nostros,
1065 4959 1162 5014 sed
1208 4967 1261 5016 et
1291 4959 1361 5015 ad
1407 4959 1827 5032 Redemptorem
1870 4977 1935 5018 ac
1985 4961 2111 5018 Sal-

517 5052 759 5100 vatorem
792 5052 1055 5112 nostrum,
1083 5062 1192 5101 non
1222 5063 1288 5102 ex
1316 5047 1638 5118 dejectione,
1673 5047 1772 5104 sed
1800 5065 1866 5104 ex
1908 5065 2110 5119 prove-

512 5140 632 5189 ctus
663 5142 715 5188 et
746 5131 1092 5189 sublimitatis
1117 5135 1342 5190 avaritia
1374 5151 1470 5192 eos
1500 5136 1740 5192 tentavit.
1795 5137 1874 5191 Tu
1914 5152 2110 5207 super-

510 5237 756 5294 gressus,
788 5221 834 5276 si
855 5219 964 5277 dici
993 5219 1077 5276 fas
1114 5229 1216 5288 est,
1242 5222 1445 5278 diaboli
1473 5223 1888 5296 malignitatem,
1909 5225 2110 5280 oblitus

509 5310 772 5380 scriptum
801 5325 924 5365 esse
959 5325 971 5365 :
1009 5309 1113 5377 Qui
1141 5309 1538 5382 malignantur
1565 5313 2111 5370 exterminabuntur

506 5396 682 5467 (Psal.
716 5412 920 5467 χχχνι,
953 5399 1030 5469 9),
1062 5413 1152 5454 me
1181 5397 1496 5456 stultissime
1526 5400 1686 5456 nimis
1715 5417 1784 5457 ex
1803 5401 2108 5472 dejectione

507 5483 745 5553 tentasti,
779 5485 956 5542 sciens
995 5486 1123 5559 quia
1147 5501 1269 5559 qum
1298 5486 1396 5544 tibi
1425 5495 1478 5544 et
1518 5488 1782 5546 Ecclesiae
1824 5489 1921 5546 tibi
1951 5506 2107 5548 com-

2213 4530 2324 4570 non
2352 4531 2476 4571 meo
2506 4517 2721 4604 merito,
2754 4517 2851 4573 sed
2882 4519 3058 4591 gratia
3079 4535 3198 4586 sua,
3223 4519 3371 4576 dedit
3394 4520 3526 4574 mihi
3544 4519 3816 4576 Dominus

2213 4603 2394 4660 subito
2424 4603 2752 4678 recogitare,
2783 4606 2907 4678 quia
2923 4607 3184 4678 scriptum
3214 4615 3328 4663 est:
3361 4609 3593 4682 Tempus
3617 4611 3817 4665 tacen-

2213 4691 2293 4758 di,
2327 4697 2383 4748 et
2415 4697 2637 4767 tempus
2656 4695 2915 4766 loquendi
2929 4696 3133 4766 (Eccle.
3151 4697 3324 4768 111,7).
3341 4696 3565 4769 thuod
3584 4711 3815 4767 prauo-

2212 4791 2373 4832 scens
2399 4777 2773 4850 aequanimiter
2800 4786 2853 4834 te
2880 4786 3105 4850 portare
3148 4795 3259 4835 non
3306 4796 3472 4850 posse
3509 4780 3578 4836 ab
3619 4779 3816 4852 aliquo

2211 4865 2540 4934 reprehendi
2598 4866 2683 4921 vel
2739 4867 2918 4940 argui,
2969 4875 3022 4924 et
3067 4883 3180 4924 non
3233 4869 3442 4924 audens
3483 4867 3818 4926 authentican

2211 4950 2504 5022 Scriptum
2530 4954 2699 5009 verba
2728 4963 2954 5022 mutare,
2987 4971 3056 5011 ne
3087 4972 3175 5012 me
3218 4956 3389 5028 ipsius
3435 4966 3592 5012 notes
3636 4956 3814 5012 falsa-

2210 5038 2371 5107 rium,
2403 5041 2616 5102 ratione
2642 5051 2880 5111 coactus,
2913 5061 3036 5101 cum
3067 5045 3226 5102 venia
3259 5045 3611 5103 sacerdotalis
3640 5063 3813 5102 reve-

2209 5127 2399 5184 rentiae
2426 5129 2606 5185 dicam
2630 5149 2644 5185 :
2672 5132 2748 5188 Ne
2762 5135 3098 5206 respondeas
3115 5137 3292 5193 stulto
3296 5138 3476 5208 juxta
3491 5135 3814 5192 stultitiam

2207 5231 2390 5286 suam,
2405 5234 2477 5273 ne
2489 5219 2763 5290 efﬁciaris
2781 5222 2836 5276 ei
2845 5222 3052 5278 similis
3067 5241 3086 5278 :
3099 5228 3154 5278 et
3167 5225 3436 5296 responde
3445 5223 3564 5282 stul
3569 5228 3621 5280 to
3620 5225 3654 5296 j
3657 5227 3814 5280 uxta

2207 5305 2524 5362 stultitiam
2535 5323 2717 5377 suam,
2733 5323 2806 5365 ne
2817 5310 2924 5366 sibi
2934 5312 3157 5384 sapiens
3169 5313 3428 5368 videatur
3438 5315 3620 5384 (Prov.
3633 5327 3718 5368 χχ
3726 5327 3808 5383 γι,

2206 5393 2260 5459 4,
2293 5392 2370 5464 ὅ),
2403 5393 2586 5451 distuli
2616 5397 2864 5470 tiquua:
2888 5407 3013 5455 tunc
3051 5407 3297 5471 poteram
3349 5401 3702 5472 respondere.
3735 5401 3812 5457 Et

2205 5487 2275 5544 de
2305 5489 2392 5546 his
2413 5508 2534 5564 quae
2562 5493 2694 5550 mihi
2727 5495 3018 5564 mandasti,
3051 5496 3147 5553 tibi
3195 5513 3322 5554 mox
3371 5497 3706 5568 remandavi,
3748 5505 3813 5555 ut
