4004 6176
224 242 315 295 301

940 236 1181 296 OPUSC.
1232 238 1320 294 ΕΤ
1369 238 1587 297 EPIST.
1647 238 1720 294 IN
1775 237 2003 295 CAUSA
2050 237 2392 295 HINCMARI
2437 238 2746 296 LAUDUN.

3421 245 3526 301 302

229 362 481 435 quoniam
509 377 541 416 a
571 362 933 419 confratribus
962 363 1183 431 nostris,
1207 364 1405 435 quibus
1423 379 1490 418 ea
1514 362 1823 429 ostendisti,
1858 360 2235 433 Aexiguitatis
2263 377 2400 417 meae
2428 369 2533 418 tuae
2560 361 2885 418 fraternitati
2915 361 3078 432 dono,
3109 371 3301 434 petens
3329 373 3390 421 ut
3401 366 3523 438 ipsa

229 451 511 506 audieram
542 459 597 506 te
626 460 816 507 contra
865 468 972 518 me,
1034 459 1086 507 et
1142 459 1331 507 contra
1381 452 1571 506 eadem
1628 451 1833 522 scripta

230 539 479 612 quaedam
505 539 820 612 collegisse,
851 548 902 595 et
932 540 1096 595 etiam
1122 540 1338 595 cuidam
1368 540 1571 611 scripto
1599 547 1651 594 te
1695 539 1831 593 sub-

225 627 537 698 scripsisse,
571 635 626 682 et
656 643 689 682 a
718 628 993 683 canonicis
1023 628 1286 684 Ecclesia:
1334 628 1729 695 Laudunensis,
1779 634 1832 682 et

226 723 474 787 posteaa
521 716 859 787 presbyteris
908 724 1011 772 tua:
1049 718 1345 787 parochias,
1400 725 1585 773 contra
1630 732 1718 772 me
1779 724 1832 771 et

223 813 417 859 contra
444 804 644 859 eadem
689 804 894 875 scripta
938 805 1210 860 subscribi
1254 804 1469 861 fecisse.
1524 804 1633 860 Sed
1682 812 1732 859 et
1781 812 1831 860 te

224 892 432 959 dicere,
466 892 597 965 quia
624 892 746 963 ipsa
772 893 993 963 scripta,
1026 909 1146 965 qua:
1178 910 1282 965 ego
1312 894 1424 960 tibi,
1477 900 1531 949 et
1583 892 1832 949 ecclesiae

225 981 596 1049 Laudunensi,
631 981 700 1036 de
730 980 957 1052 praefata
985 981 1544 1037 excommunicatione
1566 997 1599 1035 a
1620 990 1671 1036 te
1689 980 1832 1037 facta

224 1069 562 1140 direxeram,
614 1069 957 1124 membratim
1012 1070 1351 1135 dissolvisse,
1412 1078 1464 1125 et
1527 1070 1830 1125 secundum

227 1166 543 1213 sanctarum
586 1157 855 1213 tramitem
903 1158 1320 1229 Scripturarum,
1372 1158 1830 1229 traditionemque

225 1246 520 1315 majorum,
553 1246 755 1301 nullius
783 1262 907 1302 esse
935 1246 1274 1303 auctoritatis
1304 1246 1391 1302 vel
1419 1247 1641 1301 rationis
1681 1262 1830 1301 mon-

226 1342 433 1390 strasse
466 1352 481 1389 :
514 1350 703 1390 coram
728 1335 888 1389 tantis
929 1343 982 1390 et
1012 1334 1211 1390 talibus
1260 1334 1328 1390 de
1372 1334 1730 1390 confratribus
1778 1342 1830 1389 et

227 1422 576 1495 coepiscopis
605 1423 810 1478 nostris
841 1424 933 1496 qui
966 1423 1041 1478 ibi
1071 1423 1315 1493 aderant,
1349 1439 1487 1496 quos
1516 1431 1567 1479 et
1596 1430 1830 1494 quantos

227 1520 282 1565 tu
311 1512 573 1584 eligeres,
605 1511 794 1567 eadem
826 1512 1044 1583 scripta,
1077 1528 1197 1584 quze
1226 1527 1332 1584 ego
1376 1512 1472 1567 tibi
1514 1520 1569 1567 et
1608 1511 1828 1566 Laudu-

224 1599 382 1655 nensi
411 1599 666 1655 ecclesiae
693 1615 795 1670 pro
835 1600 1044 1654 ratione
1090 1600 1354 1671 praedicta
1396 1599 1824 1665 transmiseram,

225 1688 667 1744 ostenderentur.
702 1688 809 1742 Sed
838 1697 891 1743 et
918 1696 975 1743 tu
1028 1704 1091 1742 ea
1140 1704 1260 1759 quae
1288 1688 1608 1761 collegeras,
1639 1704 1828 1743 verum

226 1784 278 1831 et
331 1775 427 1830 illa
475 1775 678 1847 quibus
726 1776 1154 1847 subscripseras,
1204 1784 1257 1832 et
1298 1777 1566 1832 subscribi
1593 1775 1823 1844 feceras,

226 1879 325 1919 nec
353 1879 467 1920 non
501 1872 554 1919 et
582 1864 675 1919 illa
704 1880 805 1936 per
838 1882 961 1935 quae
990 1865 1193 1935 scripta
1222 1880 1256 1920 a
1283 1881 1372 1920 me
1402 1865 1607 1920 directa
1636 1874 1688 1921 te
1716 1864 1835 1920 dis-

226 1951 461 2007 solvisse
492 1952 742 2022 dicebas,
788 1953 843 2007 in
887 1953 1130 2009 medium
1178 1954 1350 2008 nostri
1396 1954 1738 2024 deportares,
1782 1961 1837 2007 et

225 2041 550 2114 legerentur
578 2058 680 2111 per
709 2042 976 2105 ordinem,
1016 2049 1068 2096 et
1097 2042 1358 2113 quidquid
1388 2049 1515 2097 tunc
1540 2037 1615 2096 ibi
1644 2058 1676 2096 a
1706 2057 1836 2112 prae-

226 2129 346 2184 fatis
377 2129 645 2185 fratribus
676 2136 728 2184 et
758 2130 1099 2200 coepiscopis
1137 2130 1340 2185 nostris
1371 2131 1518 2199 juste
1568 2137 1621 2185 et
1668 2129 1835 2185 ratio-

225 2217 483 2272 nabiliter
513 2218 821 2274 secundum
850 2233 1065 2274 sacram
1093 2218 1486 2285 auctoritatem,
1519 2225 1574 2273 et
1601 2216 1835 2273 catholi-

224 2321 301 2361 cae
328 2304 463 2361 fidei
496 2307 963 2372 convenientiam,
1006 2306 1286 2362 inventum
1334 2314 1386 2362 et
1431 2306 1733 2375 decretum,
1783 2312 1839 2361 et

229 2394 369 2450 inter
399 2409 506 2451 nos
534 2402 864 2451 conventum
893 2394 1050 2464 foret,
1097 2394 1409 2451 voluntarie
1456 2411 1731 2467 sequerer,
1784 2402 1838 2449 et

232 2498 449 2554 pacem,
483 2499 647 2555 quam
679 2492 857 2539 tecum
887 2483 943 2539 in
971 2483 1138 2539 corde
1166 2483 1455 2549 habebam,
1501 2491 1555 2539 et
1601 2482 1837 2539 exterius

228 2573 273 2627 si
304 2572 484 2628 velles
516 2588 635 2628 eam
666 2571 764 2626 tibi
792 2588 901 2627 non
930 2572 1278 2643 denegarem,
1313 2579 1484 2627 etate
1520 2572 1651 2626 mihi
1685 2570 1839 2627 obla-

224 2670 331 2715 tam
388 2660 752 2731 susciperem,
797 2669 851 2715 et
908 2660 1007 2715 tibi
1051 2660 1400 2716 dilectionem
1456 2661 1727 2715 sinceram
1781 2667 1840 2715 ut

223 2748 378 2804 fratri
408 2758 464 2804 et
496 2748 610 2804 filio
637 2748 977 2804 exhiberem.
1011 2749 1096 2803 Ad
1125 2766 1286 2820 quam
1314 2764 1494 2804 meam
1524 2747 1839 2819 responsio-

222 2854 343 2892 nem
375 2837 477 2892 tibi
507 2837 877 2907 referendam,
911 2837 1087 2893 isdem
1114 2837 1444 2892 venerabilis
1472 2836 1838 2906 archiepisco-

220 2942 320 2996 pus
348 2926 581 2981 Wenilo
603 2926 862 2981 domuum
894 2926 1218 2981 Adventium
1262 2925 1560 2998 gloriosum
1618 2923 1839 2996 pontiﬁ-

224 3030 361 3079 cem,
398 3013 498 3086 qui
528 3030 636 3068 una
667 3030 795 3070 cum
826 3030 891 3070 eo
919 3030 1096 3069 meam
1126 3013 1539 3084 responsionem
1568 3012 1834 3077 audierat,

223 3103 299 3158 ire
328 3102 606 3174 poposcit.
638 3101 798 3171 Quod
849 3111 901 3158 et
946 3102 1122 3158 isdem
1170 3102 1496 3159 venerabilis
1542 3101 1832 3172 episcopus

232 3190 597 3247 libentissime
627 3192 762 3263 egit,
796 3198 850 3246 et
882 3200 1005 3262 post
1033 3207 1380 3248 communem
1422 3190 1839 3247 collocutionem

226 3288 485 3345 vestram,
533 3279 728 3335 detulit
778 3280 908 3334 mihi
954 3296 1020 3334 ex
1069 3287 1161 3334 tua
1200 3287 1357 3351 parte
1386 3278 1715 3335 venerabilis
1745 3293 1837 3334 ar-

224 3369 611 3440 chiepiscopus
642 3367 869 3422 Wenilo
899 3368 1163 3439 quosdam
1196 3366 1693 3439 quaterniunculos,
1732 3366 1836 3421 sibi

223 3472 253 3511 a
278 3466 330 3512 te
358 3459 416 3512 in
446 3456 742 3528 praesentia
772 3472 895 3510 mea
919 3456 1159 3522 datos,et
1188 3457 1438 3511 versibus
1467 3455 1538 3511 ad
1574 3456 1834 3510 domuum

220 3553 468 3601 nostrum
494 3561 688 3618 regem
718 3545 972 3600 Carolum
1003 3544 1263 3610 titulatos,
1302 3552 1355 3599 et
1381 3543 1516 3598 dixit
1569 3542 1721 3609 mihi,
1782 3551 1834 3597 te

220 3635 315 3688 sibi
332 3634 712 3706 respondisse,
745 3633 1001 3704 quoniam
1030 3632 1118 3688 illa
1146 3633 1256 3688 alia
1286 3633 1487 3704 scripta
1505 3646 1625 3703 qua:
1652 3631 1836 3703 requi-

222 3724 427 3789 rebam,
462 3731 517 3778 te
549 3722 625 3777 ibi
654 3738 763 3777 non
796 3722 1021 3789 habere,
1053 3728 1108 3777 et
1135 3729 1428 3792 propterea
1454 3720 1550 3775 illa
1575 3719 1708 3775 mihi
1723 3736 1831 3775 non

220 3812 480 3868 mitteres.
514 3812 641 3883 Ego
671 3818 856 3865 autem
888 3810 1039 3880 ipsos
1070 3808 1566 3881 quaterniunculos,
1586 3809 1655 3864 ad
1671 3824 1829 3863 man-

222 3900 429 3956 sionem
461 3907 717 3956 nostram
745 3900 859 3968 jam
884 3898 1101 3968 vesperi
1136 3898 1382 3966 veniens,
1416 3897 1647 3953 lectione
1675 3897 1829 3953 citis-

217 3990 348 4045 sime
375 3987 718 4061 perlustravi
751 4005 765 4041 :
799 3988 870 4044 de
900 3987 1096 4060 quibus
1119 3986 1214 4042 tibi
1236 3986 1292 4042 in
1314 3985 1655 4049 crastinagin
1676 3986 1829 4040 sche-

216 4078 337 4133 dula
366 4078 523 4134 brevi
552 4076 838 4147 respondi,
871 4092 1035 4146 quam
1065 4075 1162 4131 tibi
1210 4091 1307 4145 per
1343 4073 1626 4145 praefatum
1655 4089 1827 4131 vene-

218 4167 442 4223 rabilem
473 4164 954 4236 archiepiscopum
985 4163 1337 4219 Wenilonem
1369 4162 1667 4228 transmisi,
1727 4177 1827 4233 per

220 4273 377 4327 quem
406 4254 545 4309 mihi
576 4254 809 4309 eosdem
840 4251 1327 4325 quaterniunculos
1356 4251 1610 4307 miseras.
1671 4249 1826 4318 Quos

220 4344 517 4400 secundum
546 4342 930 4399 auctoritatem
962 4358 1025 4396 ae
1082 4356 1308 4406 morem,
1369 4347 1425 4394 ut
1479 4338 1824 4410 provincialis

1934 449 2133 521 scripta
2161 450 2295 505 mihi
2320 466 2418 522 per
2444 450 2681 522 teipsum
2709 452 2934 520 tribuas,
2967 459 3021 507 et
3048 467 3117 507 ne
3146 452 3347 509 diutius
3363 453 3525 511 diffe-

1934 553 2023 591 ras
2054 555 2069 592 :
2102 546 2368 610 quatenus
2410 539 2519 595 illis
2547 539 2828 612 inspectis,
2863 532 3010 596 salva
3057 538 3164 595 fide
3195 549 3248 596 et
3288 542 3522 599 auctori-

1934 632 2064 695 tate,
2097 625 2224 683 inde
2255 627 2415 682 simul
2460 643 2755 700 sequamur
2800 629 2947 701 quod
2996 629 3275 687 catholicae
3324 638 3377 686 et
3420 631 3523 688 fra-

1932 721 2098 769 terna
2126 715 2247 786 paci
2294 723 2455 787 atque
2501 716 2777 772 dilectioni
2826 717 3121 773 convenire
3164 718 3523 790 dignoscitur,

1933 811 2223 874 sequentes
2243 794 2562 874 Apostolum
2582 806 2855 861 dicentem
2877 826 2895 862 :
2916 807 3118 862 Pacem
3130 809 3454 879 sequimini,
3471 814 3527 868 et

1931 892 2394 958 sanctimoniam,
2417 895 2539 949 sine
2568 912 2677 966 qua
2696 911 2860 950 nemo
2893 894 3099 950 videbit
3120 897 3298 951 Deum
3335 896 3521 968 (Joan.

1934 993 2013 1048 ιιι,
2044 980 2157 1049 20).
2188 980 2311 1051 Ipse
2342 981 2487 1035 enim
2517 980 2681 1037 frater
2708 981 2849 1037 nosti
2870 981 3052 1039 dicere
3075 982 3379 1052 veritatem,
3399 986 3529 1057 quia

1931 1069 2116 1122 omnis
2147 1068 2243 1140 qui
2270 1070 2419 1124 male
2449 1070 2567 1140 agit
2596 1070 2712 1127 odit
2742 1072 2943 1140 lucem,
2968 1076 3027 1127 et
3044 1085 3158 1128 non
3174 1072 3414 1129 venitad
3431 1075 3525 1130 lu-

1931 1171 2077 1221 cem,
2096 1160 2161 1211 ut
2179 1172 2293 1211 non
2312 1161 2632 1229 arguantur
2651 1174 2818 1230 Opera
2851 1161 2973 1230 ejus
2995 1179 3013 1214 :
3030 1161 3127 1232 qui
3158 1164 3351 1216 autem
3381 1164 3529 1233 facit

1930 1245 2229 1299 veritatem
2250 1246 2404 1300 venit
2442 1246 2516 1300 ad
2552 1246 2755 1311 lucem,
2794 1250 2860 1301 ut
2891 1249 3337 1317 manifestentur
3355 1267 3526 1323 opera

1930 1333 2073 1402 ejus,
2093 1334 2226 1404 quia
2244 1335 2309 1388 in
2329 1334 2437 1389 Deo
2452 1338 2594 1389 sunt
2607 1336 2766 1404 facta
2782 1334 2963 1404 (Hebr.
2982 1349 3085 1399 xu,
3104 1336 3212 1406 14).
3227 1336 3524 1409 Propterea

1930 1418 2358 1486 sicut,licetnon
2372 1421 2717 1494 regulariter,
2753 1421 3318 1495 ostendistimihiquae
3350 1425 3523 1482 colle-

1930 1506 2057 1579 gisti
2088 1524 2154 1562 ex
2184 1508 2497 1579 apostolicae
2509 1510 2656 1565 sedis
2668 1509 2981 1581 pontificum
2996 1510 3259 1582 epistolis,
3273 1513 3416 1569 unde
3430 1513 3525 1570 tibi

1929 1594 2205 1651 succincte
2232 1597 2561 1668 respondi,si
2590 1613 2817 1654 necesse
2829 1598 2968 1654 foret
2980 1599 3137 1653 latius
3150 1615 3525 1672 responsurus,

1856 1719 1909 1779 Β
1928 1683 2156 1739 ostende
2184 1684 2351 1740 etiam
2382 1685 2643 1756 scriptum
2670 1686 2759 1741 cui
2777 1686 3167 1759 subscripsisti,
3198 1696 3252 1744 et
3288 1689 3528 1747 subscri-

1934 1771 1989 1825 bi
2016 1770 2212 1840 fecisti,
2248 1774 2345 1827 sed
2374 1781 2427 1827 et
2470 1773 2564 1828 illa
2608 1789 2709 1844 per
2758 1790 2877 1847 quae
2914 1783 2967 1831 te
3029 1774 3348 1833 dissolvisse
3393 1777 3531 1835 dicis

1934 1859 2136 1931 scripta
2164 1876 2195 1914 a
2225 1876 2313 1915 me
2339 1860 2437 1915 tibi
2466 1868 2518 1916 et
2547 1861 2797 1917 ecclesiae
2827 1869 2929 1917 tum
2958 1862 3181 1932 directa,
3210 1872 3269 1919 ut
3293 1865 3531 1933 manife-

1935 1954 2079 2003 stum
2108 1948 2195 2016 sit,
2230 1963 2354 2005 cum
2383 1949 2454 2003 ad
2483 1948 2660 2005 lucem
2690 1950 2958 2017 venerint,
2991 1951 3037 2005 si
3067 1951 3123 2007 in
3152 1952 3269 2008 Deo
3297 1953 3403 2008 sint
3441 1954 3530 2010 fa-

1933 2043 2038 2091 cta.
2072 2037 2194 2108 Ego
2222 2045 2406 2093 autem
2436 2054 2559 2109 quae
2587 2037 2684 2092 tibi
2712 2045 2767 2092 et
2796 2037 3045 2094 ecclesiae
3081 2039 3178 2094 tibi
3221 2041 3531 2100 commissa

1936 2123 2134 2194 scripsi
2211 2125 2280 2180 de
2318 2124 2549 2195 praefata
2593 2126 3149 2183 excommunicatione
3190 2144 3223 2183 a
3268 2136 3321 2184 te
3364 2129 3526 2196 facta,

1934 2212 2169 2282 primum
2196 2212 2416 2285 quidem
2448 2213 2517 2268 ad
2542 2220 2595 2269 te
2636 2213 2727 2268 illa
2768 2214 2958 2281 direxi,
3010 2230 3133 2287 qua:
3176 2230 3288 2272 non
3328 2233 3395 2273 ex
3441 2232 3531 2274 me

1936 2300 2027 2355 illa
2055 2300 2267 2372 scripsi,
2299 2302 2482 2358 sciens
2511 2301 2747 2357 dictum:
2771 2304 3236 2376 Quiasemetipso
3262 2306 3529 2378 loquitur,

1936 2389 2178 2461 gloriam
2203 2392 2493 2463 propriam
2520 2392 2725 2464 quaerit
2752 2390 2935 2462 (Joan.
2985 2406 3084 2458 vn,
3135 2392 3254 2463 18);
3302 2408 3400 2465 per
3444 2408 3534 2450 me

1939 2483 2141 2543 autem,
2175 2493 2241 2532 ex
2271 2478 2595 2551 evangelica
2638 2479 2885 2546 veritate,
2935 2487 2989 2535 et
3033 2479 3329 2551 apostolica
3370 2489 3536 2554 atque

1938 2561 2254 2631 prOphetica
2282 2563 2625 2632 auctoritate,
2679 2563 2778 2619 sed
2813 2570 2868 2619 et
2914 2564 3229 2635 apostolicae
3275 2564 3444 2638 sedis,
3485 2574 3540 2623 et

1940 2656 2257 2704 sanctorum
2288 2650 2645 2707 conciliorum
2673 2651 3170 2721 constitutionibus,
3201 2651 3295 2708 illa
3340 2653 3539 2726 scripta

1941 2743 1993 2791 et
2020 2751 2052 2790 a
2079 2752 2169 2792 me
2197 2737 2291 2793 tibi
2321 2746 2375 2794 et
2402 2739 2649 2795 ecclesiae
2680 2739 2776 2794 tibi
2819 2738 3126 2795 commissae
3170 2739 3379 2797 directa
3425 2757 3537 2799 non

1940 2824 2175 2897 denego,
2208 2826 2389 2883 sciens
2408 2826 2613 2883 dictum
2634 2841 2667 2882 a
2684 2826 2915 2883 Domino
2935 2842 2948 2883 :
2973 2828 3051 2884 Tu
3070 2831 3265 2885 autem
3295 2830 3537 2887 audiens

1941 2915 2235 2970 nuntiabi:
2266 2917 2346 2971 eis
2370 2930 2446 2972 ex
2472 2932 2564 2972 me
2594 2916 2814 2987 (Ezech.
2848 2930 3056 2983 χχχιιι,
3101 2920 3177 2988 7).
3230 2918 3538 2990 Eapropter

1932 3002 2229 3072 justitiam
2244 3002 2363 3071 ejus
2389 3020 2505 3060 non
2527 3004 2791 3060 abscondi
2810 3006 2874 3059 in
2893 3005 3055 3061 corde
3071 3019 3215 3072 meo,
3238 3006 3539 3064 veritatem

1863 3072 1912 3135 Ο
1933 3089 2050 3157 ejus
2078 3094 2135 3145 et
2163 3092 2416 3148 salutare
2447 3108 2606 3147 suum
2632 3092 2759 3149 dixi
2788 3093 2963 3165 (Psal.
2995 3107 3205 3161 χχχιχ,
3258 3096 3368 3167 11).
3412 3095 3537 3153 Non

1938 3178 2201 3234 abscondi
2230 3180 2664 3236 misericordiam
2713 3182 2850 3251 ejus,
2899 3188 2953 3236 et
2997 3182 3284 3239 veritatem
3334 3183 3452 3253 ejus
3504 3199 3539 3241 a

1938 3267 2171 3322 concilio
2200 3268 2389 3327 multo.
2422 3277 2617 3325 utnon
2666 3268 2887 3341 elonget
2938 3284 2971 3323 a
3018 3285 3108 3325 me
3155 3270 3536 3328 miserationes

1937 3370 2079 3423 suas,
2132 3356 2231 3411 sed
2278 3357 2657 3413 misericordia
2703 3363 2758 3412 et
2804 3355 3003 3413 veritas
3049 3357 3166 3426 ejus
3232 3359 3535 3430 suscipiant

1934 3457 2041 3497 me.
2076 3444 2185 3498 Sed
2217 3444 2340 3514 quia
2369 3451 2429 3499 ut
2466 3444 2648 3510 homo,
2696 3451 2750 3499 et
2797 3444 2853 3498 in
2897 3442 3082 3499 multis
3124 3444 3293 3500 divini
3336 3461 3533 3503 sensus

1934 3530 2177 3601 ignarus,
2209 3546 2389 3587 errare
2415 3547 2661 3603 possum,
2696 3531 2843 3603 quod
2870 3532 2927 3586 in
2954 3532 3061 3588 hac
3091 3547 3255 3588 causa
3297 3549 3385 3591 me
3430 3536 3533 3591 ad-

1931 3618 2039 3674 huc
2067 3618 2263 3675 fecisse
2291 3634 2401 3675 non
2430 3619 2725 3690 concredo,
2759 3620 2804 3675 si
2837 3619 2968 3675 mihi
2980 3620 3247 3677 rationem
3265 3630 3317 3678 et
3338 3630 3530 3681 aucto-

1931 3706 2143 3762 ritatem
2171 3706 2476 3763 ostenderis
2506 3707 2809 3764 secundum
2847 3716 3162 3765 sanctarum
3212 3710 3528 3782 Scriptura-

1930 3810 2049 3850 rum
2078 3796 2370 3865 tramitem,
2394 3796 2847 3870 traditionemque
2869 3796 3263 3855 catholicorum
3286 3799 3527 3867 Patrum,

1930 3899 2093 3955 quam
2118 3884 2245 3940 hinc
2273 3885 2507 3941 debeam
2536 3887 2713 3958 sequi,
2754 3884 2997 3943 debitum
3044 3901 3332 3943 assensum
3376 3905 3525 3961 pra:-

1929 3972 2061 4028 bere
2087 3989 2197 4029 non
2224 3973 2422 4041 abnuo,
2453 3973 2547 4046 qui
2574 3975 2736 4030 etiam
2762 3990 2793 4030 a
2821 3974 3124 4031 minoribus
3136 3977 3275 4032 meis
3297 3978 3522 4052 corrigi,

1927 4068 1980 4116 et
2006 4076 2199 4117 eorum
2228 4062 2368 4118 bene
2398 4061 2546 4118 dicta
2576 4063 2732 4135 sequi
2761 4079 2872 4119 non
2918 4080 3092 4121 renuo
3142 4080 3155 4120 :
3199 4066 3329 4137 quia
3374 4082 3521 4138 saepe

1919 4148 2121 4218 juniori
2151 4150 2415 4206 Dominus
2443 4151 2651 4208 revelat
2680 4152 2826 4224 quod
2842 4152 3039 4209 melius
3057 4161 3160 4223 est,
3186 4161 3258 4220 et,
3282 4156 3523 4226 Aposto-

1924 4237 2008 4293 lus
2037 4237 2167 4294 dicit
2201 4256 2214 4293 :
2247 4239 2306 4295 Si
2334 4240 2439 4294 alii
2466 4242 2779 4295 revelatum
2793 4243 2976 4311 fuerit
2992 4242 3233 4307 sedenti,
3257 4244 3417 4314 prior
3433 4247 3519 4301 ta-

1922 4331 2049 4383 ceat
2074 4328 2127 4399 (I
2151 4328 2271 4384 Cor.
2303 4342 2424 4396 xxv,
2459 4329 2569 4397 30).
2604 4328 2990 4383 Venerandum
3019 4329 3236 4400 quippe,
3279 4345 3344 4386 ac
3392 4345 3517 4386 cum

216 4432 505 4505 episcopus
537 4447 639 4488 suo
668 4430 1078 4501 archiepiscopo
1126 4429 1303 4484 facere
1351 4428 1515 4483 debet
1561 4437 1615 4483 et
1660 4428 1818 4494 solet,
1841 4426 1895 4488 D
1925 4416 2072 4471 omni
2104 4414 2723 4505 ἀθνοῑίνοοθίξηίῑᾶηάυῐη
2751 4423 2930 4485 ιειιεο,
2954 4417 3102 4487 (ἰυοά
3119 4417 3337 4471 beatum
3378 4417 3517 4474 Gre-

217 4520 411 4577 oﬁ'erre
439 4537 553 4577 non
582 4520 819 4587 voluisti,
853 4528 906 4575 et
933 4518 1077 4575 velut
1124 4517 1451 4590 quibusdam
1500 4517 1673 4572 visum
1724 4514 1823 4570 fuit

217 4609 548 4682 dedignatus
577 4607 744 4663 fuisti.
788 4607 910 4678 Ego
961 4615 1142 4661 autem
1185 4606 1465 4677 praefatam
1505 4603 1823 4660 schedulam

217 4698 342 4754 ideo
370 4716 472 4770 per
498 4697 774 4768 meipsum
805 4695 903 4750 tibi
934 4711 1047 4750 non
1073 4695 1332 4760 dandam,
1372 4694 1470 4748 sed
1518 4710 1617 4765 per
1674 4708 1820 4759 eum,

211 4804 312 4858 per
343 4804 506 4859 quem
536 4785 672 4840 mihi
702 4801 849 4856 saepe
879 4784 1017 4839 fatos
1048 4782 1523 4856 quaterniunculos
1570 4782 1822 4851 miseras,

216 4875 558 4947 dirigendam
588 4872 906 4929 necessario
936 4872 1086 4939 duxi,
1118 4888 1186 4927 ne
1217 4871 1264 4925 si
1292 4872 1361 4925 de
1391 4886 1512 4929 mea
1540 4885 1705 4926 manu
1735 4870 1823 4940 ip—

213 4980 330 5020 sam
360 4963 684 5021 scbedulam
716 4962 964 5033 recipere
992 4959 1281 5027 refutares,
1315 4959 1605 5026 malivolis,
1626 4959 1672 5014 si
1689 4958 1826 5014 forte

213 5054 375 5126 aliqui
404 5054 657 5122 aderant,
688 5052 917 5123 plausus
946 5050 1287 5116 excitaretur,
1321 5057 1375 5103 et
1430 5048 1695 5105 benivolis
1737 5046 1830 5119 qui

212 5143 429 5213 plurimi
459 5143 712 5211 aderant,
735 5140 892 5197 dolor
914 5137 1605 5209 incuteretur.Exspectavi
1644 5144 1826 5192 autem

214 5241 401 5303 postea
431 5248 608 5305 usque
635 5229 822 5297 modo,
855 5237 913 5284 ut
937 5228 1068 5283 mihi
1124 5228 1216 5282 illa
1275 5227 1495 5297 scripta,
1554 5241 1673 5297 quae
1703 5233 1829 5282 tunc

215 5322 357 5393 apud
387 5330 439 5378 te
471 5338 583 5377 non
615 5320 825 5375 habere
853 5318 1233 5383 mandaveras,
1265 5315 1529 5376 mitteres.
1554 5314 1662 5370 Sed
1696 5329 1830 5387 quo-

216 5410 358 5485 niam
386 5411 482 5467 illa
508 5411 788 5467 hactenus
818 5423 926 5464 non
955 5406 1173 5472 misisti,
1221 5404 1447 5478 dignum
1494 5402 1702 5468 censui,
1724 5410 1828 5457 uta

223 5518 275 5564 te
301 5510 431 5566 mihi
461 5525 529 5564 ea
559 5506 704 5562 mitti
764 5520 1113 5576 reposcerem
1147 5521 1161 5559 :
1196 5510 1248 5559 et
1267 5502 1470 5558 idcirco
1500 5500 1598 5555 has
1618 5500 1829 5556 litteras

1922 4506 2136 4578 gorium
2183 4504 2387 4560 dixisse
2431 4504 2559 4576 lego
2606 4505 2724 4575 (lib.
2762 4519 2861 4571 vn,
2909 4505 3029 4560 ind.
3079 4507 3166 4571 11,
3196 4505 3359 4576 epist.
3411 4505 3517 4575 2):

1930 4616 1952 4643 ε
1985 4595 2125 4665 Ego,
2155 4592 2348 4665 inquit,
2381 4600 2432 4648 et
2488 4591 2728 4649 minores
2780 4608 2955 4661 meos,
2989 4608 3127 4665 quos
3180 4592 3251 4646 ab
3307 4591 3512 4648 illicitis

1923 4682 2209 4754 prohibeo,
2236 4681 2293 4736 in
2318 4681 2463 4737 bono
2494 4681 2694 4736 imitari
2721 4690 2939 4753 paratus
2986 4696 3127 4735 sum.
3180 4679 3385 4735 Stultus
3434 4689 3520 4736 est

1926 4770 2089 4837 enim,
2124 4769 2217 4842 qui
2243 4769 2299 4824 in
2326 4785 2393 4826 eo
2422 4787 2482 4826 se
2512 4771 2744 4842 primum
2775 4769 3061 4834 existimat,
3092 4775 3151 4824 ut
3198 4768 3344 4824 bona
3390 4784 3513 4841 qua:

1926 4856 2123 4913 viderit
2151 4855 2362 4913 discere
2389 4863 2718 4913 contemnat.
2768 4878 2790 4901 ι»

2555 4955 2776 5049 carm
2814 4991 2880 5047 v.

1926 5111 2003 5167 De
2032 5111 2238 5168 duobus
2268 5109 2560 5165 Hincmari
2579 5106 2836 5179 judiciis,
2870 5123 2992 5180 quae
3010 5109 3190 5167 assde
3210 5110 3516 5183 apostolica

2472 5196 2711 5252 rescissa
2742 5195 2980 5252 dicebat.

1997 5311 2243 5383 Denique
2271 5310 2475 5366 dictum
2504 5315 2587 5365 est
2613 5307 2766 5376 mihi,
2801 5308 3059 5381 quoniam
3089 5309 3234 5381 apud
3254 5309 3521 5381 plurimos

1928 5398 2203 5473 glorieris,
2235 5399 2360 5469 quia
2389 5397 2521 5451 mihi
2582 5404 2738 5468 potes
2782 5398 3062 5464 resistere,
3119 5405 3174 5453 et
3202 5413 3291 5453 me
3351 5398 3522 5455 audes

1929 5495 2293 5555 contemnere,
2325 5485 2462 5542 sicut
2496 5484 2565 5540 de
2584 5485 2792 5554 juvene
2817 5485 3093 5554 jactantiae
3123 5494 3286 5543 vento
3318 5486 3523 5560 repleto
