4088 6180
483 275 586 326 303

1509 267 1850 323 HINCMARI
1887 259 2287 320 RHEMENSIS
2323 263 2869 322 ARCHIEPISCOPI.

3667 263 3776 319 305

485 394 704 464 legitur,
739 392 831 463 qui
860 392 1064 462 Ephesi
1094 393 1314 448 domum
1345 391 1534 447 Dianaa
1551 391 1811 456 incendit,
1834 397 1888 446 et
1926 389 2082 443 inter-
2109 386 2537 456 Apostulaverit
2583 389 2636 443 in
2681 389 2919 444 medium
2991 389 3385 460 proferendas;
3431 389 3576 444 velut
3643 388 3774 442 item

489 489 714 554 rogatus
741 497 840 536 cur
870 481 972 535 hoc
1003 481 1194 554 egerit,
1231 481 1532 550 reSpoudit,
1565 489 1624 534 ut
1653 479 1776 550 quia
1797 478 1956 533 bonis
1976 492 2085 532 non

2185 477 2446 546 scriptum
2477 485 2587 532 est:
2613 479 2769 535 Sicut
2791 479 2957 549 spina
2977 479 3040 532 in
3061 495 3238 534 manu
3260 477 3579 542 temulenti,
3603 477 3689 532 ita
3707 477 3770 532 in

489 575 722 640 poterat,
756 567 845 624 vel
872 569 1026 623 malis
1057 570 1437 624 innotesceret.
1470 569 1538 622 Et
1569 568 1638 622 ad
1687 568 1828 622 hanc
1878 565 2083 638 gloria-
2175 581 2235 620 rc
2266 566 2435 620 stulti
2457 567 2728 638 parabole
2781 566 2961 638 (Prov.
2999 581 3160 632 xxvr,
3195 567 3285 638 9):
3308 566 3772 638 quiatemulentus

489 659 690 714 tionem
719 663 866 712 tuam
887 657 1194 728 respondeo
1209 657 1306 712 tibi
1327 673 1391 711 ex
1415 657 1598 712 verbis
1630 655 1874 726 Apostoli
1900 672 1912 708 :
1963 657 2084 725 fra-

489 750 596 814 ter,
620 763 737 804 non
757 747 898 802 bona
924 746 1186 816 gloriatio
1221 749 1318 801 tua
1349 745 1399 815 (I
1427 746 1546 800 Cor.
1571 760 1626 810 v,
1653 745 1727 813 6).
1753 743 1896 812 Quid
1917 743 2080 810 enim,

493 841 756 907 quantum
787 832 892 888 sibi
938 847 968 888 a
1015 833 1256 904 potentia
1305 848 1542 904 superna
1584 832 1930 902 permittitur,
1976 846 2084 886 non

493 928 674 995 potest
727 921 890 978 homo
945 921 1234 993 temporali
1313 929 1577 994 potestate
1635 919 1904 986 suffultus,
1994 921 2086 990 qui

488 1013 666 1068 Deum
693 1025 804 1066 non
833 1010 1002 1077 timet,
1037 1017 1086 1065 et
1117 1011 1392 1066 hominem
1421 1025 1529 1064 non
1569 1016 1851 1064 reveretur
1875 1007 1904 1061 7
1949 1009 2085 1064 Nam

486 1107 540 1154 et
569 1113 670 1154 nos
700 1099 904 1169 aliquid
934 1114 1246 1170 possumus,
1281 1099 1378 1154 sed
1405 1099 1612 1152 utinam
1643 1112 1861 1168 semper
1889 1096 1944 1151 in
1970 1097 2085 1152 Deo

488 1187 763 1258 possimus
794 1187 885 1258 qui
930 1203 1032 1242 nos
1079 1186 1366 1242 confortat.
1427 1186 1497 1241 Et
1539 1186 1792 1258 quoniam
1838 1201 1947 1239 non
2003 1192 2088 1239 est

491 1283 730 1346 potestas
759 1275 864 1329 nisi
890 1290 919 1330 a
948 1275 1081 1340 Deo,
1117 1273 1538 1330 discernendum
1567 1281 1649 1329 est
1697 1273 1750 1328 in
1793 1279 2082 1343 potestate,

489 1363 618 1435 quid
647 1363 807 1419 nobis
837 1364 984 1418 Deus
1029 1363 1296 1418 concedat
1319 1363 1600 1434 propitius,
1637 1362 1831 1433 etquid
1863 1361 2086 1432 permit-

489 1458 563 1506 tat
593 1452 779 1516 iratus,
815 1459 872 1505 ut
901 1466 1167 1507 concessa
1196 1467 1318 1506 cum
1348 1451 1541 1506 timore
1574 1459 1624 1505 et
1652 1458 1881 1505 tremore
1911 1449 2088 1504 humi—

487 1539 610 1594 liter
641 1553 1019 1610 exsequamur,
1070 1548 1122 1596 et
1165 1540 1433 1610 permissa
1483 1539 1538 1593 in
1583 1539 1752 1593 nostri
1787 1538 2088 1608 perniciem

489 1643 598 1684 non
645 1629 952 1696 abutamur,
1000 1637 1052 1684 et
1083 1629 1174 1699 qui
1206 1628 1472 1701 gloriatur
1500 1629 1554 1682 in
1583 1635 1868 1698 potestate,
1903 1628 1956 1682 in
1977 1628 2086 1682 Do-

2185 653 2396 723 spinam
2424 653 2478 707 in
2509 669 2674 708 manu
2706 663 2927 728 gestans
2955 655 3108 726 prius
3141 656 3380 727 seipsum
3408 655 3674 720 vulnerat,
3700 653 3778 708 ita

2185 749 2237 796 et
2266 749 2340 810 tu,
2366 741 2413 796 si
2439 741 2556 797 haec
2585 743 2740 811 dicis,
2775 759 2884 798 non
2913 759 3000 804 me
3029 752 3254 814 tantum,
3287 743 3385 799 sed
3414 752 3468 798 et
3515 743 3778 814 plurimos

2183 829 2532 898 plurimarum
2563 831 2966 900 provinciarum
2995 832 3305 903 episcopos,
3327 832 3436 886 imo
3452 839 3505 886 et
3521 832 3774 902 teipsum,

2186 919 2330 988 quod
2361 933 2472 972 non
2499 918 2764 991 denegas,
2785 919 2910 991 quia
2929 929 2982 976 et
2997 920 3276 993 denegare
3297 937 3407 976 non
3425 929 3602 992 potes,
3627 935 3778 976 com-

2185 1005 2502 1076 participem
2544 1006 2599 1060 in
2644 1008 2895 1062 omnibus
2941 1009 3147 1077 judicio
3195 1017 3380 1064 nostro
3443 1007 3780 1065 mendaciter

2185 1093 2421 1164 impetis,
2455 1112 2564 1151 non
2595 1095 2788 1152 videns
2817 1112 2924 1168 quo
2955 1105 3006 1152 te
3033 1097 3229 1169 laqueo
3261 1097 3583 1169 strangules,
3637 1112 3780 1169 quo-

2185 1176 2334 1232 niam
2355 1179 2616 1246 judicium
2645 1187 2888 1235 nostrum
2919 1195 2950 1234 a
2979 1181 3199 1250 majoris
3231 1182 3566 1238 auctoritatis
3592 1181 3782 1250 judice

2187 1265 2478 1334 immutari,
2510 1283 2619 1324 non
2651 1277 2832 1324 autem
2858 1269 3017 1324 aliter
3069 1270 3277 1325 cassari
3319 1270 3576 1326 canonice
3619 1278 3782 1341 pote-

2187 1363 2286 1418 rat,
2323 1355 2368 1409 si
2397 1363 2585 1410 contra
2615 1357 2835 1429 regulas
2864 1357 3084 1414 inimico
3113 1359 3315 1425 animo,
3339 1358 3426 1415 vel
3456 1359 3637 1430 aliqua
3679 1375 3784 1414 cu-

2187 1441 2412 1512 piditate
2443 1451 2533 1498 aut
2563 1446 2755 1516 gratia,
2808 1445 3164 1516 depravatum
3213 1447 3496 1502 nobiscum
3541 1454 3592 1501 te
3639 1447 3786 1516 judi-

2190 1547 2348 1586 casse
2378 1533 2674 1604 confiteris,
2707 1534 3036 1590 decernente
3078 1535 3331 1591 Africano
3362 1536 3590 1591 concilio
3627 1536 3783 1604 (can.

2188 1621 2277 1690 9t)
2306 1621 2374 1675 de
2415 1621 2692 1692 episcopo,
2745 1622 2837 1693 qui
2870 1639 2928 1678 se
2946 1623 3142 1679 dixerit
3169 1623 3482 1680 mentiendo
3511 1639 3607 1679 eos
3635 1640 3788 1679 com-

491 1717 639 1772 mino
670 1716 807 1773 sicut
836 1725 888 1772 et
915 1717 971 1771 in
1001 1717 1122 1772 aliis
1155 1717 1440 1788 glorietur,
1491 1724 1654 1788 atque
1697 1717 1852 1785 juxta
1880 1716 2081 1772 dictum
2113 1739 2164 1798 B
2187 1709 2520 1798 mtxnicasse.
2556 1726 2710 1782 quos,
2745 1727 2812 1766 eo
2832 1712 3056 1778 sciente,
3077 1728 3188 1767 non
3203 1713 3634 1770 communicasse
3655 1728 3788 1769 con-

488 1805 751 1876 sapientis
775 1805 970 1876 (Boet.,
1005 1806 1069 1860 dc
1103 1807 1261 1862 Cons.
1293 1806 1462 1876 phil.,
1485 1803 1580 1860 lib.
1615 1819 1696 1871 ιιι,
1719 1813 1848 1860 met.
1871 1805 1926 1874 5)
1970 1822 1982 1858 :

893 1909 984 1965 Qui
1005 1919 1061 1955 se
1090 1909 1224 1955 volet
1263 1919 1374 1955 esse
1409 1911 1684 1964 potentem,

731 2049 742 2060 μ
897 1987 1106 2033 Animos
1129 1987 1192 2032 do
1209 1989 1314 2032 met
1333 1986 1420 2032 ille
1443 1987 1639 2033 feroces
1661 2003 1672 2040 ;

487 2075 614 2148 quia
643 2065 784 2132 beati
815 2075 974 2132 mites
1019 2077 1276 2148 quoniam
1326 2075 1430 2147 ipsi
1476 2077 1834 2148 possidebunt
1883 2085 2084 2133 terram

487 2173 704 2220 aeterna:
732 2165 938 2221 scilicet
965 2165 1311 2221 haereditatis.
1347 2163 1404 2220 Si
1453 2165 1597 2222 enim
1644 2165 1896 2236 gloriaris
1961 2166 2088 2238 quia

485 2253 618 2308 mihi
665 2262 820 2324 potes
851 2254 1128 2318 resistere,
1164 2254 1294 2308 time
1332 2252 1460 2324 quia
1487 2253 1544 2306 in
1575 2269 1680 2323 quo
1727 2253 1858 2308 mihi
1897 2262 2088 2310 contra

485 2341 708 2414 regulas
737 2357 921 2396 sacras
950 2341 1176 2406 resistis,
1209 2341 1308 2394 Dei
1336 2340 1664 2396 ordinationi
1712 2342 1942 2408 resistis,
1995 2343 2088 2412 qui

485 2445 587 2499 per
615 2443 804 2485 sacros
833 2444 1072 2484 canones
1103 2429 1306 2498 Spiritu
1356 2427 1456 2483 Dei
1507 2429 1773 2498 conditos,
1822 2437 1876 2485 et
1923 2430 2088 2486 totius

485 2517 675 2572 mundi
705 2517 1011 2572 reverentia
1041 2523 1411 2580 consecratos,
1465 2532 1553 2572 me
1603 2517 1700 2572 tibi
1765 2519 2082 2590 praeposuit,

487 2613 539 2660 et
568 2613 618 2660 te
648 2605 779 2659 mihi
810 2605 1112 2676 supposuit.
1145 2605 1214 2658 Et
1241 2603 1288 2658 si
1317 2604 1571 2676 gloriaris
1603 2605 1733 2676 quia
1780 2622 1868 2661 me
1917 2607 2088 2662 audes

486 2701 850 2758 contemnere,
885 2693 1034 2762 time,
1070 2693 1326 2764 quoniam
1360 2692 1532 2759 illum,
1567 2693 1659 2763 qui
1689 2710 1789 2749 suo
1833 2694 1962 2750 vitio
2001 2695 2086 2748 fa-

495 2789 614 2836 ctus
659 2789 741 2836 est
785 2789 844 2836 ut
859 2780 1069 2836 nullum
1091 2781 1316 2848 timeret,
1353 2789 1404 2836 et
1435 2781 1743 2851 specialiter
1773 2782 1828 2836 in
1860 2782 1953 2838 illo
1977 2781 2087 2838 filio

484 2869 804 2940 perditionis
836 2869 927 2940 qui
959 2869 1306 2924 antichristus
1354 2869 1552 2925 dicitur
1597 2871 1911 2940 operabitur
1961 2871 2087 2926 imi-

487 2956 636 3022 taris,
670 2961 728 3012 et
753 2974 928 3023 nunc,
962 2957 1136 3028 inquit
1163 2959 1401 3012 Joannes
1429 2957 1728 3028 apostolus,
1755 2960 2094 3016 antichristi

491 3045 666 3099 multi
695 3049 832 3099 sunt
863 3045 914 3116 (Ι
940 3046 1102 3100 Joan.
1138 3059 1194 3111 ιι,
1231 3045 1320 3116 18)
1344 3064 1359 3112 ;
1383 3053 1507 3101 etut
1531 3046 1658 3101 item
1680 3048 1944 3116 scriptum
1965 3055 2084 3102 est:

2190 1797 2404 1866 stiterit,
2439 1798 2602 1852 etiam
2635 1799 3012 1871 episcopatum
3056 1801 3285 1856 amittat.

2261 1894 2398 1962 Quia
2429 1911 2557 1951 vero
2598 1897 2739 1967 apud
2790 1913 2848 1952 se
2895 1899 3112 1954 humilis
3161 1908 3214 1955 et
3263 1900 3550 1966 discretus,
3603 1899 3788 1956 sciens

2188 1982 2497 2054 scriptum:
2551 1987 2781 2053 Tempus
2829 1989 3073 2054 tacendi,
3123 1991 3181 2043 et
3248 1992 3468 2060 tempus
3527 1989 3794 2062 loquendi

2189 2072 2392 2139 (Eccle.
2427 2087 2509 2142 ιιι,
2541 2074 2618 2142 '7),
2653 2074 2915 2146 gloriatur
2943 2075 2997 2129 in
3045 2076 3297 2144 Domino,
3338 2077 3528 2133 dicens
3561 2095 3573 2131 :
3625 2077 3792 2132 Dedit

2187 2159 2318 2214 mihi
2352 2160 2618 2216 Dominus
2648 2161 2889 2234 linguam
2921 2164 3203 2231 eruditam,
3237 2171 3296 2219 ut
3325 2165 3494 2221 sciam
3539 2165 3594 2219 in
3641 2173 3788 2221 tem-

2187 2261 2318 2318 pore
2347 2248 2593 2318 proferre
2623 2267 2949 2318 sermonem,
3002 2252 3273 2308 succincte
3316 2253 3414 2308 tibi
3455 2254 3788 2325 respondeo,

2189 2336 2314 2406 quia
2344 2345 2585 2392 nostrum
2609 2337 2892 2410 judicium,
2913 2356 3012 2410 per
3031 2341 3248 2413 regulas
3269 2351 3602 2410 exsecutum,
3625 2343 3790 2398 sedes

2185 2420 2454 2490 postolica
2485 2438 2594 2476 non
2623 2425 2856 2479 cassavit
2901 2442 2914 2477 :
2965 2426 3062 2480 sed
3105 2427 3369 2492 Rothado,
3415 2428 3507 2496 qui
3549 2427 3620 2481 ad
3665 2442 3794 2482 eam

2188 2507 2316 2564 fecit
2349 2509 2682 2582 confugium,
2717 2512 2991 2568 humiliter
3035 2515 3282 2584 poscenti
3314 2514 3588 2586 (quoniam
3619 2515 3788 2592 legati

2191 2597 2384 2662 nostri,
2419 2598 2508 2668 qui
2540 2613 2758 2653 causam
2791 2601 2908 2669 ejus
2939 2603 3385 2669 examinavimus,
3417 2619 3538 2659 cum
3570 2603 3787 2673 litteris,

2189 2684 2328 2739 sicut
2357 2686 2682 2757 precipiunt
2709 2702 2969 2756 canones,
2999 2690 3152 2761 prius
3182 2707 3292 2746 non
3322 2701 3588 2748 venerunt
3607 2693 3792 2748 clusas

2187 2773 2424 2828 transire
2459 2775 2734 2844 prohibiti,
2767 2793 2927 2848 quam
2958 2779 3026 2832 ab
3057 2794 3142 2846 eo,
3176 2781 3272 2834 sed
3303 2787 3354 2835 et
3383 2781 3452 2835 ab
3500 2779 3620 2835 aliis
3665 2780 3793 2852 plu-

2188 2860 2361 2927 rimis,
2395 2865 2806 2935 suggestionem
2835 2865 2962 2921 inde
2994 2867 3336 2940 susciperet),
3371 2868 3510 2924 sicut
3541 2885 3638 2924 suo
3693 2885 3794 2924 sa-

2188 2948 2528 3018 pientissimo
2584 2951 2814 3006 consilio
2855 2954 3139 3022 judicavit,
3190 2956 3368 3011 solatii
3398 2956 3796 3030 benignitatem

2189 3035 2470 3107 impendit.
2504 3059 2532 3094 α
2578 3040 2854 3106 Quoniam
2903 3045 3197 3108 universae,
3251 3045 3423 3116 inquit
3468 3045 3576 3101 Leo
3622 3061 3792 3118 papa,

867 3096 906 3116 ν
1345 3096 1359 3112 ν
1389 3096 1504 3101 ----
1531 3096 1658 3101 ην-
1681 3096 1944 3116 ---τν---
1969 3096 2045 3102 η-
2072 3096 2084 3102 -
2265 3096 2282 3107 .
2581 3096 2612 3106 κ
3253 3096 3420 3116 ---ι---
3468 3096 3570 3101 --ν
3623 3096 3792 3118 μμ.

489 3133 804 3188 Imitantur
823 3133 990 3188 illum
1007 3135 1103 3205 qui
1124 3137 1260 3190 sunt
1280 3150 1354 3189 εχ
1369 3138 1534 3206 parte
1550 3135 1889 3207 ipsiu3(sap,
1905 3136 2087 3206 11,25),
2121 3096 2170 3159 Ο
2196 3126 2299 3180 viae
2329 3129 2559 3183 Domini
2589 3131 2981 3187 misericordia
3011 3137 3068 3188 et
3085 3135 3310 3200 veritas,
3337 3135 3586 3206 cogimur
3602 3149 3800 3191 secun-

485 3219 640 3276 Unde
670 3221 716 3274 si
745 3220 996 3291 gloriaris
1037 3221 1164 3292 quia
1195 3230 1382 3277 contra
1413 3239 1500 3276 me
1539 3231 1734 3290 tumes,
1761 3239 1957 3295 meque
1999 3232 2088 3279 tu-

487 3307 690 3362 mendo
719 3309 1042 3374 contemnis,
1075 3325 1142 3366 ac
1173 3325 1272 3381 per
1301 3311 1406 3366 hoc
1435 3310 1536 3366 Dei
1565 3311 1889 3366 ordinationi
1947 3312 2090 3367 resi-

499 3396 616 3463 stis,
652 3397 909 3468 quoniam
938 3398 1252 3467 humilibus,
1285 3399 1481 3470 quibus
1511 3401 1657 3454 Deus
1701 3399 1793 3454 dat
1839 3401 2089 3471 gratiam,

495 3493 549 3540 et
575 3501 677 3556 pro
708 3488 934 3542 veritate
961 3486 1331 3558 loquentibus,
1366 3495 1418 3542 et
1447 3488 1531 3542 his
1554 3487 1646 3559 qui
1674 3495 1864 3544 contra
1891 3489 2092 3545 verita-

495 3581 606 3628 tem
638 3591 697 3629 se
742 3574 956 3647 erigunt
1004 3575 1401 3642 resistentibus,
1453 3577 1698 3647 aperitur
1743 3577 1962 3644 ccelum,
2007 3577 2094 3633 vel

493 3663 703 3718 occulta
731 3663 890 3718 nobis
920 3663 1006 3718 vel
1034 3663 1323 3718 manifesta
1350 3663 1534 3719 divina
1563 3665 1897 3734 operatione,
1957 3665 2096 3721 sicut

492 3749 562 3806 de
592 3750 754 3806 beato
777 3751 1052 3821 Stephano
1073 3751 1308 3822 legimus
1326 3752 1470 3820 (Act.
1491 3753 1548 3822 ’7)
1573 3770 1586 3806 :
1613 3753 2090 3823 Superbisautem,

492 3839 690 3910 quibus
721 3840 868 3894 Deus
899 3839 1118 3907 resistit,
1145 3847 1198 3893 et
1217 3840 1319 3894 Dei
1341 3839 1668 3895 ordinationi
1689 3842 2091 3908 resistentibus,

499 3934 795 3998 contraque
822 3925 1058 3994 majores
1089 3942 1218 3982 suos
1251 3927 1602 3994 tumentibus,
1635 3929 1720 3984 vel
1750 3931 1962 3986 occulta
1990 3947 2094 3986 no-

493 4013 580 4068 bis
607 4013 696 4068 vel
725 4013 1005 4068 manifesta
1034 4013 1218 4070 divina
1248 4016 1564 4086 operatione
1611 4016 1854 4073 infernus
1909 4019 2094 4090 aperi-

496 4106 601 4166 tur,
649 4097 787 4155 sicut
829 4099 897 4155 de
948 4101 1143 4170 Chore,
1197 4103 1408 4158 Dathan
1465 4112 1520 4159 et
1575 4105 1778 4162 Abiron
1861 4105 2095 4179 legimus

500 4187 690 4258 (Num.
708 4189 817 4258 16),
851 4205 988 4259 quos
1016 4191 1330 4246 dehiscente
1360 4192 1460 4246 sub
1481 4193 1712 4262 pedibus
1741 4209 1930 4249 eorum
1952 4193 2122 4250 terra

501 4274 750 4330 infernus
776 4277 1072 4332 absorbuit.
1104 4279 1390 4334 Dementia
1421 4295 1634 4352 quoque
1664 4290 1776 4348 tua,
1832 4283 1910 4338 sic
1954 4283 2096 4338 enim

503 4368 730 4416 vocatur
756 4375 788 4416 a
819 4361 1088 4432 plurimis,
1117 4379 1217 4433 per
1245 4379 1340 4418 ora
1370 4364 1664 4420 multorum
1697 4365 1901 4434 volitat,
1918 4367 2098 4423 dicen-

2192 3213 2324 3268 dum
2354 3215 2504 3270 sedis
2537 3217 2850 3287 apostolicae
2877 3220 3150 3290 pietatem,
3183 3219 3258 3276 ita
3295 3230 3536 3277 nostram
3583 3232 3804 3295 tempe-

2191 3317 2310 3357 rare
2339 3305 2684 3372 sententiam,
2743 3314 2801 3361 ut
2857 3307 3114 3364 trutinato
3159 3309 3402 3382 pondere
3447 3311 3794 3380 delictorum,

2194 3407 2315 3461 quae
2347 3400 2595 3448 constant
2636 3409 2747 3450 non
2802 3395 2961 3450 unius
3017 3413 3141 3453 esse
3195 3415 3484 3467 mensurae,
3543 3401 3801 3472 quaedam

2193 3477 2522 3535 diﬂiniamus
2555 3490 2828 3554 utcunque
2857 3483 3160 3554 toleranda,
3195 3487 3448 3557 quaedam
3475 3504 3607 3544 vero
3636 3489 3796 3560 peni-

2193 3573 2278 3621 tus
2307 3570 2638 3638 amputanda
2673 3586 2684 3625 :
2721 3579 2774 3625 et
2803 3573 3053 3628 remissio
3083 3575 3290 3645 peccati
3335 3592 3444 3632 non
3484 3577 3576 3632 dat
3615 3577 3796 3634 licen-

2193 3654 2324 3708 tiam
2353 3655 2725 3728 delinquendi,
2759 3675 2860 3715 nec
2917 3662 3062 3732 quod
3117 3663 3288 3733 potuit
3343 3665 3526 3736 aliqua
3583 3666 3798 3722 ratione

2195 3743 2462 3813 concedi,.
2494 3746 2724 3816 amplius
2766 3749 3033 3818 patiemur
3091 3751 3312 3821 impune
3375 3753 3656 3810 committi.
3727 3755 3800 3810 Et

2193 3839 2382 3886 nostra
2411 3833 2753 3901 unanimitas,
2788 3843 2844 3890 ut
2873 3853 2975 3908 par
3004 3847 3084 3893 est
3116 3847 3168 3895 et
3205 3841 3408 3912 regulae
3453 3842 3796 3914 praecipiunt,

2195 3920 2582 3976 venerabiliter
2612 3938 2678 3979 ac
2707 3925 2984 3981 humiliter
3039 3929 3398 3998 praecellentis
3453 3932 3797 3987 auctoritatis

2195 4006 2474 4064 decretum
2505 4013 2818 4081 apostolica}
2849 4015 2998 4070 sedis
3030 4016 3161 4086 (cui,
3183 4025 3238 4072 ut
3285 4019 3634 4075 Innocentius
3659 4019 3800 4076 scri-

2197 4095 2293 4164 bit,
2325 4096 2381 4151 in
2411 4099 2666 4154 omnibus
2695 4102 2876 4156 causis
2907 4103 3068 4159 debet
3100 4107 3405 4162 reverentia
3435 4107 3716 4176 custodiri,
3743 4117 3808 4164 et

2196 4183 2266 4238 ad
2295 4200 2458 4256 quam
2489 4187 2556 4242 de
2585 4189 2882 4258 majoribus
2914 4191 3113 4259 causis,
3149 4194 3195 4249 si
3223 4194 3420 4250 fuerint
3447 4195 3503 4250 in
3556 4196 3801 4252 medium

2197 4272 2486 4344 devoluta},
2519 4275 2661 4332 sicut
2690 4279 2931 4350 synodus
2963 4281 3163 4348 statuit,
3195 4291 3246 4338 et
3272 4291 3426 4338 vetus
3457 4285 3802 4343 consuetudo

2199 4361 2384 4433 exigit,
2405 4373 2529 4434 post
2555 4365 2820 4434 judicium
2859 4369 3170 4442 episcopale
3207 4371 3370 4426 debet
3397 4371 3607 4442 referri,
3659 4372 3808 4430 sicut

503 4448 639 4504 tium
667 4457 720 4505 te
751 4450 905 4520 quasi
935 4459 1114 4506 mente
1143 4461 1360 4522 captum
1405 4453 1784 4522 disseminare,
1842 4456 2098 4527 quoniam
2127 4448 2178 4508 D
2203 4459 2254 4504 et
2285 4451 2607 4523 scribentes,
2639 4455 2948 4512 Bonifacius
2977 4459 3046 4513 ad
3089 4459 3420 4529 Gallicanos,
3474 4469 3526 4516 et
3572 4462 3679 4517 Leo
3733 4462 3810 4519 ad

505 4537 552 4592 si
581 4537 649 4594 de
680 4537 862 4610 aliqua
890 4554 1050 4593 causa
1079 4545 1130 4593 te
1160 4539 1216 4593 in
1245 4541 1454 4611 synodo
1483 4542 1903 4613 compellavero,
1936 4545 1981 4599 si
2011 4545 2097 4599 vi—

507 4641 629 4682 sum
655 4626 754 4682 tibi
783 4642 894 4682 non
925 4626 1107 4692 fuerit,
1139 4628 1272 4682 mihi
1314 4643 1424 4685 non
1469 4631 1847 4700 respondebis,
1897 4647 2000 4703 pro
2033 4648 2098 4688 eo

505 4714 652 4786 quod
673 4715 784 4784 jam
817 4715 925 4770 duo
981 4731 1106 4772 mea
1158 4715 1361 4784 judicia
1417 4733 1449 4772 a
1488 4719 1618 4773 sede
1659 4719 1954 4790 apostolica
1995 4721 2100 4774 sint

507 4809 736 4858 cessata.
771 4803 925 4858 Unde
943 4805 1037 4860 tibi
1057 4803 1308 4871 breviter,
1333 4805 1508 4877 potius
1530 4805 1911 4879 significando,
1936 4823 2098 4880 quam

505 4889 729 4961 plenam
757 4891 1018 4947 rationem
1051 4893 1351 4960 reddendo,
1385 4894 1572 4950 censui
1601 4895 1950 4966 respondere,
2002 4897 2099 4953 do-

505 4993 608 5033 nec
637 4985 731 5032 aut
759 4977 876 5049 ipse
906 4968 1038 5034 mihi
1067 4982 1171 5038 hoc
1199 4982 1348 5038 dicas
1379 4981 1434 5036 in
1464 4983 1697 5054 synodo,
1729 4985 1978 5054 autquod
2001 5000 2101 5039 nu-

503 5065 577 5121 do
607 5081 862 5121 sermone
893 5067 1092 5123 diceris
1122 5085 1418 5136 susurrare,
1452 5071 1730 5142 alligatum
1761 5073 1959 5142 scripto
1997 5072 2098 5128 de-

503 5151 725 5221 liberes,
759 5155 904 5226 quod
933 5170 1042 5211 non
1074 5158 1303 5226 aestimo,
1337 5145 1582 5214 intimare
1631 5159 1798 5231 (nam,
1849 5167 1904 5214 ut
1954 5161 2101 5216 Scri-

503 5251 656 5314 ptura
677 5243 808 5299 dicit
833 5261 845 5298 ε
861 5245 1074 5299 Parata
1087 5246 1816 5318 suntdcrisoribusjudicio,
1835 5252 1890 5304 ct
1901 5249 2102 5304 mallei

503 5333 889 5402 percutientes
927 5334 1233 5389 stultorum
1265 5335 1583 5406 corporibus
1619 5335 1797 5406 [Prov.
1829 5351 1953 5403 xxx,
1985 5335 2096 5409 29],

504 5417 680 5475 habeo
709 5421 836 5476 hinc
867 5421 1384 5491 paratasjudiciales
1433 5423 1745 5490 sententias,
1779 5423 2098 5482 malleorum

505 5504 624 5568 vice
667 5509 865 5564 cordiae
909 5518 1021 5570 tuae
1061 5509 1341 5566 stultitiam
1417 5511 1805 5581 percutientes,
1866 5515 1912 5569 si
1961 5513 2097 5570 ratio

2198 4541 2570 4606 Anastasium,
2604 4551 2656 4597 et
2687 4544 2756 4598 ad
2787 4545 3008 4600 Mauros
3066 4547 3374 4620 episcopos,
3409 4550 3802 4624 decreverunt)

2197 4628 2314 4683 sine
2343 4628 2449 4682 ulla
2475 4631 2817 4686 contentione
2847 4633 2934 4688 vel
2961 4636 3314 4693 resultatione
3344 4639 3600 4710 suscepit,
3649 4655 3811 4712 quo—,

2194 4716 2340 4770 niam
2355 4717 2434 4772 sic
2453 4726 2504 4771 et
2519 4720 2760 4789 synodus
2776 4721 2982 4790 statuit,
2999 4731 3227 4779 etvetus
3247 4728 3582 4783 consuetudo
3604 4729 3804 4802 exigit.

2198 4803 2469 4872 Quoniam
2483 4806 2706 4876 quidem
2718 4823 2874 4864 sacra
2887 4817 2939 4864 et
2951 4811 3181 4880 mystica
3197 4811 3416 4869 Nicaena
3429 4818 3687 4886 synodus,
3707 4820 3808 4874 cui

2197 4887 2360 4946 cessit
2408 4895 2463 4948 in
2513 4893 2748 4949 decretis
2793 4898 3148 4967 synodalibus
3178 4901 3356 4956 omnis
3402 4903 3717 4971 antiquitas,
3754 4915 3813 4963 et

2199 4994 2361 5049 quam
2391 4981 2444 5034 in
2477 4981 2603 5036 ﬁdei
2650 4981 2988 5054 diﬁinitione,
3035 4987 3122 5043 vel
3161 4988 3345 5062 legum
3392 4990 3612 5058 latione,
3659 5009 3808 5048 con-

2197 5067 2401 5124 vellere
2447 5085 2554 5125 non
2592 5074 2940 5145 praesumpsit
3007 5077 3279 5134 catholica
3326 5079 3436 5134 ulla
3479 5083 3804 5151 posteritas,

2198 5167 2532 5230 suggerente
2563 5159 2664 5214 sibi
2696 5170 2886 5218 sancto
2918 5164 3120 5234 Spiritu
3153 5167 3362 5222 censuit
3405 5169 3557 5238 (can.
3611 5171 3684 5239 6).
3731 5173 3810 5229 Ut

2199 5247 2496 5302 secundum
2551 5249 2829 5322 antiquam
2879 5253 3350 5322 consuetudinem,
3396 5256 3810 5315 Alexandrinus

2199 5335 2486 5407 episcOpus
2519 5353 2742 5394 suorum
2774 5340 3018 5395 omnium
3050 5341 3244 5397 habeat
3273 5351 3620 5414 potestatem,
3670 5348 3806 5417 quia

2200 5430 2254 5479 et
2283 5424 2542 5496 episcopo
2572 5427 2818 5484 Romano
2873 5429 3063 5501 parilis
3115 5448 3235 5487 mos
3289 5441 3390 5488 est.
3457 5433 3717 5491 Similiter
3746 5444 3804 5492 et

2199 5521 2341 5593 apud
2371 5523 2714 5580 Antiochiam
2744 5534 3079 5599 ceterasque
3107 5530 3420 5602 provincias
3451 5531 3565 5588 suis
3623 5531 3802 5604 privi-
