4004 6176
216 265 317 321 305

935 261 1176 321 OPUSC.
1237 263 1326 320 ET
1370 263 1587 321 EPIST.
1647 264 1721 318 IN
1778 263 2005 322 CAUSA
2051 266 2393 326 HINCMARI
2440 269 2743 328 LAUDUN.

3428 273 3533 332 306

224 386 367 461 legia
395 393 693 443 serventur
719 384 1002 442 Ecclesiis.
1043 407 1065 435 ι
1098 387 1166 442 Et
1184 386 1311 443 inde
1340 394 1635 459 sequentes
1655 387 1834 445 sancti
1860 388 1917 449 A
1936 388 1983 443 si
2008 405 2237 448 necesse
2265 391 2343 447 illi
2371 391 2553 463 fuerit,
2585 394 2940 466 apostolicam
2988 396 3132 453 beati
3160 397 3304 453 Petri
3335 397 3525 456 sedem

227 492 491 542 canones,
526 484 580 532 et
605 475 662 530 in
692 474 929 532 decretis
959 476 1072 530 suis
1094 476 1354 532 Romanae
1374 477 1522 532 sedis
1552 476 1843 547 pontifices

228 563 727 638 promulgaverunt
757 562 1024 634 (leest.,
1058 580 1144 636 ep.
1184 567 1239 631 2,
1272 581 1323 620 c.
1358 566 1411 631 ις
1444 564 1642 631 Bonif.,
1676 581 1763 637 ep.
1784 569 1838 633 3;

229 669 390 709 conc.
457 652 744 723 Carthag.,
792 667 842 706 c.
903 654 990 718 16;
1024 650 1222 719 Bonif.,
1257 668 1343 725 ep.
1377 656 1432 719 2;
1466 651 1676 719 Innoc.,
1740 670 1831 725 ep.

227 741 474 805 ἄιεν-ειη
501 742 649 811 c.10)
676 754 691 794 :
719 760 742 789 ι
765 739 835 795 Ut
854 754 1194 812 unaquaeque
1224 740 1503 811 provincia
1520 756 1620 796 suo
1648 749 1844 797 metro-

227 828 474 900 politano
502 827 777 884 contentia
825 827 911 892 sit,
945 843 1047 883 nec
1093 828 1433 899 usurpationi
1477 829 1632 885 locus
1681 828 1841 885 alicui

230 916 511 973 sacerdoti
538 916 595 971 in
624 916 849 970 alterius
878 915 1209 971 concedatur
1252 916 1471 985 injuria.
1507 917 1588 973 Sit
1617 932 1842 974 conces-

235 1004 311 1059 sis
336 1004 445 1059 sibi
504 1011 791 1060 coutentus
843 1003 1216 1075 unusquisque
1269 1004 1551 1075 limitibus,
1593 1005 1733 1061 alter
1786 1006 1843 1060 in

232 1092 461 1148 alterius
488 1092 775 1163 provincia
801 1092 937 1146 nihil
965 1101 1276 1163 praesumat,
1308 1093 1405 1149 sed
1433 1093 1843 1165 metropolitani

232 1182 317 1237 sui
346 1197 689 1253 unaquaeque
716 1180 995 1252 provincia
1052 1181 1110 1236 in
1136 1181 1389 1236 omnibus
1418 1183 1581 1238 rebus
1617 1183 1841 1237 ordina—

234 1272 441 1326 tionem
472 1285 693 1341 semper
720 1277 1018 1341 exspectet.
1050 1269 1120 1324 Et
1176 1270 1422 1342 quisquis
1462 1271 1841 1343 episcOporum

234 1368 543 1423 accusatur,
578 1358 650 1413 ad
678 1358 966 1429 primatem
991 1357 1285 1429 provinciae
1314 1358 1486 1429 ipsius
1533 1359 1840 1415 accusatio-

236 1465 365 1504 nem
393 1446 610 1503 deferat
637 1455 942 1513 accusator,
975 1454 1028 1502 et
1070 1456 1356 1503 accusatus
1384 1448 1475 1503 die
1522 1456 1720 1503 statuta
1746 1448 1840 1503 lit-

235 1536 367 1592 teris
396 1536 726 1608 regulariter
782 1543 1059 1601 evocatus,
1120 1552 1362 1607 przesens
1392 1536 1439 1590 si
1495 1535 1715 1592 confidit
1771 1536 1841 1591 ad

239 1625 449 1694 objecta
479 1623 832 1695 respondeat.
866 1623 974 1678 Sed
1004 1631 1057 1679 et
1087 1624 1133 1678 si
1158 1640 1279 1696 quae
1309 1640 1488 1680 causae
1503 1625 1588 1680 vel
1619 1632 1843 1681 conten-

1937 477 2190 548 appellet,
2221 488 2427 536 etcum
2455 482 2821 552 appellatione
2884 499 2982 539 sua
3028 485 3097 541 ad
3155 500 3530 543 successorem

1937 560 2081 616 illius
2109 561 2404 634 confugiat,
2436 573 2494 619 ut
2524 566 2661 637 ipse,
2693 567 2762 622 de
2791 567 3206 638 provincialium
3248 578 3533 642 metropo-

1937 647 2224 705 litanarum
2253 652 2467 709 sedium
2491 660 2654 726 atque
2684 655 3063 727 episcoporum
3085 650 3327 729 judiciis,
3359 658 3533 715 mise-

1939 736 2114 793 ricors
2142 746 2195 794 et
2225 739 2431 808 justum
2469 741 2731 798 decernat
2779 744 3064 812 judicium,
3124 746 3249 818 quia
3276 746 3334 801 in
3388 746 3531 803 illius

1938 824 2173 895 primatu
2203 826 2322 897 ipse
2347 827 2542 885 beatus
2571 830 2763 886 Petrus
2791 839 3109 888 cunctorum
3136 849 3305 890 onera
3332 842 3530 905 portat,

1940 914 2091 982 cujus
2110 914 2437 986 principatus
2462 918 2779 975 auctoritate
2836 919 3105 977 mediator
3134 920 3231 976 Dei
3264 929 3317 977 et
3353 922 3537 978 homi-

1939 1017 2070 1057 num
2096 1003 2262 1059 homo
2290 1003 2537 1061 Christus
2570 1006 2726 1062 Jesus
2782 1008 2971 1063 sedem
3027 1009 3326 1065 Romanam
3370 1025 3537 1081 super

1939 1105 2131 1146 omnes
2169 1091 2333 1147 sedes
2388 1092 2710 1160 sublimavit,
2770 1095 3190 1153 Alexandrinam
3232 1097 3532 1163 decoravit,

1940 1177 2334 1235 Antiochenam
2365 1179 2721 1249 continuavit,
2754 1190 2806 1238 et
2833 1200 2933 1254 per
2961 1193 3189 1241 cteteras
3219 1185 3533 1256 provincias

1939 1266 2225 1340 privilegia
2250 1269 2364 1323 suis
2391 1269 2656 1325 Ecclesiis
2712 1272 3023 1327 conservari
3070 1288 3133 1329 ac
3188 1273 3535 1330 corroborari

1939 1353 2202 1410 decrevit.
2239 1355 2500 1412 Ordinem
2529 1366 2709 1414 autem
2758 1360 3090 1431 exsequendi
3112 1361 3301 1429 judicii
3336 1361 3405 1418 de
3432 1377 3536 1432 ap-

1937 1442 2173 1513 pellante
2202 1444 2462 1518 episcopo
2504 1446 2649 1502 idem
2678 1447 2966 1504 concilium
3007 1447 3260 1519 explanat
3301 1448 3490 1506 dicens
3521 1466 3537 1504 :

1945 1551 1968 1580 ι
2002 1530 2205 1587 Placuit
2242 1540 2296 1587 ut
2327 1533 2373 1588 si
2419 1534 2710 1607 episcopus
2759 1542 3047 1592 accusatus
3076 1535 3256 1603 fuerit,
3308 1544 3361 1593 et
3384 1537 3536 1607 judi-

1940 1619 2184 1675 caverint
2215 1622 2538 1693 congregati
2577 1623 2818 1695 episcOpi
2865 1624 3120 1696 regionis
3150 1625 3341 1697 ipsius,
3380 1633 3432 1680 et
3469 1624 3539 1682 de

239 1713 415 1768 tiones
464 1713 611 1767 inter
636 1712 881 1783 {clericos
911 1720 1019 1767 tam
1067 1712 1362 1783 superioris
1418 1712 1624 1768 ordinis
1678 1728 1840 1784 quam
1870 1739 1925 1800 Β
1945 1708 2119 1779 gradu
2149 1724 2248 1763 suo
2278 1725 2401 1764 eum
2422 1710 2738 1779 dejecerint,
2772 1714 2818 1766 si
2856 1712 3216 1784 appellaverit
3261 1712 3355 1784 qui
3383 1712 3540 1781 deje-

242 1803 403 1858 etiam
433 1800 714 1855 inferioris
743 1799 944 1855 fuerint
971 1808 1188 1867 exortae,
1221 1801 1565 1874 congregatis
1599 1802 1843 1870 ejusdem

238 1889 540 1962 provincias
569 1889 864 1960 episcopis,
891 1889 1131 1961 jurgium
1155 1890 1470 1945 terminetur
1504 1907 1516 1945 :
1551 1905 1654 1946 nec
1683 1890 1843 1945 alicui

242 1979 425 2045 liceat,
461 1977 673 2033 relictis
700 1978 787 2032 his
817 1977 1214 2044 sacerdotibus,
1268 1978 1358 2051 qui
1405 1978 1461 2032 in
1490 1978 1685 2034 eadem
1711 1993 1843 2049 pro—

238 2067 418 2123 vincia
448 2066 553 2121 Dei
584 2066 892 2122 Ecclesium
913 2073 1045 2121 nutu
1071 2066 1257 2121 divino
1274 2066 1599 2138 gubernant,
1622 2067 1691 2121 ad
1709 2067 1845 2121 alias

240 2155 535 2212 convolare
566 2154 894 2225 provincias.
934 2177 956 2199 ι

287 2244 508 2299 Eodem
538 2250 727 2298 sancto
757 2242 959 2313 Spiritu
989 2242 1309 2314 inspirante,
1341 2258 1449 2314 quo
1478 2250 1531 2298 et
1560 2242 1847 2314 praemissa

237 2332 474 2387 diversis
506 2332 698 2386 oribus
727 2331 1068 2403 diversisque
1084 2332 1421 2402 temporibus
1452 2332 1670 2388 decreta
1700 2339 1844 2400 sunt,

237 2420 613 2477 venerandum
633 2419 959 2475 Sardiceuse
988 2419 1271 2475 concilium
1304 2420 1488 2475 statuit
1508 2422 1687 2489 (conc.
1710 2422 1846 2475 Sar-

237 2510 367 2576 die.,
388 2525 515 2580 cap.
537 2512 595 2581 3)
616 2526 628 2562 :
653 2529 675 2558 ι
698 2509 764 2564 Ut
784 2508 905 2563 siin
921 2508 1100 2580 aliqua
1119 2507 1399 2579 provincia
1420 2509 1617 2580 aliquis
1637 2508 1848 2579 episco-

236 2615 334 2672 pus
365 2607 563 2654 contra
590 2596 811 2652 fratrem
858 2612 1014 2651 suum
1043 2598 1360 2668 episcopum
1384 2598 1532 2652 litem
1571 2598 1843 2663 habuerit,

240 2703 307 2742 ne
337 2703 484 2741 unus
517 2702 547 2741 e
570 2685 784 2740 duobus
815 2701 878 2740 ex
910 2685 1012 2740 alia
1061 2686 1338 2756 provincia
1369 2686 1597 2742 advocet
1637 2687 1847 2756 episco-

237 2792 365 2847 pum
394 2774 760 2847 cognitorem.
785 2774 945 2843 Quod
976 2773 1022 2827 si
1052 2773 1248 2845 aliquis
1269 2774 1557 2845 episcOpus
1575 2774 1847 2843 judicatus

241 2863 396 2919 fuerit
425 2864 486 2918 iu
513 2863 696 2935 aliqua
738 2878 922 2929 causa,
970 2871 1022 2918 et
1074 2870 1226 2934 putat
1266 2879 1326 2917 se
1376 2863 1573 2918 bonam
1623 2878 1846 2918 causam

237 2955 442 3008 habere
474 2961 531 3007 ut
558 2953 759 3007 iterum
786 2951 1073 3007 concilium
1105 2958 1417 3019 renovetur,
1482 2951 1653 3007 sancti
1701 2952 1846 3005 Petri

244 3041 475 3114 apostoli
532 3040 645 3113 (cui
703 3041 773 3095 ob
829 3040 996 3094 robur
1046 3038 1392 3095 solidissima:
1420 3038 1547 3095 fidei
1601 3038 1848 3094 Christus

241 3140 393 3202 petra
421 3146 456 3186 a
477 3146 539 3185 se
560 3145 763 3184 nomen
784 3129 928 3184 Petri
948 3128 1160 3195 indidit,
1190 3127 1412 3183 dicens:
1434 3129 1510 3183 Tu
1531 3144 1587 3184 es
1622 3130 1844 3195 Petrus,

245 3225 301 3276 et
325 3236 498 3292 super
529 3220 678 3273 hanc
704 3222 950 3290 petram,
974 3217 1182 3273 scilicet
1209 3225 1375 3272 recta:
1392 3215 1536 3283 ﬁdei,
1562 3232 1726 3288 quam
1746 3218 1847 3271 Pa-

247 3317 322 3363 tre
350 3308 448 3362 tibi
471 3306 753 3362 revelante
770 3306 1055 3361 confessus
1085 3322 1166 3373 es,
1227 3306 1507 3375 aediﬁcabo
1534 3307 1847 3361 Ecclesium

247 3415 451 3464 meam,
472 3401 532 3452 et
547 3396 651 3451 tibi
667 3396 802 3451 dabo
813 3396 995 3451 claves
1017 3395 1176 3466 regni
1195 3395 1465 3449 caelorum
1482 3392 1700 3465 [Matth.
1724 3409 1843 3461 rm,

251 3486 450 3558 18,19];
475 3492 531 3539 et
562 3501 577 3538 :
608 3486 686 3540 Tu
700 3484 1003 3557 aliquando
1022 3499 1322 3539 conversus
1343 3482 1617 3551 conﬁrma
1636 3485 1848 3553 fratres

249 3581 364 3632 tuos
392 3575 555 3648 [Luc.
608 3588 753 3639 xxxi,
805 3571 936 3644 32];
965 3571 1219 3627 videlicet
1274 3574 1446 3627 Pasce
1503 3586 1627 3626 oves
1693 3587 1849 3626 meas

244 3665 581 3738 [Joan.xx1,
628 3660 1085 3733 26],memoriam
1128 3660 1383 3716 honorari
1433 3658 1729 3715 constituit.
1780 3660 1850 3715 Ut

248 3754 515 3809 scribatur
544 3753 726 3823 (conc.
786 3750 1025 3815 Sardic.,
1058 3764 1182 3804 can.
1216 3752 1267 3817 3,
1305 3749 1358 3819 4)
1388 3748 1458 3802 ab
1479 3747 1565 3803 his
1593 3747 1684 3818 qui
1715 3763 1848 3804 cau-

247 3858 361 3898 sam
387 3841 772 3897 examinarunt
800 3839 1044 3894 Romano
1061 3836 1338 3908 episcopo,
1360 3844 1414 3891 et
1443 3836 1489 3890 si
1527 3835 1851 3906 judicaverit

247 3930 624 3987 renovandum
645 3944 768 3983 esse
791 3927 1076 3997 judicium,
1103 3933 1398 3981 renovetur
1416 3933 1467 3981 et
1489 3926 1581 3980 det
1595 3925 1846 3994 judices;

250 4019 293 4073 si
318 4027 505 4074 autem
560 4016 875 4089 probaverit
899 4016 1079 4087 ,talem
1108 4031 1232 4070 esse
1260 4029 1501 4079 causam,
1535 4021 1592 4069 ut
1620 4029 1729 4068 non
1760 4029 1850 4068 re-

250 4107 507 4163 fricentur
536 4122 660 4179 quae
687 4114 811 4161 acta
840 4113 983 4170 sunt,
1020 4120 1140 4176 quae
1182 4102 1490 4158 decreverit
1536 4100 1854 4157 confirmata

250 4204 422 4251 erunt.
453 4196 527 4250 Et
585 4210 710 4250 cum
748 4193 945 4265 aliquis
1008 4192 1297 4263 episcopus
1352 4190 1642 4261 depositus.
1692 4188 1854 4244 fuerit

248 4302 437 4342 eorum
488 4284 875 4355 episcoporum
922 4281 1148 4351 judicio,
1208 4280 1300 4353 qui
1356 4279 1413 4333 in
1468 4278 1658 4335 vicinis
1716 4278 1853 4335 locis

248 4381 675 4439 commorantur,
711 4378 764 4427 et
794 4368 1209 4442 proclamaverit
1236 4368 1513 4442 agendum
1543 4366 1646 4421 sibi
1674 4382 1851 4440 uego-

1945 1804 2063 1852 ctus
2091 1804 2190 1862 est,
2225 1804 2277 1852 et
2305 1797 2610 1871 confugerit
2636 1801 2705 1855 ad
2726 1801 3029 1871 episcorum
3069 1802 3328 1858 Romana
3347 1800 3539 1857 Eccle-

1944 1885 2058 1954 size,
2090 1893 2143 1941 et
2170 1885 2399 1941 voluerit
2429 1903 2489 1941 se
2517 1888 2710 1954 audiri,
2757 1889 2803 1942 si
2834 1890 3040 1958 justum
3067 1890 3341 1960 putaverit
3368 1897 3426 1945 ut
3452 1905 3542 1946 re-

1944 1981 2173 2029 novetur
2199 1989 2448 2041 examen,
2481 1975 2726 2031 scribere
2753 1976 2838 2031 his
2868 1977 3141 2048 episcopis
3168 1977 3424 2048 dignetur
3452 1977 3545 2050 qui

1942 2061 1999 2116 in
2025 2061 2252 2117 ﬁnitima
2282 2071 2335 2119 et
2353 2064 2657 2136 propinqua
2694 2064 2977 2135 provincia
3022 2073 3163 2133 sunt,
3197 2073 3257 2120 ut
3286 2066 3389 2136 ipsi
3418 2065 3541 2121 dili-

1945 2156 2139 2222 genter
2184 2154 2405 2206 omnino
2459 2152 2756 2223 requirant,
2819 2160 2869 2208 et
2910 2154 3063 2222 juxta
3111 2153 3276 2209 fidem
3305 2152 3543 2210 veritatis

1946 2236 2223 2293 diﬂiuiant.
2248 2237 2405 2307 Quod
2438 2239 2483 2294 si
2511 2239 2558 2294 is
2620 2240 2711 2311 qui
2739 2248 2901 2313 rogat
2929 2256 3153 2297 causam
3183 2257 3337 2296 suam
3367 2241 3542 2297 audiri

1946 2325 2161 2391 iterum,
2186 2326 2570 2397 deprecatione
2600 2345 2695 2383 sua
2722 2319 2950 2385 moverit
2979 2329 3296 2401 episcOpum
3333 2331 3541 2386 Roma-

1948 2430 2097 2479 num,
2129 2422 2186 2469 ut
2241 2431 2272 2470 e
2316 2415 2487 2471 latere
2519 2432 2618 2472 suo
2670 2418 3045 2488 presbyterum
3098 2418 3293 2487 mittat,
3350 2417 3452 2473 erit
3487 2417 3543 2472 in

1948 2510 2213 2573 potestate
2261 2504 2505 2576 episcopi
2536 2505 2665 2576 quid
2695 2506 2841 2574 velit,
2879 2514 2931 2561 et
2960 2506 3092 2578 quid
3119 2506 3348 2561 aestimet
3380 2525 3393 2572 ;
3427 2513 3480 2562 et
3501 2506 3549 2560 si

1915 2591 2252 2649 .decreverit
2279 2593 2571 2648 mittendos
2600 2610 2723 2649 esse
2751 2594 2844 2665 qui
2892 2602 3193 2664 praesentes
3249 2610 3373 2649 cum
3423 2594 3545 2665 epi-

1950 2680 2131 2751 scopis
2191 2680 2453 2748 judicent,
2512 2682 2774 2737 habentes
2833 2683 2949 2750 ejus
2967 2682 3345 2737 auctoritatem
3376 2697 3537 2752 aquo

1950 2768 2204 2823 destinati
2232 2776 2377 2835 sunt,
2428 2769 2527 2824 erit
2583 2770 2640 2824 in
2667 2785 2766 2825 suo
2820 2770 3058 2825 arbitrio.
3116 2770 3172 2824 Si
3202 2786 3333 2825 vero
3360 2768 3545 2826 credi-

1950 2855 2092 2910 derit
2121 2857 2409 2928 episcopos
2439 2856 2704 2925 suﬂicere,
2772 2866 2830 2913 ut
2860 2858 3079 2931 negotio
3122 2859 3408 2914 terminum
3437 2859 3546 2913 im-

1949 2953 2169 3015 ponant,
2202 2944 2362 3001 faciet
2409 2946 2554 3018 quod
2597 2946 2999 3018 sapientissimo
3055 2947 3282 3004 consilio
3331 2947 3547 3017 judica-

1950 3033 2108 3088 verit.
2147 3056 2167 3082 υ

1872 3089 1921 3154 C
2024 3124 2169 3195 Lege
2217 3122 2502 3194 epistolam
2549 3124 2721 3196 ipsius
2790 3125 3130 3182 Sardiceusis
3201 3124 3417 3181 concilii
3482 3124 3551 3179 ad

1950 3226 2141 3266 omnes
2198 3227 2431 3283 usquam
2484 3212 2790 3284 episcopos,
2851 3220 2901 3268 et
2929 3213 3175 3269 invenies
3234 3214 3339 3269 hoc
3384 3213 3550 3269 modo

1950 3294 2305 3349 Athanasium
2334 3296 2781 3362 Alexandrinum,
2818 3303 2868 3352 et
2908 3296 3131 3351 Paulum
3164 3296 3553 3367 Constantino-

1949 3384 2268 3453 politanum,
2303 3384 2401 3438 sed
2430 3393 2483 3439 et
2508 3384 2646 3439 alios
2693 3384 3005 3455 apostolicae
3053 3384 3200 3439 sedis
3239 3384 3554 3440 auctoritate

1949 3472 2004 3526 in
2034 3472 2225 3526 eadem
2248 3473 2457 3543 synodo
2487 3472 2767 3527 absolutos
2824 3487 2889 3527 ac
2932 3472 3221 3527 restitutos.
3273 3473 3419 3545 Lege
3448 3472 3551 3528 de-

1950 3560 2204 3615 cretalem
2251 3560 2534 3630 epistolam
2561 3560 2756 3615 Leonis
2804 3561 2873 3614 ad
2911 3560 3201 3631 episcOpos
3230 3576 3331 3632 per
3369 3560 3547 3616 Caesa-

1951 3648 2189 3703 riensem
2247 3648 2620 3704 Mauritaniam
2681 3648 3000 3704 constitutos
3065 3650 3254 3721 (epist.
3323 3649 3433 3719 9i),
3495 3655 3550 3704 et

1950 3735 2197 3793 invenies
2219 3735 2863 3808 Lupicinum,secundum
2884 3738 3044 3806 hujus
3065 3738 3258 3809 synodi
3281 3737 3545 3805 tenorem,

1949 3825 2006 3881 in
2063 3826 2346 3896 provincia
2389 3826 2602 3895 jussum
2647 3825 2837 3892 audiri,
2897 3841 3023 3881 cum
3074 3826 3283 3882 ratione
3333 3825 3542 3882 reddita

1953 3931 2121 3987 quare
2150 3914 2587 3970 communionem
2616 3921 2741 3969 ante
2786 3914 3112 3971 suditionem
3154 3922 3442 3970 meruerat.
3482 3915 3554 3969 Et

1952 4018 2061 4058 non
2089 4002 2454 4075 prazjudicatis
2493 4002 2806 4074 apostolicae
2853 4003 3001 4058 sedis
3027 4003 3255 4069 statutis,
3284 4019 3386 4060 nec
3411 4019 3550 4075 pra:-

1952 4091 2303 4148 decessorum
2334 4107 2554 4146 suorum
2585 4090 2808 4163 suisque
2837 4091 3093 4157 decretis,
3127 4093 3396 4147 Donatum
3417 4091 3551 4148 Sali-

1952 4180 2232 4236 cinensem
2260 4195 2588 4236 conversum
2615 4179 2822 4236 directo
2866 4178 2993 4235 fidei
3022 4180 3205 4236 libello
3236 4180 3394 4253 gregi
3431 4180 3547 4235 Do-

1952 4268 2150 4324 minico
2205 4269 2548 4339 praesedisse.
2581 4268 2878 4323 Maximum
2908 4268 3089 4334 etiam,
3122 4284 3189 4322 ex
3217 4268 3355 4323 laico
3375 4283 3552 4339 repre-

1952 4356 2288 4413 hensibiliter
2313 4357 2640 4424 ordinatum,
2676 4355 2920 4410 similiter
2949 4356 3078 4410 dato
3093 4354 3298 4421 libello,
3329 4355 3398 4409 ab
3430 4356 3551 4425 epi-

246 4464 382 4519 tium
409 4463 466 4517 in
496 4462 634 4517 urbe
664 4441 856 4525 Roma,
881 4459 1018 4514 alter
1046 4441 1337 4530 episcopus
1385 4458 1439 4511 in
1485 4456 1730 4525 ejusdem
1760 4471 1850 4511 ca-
1880 4441 1933 4502 D
1955 4445 2180 4517 scopali,
2211 4461 2373 4515 quam
2403 4443 2784 4516 quoquomodo
2805 4443 3050 4514 adeptus.
3066 4442 3254 4510 fuerat,
3287 4442 3550 4515 dignitate

245 4552 459 4618 thedra,
492 4558 617 4623 post
648 4548 1074 4621 appellationem
1104 4548 1222 4617 ejus
1244 4546 1335 4618 qui
1364 4544 1577 4600 videtur
1605 4560 1727 4599 esse
1757 4544 1852 4599 de-

240 4640 476 4713 positus,
509 4638 733 4695 omnino
765 4653 874 4693 non
922 4636 1215 4705 ordinetur,
1261 4633 1366 4688 nisi
1415 4648 1579 4689 causa
1609 4632 1769 4688 fuerit
1797 4632 1853 4687 in

239 4728 451 4799 judicio
504 4726 750 4799 epiSCOpi
808 4725 1040 4782 Romani
1116 4722 1489 4779 determinata.
1552 4742 1573 4770 ι
1642 4721 1852 4776 Justum

245 4833 487 4889 namque
543 4832 611 4873 ac
668 4815 872 4870 ratione
926 4812 1303 4886 plenissimum
1348 4809 1667 4866 Sardicense
1721 4809 1855 4864 vidit

244 4906 560 4974 concilium,
597 4912 652 4960 ut
683 4904 807 4977 quia
836 4903 1137 4960 secundum
1186 4914 1371 4955 sacros
1399 4897 1651 4954 Nicaenos
1683 4913 1853 4953 cano-

245 5011 372 5061 nes,
407 5010 750 5067 uuaquaeque
786 4992 1067 5064 provincia
1112 5005 1211 5046 suo
1240 4986 1652 5058 metrOpolitano
1696 4986 1854 5041 debet

244 5099 376 5141 esse
404 5082 701 5148 contentia,
732 5098 834 5138 nec
854 5079 1193 5151 usurpationi
1222 5074 1553 5133 locusalicui
1581 5076 1855 5130 sacerdoti

243 5174 303 5227 in
335 5172 557 5228 alterius
586 5171 906 5239 conceditur
932 5169 1146 5239 injuria,
1179 5181 1356 5239 neque
1384 5172 1441 5219 ut
1467 5163 1604 5218 alter
1632 5163 1689 5218 in
1717 5163 1853 5219 alte-

240 5262 361 5316 rius
389 5259 676 5331 provincia
703 5259 958 5332 quiddam
1015 5263 1325 5329 praesumat,
1366 5252 1467 5308 sed
1520 5268 1855 5326 unaquaeque

246 5349 532 5423 provincia
565 5348 966 5420 metropolitani
995 5346 1080 5402 sui
1108 5347 1164 5401 in
1209 5343 1461 5401 omnibus
1491 5340 1655 5396 rebus
1703 5344 1855 5399 ordi-

244 5439 524 5498 nationem
543 5454 768 5509 semper
786 5445 1083 5509 exspectet,
1117 5453 1185 5491 ne
1225 5435 1499 5505 judicatus
1544 5432 1598 5489 in
1632 5433 1856 5506 provin-

247 5528 371 5586 ciali
393 5528 609 5599 judicio
640 5525 869 5601 quilibet
922 5526 1186 5587 innocens
1228 5525 1520 5585 damnetur
1539 5524 1852 5598 episcopus,

1952 4550 2061 4589 non
2110 4532 2320 4605 repelli.
2361 4532 2563 4605 Aggari
2614 4531 2848 4604 denique
2896 4540 2949 4587 et
2986 4530 3262 4585 Tiberiani
3305 4545 3547 4597 causam,

1952 4622 2045 4694 qui
2074 4637 2171 4693 per
2196 4620 2459 4676 tumultus
2502 4628 2554 4675 et
2585 4621 2881 4677 seditiones
2923 4619 3241 4676 dicebautur
3293 4617 3547 4684 ordinati,

1952 4709 2367 4782 provincialium
2380 4710 2763 4782 episcoporum
2787 4709 2991 4779 judicio
3017 4707 3366 4763 commissam
3382 4705 3553 4761 fuisse.

1954 4809 2006 4855 et
2032 4800 2103 4854 ad
2132 4800 2489 4871 apostolicam
2519 4800 2706 4855 sedem
2756 4805 2953 4852 statuta
3001 4794 3288 4849 referenda
3336 4810 3549 4865 praece-

1953 4897 2107 4961 ptum
2127 4888 2293 4944 fuisse
2337 4889 2601 4955 invenies,
2652 4896 2706 4941 et
2735 4886 2781 4940 si
2809 4901 2932 4957 quae
2980 4899 3160 4939 causae
3206 4882 3549 4951 emerserint,

1956 4994 2079 5050 qua:
2108 4978 2177 5032 ad
2207 4986 2402 5033 statum
2430 4975 2817 5037 Ecclesiarum,
2852 4979 2904 5027 et
2933 4972 3004 5027 ad
3033 4972 3385 5028 concordiam
3418 4989 3552 5044 per-

1955 5067 2162 5121 tineant
2191 5067 2557 5130 sacerdotum,
2587 5064 2643 5117 in
2669 5060 2947 5133 provincia
2978 5061 3081 5116 sub
3112 5061 3303 5117 timore
3335 5060 3551 5116 Domini

1955 5154 2225 5221 ventilari,
2260 5162 2311 5210 et
2340 5155 2407 5209 de
2438 5150 2751 5222 compositis
2780 5165 2846 5206 ac
2875 5150 3269 5222 componendis
3299 5149 3551 5205 omnibus

1954 5245 2023 5300 ad
2053 5244 2241 5300 sedem
2269 5240 2617 5313 apostolicam
2644 5237 3014 5311 plenissimam
3044 5238 3365 5294 relationem
3391 5236 3550 5307 mitti,

1956 5341 2013 5388 ut
2060 5348 2123 5387 ea
2152 5347 2273 5402 quas
2282 5331 2431 5399 juxta
2461 5327 2894 5385 ecclesiasticum
2920 5343 3132 5383 morem
3172 5328 3317 5395 juste
3347 5333 3400 5381 et
3458 5342 3550 5380 ra-

1955 5418 2282 5475 tionabiliter
2332 5416 2531 5471 fuerint
2585 5416 2828 5487 diﬂinita,
2862 5415 3032 5487 ipsius
3081 5414 3349 5469 sententia
3378 5415 3553 5471 robo-

1956 5524 2160 5576 rentur.
2216 5514 2323 5572 Sed
2352 5521 2405 5571 et
2434 5514 2501 5571 de
2532 5514 2704 5572 altero
2735 5513 2970 5571 Maximo
3000 5528 3032 5569 a
3052 5520 3240 5569 sancto
3268 5511 3547 5570 Bonifacio
