4088 6180
497 316 602 370 307

1276 309 1620 365 HINCMARI
1650 299 2052 362 RHEMENSIS
2081 295 2612 354 ARCIIIEPISCOPI

3690 287 3792 338 308

499 442 780 495 decretum
809 437 1053 494 invenies
1086 435 1346 507 (Bonifac.
1382 436 1423 500 l,
1447 435 1610 506 epist.
1642 432 1718 500 2),
1743 429 1920 484 «intra
1955 441 2083 497 pro-
2113 422 2256 483 Aad
2288 423 2433 478 diem
2463 422 2542 476 sui
2582 421 2760 476 obitus
2801 417 3028 472 deberet
3075 413 3305 478 retrudi,
3351 410 3542 466 viatico
3583 395 3792 462 tantum

497 527 734 584 vinciam
750 541 872 580 esse
889 525 1088 580 debere
1102 524 1386 592 judicium,
1401 529 1450 578 et
1461 519 1786 591 congregari
1801 515 2064 588 synodum
2075 558 2087 582 ,

501 623 560 672 ut
589 615 638 670 si
669 615 862 670 adesse
891 612 1124 668 voluerit
1152 627 1418 682 praesens,
1449 611 1495 664 si
1512 608 1753 674 confidit,
1785 607 1852 660 ad
1881 605 2091 672 objecta

501 703 828 776 respondeat
845 719 858 756 :
874 701 920 756 si
935 701 1130 757 adesse
1145 700 1468 772 negligeret,
1485 697 1798 752 dilationem
1809 692 2091 748 sententiae

506 794 574 848 de
591 791 838 848 absentia
865 805 972 844 non
987 790 1305 844 lucraretur.
1328 788 1398 842 Et
1419 786 1678 857 quidquid
1699 785 1768 840 de
1779 799 1844 840 eo
1871 781 2090 854 provin-

506 882 671 938 ciales
692 879 932 950 episcopi
946 880 1082 934 duce
1089 885 1204 933 rent
1217 875 1643 940 decernendum,
1659 874 1730 928 ad
1741 871 2092 943 apostolicam

506 969 694 1026 sedem
719 967 1004 1032 referrent,
1041 975 1098 1022 ut
1129 967 1247 1034 ejus
1277 964 1588 1020 auctoritate
1621 962 1944 1017 firmaretur.
1969 980 1991 1008 υ

557 1095 618 1149 In
645 1092 880 1148 decretis
901 1105 1119 1162 quoque
1149 1088 1448 1144 Innocentii
1483 1089 1783 1153 (lnnocent.
1817 1086 1858 1152 Ι,
1891 1101 1975 1156 ep.
2001 1085 2090 1150 2’7,

505 1184 562 1238 in
619 1180 749 1250 fine)
804 1180 1110 1244 Photinum,
1169 1177 1239 1232 de
1296 1191 1402 1247 quo
1460 1175 1576 1231 sedi
1629 1172 1939 1245 apostolicae
1996 1189 2096 1242 per

503 1270 702 1326 falsum
773 1283 1044 1322 rumorem
1107 1266 1422 1336 subreptum
1473 1271 1524 1318 et
1573 1263 1812 1318 elicitum
1856 1277 1956 1332 per
2007 1261 2094 1315 in~

501 1358 667 1414 sidias
697 1357 1000 1424 dicebatur,
1032 1355 1161 1426 quia
1188 1369 1350 1408 causa
1380 1353 1448 1407 ad
1473 1352 1697 1407 salutem
1728 1351 1983 1416 redierat,
2017 1350 2100 1404 in-

499 1446 690 1502 venies
719 1444 1042 1500 restitutum.
1077 1442 1184 1497 Sed
1215 1449 1266 1496 et
1293 1457 1324 1495 a
1353 1439 1529 1496 Felice
1586 1455 1726 1511 papa
1775 1437 1946 1506 (Felix
2004 1438 2094 1504 Ill,

503 1536 669 1607 epist.
705 1534 777 1602 4),
813 1547 922 1587 non
951 1547 1051 1602 per
1080 1529 1504 1602 subreptionem,
1567 1527 1664 1583 sed
1713 1544 1812 1598 per
1841 1527 2098 1581 rationem

505 1621 819 1676 damnatum
863 1620 1150 1686 Misenum,
1202 1625 1457 1688 suscepto
1506 1617 1576 1672 ab
1604 1631 1670 1672 eo
1707 1615 1890 1670 libello
1919 1614 2098 1685 poeni-

503 1705 704 1770 tentiae,
737 1704 972 1775 legimus
1000 1720 1030 1757 a
1059 1704 1218 1758 beato
1253 1701 1472 1757 Gelasio
1493 1701 1793 1755 absolutum
1825 1700 1910 1770 (in
1942 1715 2102 1769 syno-

506 1752 704 1770 --_--..,
737 1752 970 1775 --ο-η---
1003 1752 1030 1757 -
1060 1752 1214 1758 η---
1262 1752 1466 1757 HW---
1495 1752 1736 1755 ___--_..,
1829 1752 1843 1770 ._
1969 1752 1994 1769 ,,
2053 1752 2062 1754 -

505 1793 572 1850 d0
605 1797 755 1850 Rom.
755 1794 804 1864 ).
838 1793 898 1846 In
944 1799 1161 1864 regesto
1189 1791 1540 1846 nihilominus
1561 1789 1702 1843 beati
1741 1787 2020 1858 Gregorii,
2043 1786 2097 1840 in
2125 1776 2180 1838 B

503 1881 728 1953 epistola
758 1881 826 1935 ad
857 1880 1163 1946 Maximum,
1197 1878 1480 1934 manifesta
1509 1877 1741 1933 lectione
1761 1875 2000 1947 reperies
2021 1875 2102 1929 di-

502 1985 649 2037 cere,
683 1970 994 2025 nullomodo
1023 1985 1186 2040 posse
1206 1968 1622 2034 ordinationem,
1642 1981 1761 2037 quae
1790 1965 1856 2019 ab
1885 1980 2101 2020 excom-

502 2059 789 2115 municatis
818 2059 873 2112 in
905 2057 1372 2114 excommunicato
1394 2065 1476 2111 est
1505 2064 1652 2112 acta.
1691 2055 1761 2110 Et
1785 2054 1841 2108 in
1872 2053 2102 2123 epistola

502 2149 572 2204 ad
603 2147 922 2204 Columbum
943 2149 1061 2218 (lib.
1099 2163 1137 2214 ι,
1161 2150 1325 2219 epist.
1346 2145 1644 2214 33),oblata
1666 2145 1766 2198 sibi
1788 2143 2047 2214 petitione
2068 2157 2101 2197 a

505 2237 824 2293 diaconibus
865 2236 1126 2312 Ecclesia;
1170 2235 1539 2300 Pudentianaa,
1566 2233 1728 2302 jussit
1757 2233 1812 2286 in
1849 2231 2100 2287 Numidia

503 2326 784 2396 provincia
813 2341 938 2380 cum
967 2325 1136 2379 misso
1167 2339 1264 2379 suo
1293 2321 1602 2379 universale
1631 2321 1918 2377 concilium
1963 2334 2098 2374 con—

499 2413 742 2486 gregari,
794 2421 847 2467 et
917 2413 1299 2468 Maximianum
1379 2412 1694 2483 episcopum
1779 2408 2099 2480 regulariter

505 2501 811 2558 convictum
869 2501 1068 2573 deponi
1127 2519 1139 2554 :
1201 2509 1254 2556 et
1312 2501 1358 2554 si
1417 2507 1762 2556 accusatores
1833 2513 1934 2569 pro
2001 2511 2098 2550 sua

501 2590 663 2662 culpa
691 2589 922 2646 feriendi
953 2591 1148 2658 forent,
1181 2605 1278 2660 pro
1304 2603 1370 2645 eo
1399 2589 1543 2661 quod
1571 2605 1631 2644 se
1651 2589 1879 2644 Romam
1909 2585 2100 2656 fatiga-

503 2687 697 2734 verunt
725 2694 834 2735 non
866 2679 945 2734 eis
1001 2695 1124 2734 esse
1151 2680 1511 2750 parcendum.
1573 2679 1642 2732 Et
1671 2677 1726 2732 in
1765 2675 1993 2748 epistola
2031 2673 2096 2728 ad

499 2769 763 2824 Joannem
795 2769 1194 2838 Syracusanum
1227 2767 1344 2840 (lib.
1371 2783 1468 2834 vn,
1495 2768 1617 2823 ind.
1657 2770 1741 2832 11,
1777 2769 1940 2838 epist.
1983 2763 2092 2831 62),

501 2855 766 2912 Lucillum
811 2857 1128 2913 Melicitanae
1160 2856 1390 2922 civitatis
1447 2857 1780 2928 episcopum,
1842 2855 2097 2910 adhibitis

510 2960 696 3000 secum
717 2945 890 3000 tribus
910 2945 998 3000 vel
1023 2954 1251 3017 quatuor
1269 2945 1693 3017 coepiscOpis,ut
1711 2944 1844 3015 ipsis
1856 2960 2098 3014 praesen-

504 3031 652 3087 tibus
683 3033 957 3089 satisfacta
985 3035 1228 3104 veritate,
1260 3035 1460 3090 debere
1491 3033 1690 3104 deponi
1726 3050 1738 3086 :
1799 3039 1848 3086 et
1878 3032 2011 3086 alter
2042 3033 2096 3086 in

506 3121 624 3190 ejus
643 3122 764 3177 loco
795 3123 1075 3194 pmoipitur
1093 3123 1239 3194 eligi,
1266 3123 1413 3195 quia,
1433 3131 1490 3176 ut
1519 3123 1637 3193 ipse
1667 3122 1853 3176 beatus
1875 3119 2092 3191 Grego-
2124 3128 2174 3193 α

501 3209 616 3264 rius
641 3210 707 3264 ad
723 3211 1106 3282 Neapolitanos
1128 3212 1316 3266 scribit
1345 3212 1463 3282 (lib.
1489 3226 1570 3274 χι,
1606 3227 1692 3282 ep.
1716 3211 1791 3278 3),
1831 3231 1851 3259 α
1874 3210 2097 3265 canoni-

506 3297 585 3354 cis
614 3307 696 3354 est
720 3299 924 3372 regulis
967 3301 1334 3369 constitutum,
1384 3307 1441 3354 ut
1473 3298 1724 3354 defuncto
1771 3298 1859 3354 vel
1885 3297 2095 3354 sublato

503 3389 740 3458 pastore,
760 3389 1008 3446 Ecclesia
1037 3390 1129 3444 diu
1159 3389 1438 3444 sacerdote
1467 3387 1663 3458 privari
1687 3403 1798 3442 non
1824 3387 2040 3442 debeat.
2071 3408 2091 3437 ιν

505 3476 574 3531 Et
599 3476 656 3531 in
687 3477 916 3548 epistola
953 3479 1021 3534 ad
1049 3478 1301 3533 Natalem
1331 3477 1699 3532 Salonitanum
1727 3476 2096 3546 archiepisco-

506 3579 657 3636 pum,
692 3567 788 3622 sed
813 3575 866 3622 et
895 3568 950 3622 in
979 3567 1210 3639 epistola
1236 3567 1304 3621 ad
1337 3566 1664 3622 Antoninum
1708 3565 2099 3621 subdiaconum

509 3653 627 3723 (lib.
661 3669 743 3721 χι,
780 3657 898 3712 ind.
935 3661 1022 3723 tt,
1055 3673 1140 3730 ep.
1193 3659 1243 3724 8,
1295 3657 1372 3726 9),
1421 3655 1608 3722 habes,
1668 3661 1727 3709 ut
1767 3654 2101 3710 Florentium

505 3743 820 3815 episcopum
847 3761 878 3798 a
901 3745 1222 3816 quibusdam
1252 3744 1306 3798 in
1335 3743 1704 3799 criminalibus
1733 3743 1913 3797 causis
1942 3758 2104 3797 accu-

504 3839 702 3896 satum,
736 3841 788 3888 et
817 3833 979 3888 nullis
1017 3833 1295 3888 canonicis
1341 3831 1752 3903 probationibus
1801 3831 2098 3902 exquisitis,

509 3937 612 3977 nec
649 3920 1002 3976 sacerdotalis
1050 3921 1263 3978 concilii
1315 3921 1667 3992 proveniente
1689 3919 1912 3988 judicio,
1963 3935 1994 3973 a
2021 3919 2103 3974 sui

505 4025 630 4066 eum
667 4010 893 4064 honoris
921 4008 1114 4076 ofﬁcio,
1151 4025 1258 4064 non
1284 4009 1408 4078 jure
1438 4010 1535 4064 sed
1583 4016 1850 4080 potestate
1879 4008 2101 4079 deposi-

508 4103 644 4163 tum,
679 4097 806 4168 quia
835 4113 943 4152 non
985 4105 1164 4167 potest
1193 4097 1480 4169 quisquam
1533 4097 1878 4168 episcopatus
1907 4097 2099 4169 gradu,

506 4185 612 4240 nisi
633 4185 795 4255 justis
826 4201 891 4240 ex
921 4185 1100 4241 causis
1131 4201 1364 4242 concors
1395 4186 1742 4241 sacerdotum
1782 4187 2104 4242 submovere

505 4274 789 4342 sententia,
822 4275 1075 4330 eumdem
1099 4276 1428 4331 Florentium
1459 4275 1784 4346 epis00pum
1812 4275 1883 4328 ab
1915 4273 2104 4329 exsilio

505 4379 614 4436 quo
645 4371 759 4420 erat
789 4372 1032 4420 retrusus
1055 4365 1253 4420 debere
1275 4364 1414 4434 ejici,
1436 4371 1489 4420 et
1518 4379 1740 4419 causam
1762 4365 1876 4430 ejus
1893 4363 2106 4433 episco—

503 4451 616 4525 pali
663 4453 1056 4525 disceptatione
1103 4454 1342 4524 perquiri
1391 4473 1404 4520 ;
1439 4461 1490 4508 et
1534 4453 1579 4506 si
1609 4453 1664 4506 in
1690 4453 1794 4520 his,

503 4551 792 4598 accusatus
821 4543 1012 4608 fuerat,
1037 4543 1297 4597 canonica
1344 4541 1482 4596 foret
1529 4541 1850 4611 probatione
1913 4541 2105 4596 convi-

505 4647 641 4706 ctus,
675 4633 935 4690 canonica
989 4631 1180 4702 procul
1211 4629 1375 4685 dubio
1403 4629 1607 4684 ultione
1649 4629 2010 4700 plectendum,
2057 4637 2109 4683 et

499 4724 712 4798 praefati
741 4720 1138 4792 archiepiscOpi
1167 4719 1223 4773 in
1246 4734 1371 4774 eum
1399 4718 1682 4788 prOprium
1697 4718 1862 4772 robur
1893 4717 2106 4772 obtine-

499 4831 561 4869 re
583 4813 783 4868 debere
805 4809 1146 4874 sententiam;
1183 4807 1266 4861 sin
1287 4814 1467 4861 autem
1496 4807 1744 4878 generali
1764 4807 1966 4874 judicio
1983 4806 2107 4860 fuis.

501 4909 585 4958 set
615 4899 910 4962 absolutus,
971 4897 1169 4952 nullius
1201 4897 1462 4966 deinceps
1506 4895 1824 4966 praejudicio
1855 4896 2106 4963 subjace-

507 4997 602 5055 ret,
640 4995 693 5044 et
720 5003 833 5042 suae
862 5003 952 5041 res
983 4986 1085 5040 sibi
1116 4985 1552 5041 restituerentur.
1605 4985 1675 5038 Et
1704 4984 1758 5037 in
1785 4983 2011 5054 epistola
2040 4985 2108 5037 ad

510 5079 774 5135 Joannem
803 5075 994 5146 primae
1022 5075 1340 5130 Justinianae
1385 5073 1856 5144 archiepiscopum
1885 5072 2004 5143 (lib.
2047 5087 2104 5140 χ,

505 5191 590 5248 ep.
626 5175 736 5245 33),
768 5173 836 5227 de
859 5169 1027 5226 Paulo
1049 5170 1292 5226 Diadina:
1313 5171 1547 5226 civitatis
1569 5171 1826 5241 episcopo
1841 5169 2106 5232 invenies,

501 5279 559 5326 ut
588 5271 680 5343 qui
708 5277 828 5342 post
849 5267 1246 5340 depositionem
1267 5284 1440 5334 suam,
1463 5267 1828 5324 inverecunde
1846 5281 1911 5321 ac
1931 5273 2110 5320 mente

493 5382 770 5440 perversa
795 5367 863 5422 de
895 5365 1209 5436 episcopatu
1247 5364 1393 5436 loqui
1423 5371 1506 5419 est
1531 5379 1716 5430 ausus,
1750 5369 1804 5417 et
1833 5377 2019 5416 rursus
2041 5361 2112 5415 ad

505 5467 608 5522 hoc
639 5465 884 5535 aspirare
927 5462 1290 5536 praesumpsit,
1347 5469 1405 5516 ut
1452 5461 1726 5518 Dominici
1773 5459 2020 5530 corporis
2060 5467 2111 5511 et

509 5561 792 5635 sanguinis
813 5563 1192 5618 communione
1211 5560 1472 5634 privatus,
1505 5558 1562 5614 in
1581 5556 1917 5614 monasterio
1938 5569 2114 5628 usque

2191 527 2419 566 munere
2449 510 2767 564 redonatus.

2261 601 2406 671 Lege
2468 613 2681 669 quoque
2711 597 2934 650 decreta
2991 590 3210 655 Gelasii,
3277 596 3329 642 et
3378 585 3621 640 invenies
3668 599 3792 638 eum

2191 701 2623 744 commemorare
2655 701 2777 755 quae
2813 684 2976 754 longe
3023 687 3148 734 ante
3189 693 3284 732 sua
3313 685 3558 745 tempora
3589 672 3790 728 consti-

2191 785 2390 842 terunt,
2415 776 2482 829 de
2513 772 2828 838 Athanasio,
2861 771 2928 824 de
2944 771 3151 824 Joanne
3172 761 3790 832 Constantinopolitano,

2191 874 2354 936 atque
2384 863 2662 930 Flaviano,
2697 860 2941 916 eamdem
2971 857 3203 929 primam
3228 854 3414 908 sedem
3436 851 3636 922 egisse,
3657 849 3796 902 sicut

2194 963 2246 1008 et
2273 953 2340 1008 de
2367 952 2549 1006 multis
2578 950 2696 1004 aliis
2743 949 2798 1003 in
2837 945 3179 1002 documentis
3225 939 3545 998 certissimis
3583 937 3792 1008 reperi-

2191 1051 2335 1098 mus.
2361 1043 2506 1112 Lege
2537 1039 2700 1094 etiam
2725 1037 2956 1108 qualiter
2983 1032 3308 1088 Athanasius
3339 1029 3394 1083 in
3425 1027 3635 1100 synodo
3665 1025 3796 1078 Hie-

2195 1131 2602 1200 rosolymitana,
2639 1127 2735 1180 sed
2769 1134 2820 1180 et
2851 1125 2904 1178 in
2937 1120 3319 1188 Alexandrina,
3353 1134 3466 1172 sua:
3493 1113 3796 1170 absolutio-

2195 1221 2279 1274 nis
2309 1234 2375 1274 ac
2413 1215 2769 1272 restitutionis
2816 1213 3196 1268 auctoritatem
3238 1226 3268 1262 a
3317 1207 3448 1262 sede
3494 1203 3796 1276 apostolica

2197 1315 2485 1378 sumptam,
2517 1313 2570 1360 et
2599 1306 2652 1359 in
2684 1301 2990 1360 Sardicensi
3021 1299 3229 1370 synodo
3247 1302 3557 1352 exsecutam
3578 1291 3795 1364 relegit,

2199 1405 2250 1452 et
2279 1395 2688 1450 unanimitatem
2731 1388 3076 1446 fraternitatis
3125 1385 3390 1458 quaesivit,
3451 1383 3589 1437 sicut
3647 1389 3698 1435 et
3741 1381 3794 1434 in

2199 1493 2383 1540 nostra
2415 1483 2624 1554 synodo
2654 1481 2721 1535 de
2751 1480 2921 1534 fratre
2952 1485 3004 1532 et
3050 1474 3444 1532 consacerdote
3491 1477 3676 1525 nostro
3727 1469 3794 1522 de

2200 1589 2308 1646 quo
2366 1573 2543 1642 agitur
2599 1569 2798 1626 factum
2855 1567 2972 1621 fuit.
3010 1565 3148 1633 Quia
3203 1565 3341 1618 sicut
3369 1570 3422 1615 et
3465 1560 3533 1614 de
3577 1558 3794 1613 redem-

2199 1671 2351 1732 ptore
2381 1669 2565 1714 nostro
2596 1659 2652 1713 in
2709 1655 2994 1712 Ezechiele
3051 1653 3316 1723 propheta
3367 1649 3598 1720 legimus
3641 1649 3798 1714 (Ex-e-

2252 1770 2288 1805 t.
2359 1749 2568 1814 van),
2613 1745 2908 1816 apostolica
2959 1743 3117 1796 sedes
3169 1737 3466 1794 funiculum
3529 1736 3582 1790 in
3631 1749 3800 1788 manu

2203 1847 2411 1906 tenens,
2464 1837 2659 1892 divinae
2707 1831 3077 1903 dispositionis
3123 1828 3334 1894 intuitu,
3382 1827 3610 1880 alterum
3657 1823 3798 1876 intra

2200 1942 2509 1982 mensuram
2556 1925 2856 1982 electorum
2911 1917 3288 1974 misericordia
3343 1914 3578 1981 asciscit,
3631 1920 3680 1966 et
3713 1911 3798 1964 a1-

2201 2025 2374 2070 terum
2419 2013 2622 2082 judicio
2671 2011 2816 2065 foras
2869 2007 3124 2078 relinquit
3186 2025 3198 2058 :
3251 2013 3308 2058 ut
3354 2012 3406 2058 et
3469 2001 3800 2070 Redemptor

2201 2111 2402 2169 noster,
2439 2103 2566 2156 dum
2624 2100 2763 2154 alios
2811 2115 2840 2152 a
2872 2098 2985 2150 suis
3016 2093 3388 2166 iniquitatibus
3419 2089 3693 2154 abstrahit,
3745 2095 3800 2142 et

2201 2193 2336 2247 alios
2383 2192 2438 2244 in
2484 2207 2578 2244 sua
2608 2187 2884 2259 iniquitate
2934 2181 3278 2254 derelinquit,
3330 2179 3456 2234 alibi
3497 2175 3798 2232 funiculum

2199 2281 2380 2344 trahit,
2417 2287 2468 2333 et
2499 2277 2716 2332 aliunde
2750 2273 3052 2339 retrahit,et
3080 2273 3185 2324 huc
3215 2269 3362 2324 ducit
3391 2283 3548 2338 quem
3571 2265 3788 2319 aliunde

2201 2368 2468 2430 subducit,
2504 2365 2760 2438 quoniam
2789 2363 2844 2417 in
2875 2363 3065 2416 eadem
3097 2359 3226 2414 sede
3257 2357 3540 2422 Dominus,
3573 2353 3720 2408 velut
3743 2353 3796 2406 in

2199 2459 2392 2512 throno
2439 2471 2537 2510 suo
2591 2452 2913 2524 praesidens,
2948 2450 3174 2504 aliorum
3223 2446 3366 2502 facta
3426 2443 3709 2508 examinat,
3747 2449 3798 2495 et

2200 2553 2391 2602 cuncta
2421 2542 2759 2606 mirabiliter,
2791 2549 2849 2594 ut
2877 2538 3129 2596 videlicet
3158 2537 3227 2590 de
3259 2535 3387 2590 sede
3419 2549 3537 2596 sua,
3569 2531 3795 2601 dispen-

2200 2641 2301 2690 sat.
2335 2635 2538 2688 Verum
2569 2632 2710 2686 sicut
2767 2645 2868 2684 nos
2919 2628 3090 2698 ipsius
3138 2623 3448 2695 apostolicae
3479 2621 3623 2675 sedis
3651 2635 3796 2689 prie-

2199 2723 2447 2780 stantiam
2479 2721 2676 2775 fuimus
2707 2717 2960 2789 amplexi,
2985 2717 3058 2769 ita
3089 2723 3139 2768 et
3169 2714 3283 2783 ipsa
3313 2713 3472 2766 sedes
3502 2707 3798 2780 apostolica

2200 2812 2400 2882 scripto
2433 2825 2712 2865 sacrorum
2735 2821 3002 2863 canonum
3033 2802 3404 2858 auctoritatem
3425 2799 3583 2853 nobis
3604 2814 3801 2867 repen-

2199 2902 2296 2968 dit,
2331 2908 2383 2954 et
2413 2897 2809 2970 benignitatem
2840 2891 3177 2965 paternitatis
3209 2889 3466 2958 exhibuit,
3501 2886 3647 2942 velut
3675 2901 3806 2940 con-

2199 2989 2380 3046 cilium
2405 2986 2834 3056 Cartliaginense
2857 2981 3098 3037 decrevit
3115 2981 3133 3050 (
3138 2997 3293 3036 conc.
3323 2979 3661 3047 Carthag.,c.
3688 2973 3798 3042 iii):

2199 3077 2426 3140 Placuit,
2461 3074 2731 3146 inquiens,
2755 3081 2814 3127 ut
2843 3089 2871 3125 a
2893 3071 3307 3142 quibuscunque
3331 3065 3602 3136 judicibus
3634 3063 3804 3118 eccle-

2198 3166 2428 3221 siasticis
2459 3166 2526 3218 ad
2556 3165 2692 3218 alios
2707 3162 2920 3232 judices
2940 3157 3358 3220 ecclesiasticos,
3393 3154 3482 3208 ubi
3514 3161 3596 3208 est
3625 3152 3805 3220 major

2199 3255 2507 3318 auctoritas,
2543 3252 2706 3306 fuerit
2736 3256 3107 3321 provocatum,
3159 3261 3267 3300 non
3301 3244 3379 3298 eis
3406 3242 3547 3296 obsit
3574 3255 3800 3312 quorum

2197 3344 2358 3398 fuerit
2379 3343 2554 3396 soluta
2585 3339 2868 3404 sententia,
2902 3337 2946 3390 si
2989 3333 3240 3391 convinci
3268 3348 3376 3386 non
3417 3329 3686 3401 potuerint
3717 3329 3802 3382 vel

2199 3431 2416 3486 inimico
2465 3430 2644 3484 animo
2683 3428 2980 3497 judicasse,
3040 3423 3126 3478 vel
3175 3421 3352 3492 aliqua
3381 3419 3672 3490 cupiditate
3711 3425 3804 3470 aut

2199 3520 2376 3594 gratia
2407 3517 2708 3590 depravati.
2745 3517 2888 3570 Sane
2918 3514 2962 3568 si
2995 3529 3060 3567 ex
3099 3525 3371 3566 consensu
3391 3507 3623 3579 partium
3643 3505 3802 3560 electi

2201 3608 2397 3664 fuerint
2420 3607 2650 3677 judices,
2685 3605 2848 3659 etiam
2879 3619 2910 3656 a
2941 3601 3194 3672 pauciora
3223 3612 3452 3652 numero
3482 3611 3644 3666 quam
3675 3609 3806 3649 con-

2203 3699 2444 3752 stitutum
2475 3703 2574 3761 est,
2609 3693 2816 3748 scilicet
2843 3692 2896 3745 in
2928 3689 3200 3759 superiori
3223 3687 3480 3757 capitulo,
3513 3699 3620 3738 non
3643 3681 3808 3738 liceat

2199 3785 2512 3857 provocari.
2554 3783 2918 3851 Quapropter,
2955 3777 3208 3848 quoniam
3237 3773 3547 3845 benignitas
3579 3778 3807 3842 aposto-

2202 3875 2322 3930 licae
2352 3873 2496 3927 sedis
2525 3887 2623 3926 nos
2655 3869 2872 3923 inimico
2927 3867 3128 3924 animo.
3181 3864 3265 3918 vel
3297 3863 3478 3932 aliqua
3517 3859 3810 3930 cupiditate

2204 3971 2295 4018 aut
2339 3961 2512 4032 gratia
2577 3959 2900 4028 depravatos
2927 3955 3203 4024 judicasse
3229 3967 3337 4006 non
3371 3949 3595 4016 invenit,
3627 3964 3810 4018 neque

2207 4065 2532 4106 succensere
2562 4047 2807 4102 decrevit
2856 4064 2868 4098 :
2904 4053 2956 4099 et
2989 4043 3122 4098 sicut
3157 4048 3357 4095 sanctae
3385 4037 3668 4093 memoriae
3709 4037 3812 4091 do-

2205 4140 2352 4193 mino
2384 4153 2541 4210 papae
2584 4134 2814 4190 Nicolao
2847 4133 3044 4187 litteris
3071 4129 3271 4184 nostris
3293 4127 3653 4184 communiter
3687 4125 3817 4178 inti-

2205 4227 2488 4290 mavimus,
2521 4240 2683 4280 causa
2714 4223 2871 4290 hujus
2911 4219 3216 4282 sententiae,
3254 4218 3308 4270 in
3337 4217 3457 4271 loco
3488 4213 3674 4269 fratris
3703 4229 3814 4267 no-

2207 4316 2306 4370 stri
2333 4315 2610 4370 ordinatus
2639 4311 2891 4378 decessit,
2915 4311 2982 4364 ad
3014 4325 3071 4362 se
3104 4305 3438 4378 confugienti
3471 4319 3585 4358 suae
3613 4309 3812 4356 aucto-

2207 4405 2381 4460 ritatis
2413 4418 2634 4457 manum
2683 4399 2946 4472 porrexit,
2983 4406 3034 4452 et
3066 4396 3212 4468 quod
3277 4392 3680 4464 sapientissimo
3711 4407 3813 4446 suo

1827 4453 1882 4506 in
1912 4451 2106 4522 quibus
2135 4451 2634 4544 Β’“”“.”.’“ῗ”ἶ““
2683 4451 2805 4500 ξ’“’
3085 4451 3098 4468 ³
3286 4484 3294 4493 .
3343 4451 3358 4464 ·
3571 4480 3581 4490 .

1827 4556 1844 4560 _
1921 4541 2068 4560 μη,
2213 4493 2441 4550 consulo
2465 4493 2974 4560 judicav1t,exsequ1
3005 4491 3341 4556 procurant,
3375 4491 3426 4536 et
3457 4481 3614 4535 nobis
3646 4495 3814 4534 exse-

2210 4591 2334 4639 cuta
2363 4596 2583 4638 servare
2612 4578 2889 4634 mandavit
2923 4595 2934 4629 :
2962 4575 3113 4644 cujus
3161 4572 3583 4644 praeceptionem
3620 4577 3814 4624 nostra

2209 4671 2504 4736 humilitas,
2529 4677 2585 4724 ut
2613 4670 2836 4740 dignum
2867 4664 2984 4724 fuit.
3027 4662 3344 4717 obedienter
3379 4657 3647 4728 suscepit.
3679 4655 3816 4725 Quis

2211 4761 2351 4815 enitr
2383 4775 2508 4815 cum
2538 4757 2767 4820 Christo,
2803 4754 2892 4826 qui
2923 4761 3005 4806 est
3026 4768 3128 4822 pax
3159 4759 3368 4812 nostra,
3403 4757 3454 4802 et
3483 4746 3659 4801 soluto
3689 4761 3814 4799 me-

2210 4849 2301 4902 dio
2330 4848 2533 4917 pariete
2565 4845 2690 4899 fecit
2737 4851 2965 4913 utraque
3007 4855 3175 4894 unum
3213 4838 3431 4908 (Ephes.
3481 4835 3564 4904 n),
3615 4848 3814 4904 pacem

2210 4936 2411 4990 habere
2442 4933 2778 4998 desiderans,
2809 4947 2916 4985 non
2948 4928 3301 4998 amplectatur
3331 4923 3476 4994 quod
3497 4921 3628 4976 dicit
3658 4923 3816 4992 Apo-

2212 5023 2411 5078 stolus:
2435 5023 2679 5079 Solliciti
2703 5035 2926 5074 servare
2947 5019 3228 5072 unitatem
3251 5015 3488 5086 spirit-us
3505 5014 3566 5066 in
3585 5011 3816 5065 vinculo

2213 5115 2366 5184 pacis
2399 5116 2421 5166 ἱ)
2479 5111 2700 5182 (Ephcs.
2737 5123 2814 5174 1v,
2847 5105 2924 5174 3.)
2973 5104 3130 5173 Quod
3161 5104 3232 5157 ab
3265 5101 3523 5172 Apostolo
3552 5107 3702 5154 recte
3727 5099 3816 5152 di-

2212 5209 2374 5268 ctum,
2409 5205 2466 5253 tu
2497 5199 2552 5252 in
2583 5197 2820 5267 quadam
2849 5192 3264 5264 prmsumptiosa
3295 5187 3700 5258 subscriptione
3725 5193 3814 5240 tua

2209 5288 2506 5358 incongrue
2551 5283 2797 5356 posuisti.
2853 5281 2985 5349 Quis
3029 5279 3292 5336 Ecclesiae
3347 5275 3628 5332 catholica:
3671 5271 3818 5327 filius

2211 5391 2320 5429 non
2345 5375 2623 5445 potissime
2654 5371 2931 5426 desiderat
2963 5368 3141 5424 fratris
3173 5365 3591 5428 correctionem,
3653 5377 3818 5432 atque

2213 5463 2565 5528 creationem,
2599 5469 2650 5514 et
2697 5475 2804 5515 non
2851 5458 3029 5512 doleat
3058 5455 3416 5524 dejectionem
3465 5453 3492 5506 ?
3522 5451 3656 5519 Quis
3703 5465 3816 5504 non

2211 5555 2338 5608 totis
2389 5551 2708 5626 praecordiis
2780 5547 3119 5620 congaudeat
3161 5546 3216 5600 in
3276 5543 3420 5598 omni
3485 5540 3814 5604 Christiano,
