4088 6180
268 263 367 315 309

980 258 1225 316 OPUSC.
1282 260 1373 315 ET
1423 259 1643 316 EPIST.
1703 259 1776 314 IN
1823 258 2051 314 CAUSA
2105 256 2448 314 HINCMARI
2504 257 2812 315 LAUDUN.

3467 260 3574 314 310

271 383 505 441 maxime
549 391 730 441 autem
777 383 833 439 in
874 383 1156 440 ministerii
1191 384 1419 458 collega,
1471 381 1880 456 benignissimis
1893 387 1949 448 Α
1979 397 2100 453 qua
2157 397 2190 436 a
2246 381 2404 436 nobis
2451 382 2780 437 unanimiter
2805 381 2861 436 in
2893 383 3102 454 synodo
3133 397 3432 453 consensa,
3469 391 3524 439 et
3551 399 3582 438 a

272 471 607 544 evangelicis
647 471 930 527 sententiis
966 471 1197 544 piissimi
1231 472 1450 527 Domini
1490 488 1583 528 ore
1612 471 1834 543 prolatis
1867 489 1881 525 :

275 561 503 630 Oportet
530 564 589 617 et
620 565 693 624 te,
725 561 919 633 inquit,
942 560 1048 630 ﬁli,
1097 561 1362 632 gaudere,
1392 561 1524 634 quia
1544 563 1730 632 frater
1752 564 1884 616 tuus

273 653 534 706 mortuus
563 653 758 721 fuerat
777 653 834 704 et
862 650 1094 715 revixit,
1135 651 1390 721 perierat
1423 654 1477 705 et
1511 651 1779 706 inventus
1798 652 1886 704 est

273 736 429 808 (Luc.
449 752 552 804 xv,
568 737 680 809 32).
702 738 770 793 Et
783 737 927 809 quod
945 745 1135 793 sanato
1156 737 1286 794 dicit
1305 755 1320 792 :
1337 741 1474 794 Ecce
1490 753 1665 794 sanus
1694 740 1885 809 factus

271 841 347 890 es,
369 829 501 898 jam
520 827 775 899 amplius
789 827 911 882 noli
925 841 1179 899 peccare,
1194 842 1266 882 ne
1279 827 1530 883 deterius
1549 827 1651 882 tibi
1667 825 1885 899 aliquid

271 917 573 986 contingat
591 915 757 985 (Jaan
775 929 830 982 v,
859 916 946 986 14)
971 932 986 981 ;
1009 922 1061 970 et
1085 930 1099 970 :
1131 915 1272 971 Vade
1289 915 1352 970 in
1371 915 1606 971 domum
1629 919 1811 981 tuam,
1831 917 1888 970 et

268 1005 562 1058 annuntia
573 1007 788 1076 quanta
806 1005 906 1060 tibi
920 1006 1124 1075 fecerit
1135 1003 1405 1060 Dominus
1425 1008 1447 1058 ?
1466 1004 1664 1073 (Marc.
1689 1019 1745 1058 v.
1774 1003 1888 1074 19.)

337 1092 420 1147 De
451 1091 629 1147 altero
657 1101 840 1148 autem
877 1091 1034 1165 quasi
1081 1108 1206 1148 meo
1249 1091 1458 1162 judicio
1481 1136 1493 1156 ,
1529 1091 1676 1164 quod
1703 1091 1886 1148 dicere

270 1179 474 1236 diceris
521 1195 592 1236 ex
620 1178 882 1236 Wulfado
912 1189 964 1236 et
996 1180 1114 1250 ejus
1162 1179 1410 1252 collegis,
1453 1187 1666 1236 cassato
1696 1195 1726 1234 a
1759 1178 1890 1235 sede

273 1267 596 1339 apostolica,
633 1269 824 1324 sentiri
857 1276 1038 1341 potest
1069 1269 1216 1341 quod
1245 1267 1507 1324 Salomon
1545 1267 1677 1324 dicit
1708 1285 1722 1322 :
1761 1269 1886 1335 Qui,

272 1357 544 1428 inquiens,
560 1359 703 1432 quod
713 1360 872 1414 novit
893 1359 1160 1431 loquitur,
1187 1358 1364 1412 index
1374 1357 1628 1428 justitia:
1655 1361 1773 1423 est;
1794 1360 1893 1428 qui

247 1445 254 1452 ’
273 1449 466 1502 autem
479 1447 954 1515 mentitur,testis
966 1451 1050 1502 est
1061 1445 1472 1518 fraudulentus
1487 1445 1670 1515 (Prov.
1686 1459 1768 1499 xu
1779 1444 1892 1516 ,17)

273 1534 337 1590 Et
348 1535 515 1589 item:
544 1536 832 1600 laculum,
857 1539 915 1591 et
939 1535 1184 1607 gladius,
1208 1539 1264 1590 et
1283 1536 1498 1606 sagitta
1515 1537 1706 1600 acuta,
1733 1535 1892 1590 homo

273 1625 366 1695 qui
378 1625 637 1696 loquitur
655 1627 854 1682 contra
870 1625 1203 1696 proximum
1223 1639 1393 1679 suum
1409 1625 1626 1694 falsum
1650 1623 1896 1678 testimo.

274 1713 436 1767 nium
475 1711 666 1783 (Prov.
711 1727 849 1778 xxv,
874 1712 985 1783 18).
1010 1712 1078 1766 Et
1095 1719 1152 1766 ut
1185 1710 1425 1767 ostendit
1453 1709 1890 1783 apostolus’ﬂlis

278 1802 368 1872 qui
388 1801 698 1856 charitatis
713 1802 1012 1857 veritatem
1027 1817 1144 1856 non
1161 1800 1468 1872 recipiunt,
1485 1801 1753 1854 immittit
1770 1800 1890 1855 illis

274 1889 437 1953 Deus,
479 1887 693 1944 scilicet
722 1904 790 1944 ex
828 1887 1187 1942 retributione
1223 1887 1463 1958 iustitia,
1505 1890 1889 1960 Operationem

275 1979 501 2044 erroris,
518 1981 588 2032 ut
600 1977 1235 2041 credantmendacio,ut
1242 1976 1582 2048 judicentur
1591 1991 1784 2032 omnes
1795 1977 1890 2049 qui

275 2081 386 2120 non
398 2065 780 2121 crediderunt
801 2066 1036 2121 veritati
1045 2065 1141 2120 sed
1163 2067 1574 2122 consenserunt
1591 2065 1889 2137 iniquitati

276 2153 347 2224 (ll
367 2153 642 2221 Thess.u,
671 2156 780 2224 10).
829 2151 949 2208 Non
977 2153 1251 2210 debueras
1304 2168 1540 2224 namque
1569 2151 1777 2218 fallere,
1800 2159 1891 2208 aut

279 2239 389 2296 falli
417 2256 610 2312 posse,
649 2241 797 2314 quod
843 2242 1064 2297 auribus
1094 2241 1328 2307 audisti,
1379 2240 1628 2296 manibus
1666 2247 1888 2296 contre-

277 2329 448 2398 ctasti,
489 2329 670 2386 oculis
719 2330 955 2402 legendo
1003 2329 1206 2395 vidisti,
1240 2329 1338 2384 sed
1368 2345 1478 2384 non
1507 2329 1614 2384 illis
1642 2327 1884 2393 auribus,

279 2435 462 2491 neque
495 2418 608 2474 illis
629 2418 898 2485 oculis,de
920 2419 1118 2490 quibus
1135 2419 1400 2473 Dominus
1420 2418 1698 2488 prophetae
1718 2417 1846 2472 dicit
1871 2434 1884 2472 :

283 2507 528 2564 Auribus
554 2509 670 2564 tuis
683 2507 838 2574 audi,
853 2511 912 2563 et
929 2509 1108 2565 oculis
1131 2511 1247 2564 tuis
1258 2509 1379 2564 vide
1397 2507 1618 2577 (Ezech.
1635 2519 1790 2574 xmv,
1808 2507 1884 2576 5).

287 2593 427 2663 Quia
449 2595 602 2652 unde
636 2595 839 2668 .agitur
869 2596 1036 2665 judex
1065 2611 1173 2650 non
1198 2594 1292 2661 fui,
1321 2596 1464 2651 inter
1487 2594 1702 2664 judices
1749 2609 1886 2650 con-

287 2692 610 2740 numeratus
629 2700 742 2739 non
773 2684 975 2751 exstiti,
1010 2685 1064 2738 in
1095 2683 1220 2740 loco
1231 2683 1432 2754 judicis
1449 2698 1558 2738 non
1587 2682 1724 2747 sedi,
1733 2682 1886 2750 judi-

285 2772 425 2827 cium
481 2771 614 2828 inde
649 2789 760 2828 non
788 2773 1094 2836 terminavi,
1143 2787 1267 2827 cum
1336 2771 1610 2841 judicibus
1638 2769 1726 2826 vel
1768 2770 1887 2824 aliis

285 2861 753 2916 consentientibus
804 2876 916 2917 non
961 2860 1286 2932 subscripsi.
1336 2860 1445 2916 Sed
1483 2858 1737 2932 quoniam
1768 2857 1885 2914 sedi

282 2949 602 3019 apostolicae
645 2965 756 3004 non
800 2949 1002 3020 placuit
1047 2949 1174 3004 inde
1203 2964 1324 3004 cum
1368 2949 1454 3004 his
1482 2948 1574 3020 qui
1597 2947 1884 3018 iudicave-

285 3046 420 3106 runt,
443 3044 498 3093 et
521 3037 732 3106 judicio
761 3037 838 3092 illi
868 3037 1330 3109 subscripserunt,
1367 3037 1630 3092 rationem
1654 3035 1880 3101 habere,

283 3133 334 3182 et
361 3126 692 3198 quibusdam
732 3126 1103 3193 suadentibus,
1144 3142 1232 3182 me
1265 3126 1450 3192 voluit,
1476 3124 1620 3198 quod
1647 3124 1751 3180 sibi
1781 3124 1884 3180 bo-

285 3230 409 3270 num
439 3215 749 3284 videbatur,
779 3223 832 3272 et
874 3215 1115 3287 episcOpi
1145 3216 1433 3287 regionum
1480 3222 1808 3283 nostrarum,
1834 3221 1886 3270 ct

284 3303 541 3376 princeps
598 3312 759 3360 terrae
805 3304 1042 3373 volebat,
1075 3303 1404 3360 unanimiter
1431 3303 1760 3369 consentire,
1793 3318 1886 3358 se-

286 3393 522 3448 cundum
560 3393 939 3448 auctoritatem
971 3393 1114 3450 sacri
1143 3392 1350 3449 Nicami
1393 3389 1628 3458 concilii,
1656 3399 1709 3446 et
1735 3389 1886 3446 Afri-

285 3494 433 3538 canae
461 3482 765 3553 provinciae
803 3497 1090 3549 canonum,
1120 3499 1243 3554 quae
1269 3481 1339 3538 de
1386 3481 1712 3554 quibusdam
1735 3480 1888 3548 juxta

283 3568 599 3626 instantiam
643 3570 904 3642 temporis
957 3570 1356 3637 decreverunt,
1389 3569 1681 3638 consensi,
1729 3569 1888 3624 obte-

291 3666 462 3715 stante
489 3659 778 3730 Apostolo,
811 3665 879 3716 ut
904 3660 1157 3734 idipsum
1177 3661 1431 3716 dicamus
1457 3675 1668 3723 omnes,
1689 3662 1746 3713 et
1773 3672 1889 3714 non

291 3749 408 3803 sint
428 3751 494 3804 in
512 3749 674 3805 nobis
697 3750 1008 3806 schismata
1045 3749 1098 3820 (I
1123 3749 1242 3804 Cor.
1293 3764 1330 3814 ι,
1364 3750 1473 3818 10).
1511 3746 1614 3816 Qui
1651 3744 1888 3801 ostendit

291 3838 431 3908 quod
461 3837 650 3906 jussit,
689 3837 886 3892 iterum
924 3837 1113 3893 dicens
1149 3837 1312 3894 etiam
1335 3837 1449 3892 suis
1476 3835 1776 3891 minoribus
1798 3834 1891 3890 :Si

292 3927 616 3998 cuialiquid
643 3926 916 3992 donastis,
937 3930 992 3983 et
1011 3942 1140 3999 ego;
1166 3930 1224 3983 et
1240 3942 1333 3998 ego
1353 3926 1496 3998 quod
1516 3925 1739 3990 donavi,
1762 3939 1890 3995 pro-

290 4019 413 4086 pter
425 4031 519 4071 vos
535 4016 601 4070 in
611 4031 854 4088 persona
871 4015 1101 4081 Christi,
1115 4017 1181 4070 ut
1192 4030 1308 4071 non
1319 4015 1668 4071 circumveni
1673 4028 1840 4068 amur
1855 4029 1890 4067 a

293 4103 506 4161 Satana
533 4122 547 4157 :
571 4119 691 4160 non
733 4106 888 4160 enim
920 4105 1247 4175 ignoramus
1266 4105 1512 4159 astutias
1547 4104 1668 4174 ejus
1689 4102 1742 4171 (Ι
1759 4101 1880 4158 Cor.

292 4207 331 4248 ιι
374 4194 489 4263 20),
539 4191 635 4264 qui
675 4207 823 4263 saepe
861 4192 1055 4248 suadet
1100 4199 1159 4246 ut
1199 4191 1343 4246 unde
1387 4190 1528 4246 alter
1574 4191 1885 4257 miseretur,

295 4281 428 4337 alter
463 4281 755 4337 irascatur.
799 4279 1004 4336 Contra
1034 4296 1170 4352 quas
1198 4279 1398 4334 diaboli
1442 4279 1668 4335 astutias
1699 4293 1891 4350 pacem

293 4371 444 4441 sequi
486 4369 757 4425 debemus
787 4375 840 4424 et
865 4369 1298 4439 sanctimoniam,
1331 4369 1448 4426 sine
1496 4383 1601 4440 qua
1628 4384 1791 4424 nemo
1813 4367 1892 4422 vi-

287 4458 432 4514 debit
461 4459 664 4516 Deum.

359 4546 519 4617 Quod
548 4563 654 4619 pro
674 4545 895 4602 modulo
919 4562 1049 4606 meo
1077 4547 1232 4620 sequi
1265 4547 1428 4604 etiam
1456 4547 1510 4602 in
1537 4547 1642 4602 hoc
1669 4545 1890 4619 negotio

296 4636 495 4703 studui,
558 4635 703 4692 sicut
744 4635 1030 4691 advertere
1068 4644 1306 4706 poteras,
1353 4635 1400 4690 si
1431 4637 1500 4691 de
1542 4634 1648 4690 alia
1676 4635 1888 4706 sagina,

291 4740 449 4796 quam
470 4732 697 4780 sanctus
716 4723 952 4794 postulat
970 4725 1160 4780 dicens
1185 4741 1199 4778 :
1231 4725 1392 4782 Sicut
1411 4725 1572 4797 adipe
1590 4727 1644 4780 ct
1661 4725 1893 4796 pingue-

290 4815 726 4884 dinerepleatur
745 4815 942 4869 anima
961 4831 1088 4870 mea
1105 4813 1276 4883 (Psal.
1303 4815 1458 4880 an),
1485 4813 1894 4886 corimpingua-

291 4908 400 4956 tum
455 4919 573 4958 non
620 4901 874 4968 haberes,
928 4902 1051 4974 quia
1082 4901 1360 4974 synodalis
1399 4901 1626 4974 epistola
1679 4903 1804 4956 hinc
1860 4915 1894 4955 a

290 4992 446 5046 nobis
475 4990 845 5047 communiter
890 4991 1079 5056 missa,
1109 4991 1181 5046 ita
1222 5007 1322 5062 per
1353 4991 1532 5046 omnia
1564 4991 1792 5058 sincera,
1825 4989 1893 5044 ad

289 5079 434 5135 sedis
459 5078 784 5150 apostolicae
812 5079 1121 5144 lectionem,
1151 5094 1290 5135 meai
1318 5077 1702 5135 inﬁrmationis
1733 5088 1787 5134 et
1815 5079 1895 5135 al-

290 5169 454 5223 terius
476 5167 912 5224 coniirmationis
939 5183 1107 5224 causa
1138 5183 1248 5223 non
1275 5167 1442 5236 venit,
1482 5167 1646 5223 veluti
1675 5184 1740 5224 ex
1773 5167 1892 5239 epi-

290 5255 443 5311 stolis
469 5256 636 5311 nobis
667 5271 697 5310 a
727 5257 858 5312 sede
891 5257 1192 5327 apostolica
1222 5257 1291 5311 de
1327 5272 1394 5313 ea
1438 5272 1496 5312 re
1530 5255 1746 5328 scriptis
1775 5256 1894 5312 evi-

291 5344 481 5400 denter
509 5344 982 5412 ostenditur,sicut
1003 5360 1186 5401 coram
1203 5361 1336 5416 rege
1358 5353 1412 5400 et
1430 5345 1588 5401 nobis
1608 5347 1662 5400 in
1685 5345 1895 5416 synodo

295 5431 471 5489 releca
499 5433 620 5488 fuit.
653 5433 722 5488 Et
751 5440 935 5489 tamen
967 5433 1093 5490 inde
1131 5434 1339 5490 nullam
1375 5434 1728 5507 quaestionem
1773 5450 1897 5489 mo-

289 5538 439 5593 vere,
467 5522 561 5578 vel
589 5523 995 5578 contentionem
1027 5539 1350 5580 consersere
1381 5523 1548 5592 volui,
1572 5539 1673 5580 nec
1699 5522 1768 5580 de
1788 5523 1893 5592 his,

1986 471 2116 526 sede
2167 469 2469 541 apostolica
2528 469 2754 525 ditﬁnita
2807 480 2948 536 sunt,
2981 472 3036 525 in
3083 479 3407 542 perpetuum
3434 471 3580 541 volo,

1987 558 2115 628 quia
2145 558 2302 613 bonae
2321 559 2601 614 memoria:
2632 558 2840 614 Nicolai
2869 574 3028 630 papae
3053 559 3267 627 litterae,
3299 568 3584 630 postquam

1985 646 2111 700 inde
2137 646 2418 701 veritatem
2448 645 2686 716 rescivit,
2718 662 2818 717 per
2868 663 3048 702 meum
3077 647 3304 703 missum
3338 647 3582 723 directae,

1985 729 2118 784 mihi
2163 729 2628 784 abundantissime
2677 728 3024 786 suffecerunt.
3057 730 3166 787 Sed
3193 739 3245 786 et
3273 731 3409 787 alias
3440 731 3588 786 litte-

1987 833 2077 872 ras
2107 817 2419 889 synodicas,
2471 833 2607 888 quas
2653 818 2872 885 audisti,
2903 834 3006 890 per
3059 819 3314 876 eumdem
3362 819 3589 876 missum

1989 905 2120 960 mihi
2149 905 2364 972 direxit,
2397 906 2595 978 quibus
2625 906 2694 961 de
2743 906 3152 963 collectionibus
3181 907 3253 962 ab
3282 923 3348 963 eo
3379 924 3591 980 praece~

1989 995 2116 1066 ptis,
2149 1009 2260 1049 non
2286 994 2439 1060 mihi,
2471 1003 2529 1049 ut
2550 995 2803 1064 jusserat,
2830 996 2928 1050 sed
2947 996 3089 1069 regi,
3111 1004 3168 1050 ut
3188 996 3283 1050 tibi
3312 997 3380 1050 ad
3408 1005 3588 1052 osten-

1990 1083 2254 1138 tationem
2290 1090 2434 1138 tuam
2463 1083 2683 1153 placuit,
2718 1084 3000 1154 porrectis,
3022 1100 3331 1156 quanquam
3369 1084 3448 1140 eis
3475 1099 3586 1140 non

1989 1171 2338 1244 indiguerim,
2371 1171 2507 1228 sicut
2549 1170 2740 1226 solitus
2769 1189 2830 1226 es
2859 1172 3110 1228 obedisti.
3144 1171 3286 1241 Quin
3317 1180 3371 1228 et
3401 1173 3469 1228 de
3497 1173 3583 1228 his

1993 1276 2117 1331 quae
2145 1260 2202 1314 in
2231 1259 2442 1331 synodo
2473 1259 2805 1326 Tricassina,
2837 1260 2892 1314 in
2904 1276 3011 1332 qua
3041 1277 3160 1332 quae
3180 1277 3290 1316 non
3317 1261 3491 1332 rapui,
3515 1261 3586 1317 de

1992 1349 2077 1402 his
2105 1348 2370 1404 rationem
2400 1347 2701 1413 reddendo,
2737 1365 2858 1420 quae
2885 1349 2955 1403 ad
2983 1364 3071 1403 me
3101 1364 3208 1403 non
3224 1349 3586 1420 pertinebant,

1994 1437 2196 1492 relictis
2239 1437 2318 1492 eis
2370 1453 2600 1508 quorum
2643 1437 2768 1493 inde
2813 1438 3092 1501 intererat,
3141 1437 3368 1492 exsolvi.
3402 1437 3509 1492 Sed
3539 1445 3594 1492 et

1993 1524 2062 1581 de
2093 1525 2178 1580 his
2205 1542 2328 1597 quae
2355 1534 2477 1596 post
2507 1541 2754 1582 eamnem
2785 1526 3055 1597 synodum
3077 1533 3159 1581 est
3187 1526 3479 1580 adversum
3506 1541 3594 1581 me

1993 1614 2285 1680 actitatum,
2318 1613 2504 1669 domui
2533 1613 2760 1669 Adriani
2792 1629 2948 1686 papae
2975 1630 3076 1685 per
3097 1614 3392 1670 Actardum
3423 1629 3595 1670 vene-

1918 1701 2220 1802 Brabilem
2277 1701 2597 1772 episcopum
2655 1701 2902 1773 epistolae
2955 1701 3160 1772 missae,
3192 1703 3329 1758 adeo
3377 1718 3596 1757 omnem

1989 1790 2215 1862 angoris
2267 1789 2520 1845 nebulam
2551 1805 2580 1844 a
2610 1798 2790 1845 mente
2837 1804 2963 1846 mea
2992 1790 3210 1846 sudario
3243 1805 3356 1846 suae
3385 1806 3599 1863 magnae

1990 1878 2343 1950 benignitatis
2371 1878 2768 1943 absterserunt,
2793 1886 2850 1932 ut
2879 1879 3249 1949 placidissima
3287 1879 3583 1934 voluntate.

1990 1967 2146 2038 sequi
2193 1983 2282 2020 me
2310 1966 2473 2022 libeat
2513 1965 2660 2038 quod
2715 1975 2902 2022 monet
2947 1967 3240 2038 Apostolus
3274 1984 3288 2022 :
3322 1968 3480 2024 Nihil
3494 1984 3598 2040 per

1989 2056 2411 2112 contentionem
2440 2071 2618 2126 neque
2644 2071 2748 2126 per
2779 2055 3012 2110 inanem
3033 2057 3297 2126 gloriam.
3351 2056 3583 2128 (Philip.

1989 2158 2050 2209 ιι,
2074 2145 2154 2208 3,)
2177 2160 2190 2208 ;
2213 2147 2268 2198 et
2301 2158 2313 2197 :
2347 2144 2466 2199 Non
2495 2145 2810 2214 efficiamur
2839 2144 3032 2198 inanis
3050 2143 3244 2214 gloria:
3263 2142 3472 2215 cupidi,
3505 2145 3598 2198 in-

1989 2234 2166 2288 vicem
2183 2234 2571 2303 provocantes,
2592 2232 2832 2287 invicem
2854 2231 3171 2287 invidentcs
3191 2231 3336 2302 (Gal.
3361 2247 3416 2299 v,
3443 2233 3512 2288 26
3535 2235 3554 2301 )
3578 2249 3593 2296 ;

1989 2328 2044 2374 et
2064 2319 2212 2391 quod
2230 2319 2359 2375 item
2380 2319 2637 2390 scriptum
2661 2327 2743 2374 est
2768 2337 2781 2373 :
2805 2320 2926 2376 Non
2947 2336 3166 2392 quaeras
3185 2320 3595 2385 ultionem,nec

1989 2424 2204 2465 memor
2233 2409 2344 2464 eris
2367 2409 2599 2478 injuria:
2619 2409 2828 2462 civium
2847 2411 3076 2464 tuorum
3097 2409 3297 2477 (Leuit.
3321 2422 3447 2475 xxx,
3474 2406 3588 2477 18),

1989 2503 2148 2568 atque
2179 2495 2344 2552 totius
2364 2495 2614 2550 medullis
2643 2495 2824 2550 cordis
2855 2495 3086 2552 Domino
3105 2496 3291 2551 dicere
3325 2512 3338 2550 :
3370 2494 3597 2550 Exulta-

1988 2591 2183 2642 verunt
2211 2582 2334 2638 filiaa
2364 2583 2517 2638 Juda:
2545 2583 2602 2638 in
2629 2584 2882 2638 omnibus
2920 2583 3140 2652 judiciis
3172 2583 3310 2648 tuis,
3343 2583 3594 2648 Domine,

1989 2679 2040 2728 et
2073 2670 2163 2727 ﬁat
2186 2687 2292 2742 pax
2323 2673 2377 2726 in
2409 2672 2604 2727 virtute
2635 2672 2995 2735 Hierusalem,
3031 2687 3152 2742 quae
3183 2671 3370 2740 virtus,
3396 2679 3453 2724 ut
3484 2674 3594 2726 Au-

1988 2760 2240 2833 gustinus
2260 2760 2476 2830 exponit
2499 2760 2586 2829 (in
2599 2761 2931 2830 psalmum),
2957 2758 3192 2814 charitas
3221 2769 3321 2823 est,
3344 2758 3430 2813 cui
3461 2773 3594 2812 san-

1987 2858 2090 2904 ctae
2136 2848 2361 2914 civitati,
2393 2847 2646 2904 videlicet
2672 2855 2873 2902 sanctae
2903 2847 3182 2915 Ecclesiae,
3217 2847 3422 2902 dictum
3449 2855 3534 2902 est
3569 2865 3582 2900 :

1987 2939 2114 2992 Fiat
2150 2953 2270 3010 pax
2311 2937 2373 2992 in
2405 2937 2614 2992 virtute
2637 2940 2756 3002 tua,
2792 2940 2848 2991 et
2867 2935 3219 2992 abundant-ia
3249 2938 3313 2990 in
3345 2937 3596 2991 turribus

1991 3029 2104 3082 tuis
2132 3026 2307 3096 (Psal.
2332 3040 2488 3093 cxxr,
2531 3025 2608 3096 '7).
2655 3025 2866 3080 Intento
2889 3025 3083 3080 mentis
3113 3023 3294 3091 oculo,
3326 3024 3594 3080 sollicitu-

1915 3093 1964 3157 Ο
1988 3114 2116 3169 dine
2145 3093 2242 3184 pia
2291 3093 2598 3184 suspiciens
2633 3114 2779 3184 quod
2801 3113 2868 3168 de
2897 3113 3108 3170 actione
3137 3113 3448 3182 hujusmodi
3477 3113 3586 3168 Leo

1986 3203 2313 3273 dicit(cpist.
2334 3205 2393 3256 9i
2409 3245 2422 3268 ,
2442 3204 2715 3273 episcopis
2731 3218 2832 3272 per
2845 3204 3046 3258 Casar.
3063 3202 3421 3270 Mauritan.):
3446 3222 3470 3253 ι
3489 3202 3590 3257 Su-

1985 3300 2167 3363 perest
2194 3301 2251 3346 ut
2267 3291 2525 3346 concordi
2541 3291 2852 3346 obedientia
2867 3290 3112 3346 salubres
3130 3291 3434 3362 suscipiatis
3461 3291 3591 3345 hor-

1987 3388 2149 3446 tatus,
2198 3387 2250 3434 et
2300 3379 2433 3433 nihil
2491 3395 2592 3449 per
2649 3379 3050 3434 contentionem
3091 3386 3340 3451 agentes,
3373 3379 3471 3433 sed
3515 3379 3586 3433 ad

1987 3483 2148 3524 omne
2179 3467 2417 3522 studium
2445 3467 2751 3522 devotionis
2785 3466 3086 3531 unanimes,
3129 3466 3326 3520 divinis
3374 3475 3427 3520 et
3457 3480 3591 3536 apo-

1989 3557 2192 3612 stolicis
2234 3555 2712 3610 constitutionibus
2759 3555 3030 3622 servietis,
3059 3561 3112 3609 et
3141 3554 3194 3609 in
3228 3554 3378 3610 nullo
3407 3554 3588 3624 patia-

1987 3653 2120 3708 mini
2145 3653 2238 3724 pia
2291 3665 2564 3709 canonum
2593 3652 2816 3707 decreta
2861 3651 3075 3706 violari.
3109 3651 3244 3720 Quae
3273 3651 3418 3708 enim
3444 3668 3590 3708 nunc

1989 3750 2258 3798 certarum
2287 3740 2598 3803 remisimus
2636 3740 3068 3796 consideratione
3097 3755 3408 3808 causarum,
3447 3741 3590 3795 anti-

1989 3830 2112 3904 quis
2143 3830 2403 3900 deinceps
2446 3829 2804 3886 custodienda
2833 3836 2958 3884 sunt
2987 3829 3209 3901 regulis,
3241 3845 3311 3885 ne
3341 3829 3485 3901 quod
3515 3829 3585 3885 ad

1990 3929 2204 3990 tempus
2236 3919 2326 3991 pia
2369 3919 2586 3974 lenitate
2631 3919 3023 3987 concessimus,
3051 3919 3195 3988 justa
3238 3919 3466 3990 posthac
3494 3918 3582 3973 ul-

1987 4018 2135 4072 tione
2154 4017 2475 4088 plectamur,
2505 4037 2527 4068 »
2561 4023 2613 4073 et
2649 4016 2876 4088 reliqua.

2629 4141 2854 4198 CAPUT
2882 4141 2972 4196 VI.

1992 4261 2070 4316 De
2114 4275 2175 4314 eo
2220 4259 2362 4330 quod
2393 4257 2609 4313 dicebat
2639 4258 3010 4312 IIi-ncmarum
3041 4257 3340 4328 degradari
3377 4258 3588 4314 debere.

2063 4372 2278 4428 Dictum
2305 4379 2387 4427 est
2415 4371 2580 4426 etiam
2610 4370 2740 4424 mihi
2769 4377 2820 4425 te
2841 4369 3090 4440 plurimis
3111 4369 3291 4426 solere
3321 4370 3506 4425 dicere
3534 4377 3592 4423 ut

1917 4451 1972 4510 D
1996 4460 2252 4534 quoniam
2285 4476 2404 4531 qua:
2443 4460 2498 4512 in
2535 4466 2627 4512 tua
2669 4457 2930 4528 parochia
2958 4457 3162 4529 ligasti,
3195 4458 3312 4512 sine
3334 4464 3426 4512 tuo
3456 4473 3594 4512 con-

1987 4565 2152 4605 sensu
2184 4547 2429 4614 dissolvi,
2455 4547 2582 4618 quin
2612 4546 2792 4618 potius
2825 4562 2944 4617 qua:
2975 4554 3162 4601 contra
3188 4544 3408 4618 regulas
3437 4559 3598 4600 exor-

1988 4637 2206 4706 dinasti,
2241 4637 2544 4692 secundum
2576 4634 2797 4708 regulas
2814 4635 3080 4699 ordinavi,
3105 4635 3208 4690 hoc
3230 4648 3394 4704 agere
3425 4640 3476 4688 et
3502 4633 3594 4686 ob—

1989 4727 2163 4782 tinere
2205 4724 2429 4797 poteris,
2476 4731 2530 4779 et
2559 4739 2693 4797 ages
2733 4731 2785 4778 et
2813 4722 3104 4787 obtinebis,
3137 4729 3195 4776 ut
3223 4737 3330 4794 ego
3369 4721 3592 4776 missam

1990 4831 2098 4870 non
2133 4822 2367 4878 cantem,
2413 4821 2465 4868 et
2501 4813 2546 4868 si
2575 4827 2680 4882 ego
2701 4811 2850 4866 illam
2877 4819 3194 4877 cantavero,
3218 4819 3274 4864 tu
3305 4810 3451 4865 illam
3482 4825 3591 4865 non

1991 4903 2255 4961 cantabis.
2289 4903 2371 4958 Ad
2403 4902 2548 4973 quod
2579 4901 2672 4955 tibi
2702 4900 2885 4954 mitius
2915 4899 3324 4970 responderem,
3360 4899 3466 4954 nisi
3482 4899 3594 4954 ira-

1991 5002 2102 5048 tum
2133 4993 2301 5048 fuisse
2340 4991 2627 5046 Dominum
2657 4997 2848 5044 contra
2895 4987 3034 5054 Heli,
3060 4989 3151 5060 qui
3181 4987 3322 5045 ﬁlios
3353 5005 3480 5045 suos
3512 4989 3596 5044 le-

1991 5083 2115 5137 nius
2147 5097 2308 5154 quam
2340 5079 2589 5135 debuerit
2617 5077 2956 5148 corripuerat
2981 5078 3030 5146 (Ι
3043 5080 3167 5150 Reg.
3199 5080 3275 5150 3),
3296 5078 3591 5151 legissem:

1993 5179 2046 5226 et
2092 5170 2322 5242 proinde
2355 5167 2480 5224 hinc
2511 5167 2627 5232 tibi,
2678 5166 2724 5221 si
2757 5173 2937 5222 tamen
2966 5167 3069 5222 hoc
3098 5167 3255 5236 dicis,
3291 5166 3596 5238 respondeo

1997 5260 2142 5331 quod
2171 5259 2240 5314 de
2269 5257 2428 5313 Moab
2447 5256 2709 5326 scriptum
2744 5263 2826 5311 est
2873 5273 2885 5310 :
2920 5256 3251 5312 Audiuimus
3280 5255 3600 5326 superbiam

1998 5346 2146 5404 Moab
2163 5365 2176 5400 :
2195 5346 2462 5416 superbus
2475 5348 2560 5400 est
2577 5346 2756 5412 valde,
2772 5346 3172 5416 sitperbiafejus
3189 5349 3246 5399 et
3266 5344 3595 5416 arrogantia

1995 5438 2118 5508 ejus
2137 5437 2264 5507 plus
2286 5451 2455 5506 quam
2481 5435 2757 5506 fortitudo
2797 5436 2921 5506 ejus
2963 5435 3092 5502 (lsa.
3117 5427 3236 5498 XVI,
3261 5436 3335 5502 6).
3369 5433 3436 5488 Et
3469 5433 3516 5487 si
3545 5441 3602 5488 tu

1995 5541 2084 5580 me
2131 5523 2442 5598 degradare
2472 5539 2636 5594 posse
2693 5531 2747 5578 te
2793 5523 3018 5577 minaris
3064 5537 3294 5596 arrogas
3332 5521 3428 5578 tibi
3482 5522 3604 5593 plus
