4088 6180
493 228 588 279 311

1525 217 1868 278 HINCMARI
1902 217 2301 278 RHEMENSIS
2337 217 2890 280 ARCHIEPISCOPI.

3695 240 3798 294 312

501 362 668 419 quam
699 345 880 418 possis
914 365 928 413 ;
963 355 1030 402 ac
1057 359 1160 420 per
1187 346 1294 403 hoc
1321 346 1378 400 in
1405 347 1506 402 hac
1534 361 1698 402 causa
1729 345 1987 417 superbia
2014 355 2105 400 tua
2132 345 2188 406 A
2208 345 2322 402 ritis
2347 391 2360 414 ,
2395 327 2448 402 et
2475 364 2660 406 meum
2731 355 2814 406 est
2875 349 3239 409 ordinandum
3309 356 3622 414 examinare
3650 399 3664 427 ,
3697 375 3812 416 non

497 451 550 497 et
581 442 892 514 arrogantia
921 448 1014 496 tua
1045 442 1169 512 plus
1198 451 1280 496 est
1311 456 1470 513 quam
1497 440 1756 497 fortitudo
1785 449 1892 496 tua.
1925 441 2096 496 Citius

494 531 638 586 enim
685 529 868 586 facere
912 537 1068 602 potes
1099 538 1157 583 ut
1188 537 1244 584 tu
1275 530 1498 584 missam
1556 543 1664 584 non
1694 537 1903 594 cantes,
1937 547 2096 600 quam

497 619 680 675 facere
703 626 761 674 ut
791 633 896 691 ego
923 618 1259 691 degradatus
1317 617 1446 673 ﬁam
1470 636 1486 680 :,
1517 618 1628 673 imo
1655 619 1762 673 hoc
1791 617 1971 674 facere
1997 633 2096 690 po-

497 716 582 764 tes
599 715 658 764 ut
677 716 733 764 tu
759 708 985 763 missam
1005 721 1114 762 non
1144 714 1352 772 cantes,
1387 707 1485 762 sed
1515 707 1620 762 hoc
1639 706 1824 762 facere
1851 722 1962 762 non
1991 723 2095 779 po-

497 805 582 852 tes
601 804 658 852 ut
687 809 792 868 ego
819 795 1112 868 degrader:
1141 797 1264 851 Non
1289 811 1350 851 es
1379 795 1524 850 enim
1545 795 1676 850 mihi
1692 796 1968 866 praelatus,
1998 796 2097 852 sed

497 885 634 940 velis
663 884 804 940 nolis
833 884 890 939 in
905 883 1116 940 ordinis
1132 884 1390 956 dignitate
1413 885 1707 952 subjectus,
1724 891 1778 939 et
1793 883 1862 939 de
1881 883 2097 938 illorum

493 969 749 1024 societate
779 969 832 1023 in
863 969 1070 1024 ordinis
1119 969 1396 1040 qualitate,
1431 968 1627 1038 quibus
1675 969 1814 1024 sacri
1855 983 2097 1025 canones

495 1073 604 1112 non
625 1057 938 1128 permittunt
969 1058 1110 1128 apud
1139 1073 1199 1111 se
1229 1057 1512 1112 celebrare
1544 1057 1790 1126 concilia,
1811 1065 1864 1112 et
1892 1057 1960 1112 de
1981 1058 2098 1129 qui-

497 1147 601 1201 bus
629 1161 825 1218 magna
852 1145 1094 1217 synodus
1125 1145 1586 1201 Chalcedonensis
1613 1145 1743 1200 dicit
1787 1149 1937 1216 (can.
1971 1146 2094 1216 19):

503 1257 526 1286 ι
561 1235 818 1290 Decrevit
846 1241 1035 1288 sancta
1094 1233 1337 1305 synodus
1396 1234 1694 1288 secundum
1724 1249 1960 1289 canones
1989 1235 2096 1288 Pa-

495 1331 658 1389 trum,
693 1322 777 1378 bis
805 1323 862 1376 in
891 1337 1035 1378 anno
1075 1321 1360 1393 episcopos
1409 1322 1464 1375 in
1507 1321 1740 1392 idipsum
1759 1323 1814 1376 in
1845 1336 2094 1393 unaqua-

494 1428 600 1483 que
645 1411 924 1482 provincia
981 1411 1294 1476 convenire,
1347 1425 1456 1481 quo
1483 1411 1934 1482 metropolitanus
1959 1411 2098 1465 anti-

501 1515 612 1562 stes
637 1505 970 1578 probaverit,
1003 1511 1056 1559 et
1087 1505 1366 1577 corrigere
1397 1506 1692 1576 singula,si
1721 1505 2097 1577 quaefortassis

499 1594 839 1660 emerserint,
871 1615 892 1642 ν
925 1600 978 1648 et
1007 1593 1234 1665 reliqua.
1268 1595 1390 1666 Ego
1421 1601 1474 1648 te
1501 1593 1568 1648 ad
1624 1595 1892 1664 synodum
1923 1595 2097 1650 debeo

497 1697 818 1748 convocare,
852 1689 905 1736 tu
935 1699 1022 1736 me
1053 1697 1158 1738 non
1191 1691 1346 1752 potes
1375 1681 1443 1737 ad
1473 1683 1740 1753 synodum
1761 1683 2086 1754 regulariter
2103 1706 2156 1766 Β

497 1784 816 1840 provocare,
851 1777 902 1824 et
933 1770 977 1825 si
1009 1769 1080 1826 ad
1110 1771 1378 1841 synodum
1401 1787 1430 1824 a
1457 1787 1544 1825 me
1591 1779 1817 1826 vocatus
1851 1787 1962 1826 non
1989 1788 2089 1826 ve-

496 1858 666 1923 neris,
699 1865 788 1912 aut
842 1858 1068 1930 dignam
1121 1858 1528 1914 excusationem
1555 1874 1678 1914 cum
1710 1859 1966 1914 tractoria
1987 1875 2089 1929 per

495 1947 926 2002 comministrum
956 1955 1104 2000 tuum
1135 1947 1266 2000 mihi
1296 1946 1523 2012 directa,
1547 1947 1602 2002 in
1619 1962 1725 2018 qua
1746 1947 2086 2017 impossibili.

491 2035 616 2089 tatis
655 2035 740 2090 vel
796 2036 1136 2090 necessitatis
1195 2043 1299 2091 tute
1329 2049 1521 2090 causas
1578 2036 1856 2102 ostendas,
1891 2050 1992 2091 cur
2020 2037 2088 2092 ad

494 2123 760 2194 synodum
790 2140 900 2178 non
947 2124 1159 2188 venisti,
1195 2139 1303 2178 non
1347 2123 1582 2192 miseris,
1617 2139 1721 2195 ego
1757 2131 1810 2178 te
1853 2125 2008 2180 valeo
2035 2131 2090 2180 et

491 2213 668 2268 debeo
691 2212 972 2282 judicare:
1004 2219 1059 2267 tu
1090 2227 1192 2284 pro
1212 2213 1522 2280 hujusmodi
1542 2213 1628 2268 vel
1657 2228 1754 2283 pro
1775 2212 1882 2268 alia
1901 2227 2086 2280 causa,

495 2307 588 2355 tua
617 2301 939 2356 auctoritate
968 2315 1054 2355 me
1101 2316 1210 2356 non
1236 2301 1508 2371 praevales
1533 2300 1794 2368 judicare.
1824 2301 1894 2355 Et
1925 2301 1972 2356 si
1997 2317 2088 2358 ac-

492 2389 765 2445 cusandus
792 2389 980 2458 fueris,
1012 2397 1296 2446 accusator
1310 2397 1432 2445 tuus
1461 2390 1531 2445 ad
1547 2405 1633 2446 me
1649 2391 1932 2460 primatem
1961 2407 2088 2462 pro-

493 2477 686 2532 vincia
715 2477 785 2532 de
815 2485 866 2531 te
897 2477 1298 2534 accusationem
1328 2477 1490 2534 debet
1520 2477 1768 2544 deferre;
1801 2494 1963 2534 nemo
1985 2493 2086 2534 au-

491 2575 600 2621 tem
619 2581 706 2621 me
737 2567 878 2636 apud
907 2574 960 2621 te
985 2566 1305 2637 regulariter
1335 2567 1402 2622 ad
1450 2565 1802 2635 judicandum
1829 2567 2088 2638 praevalet

491 2671 771 2711 accusare.
804 2654 930 2710 Non
986 2655 1129 2710 enim
1161 2662 1308 2710 tuum
1365 2663 1448 2710 est
1475 2657 1543 2710 de
1573 2672 1660 2710 me
1684 2655 1951 2724 judicare,
1984 2671 2086 2713 nec

488 2744 622 2800 mihi
645 2744 856 2812 judices
887 2744 1038 2808 dare,
1072 2744 1200 2816 quia
1227 2745 1367 2800 sicut
1405 2745 1666 2817 scriptum
1695 2753 1798 2812 est,
1832 2747 2023 2802 minor
2051 2763 2086 2800 a

491 2835 704 2904 majore
725 2833 1074 2888 benedicitur
1099 2834 1284 2902 (Hebr.
1331 2848 1430 2903 vn,
1461 2835 1538 2904 '1),
1573 2835 1648 2890 ita
1703 2841 1756 2889 et
1792 2833 2081 2902 judicatur,

488 2921 645 2978 Unde
676 2921 816 2976 sacri
846 2936 1084 2976 canones
1107 2929 1158 2976 et
1189 2922 1412 2978 decreta
1448 2922 1762 2994 apostolicae
1817 2923 1966 2978 sedis
1995 2939 2084 2978 me

488 3010 558 3064 ad
591 3009 868 3080 sequentis
897 3009 1128 3065 civitatis
1159 3011 1403 3082 episcopi
1426 3011 1691 3079 judicium
1733 3011 1829 3066 iraa
1855 3011 2083 3067 invitum

2197 443 2365 490 tuum.
2398 436 2570 492 Tuum
2627 445 2712 494 est
2769 447 2950 494 autem
3001 456 3125 496 cum
3157 442 3278 498 aliis
3308 461 3520 500 mecum
3551 447 3810 504 ordinare

2197 524 2533 595 episcopum,
2565 535 2620 581 et
2663 526 2858 582 litteris
2905 530 3206 598 canonicis,
3241 548 3379 602 quas
3409 534 3696 591 ordinatus
3730 539 3802 592 ab

2195 611 2601 668 ordinatoribus
2631 614 2743 670 suis
2767 616 2988 684 jubetur
3034 619 3311 690 accipere,
3349 631 3472 691 post
3501 639 3590 676 me
3619 624 3675 680 in
3707 633 3802 680 tuo

2197 699 2317 755 loco
2349 700 2700 758 subscribere
2741 720 2756 758 :
2790 704 2882 774 qui
2911 721 3021 760 non
3049 706 3219 763 debes
3249 708 3342 762 ulli
3373 725 3530 766 nova:
3557 711 3656 776 rei,
3681 729 3806 784 qua

2197 789 2266 844 ad
2297 790 2616 862 generalem
2644 791 3044 849 observantiam
3073 797 3294 851 Domini
3309 799 3656 854 sacerdotum
3675 817 3808 872 per-

2197 877 2406 945 tinent,
2440 879 2556 934 sine
2596 881 2929 936 conscientia
2957 883 3045 938 vel
3098 885 3368 941 sententia
3395 903 3520 942 mea
3551 889 3801 944 subscri-

2198 965 2357 1022 bere.
2397 966 2474 1021 Tu
2499 967 2712 1036 juberis
2741 984 2772 1024 a
2805 970 2974 1026 sacris
3005 971 3235 1044 regulis,
3259 974 3480 1030 decreto
3530 976 3618 1032 vel
3647 976 3800 1032 rela-

2197 1053 2330 1108 tioni
2367 1069 2524 1122 mete,
2585 1057 2630 1110 si
2677 1072 2996 1128 praacepero
3052 1059 3168 1126 tibi,
3217 1060 3368 1118 salva
3417 1061 3523 1118 ﬁde
3551 1065 3802 1120 subscri-

2199 1143 2346 1212 bere,
2377 1150 2562 1198 etnon
2591 1159 2696 1217 ego
2727 1153 2820 1200 tuo
2839 1147 3062 1204 decreto
3081 1148 3168 1204 vel
3183 1149 3434 1206 relationi
3455 1151 3804 1210 subscribere

2197 1231 2374 1287 debeo
2407 1248 2420 1284 :
2450 1231 2578 1303 quia
2607 1241 2664 1288 tu
2693 1233 2936 1300 decreto,
2961 1235 3048 1292 vel
3075 1237 3326 1292 relationi
3357 1239 3678 1312 cuicunque,
3711 1243 3804 1298 vel

2199 1321 2589 1392 cujuscunque,
2622 1321 2692 1377 de
2737 1323 2822 1376 his
2877 1339 2999 1394 quas
3053 1325 3122 1380 ad
3167 1327 3482 1398 parochiam
3511 1337 3658 1384 tuam
3687 1345 3798 1387 non

2197 1407 2490 1478 pertinent,
2519 1418 2722 1480 praeter
2749 1427 2838 1467 me
2866 1427 2976 1467 non
3009 1413 3180 1470 debes
3209 1415 3576 1472 subscribere.
3609 1417 3721 1474 Sed
3747 1429 3802 1475 et

2197 1511 2300 1552 nec
2328 1497 2398 1552 de
2426 1505 2519 1552 tua
2549 1499 2828 1570 parochia,
2849 1501 2954 1555 nisi
2982 1501 3053 1558 de
3083 1503 3247 1558 rebus
3278 1513 3332 1560 et
3357 1506 3798 1575 possessionibus

2199 1601 2336 1654 quas
2363 1601 2490 1640 cum
2520 1587 2706 1642 notitia
2739 1589 3191 1661 presbyterorum
3219 1599 3272 1647 et
3295 1592 3654 1650 diaconorum
3681 1595 3796 1651 Ec-

2195 1673 2377 1729 clesiae
2407 1683 2509 1730 tuae
2539 1691 2733 1746 regere
2753 1677 2925 1734 debes
2953 1687 3006 1734 et
3034 1679 3792 1750 dispensare,velcommuta-

2193 1761 2430 1817 tionibus
2457 1779 2646 1820 earum
2685 1780 2812 1822 cum
2839 1767 3146 1824 cohibentia
3192 1769 3516 1826 clericorum
3547 1773 3794 1829 subseri-

2192 1850 2343 1906 bere.
2377 1851 2458 1907 De
2491 1860 2584 1908 tuo
2633 1853 2839 1922 judicio
2880 1855 3106 1923 judicati
3135 1857 3224 1912 vel
3267 1859 3550 1925 judicandi
3605 1861 3676 1916 ad
3703 1877 3794 1918 me

2189 1946 2437 2010 possunt,
2471 1949 2524 1995 et
2553 1941 2600 1996 si
2640 1943 2940 1999 necessitas
2979 1945 3060 1999 eis
3087 1945 3250 2002 fuerit
3275 1947 3345 2001 ad
3373 1964 3463 2002 me
3491 1964 3794 2018 provocare

2189 2027 2408 2094 debent,
2442 2044 2552 2084 non
2577 2039 2758 2086 autem
2785 2031 2854 2086 de
2879 2049 3006 2088 meo
3029 2033 3234 2102 judicio
3263 2034 3334 2090 ad
3363 2043 3510 2091 tuum
3533 2037 3795 2106 judicium

2190 2117 2311 2188 quis
2343 2119 2681 2187 provocabit.
2704 2119 2783 2176 Tu
2804 2121 2872 2176 de
2893 2122 3056 2177 rebus
3079 2123 3342 2179 Ecclesize
3365 2131 3470 2180 tuae
3491 2127 3792 2182 vendendis

2188 2204 2274 2260 vel
2301 2205 2667 2262 distrahendis
2697 2225 2785 2262 me
2809 2210 3020 2278 juberis
3042 2211 3346 2278 consulere,
3369 2229 3478 2285 ego
3507 2215 3576 2270 de
3603 2215 3790 2284 hujus-

2187 2293 2336 2349 modi
2361 2309 2532 2350 causa
2581 2297 2649 2350 ad
2685 2304 2836 2352 tuum
2882 2299 3190 2354 consultum
3219 2300 3298 2355 ire
3327 2316 3434 2357 non
3477 2303 3691 2370 jubeor.
3729 2304 3786 2360 Si

2188 2388 2242 2436 tu
2273 2383 2673 2455 presbyterum,
2717 2385 2805 2442 vel
2833 2386 3138 2454 diaconem,
3171 2389 3257 2444 vel
3289 2388 3454 2445 alium
3485 2407 3790 2462 quemcun-

2188 2487 2292 2541 que
2321 2474 2899 2540 excommunicaveris,
2935 2483 2986 2530 et
3021 2477 3293 2548 patienter
3319 2480 3564 2550 accipere
3591 2481 3789 2536 nolue-

2187 2558 2258 2612 ris
2289 2567 2342 2614 ut
2371 2575 2472 2632 per
2501 2560 2758 2618 finitimos
2790 2563 3080 2635 episcopos
3131 2567 3412 2639 negotium
3445 2567 3786 2636 discutiatur,

2187 2653 2238 2702 et
2261 2647 2346 2702 vel
2385 2649 2646 2719 probetur
2677 2653 2946 2708 sententia
2975 2661 3064 2708 tua
3087 2669 3120 2709 a
3137 2655 3388 2724 plurimis
3407 2649 3493 2712 vel
3513 2657 3780 2714 emende-

2185 2742 2290 2803 tur,
2324 2744 2377 2791 et
2405 2737 2504 2792 tibi
2533 2747 2654 2794 ante
2685 2741 2954 2812 synodum
2984 2758 3092 2798 non
3121 2743 3384 2814 placuerit
3411 2745 3786 2802 humaniorem

2185 2839 2285 2895 pro
2307 2841 2374 2880 eo
2405 2825 2546 2882 ferre
2577 2829 2918 2896 sententiam,
2963 2832 3314 2904 congregatis
3341 2835 3634 2903 provinciae
3661 2835 3786 2906 epi-

2185 2915 2384 2984 sc0pis,
2417 2929 2525 2970 una
2554 2933 2676 2970 cum
2705 2918 2807 2984 eis,
2839 2918 2886 2973 si
2915 2920 3230 2977 rationabile
3258 2923 3417 2977 nobis
3453 2923 3630 2978 visum
3659 2923 3784 2980 fue-

2185 3001 2272 3068 rit,
2299 3018 2591 3074 possumus
2622 3013 2676 3060 et
2717 3007 3001 3078 debemus,
3053 3009 3216 3065 etiam
3267 3011 3312 3064 si
3341 3011 3602 3078 nolueris,
3635 3021 3784 3068 tuam

483 3113 593 3153 non
623 3065 916 3168 patiuntur.
947 3097 1015 3154 Et
1062 3099 1110 3154 si
1137 3099 1207 3154 de
1253 3065 1376 3155 meo
1419 3099 1541 3170 quis
1574 3100 1778 3167 judicio
1809 3101 2072 3172 queritur,
2113 3065 2469 3147 Ciminum?
2501 3101 2552 3147 el
2582 3095 2804 3150 alteram
2833 3096 3084 3167 proferre
3117 3099 3458 3154 sententiam.

481 3187 758 3242 evidenter
787 3186 994 3259 regulae
1025 3195 1327 3242 monstrant
1358 3187 1584 3258 qualiter
1613 3195 1666 3242 et
1695 3203 1728 3242 a
1755 3189 1952 3259 quibus
1973 3189 2075 3246 de-

483 3277 608 3331 beat
637 3275 928 3331 retractari.
983 3277 1104 3346 Ego
1143 3289 1273 3331 vero
1321 3275 1418 3330 tibi
1455 3275 1687 3346 judices,
1721 3283 1812 3330 aut
1839 3292 2076 3333 consen-

479 3363 579 3419 tire
609 3365 832 3430 electos,
885 3373 976 3419 aut
1005 3379 1036 3418 a
1065 3380 1152 3418 me
1186 3363 1348 3418 etiam
1405 3365 1692 3435 deputatos
1719 3364 1850 3420 dare
1877 3365 2072 3432 debeo,

479 3452 524 3506 si
553 3467 718 3508 causa
745 3451 1078 3524 peposcerit.
1103 3452 1225 3524 Ego
1255 3452 1437 3507 locum
1466 3453 1642 3508 debeo
1673 3461 1722 3508 et
1741 3467 1968 3524 possum
1987 3455 2074 3510 eli-

476 3557 629 3614 gere,
660 3542 974 3614 ubicunque
1005 3541 1137 3596 mihi
1159 3541 1336 3596 visum
1362 3540 1544 3608 fuerit,
1579 3542 1766 3598 intota
1795 3557 1920 3598 mea
1949 3557 2074 3614 pro-

473 3629 650 3686 vincia
679 3630 749 3685 ad
793 3630 1060 3702 synodum
1091 3631 1518 3697 convocandam,
1553 3631 1640 3686 vel
1673 3630 1746 3686 ad
1774 3631 2072 3687 ordinatio-

471 3734 598 3775 nem
628 3717 1032 3786 celebrandam,
1066 3734 1172 3790 quo
1201 3719 1250 3773 si
1277 3727 1330 3773 te
1349 3733 1621 3775 vocavere
1655 3718 1824 3773 debes
1849 3735 2072 3774 concur-

473 3823 617 3862 rere.
667 3807 840 3862 Tuum
885 3822 996 3861 non
1025 3815 1108 3861 est
1155 3808 1335 3862 locum
1364 3807 1432 3861 ad
1463 3807 1730 3878 synodum
1759 3821 2071 3863 convocan-

473 3894 616 3962 dam,
649 3895 736 3950 vel
766 3895 836 3949 ad
865 3894 1261 3949 ordinationem
1289 3893 1690 3960 celebrandam,
1725 3895 1943 3966 eligere,
1969 3912 2072 3953 nec

467 3998 536 4039 ne
568 3997 674 4054 quo
693 3989 748 4037 tu
775 3982 1090 4038 decreveris
1129 3995 1380 4038 evocare.
1423 3983 1480 4037 Si
1509 3983 1562 4037 in
1626 3983 1918 4040 Rhemensi
1945 4001 2072 4056 pro-

467 4070 647 4127 vincia
699 4079 898 4141 prmter
943 4085 1121 4126 meam
1173 4072 1494 4128 sententiam
1527 4072 1649 4144 quis
1691 4072 1852 4128 fuerit
1881 4088 1912 4128 a
1940 4074 2068 4146 qui—

467 4160 782 4232 buscunque
811 4167 864 4214 et
902 4159 1332 4234 quantiscunque
1360 4161 1656 4232 provincia:
1679 4163 1838 4230 hujus
1863 4163 2067 4232 episco-

465 4249 550 4320 pis
591 4248 762 4304 factus
801 4247 1108 4320 episcopus,
1142 4249 1281 4306 sicut
1313 4251 1543 4321 mystica
1573 4251 1796 4306 Nicaena
1825 4251 2065 4322 synodus

467 4337 711 4395 diiiinivit
739 4339 882 4412 (cap.
917 4339 992 4406 6),
1025 4355 1138 4396 non
1167 4343 1384 4411 oportet
1413 4355 1544 4396 eum
1573 4355 1692 4395 esse
1719 4342 2059 4412 episcopum.

2253 3181 2362 3236 Sed
2392 3189 2444 3236 et
2473 3181 2564 3236 illa
2595 3199 2704 3236 non
2735 3183 2874 3240 bene
2901 3185 3157 3256 intelligis
3185 3195 3244 3242 ut
3281 3189 3336 3242 in
3365 3188 3472 3243 tuis
3509 3189 3782 3246 collectio-

2178 3269 2338 3323 nibus
2381 3271 2671 3342 potiusque
2719 3273 3192 3344 compilationibus
3235 3275 3451 3344 inveni,
3487 3285 3544 3333 ut
3573 3294 3679 3350 ego
3710 3279 3781 3334 ad

2179 3365 2324 3412 tuam
2355 3360 2666 3428 parochiam
2695 3361 2798 3414 nisi
2829 3370 2932 3418 ate
2961 3363 3218 3419 invitatus
3285 3381 3392 3420 non
3457 3365 3690 3436 veniam,
3733 3377 3788 3422 et

2177 3461 2298 3517 quae
2335 3448 2668 3520 corrigenda
2715 3450 2788 3504 ibi
2818 3459 2942 3505 sunt
2999 3453 3308 3524 corrigam;
3341 3461 3396 3508 et
3421 3455 3566 3509 hunc
3591 3469 3780 3525 pravae

2179 3533 2553 3606 intelligentiae
2581 3545 2688 3593 tuae
2715 3554 2957 3606 sensum,
2992 3549 3046 3595 et
3089 3541 3245 3612 plura
3277 3557 3562 3599 sacrorum
3591 3545 3782 3602 conci-

2177 3622 2248 3677 lia
2278 3639 2567 3691 canonum,
2602 3633 2652 3682 et
2679 3629 2994 3698 apostolicae
3015 3629 3162 3684 sedis
3181 3631 3402 3687 decreta
3423 3633 3776 3704 redarguunt,

2175 3713 2460 3767 revincunt
2512 3721 2672 3785 atque
2731 3715 3020 3786 repellunt.
3080 3718 3136 3772 Si
3195 3733 3356 3774 causa
3413 3720 3468 3775 in
3495 3722 3778 3792 provincia

2173 3815 2292 3856 mea
2321 3809 2441 3856 orta
2461 3801 2638 3871 fuerit,
2673 3813 2767 3858 aut
2805 3804 2858 3858 in
2887 3805 3121 3861 concilio
3149 3807 3392 3878 perfecto
3445 3809 3606 3865 debet
3633 3808 3780 3866 ﬁniri

2173 3889 2191 3954 (
2217 3913 2238 3936 υ
2273 3889 2597 3960 perfectum,
2621 3891 2794 3962 inquit
2823 3908 3000 3950 canon
3033 3895 3210 3966 [εοησ.
3234 3898 3496 3955 Antioch.
3515 3913 3635 3953 can.
3663 3899 3774 3972 16],

2171 3977 2462 4034 concilium
2515 3979 2648 4036 illud
2703 3989 2783 4036 est
2839 3983 2932 4037 ubi
2981 3983 3284 4040 interfuerit
3327 3986 3782 4058 metropolitanus

2169 4063 2395 4121 antistes
2421 4087 2441 4116 ι
2469 4069 2486 4126 )
2517 4110 2530 4134 ,
2555 4075 2646 4123 aut
2673 4085 2771 4140 per
2799 4071 3092 4142 episcopos
3117 4073 3350 4142 judices,
3375 4075 3488 4130 sive
3508 4091 3645 4146 quos
3667 4093 3782 4149 ego

2169 4155 2614 4224 conquirentibus
2672 4157 2908 4225 dedero,
2952 4159 3067 4216 sive
3101 4177 3238 4232 quos
3294 4163 3398 4234 ipsi
3447 4163 3654 4219 vicinos
3706 4181 3780 4220 ex

2165 4257 2435 4298 consensu
2464 4245 2784 4317 delegerint.
2817 4248 2944 4302 Mihi
2967 4247 3272 4306 sollicitudo
3301 4251 3782 4323 totiusprovinciae

2165 4337 2250 4386 est
2277 4332 2565 4388 commissa
2590 4353 2604 4398 ;
2635 4343 2853 4406 propter
2909 4337 3056 4407 quod
3084 4339 3156 4394 ad
3182 4355 3270 4394 me
3313 4355 3504 4396 omnes
3533 4341 3780 4412 undique

467 4427 524 4482 Si
553 4435 754 4494 autem,
787 4428 1062 4484 communi
1092 4436 1411 4484 camporum
1445 4429 1666 4484 decreto
1687 4429 2070 4500 episcoporum
2097 4421 2149 4482 D
2169 4435 2234 4473 ex
2266 4427 2376 4476 tota
2405 4422 2702 4491 provincia,
2738 4423 2831 4494 qui
2860 4425 3082 4494 negotia
3119 4427 3488 4484 ecclesiastica
3514 4428 3778 4484 videntur

459 4517 771 4574 rationabili
800 4525 851 4572 et
867 4517 1166 4574 secundum
1187 4517 1438 4588 regulam
1460 4517 1893 4573 ecclesiasticam
1917 4532 2064 4574 com-

457 4605 708 4678 probato,
742 4615 799 4660 tu
827 4612 916 4660 aut
943 4605 1034 4660 alii
1091 4605 1200 4660 duo
1255 4605 1334 4660 tui
1380 4605 1675 4676 complices
1731 4613 1910 4661 tecum
1939 4621 2064 4678 pro-

457 4703 578 4765 pter
599 4693 1016 4750 constitutiones
1035 4692 1290 4764 proprias
1307 4693 1766 4760 contradixeritis,
1787 4709 1908 4750 mea
1937 4708 2062 4750 cum

459 4781 705 4852 pluribus
733 4783 806 4836 ad
862 4781 1227 4838 ordinandum
1283 4782 1606 4854 episcopum
1635 4782 1902 4838 obtinebit
1929 4799 2060 4838 sen-

461 4869 647 4934 tentia,
680 4877 732 4924 et
759 4870 892 4924 mihi
923 4885 1032 4926 non
1071 4871 1166 4926 tibi
1205 4869 1430 4925 firmitas
1478 4885 1670 4926 eorum
1697 4887 1820 4941 quae
1849 4887 2058 4943 gerun-

453 4965 562 5023 tur,
606 4957 674 5012 de
721 4957 1154 5014 ordinationibus
1183 4959 1268 5014 vel
1297 4959 1416 5014 aliis
1473 4959 1638 5014 rebus
1669 4959 2058 5016 ecclesiasticis

451 5045 506 5100 in
535 5045 830 5101 Rhemensi
847 5048 1132 5117 provincia
1160 5047 1444 5104 tribuetur.
1468 5049 1528 5102 In
1555 5064 1660 5119 qua
1693 5048 1738 5102 si
1769 5047 1927 5104 fuerit
1955 5049 2056 5104 de-

449 5133 663 5192 functus
693 5135 1002 5206 episcopus,
1034 5151 1139 5208 ego
1171 5143 1223 5192 et
1253 5151 1358 5191 non
1391 5145 1446 5191 ut
1474 5136 1808 5193 visitatorem
1837 5137 1940 5210 ipsi
1971 5137 2055 5192 vi-

451 5223 626 5280 duatae
655 5223 962 5296 designabo
991 5222 1277 5290 Ecclesiae,
1315 5224 1637 5280 electionem
1669 5241 1794 5280 cum
1831 5226 2054 5282 decreto

447 5313 708 5368 canonico
738 5311 1052 5384 praecipiam
1099 5309 1234 5380 ﬁeri,
1266 5319 1321 5366 et
1349 5313 1395 5366 si
1425 5312 1480 5366 in
1536 5321 1718 5384 partes
1747 5330 1806 5370 se
1839 5312 2052 5387 eligen-

443 5400 578 5455 tium
607 5409 732 5456 vota
762 5401 1060 5466 diviserint,
1105 5415 1286 5456 meum
1317 5407 1510 5478 etnon
1533 5409 1681 5457 tuum
1705 5403 1806 5458 erit
1823 5402 2047 5476 eligere,

442 5489 534 5560 qui
565 5489 862 5556 majoribus
899 5491 968 5544 ad
997 5489 1359 5544 ordinandum
1389 5489 1581 5545 studiis
1605 5491 1824 5558 juvetur
1855 5499 1907 5546 et
1937 5507 2050 5548 me-

2171 4508 2395 4576 habere,
2441 4509 2642 4566 debent
2697 4527 3038 4582 concurrere,
3086 4523 3140 4570 et
3195 4531 3300 4588 ego
3329 4516 3544 4572 illorum
3576 4533 3778 4573 causas

2167 4595 2305 4652 sicut
2343 4605 2398 4652 et
2416 4597 2484 4652 de
2515 4607 2608 4654 tua
2635 4601 2912 4670 parochia,
2947 4602 3122 4658 debeo
3161 4605 3486 4677 regulariter
3515 4605 3772 4663 diﬂinire.

2165 4685 2242 4740 Tu
2263 4695 2443 4741 autem
2473 4695 2762 4743 contentus
2791 4705 2914 4744 esse
2945 4691 3117 4747 debes
3147 4701 3203 4748 ut
3233 4709 3398 4766 regas
3431 4703 3576 4748 tuam
3601 4710 3772 4766 paro-

2163 4773 2342 4829 chiam
2366 4777 2516 4844 juxta
2555 4777 2914 4834 reverentiam
2963 4779 3192 4852 singulis
3261 4791 3680 4854 competentem,
3715 4795 3776 4840 et

2160 4863 2564 4932 providentiam
2593 4880 2758 4937 geras
2785 4867 2962 4922 omnis
3001 4870 3368 4940 possessionis
3398 4888 3520 4942 qua:
3549 4871 3648 4926 sub
3676 4879 3779 4928 tua

2161 4958 2243 5006 est
2271 4959 2556 5022 potestate,
2587 4953 2658 5007 ita
2687 4961 2742 5008 ut
2773 4957 3123 5026 presbyteros
3154 4965 3207 5012 et
3222 4957 3484 5015 diaconos
3515 4959 3766 5026 ordines,

2159 5046 2212 5094 et
2241 5055 2351 5094 non
2397 5041 2708 5108 exordines,
2759 5051 2816 5098 et
2856 5045 3091 5118 singula,
3131 5063 3238 5102 non
3269 5057 3446 5104 autem
3467 5049 3773 5120 provincia:

2157 5127 2456 5199 generalia,
2493 5137 2581 5184 tuo
2607 5131 2813 5198 judicio
2851 5134 3308 5204 comprehendas.
3349 5137 3466 5193 Nec
3489 5138 3586 5192 tibi
3609 5137 3759 5204 licet,

2158 5216 2203 5270 si
2225 5225 2414 5272 contra
2447 5217 2664 5276 fratrem
2695 5229 2846 5276 tuum
2875 5221 3115 5293 aliquem
3137 5226 3454 5300 episcopum
3486 5227 3634 5282 litem
3665 5227 3766 5282 ha—

2155 5305 2359 5374 bueris,
2393 5323 2458 5362 ex
2479 5307 2582 5362 alia
2609 5309 2886 5378 provincia
2915 5313 3186 5369 advocare
3212 5314 3530 5384 epiSCOpum
3571 5316 3772 5388 cegui-

2155 5401 2348 5460 torem,
2381 5411 2482 5452 nec
2517 5397 2680 5454 etiam
2715 5397 2810 5453 tibi
2867 5398 2992 5456 licet
3047 5417 3144 5471 pro
3197 5403 3534 5458 terminando
3576 5403 3766 5476 jurgio

2153 5499 2348 5562 praeter
2384 5511 2469 5550 me
2498 5495 2562 5550 ad
2584 5495 2719 5551 alias
2759 5498 3050 5554 convolare
3079 5499 3402 5570 provincias.
3450 5500 3557 5556 Sed
3589 5499 3636 5554 si
3664 5517 3770 5556 ne-
