4004 6176
244 249 344 301 313

964 244 1205 305 orusc.
1265 244 1353 303 ET
1399 243 1617 302 EPIST.
1678 243 1753 300 IN
1806 242 2033 301 causa
2078 228 2439 303 HINCMARI'
2484 244 2797 305 LAUDUN.

3439 251 3544 308 314

258 384 418 427 cesse
451 371 636 439 fuerit,
667 385 771 443 pro
798 384 936 428 mea
965 371 1263 442 provincia
1290 369 1654 443 ambiguitatis
1682 369 1851 425 abso-
1880 369 1939 430 A
1956 369 2055 425 lari
2084 369 2341 427 comitatu
2370 370 2573 429 ascitus
2591 371 2647 427 in
2669 371 2832 429 aliam
2858 372 3197 445 provinciam
3221 376 3548 448 perrexisti;

255 460 482 527 lutione,
505 476 614 533 ego
644 476 679 515 a
706 459 885 516 vicina
904 460 1187 531 provincia
1210 459 1445 530 judices,
1469 460 1517 515 si
1534 460 1848 524 decrevero,

254 563 557 604 convocare
603 549 892 620 pravaleo.
940 550 1009 603 Et
1052 547 1100 603 si
1146 564 1270 605 cum
1318 548 1576 619 episcOpo
1631 547 1852 602 alterius

249 636 548 708 provincia
578 637 646 692 de
674 652 838 693 causa
859 637 1225 705 contenderis,
1256 644 1309 693 et
1335 637 1391 692 in
1421 651 1545 691 mea
1570 634 1853 707 provincia

250 738 420 780 causa
449 725 697 794 conjacet
726 724 980 791 ﬁnienda,
1015 741 1120 797 ego
1142 725 1319 781 debeo
1347 724 1476 781 dare
1498 724 1731 794 judices,
1761 722 1852 795 qui

250 813 446 868 eadem
477 828 699 891 causam
743 812 1069 885 regulariter
1110 812 1321 880 finiant,
1361 812 1495 868 nihil
1538 820 1718 868 autem
1744 811 1851 866 ho-

249 917 369 955 rum
399 902 481 955 tui
511 909 593 956 est
621 900 901 973 pontiﬁcii.
931 902 1052 973 Ego
1082 902 1151 957 de
1179 900 1359 956 dubiis
1390 909 1442 957 et
1472 900 1720 957 obscuris
1756 915 1851 956 re-

246 990 365 1057 bus,
399 989 471 1044 de
510 988 707 1061 quibus
750 997 957 1044 certam
999 988 1371 1045 diﬁinitionem
1413 1005 1522 1044 non
1565 988 1849 1053 habemus,

245 1079 289 1131 si
317 1076 463 1132 forte
493 1077 832 1143 emerserint,
866 1085 916 1133 et
944 1078 1014 1133 de
1043 1078 1128 1133 bis
1167 1094 1289 1150 qua
1331 1078 1449 1133 sine
1490 1076 1853 1150 plurimorum

236 1165 453 1234 judicio
482 1165 867 1236 episcOporum
896 1164 1039 1220 finiri
1080 1181 1190 1222 non
1226 1173 1475 1237 possunt,
1508 1181 1631 1220 cum
1661 1164 1850 1236 coepi-

246 1253 432 1324 scopis
489 1254 815 1323 provincia,
856 1253 997 1309 inter
1033 1270 1173 1325 quos
1211 1254 1618 1319 annumeraris,
1674 1254 1851 1309 debeo

244 1341 538 1398 consilium
586 1357 858 1412 quarere,
918 1342 1150 1414 qualiter
1198 1342 1271 1397 ita
1319 1341 1593 1409 finiantur,
1642 1350 1700 1398 ut
1750 1356 1852 1398 nec

242 1430 531 1501 praceptis
565 1430 898 1503 evangelicis
936 1431 1268 1487 contrarium
1305 1447 1408 1487 nec
1445 1430 1683 1487 decretis
1722 1446 1850 1485 san-

247 1527 464 1573 ctorum
490 1518 799 1594 inveniatur
830 1514 1120 1574 adversum
1150 1520 1303 1589 (Leo,
1333 1536 1421 1594 ep.
1456 1522 1567 1590 92).
1600 1519 1719 1574 Tibi
1749 1536 1850 1575 au—

245 1614 352 1661 tem
381 1607 436 1660 in
468 1588 650 1662 c‘ausis
681 1623 801 1678 qua
828 1608 898 1662 ad
927 1608 1238 1679 generalem
1281 1588 1688 1664 observantiam
1716 1624 1851 1679 per-

1953 466 2008 513 et
2035 458 2083 514 si
2111 459 2221 515 vim
2250 459 2320 514 ab
2349 459 2534 531 aliquo
2557 459 2705 516 fuisti
2722 477 3043 533 perpessus,
3076 470 3133 519 ut
3162 464 3231 517 ab
3262 480 3324 519 ea
3343 463 3551 539 irregu-

1952 546 2139 601 lariter
2166 548 2252 603 vel
2280 556 2507 604 coactus
2536 549 2736 616 exires,
2769 550 2902 607 nihil
2931 551 3075 621 apud
3103 568 3211 618 me,
3240 552 3379 608 sicut
3404 569 3549 624 pra-

1952 632 2155 705 cipiunt
2181 636 2422 707 regula,
2468 636 2596 692 inde
2639 646 2861 709 questus
2899 638 3068 709 fuisti,
3117 640 3216 696 sed
3261 649 3551 712 antequam

1953 723 2125 779 scires
2171 725 2302 795 quid
2349 741 2415 780 ex
2460 726 2653 781 eodem
2698 727 2919 799 negotio
2959 735 3176 783 acturus
3219 745 3433 798 essem,
3465 729 3552 786 vel

1953 811 2083 883 quid
2112 811 2356 869 obtinere
2385 813 2623 869 valerem
2641 855 2655 883 ,
2701 814 2819 870 sine
2860 831 2983 871 mea
3012 815 3347 873 conscientia
3366 858 3382 887 ,
3412 817 3553 875 sicut

1952 907 2006 955 et
2028 900 2144 969 jam
2173 900 2342 956 altera
2370 902 2487 957 vice
2515 902 2708 969 fecisti,
2760 904 3202 961 reclamationem
3230 905 3300 959 ad
3326 913 3551 977 aposto-

1952 988 2114 1044 licam
2146 989 2332 1044 sedem
2362 989 2576 1056 misisti,
2600 1006 2724 1047 cum
2750 991 3066 1063 pracipiant
3093 993 3301 1066 regula
3328 993 3548 1067 (Greg.,

1956 1078 2051 1132 lib.
2100 1092 2198 1143 vu,
2251 1078 2373 1133 ind.
2420 1081 2474 1144 2,
2508 1094 2595 1151 ep.
2628 1080 2683 1150 8)
2711 1097 2726 1135 :
2757 1081 2825 1135 Ut
2869 1080 3049 1136 nullus
3096 1081 3384 1153 episcopus
3429 1098 3552 1139 me-

1953 1164 2335 1236 tropolitanum
2398 1181 2555 1221 suum
2607 1166 2663 1222 in
2719 1167 2904 1240 aliquo
2970 1178 3257 1240 prasumat
3322 1178 3551 1243 postpo-

1953 1269 2085 1309 nere
2105 1296 2118 1320 ,
2178 1260 2405 1325 excepto
2462 1254 2507 1308 si
2563 1263 2755 1310 contra
2809 1272 2934 1311 eum
2990 1258 3194 1328 aliquid
3231 1273 3414 1315 causa
3442 1273 3555 1315 non

1952 1341 2234 1411 habuerit,
2289 1350 2348 1397 ut
2396 1343 2468 1398 ob
2513 1344 2620 1399 hoc
2664 1344 2810 1399 sedis
2858 1345 3168 1416 apostolica
3211 1354 3360 1417 petat
3401 1348 3552 1417 judi-

1954 1430 2116 1499 cium,
2177 1431 2325 1502 quod
2381 1447 2479 1502 per
2533 1447 2770 1488 canones
2822 1433 3163 1504 antiquorum
3208 1435 3425 1491 Patrum
3470 1446 3553 1493 est

1952 1518 2287 1575 institutione
2331 1520 2681 1591 permissum.
2715 1521 2921 1577 Verum
2969 1530 3023 1577 et
3062 1522 3381 1595 priusquam
3426 1524 3552 1581 inde

1952 1624 2276 1678 responsum
2319 1609 2621 1680 acciperes,
2661 1609 2848 1665 relicto
2888 1610 3287 1675 ecclesiastico,
3332 1612 3539 1683 publitx

243 1695 445 1760 tinent,
489 1695 707 1750 Domini
754 1696 1117 1763 sacerdotum,
1152 1696 1285 1752 nihil
1333 1703 1535 1768 prater
1563 1712 1652 1752 me
1682 1712 1851 1770 agere
1878 1720 1931 1780 Β
1948 1696 2187 1765 judicio,
2240 1696 2492 1753 videlicet
2547 1697 2865 1769 principalis
2909 1699 3190 1769 potestatis
3236 1700 3548 1771 reipublica

245 1783 385 1845 licet,
422 1783 518 1855 qui
549 1799 654 1839 nec
684 1784 833 1839 vales
876 1783 1124 1855 implere.
1160 1785 1215 1840 Si
1246 1785 1300 1839 in
1332 1784 1511 1841 causis
1556 1784 1735 1840 dubiis
1767 1785 1852 1841 vel

247 1872 496 1927 obscuris
526 1872 734 1943 aliquid
772 1872 1023 1938 dubitas,
1064 1890 1152 1929 me
1181 1874 1351 1929 debes
1380 1875 1759 1945 interrogare;
1799 1882 1852 1929 et

247 1960 291 2015 si
320 1976 427 2032 ego
457 1960 728 2026 nesciero,
754 1976 860 2033 ego
894 1962 1037 2031 apud
1067 1962 1225 2028 alios,
1248 1962 1335 2017 vel
1365 1962 1410 2016 si
1438 1978 1665 2017 necesse
1694 1962 1853 2017 fuerit

247 2049 384 2119 apud
416 2049 611 2104 sedem
640 2049 990 2120 apostolicam
1033 2050 1210 2106 debeo
1240 2050 1512 2123 requirere
1542 2059 1593 2105 et
1622 2050 1717 2105 tibi
1748 2051 1851 2106 ab-

251 2137 481 2191 solvere.
523 2137 604 2192 Tu
642 2145 822 2194 autem
861 2139 976 2193 sine
1014 2155 1103 2193 me
1140 2140 1210 2194 de
1248 2139 1426 2195 causis
1464 2139 1848 2212 generalibus,

250 2241 345 2281 nec
402 2225 572 2280 etiam
610 2226 682 2281 ad
720 2226 909 2281 sedem
946 2227 1300 2297 apostolicam
1338 2227 1509 2282 debes
1555 2227 1835 2299 requirere

245 2320 539 2384 antequam
573 2314 795 2369 studeas
824 2331 915 2370 me
944 2315 1070 2370 inde
1098 2315 1410 2382 consulere;
1445 2323 1497 2371 et
1528 2315 1573 2369 si
1596 2331 1697 2386 pro
1726 2330 1853 2371 cau-

247 2401 316 2455 sis
360 2402 613 2472 propriis
655 2402 964 2474 ubicunque
1000 2404 1219 2476 longius
1256 2411 1488 2476 cogente
1525 2404 1852 2459 necessitate

250 2489 337 2543 tibi
366 2489 537 2545 fuerit
570 2490 978 2558 ambulandum,
1009 2508 1038 2545 a
1064 2508 1152 2547 me
1183 2492 1484 2547 secundum
1529 2492 1789 2547 indictam
1820 2508 1852 2547 a

246 2579 447 2634 sanctis
479 2578 735 2634 Patribus
764 2579 1014 2652 regulam
1061 2586 1245 2651 petere
1276 2580 1549 2636 licentiam
1579 2581 1767 2646 debes,
1801 2589 1852 2636 et

247 2667 309 2719 ad
337 2666 647 2737 quamlibet
683 2668 1014 2738 provinciam
1046 2669 1163 2724 sine
1192 2669 1328 2724 meis
1360 2669 1551 2724 litteris
1579 2668 1851 2740 regulari-

248 2764 326 2809 ter
353 2755 631 2825 proﬁcisci
662 2757 749 2812 vel
778 2757 994 2812 mittere
1022 2756 1239 2831 longius
1268 2758 1337 2812 ad
1364 2758 1674 2813 comitatum
1704 2772 1852 2813 com-

246 2842 553 2899 ministrum
583 2853 735 2899 tuum
765 2861 873 2901 non
918 2854 1079 2916 potes
1099 2889 1112 2913 ,
1145 2862 1246 2901 nec
1275 2862 1364 2901 me
1398 2845 1451 2901 in
1483 2846 1663 2917 aliquo
1694 2854 1851 2916 post-

248 2946 448 3002 ponere
478 2933 654 2989 debes
696 2950 1047 3005 prasurnere,
1079 2942 1308 3006 excepto
1341 2934 1386 2989 si
1415 2942 1604 2990 contra
1632 2951 1720 2989 me
1748 2934 1850 2989 ali-

248 3021 371 3091 quid
404 3036 589 3076 causa
619 3038 731 3077 non
757 3023 1035 3089 habueris,
1059 3031 1116 3077 ut
1136 3022 1208 3078 ob
1229 3024 1333 3079 hoc
1361 3022 1675 3094 apostolica
1704 3022 1850 3077 sedis

240 3108 508 3177 judicium
538 3110 866 3181 regulariter
908 3118 1148 3183 expetas,
1197 3111 1336 3167 sicut
1376 3110 1731 3166 Sardicenses
1759 3126 1849 3166 ca-

248 3214 420 3253 nones
458 3206 795 3265 monstrant,
838 3207 891 3255 et
929 3200 1273 3256 Innocentius
1311 3200 1381 3255 ad
1412 3199 1757 3268 Victricium,
1801 3207 1853 3255 et

249 3286 547 3359 Gregorius
587 3295 641 3341 et
678 3288 858 3343 cateri
912 3289 1141 3345 Romani
1197 3287 1484 3359 pontiﬁces
1521 3288 1577 3341 in
1616 3287 1853 3343 decretis

248 3377 357 3430 suis
387 3385 850 3442 commemorant,
893 3386 1055 3448 atque
1094 3377 1247 3448 leges
1286 3375 1685 3448 imperatoria,
1721 3392 1854 3447 quas

248 3464 638 3520 ecclesiastica
666 3466 870 3535 regula
898 3466 1216 3537 approbant,
1241 3465 1521 3521 evidenter
1542 3465 1850 3520 ostendunt.

247 3554 360 3625 Ego
409 3569 514 3624 pro
564 3554 877 3623 hujusmodi
923 3555 1163 3625 negotio,
1196 3569 1298 3610 nec
1329 3562 1421 3609 tua
1462 3554 1699 3617 licentia,
1753 3568 1855 3609 nec

249 3640 439 3697 litteris
481 3650 588 3697 tua
627 3641 1015 3713 singularitatis
1052 3642 1290 3715 indigeo.
1344 3644 1423 3697 De
1479 3642 1565 3697 his
1620 3641 1855 3713 denique

249 3746 307 3785 ex
336 3731 541 3801 quibus
582 3738 765 3785 certas
796 3739 848 3785 et
876 3730 1222 3794 manifestas,
1270 3738 1430 3802 atque
1474 3730 1859 3786 inviolabiliter

249 3828 295 3873 et
333 3818 803 3891 irrefragabiliter
841 3820 958 3875 sine
995 3820 1106 3873 ulla
1142 3820 1517 3875 immutatione
1556 3819 1852 3886 tenendas,

250 3908 552 3963 secundum
596 3906 868 3963 tramitem
914 3908 1338 3980 Scripturarum,
1372 3916 1685 3964 sanctorum
1716 3923 1852 3963 con-

250 3996 493 4051 ciliorum
527 4004 583 4050 et
612 3997 892 4067 postolica
939 3997 1087 4053 sedis
1134 3997 1399 4051 habemus
1448 3996 1763 4061 sententias,
1813 3996 1861 4049 si

251 4094 430 4140 contra
462 4100 562 4140 eas
594 4083 811 4152 feceris,
835 4101 945 4140 non
975 4086 1152 4141 debeo
1181 4093 1497 4157 exspectare
1528 4083 1859 4156 provinciale

250 4174 329 4229 vel
351 4173 617 4245 generale
642 4174 954 4239 concilium,
978 4174 1065 4229 vel
1085 4174 1530 4246 coepiscororum
1551 4182 1861 4229 nostrorum

249 4263 560 4318 consultum
618 4262 735 4318 sive
793 4262 1079 4319 consilium
1103 4304 1117 4329 ,
1178 4263 1278 4318 sed
1333 4262 1511 4317 statim
1560 4261 1861 4319 secundum

251 4352 520 4420 majorum
582 4359 637 4406 et
693 4352 1120 4407 orthodoxorum
1175 4352 1392 4406 Patrum
1447 4351 1749 4417 sententia,
1800 4364 1862 4406 ea

1880 3071 1930 3134 C

1951 1784 2310 1854 praesidentis,
2345 1786 2414 1841 de
2444 1786 2530 1840 his
2561 1802 2683 1857 qua
2722 1786 2818 1840 tibi
2865 1787 3014 1842 illata
3060 1786 3278 1843 fuerant
3304 1788 3552 1861 purgari,

1950 1880 2008 1927 ut
2038 1873 2400 1944 quorumdam
2448 1873 2609 1928 etiam
2658 1875 3004 1930 sacularium
3051 1876 3355 1931 interventu
3383 1892 3445 1932 ac
3473 1877 3555 1933 rei

1950 1969 2214 2032 proventu
2246 1961 2439 2017 claruit
2482 1962 2732 2032 expetisti
2767 1980 2781 2018 :
2814 1963 2942 2035 quia
2971 1978 3095 2019 cum
3124 1964 3209 2018 bis
3237 1965 3305 2019 ad
3334 1973 3386 2021 te
3416 1965 3554 2020 mis-

1952 2065 2044 2104 sos
2089 2058 2142 2105 et
2187 2049 2389 2105 litteras
2437 2050 2699 2116 miserim,
2743 2055 2797 2105 et
2841 2051 3064 2123 quidam
3110 2060 3326 2107 tuorum
3374 2061 3556 2110 tecum

1951 2137 2207 2209 loquendi
2246 2138 2533 2194 habuerint
2561 2138 2892 2205 facultatem,
2930 2148 2982 2195 et
3013 2147 3191 2195 tecum
3220 2140 3386 2196 locuti
3430 2140 3554 2196 fue-

1952 2225 2079 2290 rint,
2111 2241 2214 2282 nec
2242 2242 2427 2282 meum
2458 2227 2545 2282 vel
2573 2227 3025 2298 coepiscoporum
3052 2235 3361 2284 nostrorum
3390 2244 3555 2300 expe-

1951 2313 2063 2367 tisti
2094 2314 2375 2381 auxilium,
2410 2330 2513 2370 nec
2549 2324 2739 2370 nostro
2784 2315 3003 2371 voluisti
3031 2316 3106 2371 uti
3136 2316 3384 2383 consilio,
3418 2318 3557 2374 sicut

1947 2402 2059 2471 jam
2098 2402 2216 2457 aliis
2267 2403 2476 2458 vicibus
2522 2404 2703 2476 egisti,
2752 2404 2970 2474 quando
2997 2420 3098 2475 pro
3124 2412 3176 2459 te
3208 2413 3261 2460 et
3288 2405 3475 2461 verbis
3504 2413 3559 2462 et

1954 2491 2170 2561 scriptis
2200 2492 2347 2561 apud
2376 2492 2635 2546 domnum
2668 2508 2858 2564 regem
2890 2494 3211 2566 sategimus,
3242 2502 3295 2550 et
3324 2510 3561 2550 commo-

1952 2578 2159 2636 tionem
2215 2579 2359 2634 illius
2414 2595 2447 2634 a
2501 2588 2551 2635 te
2609 2580 2727 2636 sine
2797 2597 2962 2636 causa
3018 2590 3071 2637 et
3123 2582 3560 2639 irrationabiliter

1954 2668 2238 2723 excitatam
2295 2667 2661 2738 placavimus,
2722 2668 2859 2723 Hinc
2902 2677 3082 2725 autem
3129 2670 3557 2727 ecclesiasticum

1954 2763 2211 2826 expetere
2240 2756 2614 2827 contempsisti
2655 2756 2939 2826 judicium,
2973 2766 3026 2812 et
3055 2757 3370 2829 episcopali,
3416 2759 3557 2816 sicut

1952 2843 2275 2914 pracipiunt
2304 2844 2528 2916 regula,
2562 2844 2638 2898 uti
2663 2844 2883 2900 noluisti
2914 2846 3161 2913 consilio,
3184 2862 3364 2918 neque
3391 2846 3556 2903 ullam

1952 2932 2077 2986 inde
2106 2932 2754 3003 posteasatisfactionem
2783 2933 3047 2991 Ecclesia
3066 2934 3154 2990 vel
3173 2934 3557 2992 ecclesiasticis

1953 3019 2163 3092 regulis
2209 3020 2496 3075 exhibuisti
2533 3037 2545 3076 :
2581 3022 2679 3076 sed
2708 3029 2768 3077 ut
2797 3022 3056 3095 scriptum
3083 3031 3166 3079 est
3208 3023 3278 3078 de
3318 3039 3387 3080 ea
3435 3039 3557 3095 qua

1950 3109 2115 3180 tergit
2152 3125 2215 3165 os
2253 3126 2432 3179 suum,
2468 3118 2521 3165 et
2550 3110 2723 3167 dicit:
2755 3111 2881 3166 Non
2924 3128 3046 3167 sum
3084 3120 3312 3183 operata
3351 3112 3558 3168 malum

1953 3198 2135 3268 (Prov.
2169 3213 2313 3267 xxx,
2347 3199 2461 3268 20),
2497 3198 2572 3254 ita
2600 3208 2688 3253 aut
2717 3215 2827 3255 non
2865 3200 3195 3271 intelligens,
3227 3209 3322 3256 aut
3350 3200 3556 3257 intelli-

1953 3302 2087 3359 gere
2126 3287 2437 3357 pervicacia
2484 3295 2573 3342 tua
2619 3287 2986 3358 dissimulans,
3018 3290 3280 3344 hactenus
3311 3290 3367 3343 in
3395 3289 3558 3345 indo-

1952 3373 2136 3428 mabili
2184 3376 2524 3430 contumacia
2571 3383 2665 3430 tua
2705 3376 2990 3448 persistis;
3023 3392 3112 3432 me
3143 3392 3359 3448 quoque
3401 3385 3558 3447 post-

1952 3462 2129 3533 posito
2150 3505 2162 3527 ,
2222 3479 2284 3518 ac
2350 3463 2556 3518 relictis
2620 3463 2919 3533 provincia
2983 3480 3121 3521 mea
3184 3464 3560 3522 communibus

1954 3550 2312 3621 coepiscopis,
2346 3551 2553 3606 scilicet
2590 3552 2728 3606 meis
2770 3568 2833 3608 ac
2878 3551 3004 3619 tuis,
3037 3552 3093 3606 in
3122 3552 3227 3608 alia
3254 3553 3556 3624 provincia,

1956 3647 2009 3694 et
2034 3640 2263 3694 aliarum
2304 3640 2712 3710 provinciarum
2757 3641 3137 3712 episcoporum
3167 3641 3295 3697 inde
3325 3641 3402 3697 uti
3429 3657 3561 3699 con-

1957 3728 2077 3783 silio
2114 3728 2294 3801 magis
2332 3743 2497 3799 quam
2534 3736 2721 3785 nostro
2759 3736 2951 3785 contra
3002 3730 3222 3802 regulas
3273 3730 3557 3803 delegisti,

1957 3831 2082 3873 cum
2112 3832 2219 3889 ego
2248 3816 2304 3870 in
2333 3816 2609 3873 vicinitate
2656 3817 2761 3873 loci
2808 3818 2901 3872 ubi
2944 3818 3177 3873 domnus
3227 3835 3319 3875 rex
3367 3820 3561 3876 immo-

1957 3905 2180 3959 rebatur
2242 3912 2369 3961 tunc
2428 3903 2625 3960 fuerim
2645 3948 2660 3973 ,
2719 3913 2772 3961 et
2827 3905 3052 3978 quidam
3110 3907 3563 3979 coepiscoporum

1959 4002 2270 4049 nostrorum
2314 4009 2438 4049 cum
2476 3993 2570 4049 illo
2613 3994 2919 4067 degnerint.
2972 3994 3169 4068 Sicque
3199 3996 3318 4053 sine
3346 4011 3472 4053 mea
3499 4012 3566 4054 ac

1960 4083 2415 4154 coepiscoporum
2462 4083 2758 4153 provincia
2811 4100 2950 4140 mea
3003 4084 3273 4140 sententia
3317 4100 3382 4142 ac
3426 4101 3565 4142 con-

1960 4170 2187 4227 scientia
2207 4215 2219 4236 ,
2255 4169 2524 4227 transiens
2569 4187 2729 4229 secus
2770 4172 2954 4228 locum
2995 4173 3052 4228 in
3081 4189 3191 4245 quo
3221 4188 3396 4240 eram,
3428 4174 3565 4230 adeo

1962 4259 2056 4315 tibi
2098 4259 2405 4330 proximum
2435 4268 2494 4315 ut
2522 4276 2611 4315 me
2656 4260 2842 4316 videre
2888 4277 3082 4332 posses
3111 4261 3158 4316 si
3188 4261 3389 4328 velles,
3440 4262 3569 4334 quia

1961 4355 2013 4405 te
2043 4348 2173 4415 vidi,
2208 4348 2428 4420 quando
2458 4348 2577 4403 sine
2606 4347 2714 4403 ulla
2745 4348 3091 4414 necessitate,
3126 4349 3370 4405 velocius
3400 4365 3567 4420 quam

249 4440 530 4512 corrigere
562 4439 741 4495 debeo
771 4455 892 4511 qua
920 4448 1115 4495 contra
1145 4456 1329 4495 eorum
1362 4439 1733 4496 diﬁinitionem
1763 4438 1862 4492 ad-
1887 4430 1939 4489 D
1960 4436 2258 4508 episcopali
2314 4436 2561 4507 gravitati
2611 4436 2917 4504 conveniat,
2965 4453 3065 4508 per
3101 4436 3231 4492 inde
3274 4436 3566 4504 transiens,

252 4528 482 4594 miseris,
536 4528 685 4600 quia,
736 4536 793 4583 ut
838 4528 1032 4584 beatus
1074 4536 1339 4584 monstrat
1383 4529 1651 4597 Gelasius,
1686 4529 1742 4583 in
1770 4530 1854 4584 his

248 4632 349 4671 non
377 4632 540 4672 nova
560 4616 965 4673 constitutionis
986 4625 1195 4683 auctor,
1221 4618 1317 4673 sed
1346 4618 1548 4674 veteris
1577 4618 1854 4674 constituti

249 4713 535 4762 exsecutor
563 4705 815 4761 existam.

862 4837 1087 4893 CAPUT
1134 4838 1248 4894 VII.

250 4954 320 5009 De
349 4970 414 5011 eo
444 4954 589 5027 quod
629 4954 895 5009 saeculari
932 4954 1227 5011 consultus
1267 4955 1505 5027 purgari
1547 4955 1850 5027 quaesierit.

315 5072 396 5125 Tu
423 5077 609 5125 autem
639 5076 823 5125 contra
853 5078 1065 5126 veteres
1095 5069 1528 5136 constitutiones,
1552 5084 1661 5125 non
1681 5070 1857 5125 solum

248 5159 436 5224 toties,
487 5166 545 5212 ut
592 5158 870 5229 pramisi,
921 5174 952 5211 a
1000 5157 1279 5228 provincia
1322 5158 1691 5224 Rbemorum,
1739 5158 1856 5213 sine

248 5245 466 5301 licentia
514 5246 794 5317 regulari,
840 5246 1150 5301 inordinato
1197 5262 1370 5315 more,
1413 5262 1514 5317 pro
1536 5245 1857 5318 quibusdam

250 5334 482 5407 negotiis
536 5334 680 5390 sicut
737 5333 833 5387 tibi
884 5334 1061 5388 visum
1091 5333 1268 5389 fuerat
1297 5333 1706 5405 deproperasti,
1760 5334 1857 5390 sed

252 5432 299 5476 et
327 5431 520 5493 postea
553 5422 684 5478 inde
704 5421 822 5477 sine
844 5438 968 5478 meo
986 5438 1050 5479 ac
1070 5422 1525 5494 coepiscOporum
1545 5431 1857 5479 nostrorum

255 5512 502 5568 consultu
531 5511 652 5569 sive
681 5525 971 5578 consensu,
1002 5526 1111 5567 non
1143 5511 1519 5570 ecclesiastico
1550 5512 1648 5568 sed
1678 5527 1856 5570 sacu-

1954 4523 2334 4597 irregulariter
2392 4525 2463 4580 ad
2514 4525 2705 4581 sedem
2760 4533 2905 4580 tuam
2962 4524 3168 4581 rediisti
3192 4568 3205 4591 ,
3278 4532 3568 4596 antequam

1956 4613 2255 4684 episcopali
2300 4613 2535 4669 examini
2577 4614 2837 4670 redderes
2878 4614 3145 4670 rationem
3167 4655 3181 4680 ,
3215 4628 3319 4685 qua
3346 4613 3417 4669 de
3446 4628 3508 4668 re
3534 4628 3566 4668 a

1954 4701 2212 4774 parochia
2258 4710 2380 4769 tua,
2428 4711 2481 4758 et
2518 4703 2814 4758 Rhemensi
2858 4701 3139 4773 provincia
3188 4700 3565 4774 irregulariter

1955 4799 2048 4847 aut
2092 4791 2367 4848 voluntate
2410 4792 2767 4858 abscesseris,
2801 4799 2893 4847 aut
2921 4791 2989 4845 de
3020 4804 3370 4865 quacunque
3396 4804 3562 4846 causa

1952 4896 1983 4935 a
2015 4896 2339 4954 quocunque
2370 4888 2653 4953 reputatus
2673 4881 2725 4936 vi
2745 4878 3009 4935 abductus
3039 4878 3327 4934 exstiteris.
3360 4900 3382 4930 α
3409 4879 3558 4947 Ideo,

1956 4969 2128 5042 inquit
2173 4978 2393 5026 sanctus
2441 4968 2691 5025 Gelasius
2739 4969 2885 5040 (cap.
2916 4967 3031 5039 20),
3064 4975 3290 5025 vocatur
3318 4968 3387 5023 ad
3409 4968 3560 5037 judi-

1956 5057 2101 5115 cium
2156 5068 2303 5114 certe
2362 5072 2700 5130 quacunque
2758 5071 3026 5127 persona,
3084 5064 3143 5112 ut
3194 5064 3287 5112 aut
3341 5055 3567 5112 fateatur

1957 5147 2203 5217 objecta,
2255 5154 2347 5203 aut
2393 5145 2757 5201 convincatur
2802 5144 3047 5215 objectis.
3085 5167 3107 5195 ι
3140 5146 3211 5201 Et
3249 5144 3571 5202 Antiocheni

1960 5248 2200 5293 canones
2235 5253 2248 5291 :
2286 5256 2308 5285 ι
2344 5236 2404 5289 In
2433 5231 2703 5300 conciliis,
2737 5232 3005 5305 inquiunt,
3037 5232 3215 5290 adsint
3243 5248 3433 5288 omnes
3480 5236 3572 5306 qui

1963 5340 2025 5379 se
2049 5324 2211 5380 laesos
2241 5322 2567 5389 existimant,
2594 5329 2648 5377 et
2668 5322 2863 5394 synodi
2894 5322 3238 5394 experiantur
3256 5336 3503 5378 examen.
3539 5341 3562 5372 ι

1964 5412 2245 5467 Debueras
2294 5411 2457 5485 igitur
2503 5411 2572 5469 de
2615 5426 2755 5467 nova
2803 5412 3015 5468 noviter
3061 5425 3259 5477 causa,
3306 5409 3394 5467 vel
3436 5426 3471 5467 a
3515 5419 3567 5467 te

1956 5517 2073 5566 acta
2093 5552 2107 5579 ,
2139 5510 2226 5566 vel
2272 5509 2369 5564 tibi
2419 5508 2602 5577 illata,
2654 5517 2910 5582 expetere
2957 5508 3227 5585 synodum
3245 5552 3260 5578 ,
3294 5516 3354 5567 ut
3380 5516 3470 5569 aut
3495 5508 3565 5566 de
