4004 6176
433 273 538 326 315

1439 265 1783 322 HINCMARI
1809 259 2213 320 RHEMENSIS
2243 262 2798 321 ARCHIEPISCOPI.

3633 267 3734 319 316

443 409 766 466 quacunque
792 392 1097 462 objections
1123 399 1212 446 aut
1255 392 1322 446 de
1362 390 1584 446 laesione
1629 388 1823 461 synodi
1866 403 2037 458 expe-
2067 386 2348 447 Amorem
2377 387 2637 444 Ecclesia:
2679 396 2910 454 nostrae,
2963 405 3085 444 cum
3130 387 3258 444 fidei
3303 388 3647 460 professione
3676 403 3743 444 ac

434 481 624 538 rireris
671 497 929 548 examen;
975 480 1070 536 sed
1101 487 1156 534 tu
1185 488 1424 547 econtra,
1461 477 1767 534 inconsulte
1814 476 2032 548 rediens

429 570 501 626 ad
529 571 718 626 sedem
756 577 936 634 tuam,
969 570 1192 624 decreto
1240 576 1428 622 contra
1478 582 1664 622 sacros
1711 581 1950 622 canones
1981 573 2034 619 et

431 659 719 714 constituta
767 657 912 714 sedis
960 658 1218 713 Romanae
1261 653 1577 726 pontificum
1620 653 2026 725 subscripsisti,

429 754 483 802 et
511 745 760 804 ecclesia
785 753 891 800 tua:
919 744 1149 800 clericos
1178 744 1523 800 subscribere
1550 741 1744 799 fecisti.

1022 859 1246 915 CAPUT
1284 860 1426 916 VIII.

429 953 505 1008 De
551 950 802 1022 epistolis
844 965 1006 1021 papae
1030 965 1133 1020 pro
1164 950 1287 1020 ejus
1316 947 1727 1003 reclamationc
1773 946 2024 1018 scriptis.

495 1050 768 1121 Epistolas
798 1065 1031 1122 quoque,
1065 1049 1267 1104 domno
1297 1048 1418 1120 regi
1448 1056 1500 1103 et
1529 1047 1663 1103 mihi
1701 1063 1802 1118 pro
1845 1047 2028 1103 recla-

426 1138 665 1194 matione
711 1146 798 1194 tua
843 1155 874 1192 a
921 1137 1124 1192 domno
1169 1136 1467 1206 apostolico
1513 1152 1614 1206 per
1659 1136 1858 1190 missos
1907 1143 2027 1190 tuos

421 1227 694 1296 directas,
757 1243 865 1280 non
921 1226 1222 1281 secundum
1280 1224 1466 1279 domni
1522 1240 1676 1295 papa:
1723 1224 2028 1293 jussionem

423 1315 575 1382 mihi,
605 1322 665 1370 ut
688 1315 844 1383 jussa
871 1313 1017 1368 illius
1046 1328 1400 1383 exsequerer,
1433 1313 1550 1366 dari
1579 1312 1773 1378 fecisti,
1813 1312 1909 1366 sed
1931 1328 2028 1383 per

421 1403 649 1459 aliarum
677 1410 733 1457 et
759 1401 920 1457 etiam
953 1401 1374 1473 longinquarum
1415 1401 1702 1472 regionum
1749 1401 2026 1472 archiepi-

420 1507 620 1562 scopos
660 1490 862 1545 domno
895 1489 1016 1562 regi
1040 1498 1095 1545 et
1123 1490 1253 1544 mihi
1284 1490 1340 1545 in
1370 1489 1630 1561 parocliia
1661 1505 1802 1556 mea,
1837 1490 1890 1543 in
1922 1505 2025 1561 qua

422 1580 780 1652 degebamus,
825 1579 946 1634 dari
986 1578 1283 1644 obtinuisti,
1318 1586 1372 1634 et
1402 1593 1523 1635 cum
1555 1579 1788 1634 domnus
1817 1593 1913 1632 rex
1957 1579 2025 1633 de

422 1667 509 1723 bis
538 1683 604 1724 ex
631 1668 826 1740 quibus
856 1684 980 1722 eum
1011 1667 1081 1722 ad
1111 1668 1298 1723 sedem
1341 1667 1687 1738 apostolicam
1735 1666 2022 1734 accusasti,

419 1755 560 1810 sicut
584 1755 640 1810 in
669 1755 856 1810 domui
883 1755 1169 1826 apostolici
1218 1756 1447 1826 epistola
1476 1756 1579 1809 sibi
1609 1755 1817 1810 directa
1866 1755 2023 1810 inve-

419 1843 519 1910 nit,
552 1844 696 1915 apud
723 1860 812 1900 me
839 1844 1120 1915 primatem
1163 1845 1492 1900 Rhemorum
1539 1844 1838 1914 provincias
1885 1860 2024 1915 que-

423 1931 597 1986 relam
622 1932 952 2002 deposuerit,
985 1933 1110 2004 quia
1139 1940 1328 1988 contra
1359 1933 1622 1988 rationem
1644 1939 1698 1987 et
1716 1932 2020 2001 veritatem,

419 2019 722 2076 inconsulte
781 2027 945 2092 atque
999 2021 1374 2093 irregulariter
1421 2021 1574 2076 illum
1645 2021 1985 2077 accusaveris
2007 2063 2019 2085 ,

421 2107 580 2163 etiam
625 2115 751 2178 post
793 2109 895 2163 sibi
924 2124 955 2163 a
994 2117 1047 2164 te
1095 2109 1396 2180 praestitum
1445 2116 1883 2175 sacramentum,
1935 2099 2042 2164 cui

418 2197 693 2253 accusatio
723 2204 815 2252 tua
861 2197 1058 2252 dicitur
1100 2197 1357 2262 obviare,
1405 2197 1522 2252 sine
1571 2213 1695 2252 meo
1725 2197 1809 2251 vel
1838 2197 2023 2266 coepi-

417 2299 712 2355 scoporum
760 2292 1074 2340 nostrorum
1123 2285 1352 2340 consilio
1389 2300 1454 2340 ac
1479 2285 1716 2352 judicio,
1748 2292 1802 2338 et
1829 2285 1884 2338 in
1914 2284 2023 2340 alia

417 2371 727 2444 provincia,
779 2372 957 2427 eidem
1004 2371 1290 2442 principali
1338 2373 1588 2441 potestati
1639 2371 2022 2427 satisfactionis

419 2460 664 2526 modum,
708 2459 846 2515 sicut
886 2468 1011 2516 tunc
1057 2459 1213 2515 vobis
1255 2460 1430 2514 visum
1461 2459 1577 2525 fuit,
1611 2460 1870 2514 exhibere
1897 2475 2020 2516 ma-

416 2547 586 2614 luisti,
617 2563 740 2604 cum
768 2556 951 2603 notum
975 2549 1045 2602 sit
1065 2547 1196 2619 quid
1225 2563 1396 2603 sacra:
1426 2547 1627 2618 regula:
1647 2547 1715 2602 de
1735 2547 2022 2616 cujuslibet

417 2636 628 2692 ordinis
655 2636 853 2692 clerico
890 2637 1089 2702 dicant,
1124 2637 1216 2707 qui
1246 2635 1360 2690 sive
1390 2636 1458 2690 de
1489 2635 1774 2704 criminali,
1809 2636 1922 2691 sive
1952 2637 2021 2692 de

415 2723 564 2781 civili
589 2741 774 2794 causa,
814 2724 1002 2781 relicto
1051 2725 1437 2788 ecclesiastico,
1486 2723 1701 2794 publico
1731 2741 1791 2780 se
1813 2724 2020 2794 judicio

414 2813 640 2884 purgari
683 2812 949 2877 voluerit,
999 2813 1085 2868 vel
1131 2813 1224 2884 qui
1271 2829 1372 2883 pro
1420 2813 1764 2868 terminando
1806 2813 2014 2884 jurgio,

414 2899 621 2956 relictis
647 2899 732 2954 his
762 2900 1138 2956 sacerdotibus
1169 2901 1260 2971 qui
1289 2901 1343 2954 in
1373 2901 1565 2956 eadem
1606 2901 1888 2970 provincia
1921 2901 2020 2955 Dei

415 2987 719 3043 Ecclesium
739 2996 872 3042 nutu
892 2988 1077 3043 divino
1093 2989 1416 3059 gubernant,
1437 2989 1507 3043 ad
1530 2989 1664 3042 alias
1685 2998 2019 3059 praesumunt

2131 475 2532 546 subscriptione
2573 475 2853 547 professus
2901 475 3077 544 fuisti,
3126 491 3192 530 ac
3241 475 3640 548 subscripsisti,
3686 484 3741 531 te

2131 563 2480 618 obediturum
2522 563 2846 636 regulariter
2890 563 3178 634 privilegio
3226 563 3541 636 metropolis
3585 563 3738 618 sedis

2129 649 2484 706 Rhemorum.
2520 652 2589 706 Et
2619 652 2664 705 si
2688 651 2930 722 jurgium
2961 651 3185 723 aliquod
3233 653 3378 707 inter
3403 659 3456 705 te
3485 659 3539 706 et
3567 651 3736 706 alium

2129 739 2363 811 aliquem
2392 748 2501 795 tam
2531 739 2828 810 superioris
2849 755 3009 812 quam
3033 739 3305 795 inferioris
3332 739 3542 796 ordinis
3569 738 3735 808 foret,

2129 843 2252 883 meo
2283 843 2349 884 ac
2379 827 2824 899 coepiscoporum
2854 836 3165 883 nostrorum
3185 827 3410 884 consilio
3437 842 3505 883 ac
3530 827 3740 896 judicio

2131 915 2405 972 terminari
2453 916 2728 983 debuerat,
2779 924 2833 971 et
2879 916 2948 971 de
2995 933 3026 970 a
3069 924 3120 971 te
3167 916 3635 972 excommunicato
3681 916 3742 970 in

2128 1013 2220 1060 tua
2249 1004 2398 1060 vela
2429 1012 2522 1058 tua
2567 1003 2859 1074 parochia,
2895 1004 2942 1058 si
2968 1012 3124 1060 antea
3171 1003 3269 1058 tibi
3308 1019 3420 1060 non
3466 1003 3735 1074 placeret,

2129 1098 2221 1146 tua
2275 1100 2467 1163 sponte
2516 1092 2603 1148 vel
2660 1092 3012 1148 finitimorum
3071 1092 3449 1164 episcoporum
3505 1091 3740 1148 consilio

2129 1189 2276 1235 tuam
2325 1183 2609 1236 immutare
2663 1181 3004 1250 sententiam,
3036 1196 3160 1236 meo
3188 1197 3252 1236 ac
3281 1181 3740 1252 coepiscoporum

2128 1277 2434 1324 nostrorum
2467 1269 2696 1324 consilio
2726 1269 2812 1325 vel
2833 1269 3038 1338 judicio
3069 1267 3497 1346 conrmarivel
3527 1270 3736 1324 immu-

2125 1356 2226 1411 tari
2273 1356 2576 1412 secundum
2620 1355 2840 1427 regulas
2888 1372 3080 1412 sacras
3128 1356 3375 1412 deburat.
3423 1355 3559 1425 Qua
3599 1372 3740 1412 vero

2120 1443 2323 1514 judicia
2353 1445 2422 1500 de
2452 1444 2760 1514 hujusmodi
2798 1445 3114 1500 excessibus
3158 1445 3366 1517 regula)
3408 1459 3580 1500 sacra:
3609 1460 3740 1500 sen-

2126 1533 2310 1587 tentiis
2356 1531 2650 1588 difnitivis
2695 1533 3013 1595 decernant,
3043 1532 3132 1589 hic
3162 1533 3479 1589 intentando
3525 1548 3738 1604 ponere

2125 1618 2336 1686 differo,
2367 1620 2494 1692 quia
2523 1620 2663 1677 sicut
2692 1637 2837 1692 papa
2867 1621 3178 1692 Simplicius
3205 1621 3334 1675 dicit
3366 1621 3554 1693 (epist.
3591 1622 3684 1691 16)
3723 1639 3737 1675 :

2044 1737 2097 1798 B
2183 1709 2449 1764 Nolumus
2481 1724 2821 1780 exaggerare
2853 1726 2974 1780 qua:
3004 1717 3158 1780 gesta
3191 1717 3332 1777 sunt,
3366 1725 3437 1764 ne
3468 1725 3742 1780 cogamur

2119 1797 2368 1867 judicare
2399 1813 2521 1869 qua:
2543 1797 2692 1866 justa
2723 1805 2865 1851 sunt.

2761 1911 2988 1968 CAPUT
3025 1913 3096 1967 X.

2124 2011 2200 2065 Dc
2247 2005 2663 2082 compilatione
2691 2024 2766 2064 ex
2794 2011 3087 2082 epistolis,
3116 2011 3437 2082 apostolicae
3470 2010 3619 2082 sedis
3669 2011 3735 2064 in

2195 2079 2694 2154 quaterniunculis
2723 2079 2934 2145 missis,
2967 2085 3024 2136 et
3053 2081 3119 2136 de
3150 2079 3307 2137 uerbo
3335 2080 3652 2154 promulgo,
3675 2086 3736 2136 ct

2195 2151 2446 2222 capitqu
2479 2151 2676 2205 Leonis
2702 2167 2882 2222 papae.

2194 2260 2322 2315 Haec
2377 2267 2555 2315 autem
2615 2275 2734 2330 quae
2789 2276 2966 2331 nuper
3019 2268 3211 2317 contra
3266 2261 3487 2334 regulas
3545 2278 3738 2318 sacras

2123 2347 2316 2419 egisti,
2370 2348 2424 2402 in
2473 2347 2876 2420 subscriptione
2921 2349 3228 2404 detestandi
3275 2349 3516 2415 decreti,
3569 2359 3623 2406 et
3678 2351 3736 2405 in

2123 2435 2505 2505 compilatione
2545 2437 2901 2507 quarumdam
2950 2437 3340 2492 sententiarum
3379 2454 3446 2492 ex
3482 2439 3738 2508 epistolis

2123 2524 2436 2594 apostolicae
2483 2524 2629 2578 sedis
2675 2523 3024 2596 pontificum,
3075 2541 3236 2596 quam
3281 2525 3446 2594 mihi,
3478 2534 3535 2580 ut
3567 2543 3738 2597 supra

2123 2611 2579 2680 commemoravi,
2631 2612 2863 2679 misisti,
2909 2621 3100 2668 contra
3146 2613 3488 2685 privilegium
3520 2623 3736 2671 metro-

2120 2699 2263 2769 polis
2319 2707 2450 2768 tum,
2514 2699 2704 2756 volens
2756 2700 2846 2753 illa
2911 2701 3196 2756 adversum
3261 2701 3433 2756 sancti
3500 2702 3739 2773 Spiritus

2121 2787 2254 2842 scita
2282 2786 2594 2853 defendere,
2646 2803 2765 2859 qua}
2813 2789 2908 2843 tibi
2955 2805 3064 2844 non
3109 2789 3259 2844 licuit
3289 2806 3474 2860 agere,
3512 2790 3738 2848 silentio

2119 2876 2400 2946 prmterire
2429 2891 2536 2931 non
2565 2875 2742 2932 valeo.
2773 2878 3002 2933 Attende
3050 2877 3212 2949 igitur
3239 2877 3532 2950 diligenter
3560 2889 3735 2953 atque

2119 2963 2507 3035 intelligenter,
2543 2964 2670 3035 quid
2718 2966 2911 3020 beatus
2961 2967 3070 3022 Leo
3099 2967 3168 3022 ad
3199 2983 3390 3022 omnes
3437 2967 3737 3040 episcopos

415 3076 706 3131 convolare
1315 3077 1576 3149 ignorare
1763 3085 1980 3148 poteras
2040 3085 2088 3148 C
2117 3068 2219 3124 per
2248 3053 2531 3144 universas
2561 3053 2871 3125 provincias
2894 3056 3212 3111 constitutos
3232 3056 3372 3112 dicat
3393 3057 3462 3112 de
3482 3057 3736 3112 omnium

416 3163 674 3235 quoniam
724 3164 944 3236 quando
972 3171 1022 3218 te
1052 3164 1120 3218 ad
1162 3180 1250 3219 me
1292 3165 1634 3228 reclamasti,
1687 3166 1934 3236 quzedam
1984 3183 2017 3222 a

414 3251 617 3307 domno
667 3267 818 3323 rege,
853 3252 948 3308 sed
979 3260 1032 3308 et
1059 3252 1128 3307 ab
1157 3253 1278 3308 aliis
1320 3253 1658 3324 quibusque,
1708 3254 1802 3308 tibi
1847 3255 2014 3321 illata,

414 3339 546 3413 quid
592 3341 662 3397 de
707 3341 917 3396 eisdem
962 3341 1058 3396 tibi
1087 3342 1270 3407 illatis,
1304 3351 1355 3398 et
1385 3343 1768 3398 ecclesiastica:
1812 3343 2018 3414 regula:

414 3438 468 3486 et
491 3429 618 3498 jura
645 3429 865 3500 publica
893 3430 1102 3499 dicant,
1137 3429 1467 3486 sufcienter
1491 3431 1547 3485 in
1573 3431 1773 3502 scripto
1817 3431 2017 3487 domno

413 3518 534 3589 regi
561 3534 592 3573 a
620 3535 707 3574 me
737 3534 847 3574 una
875 3535 1001 3576 cum
1029 3519 1428 3574 venerabilibus
1450 3519 1792 3591 coepiscopis
1816 3521 2017 3576 nostris

413 3607 557 3677 apud
587 3607 762 3663 Pistas
791 3616 1044 3678 porrecto
1073 3607 1271 3679 legisti,
1305 3609 1448 3664 unde
1495 3609 1822 3664 obtinuimus
1872 3610 2014 3680 quod

415 3695 575 3750 nobis
603 3696 780 3752 visum
811 3695 909 3750 fuit
938 3696 1032 3750 tibi
1063 3704 1187 3752 tunc
1219 3695 1521 3752 suffecisse.
1548 3699 1686 3752 Nam
1717 3706 1771 3752 et
1801 3698 2016 3768 quando

413 3783 608 3839 eadem
646 3783 967 3853 principalis
1007 3793 1277 3854 potestas,
1310 3801 1413 3839 nec
1444 3801 1550 3839 non
1582 3793 1632 3839 et
1661 3785 1838 3840 omnis
1878 3801 2016 3856 pra:-

413 3869 623 3926 f'ectura
670 3871 834 3926 totius
875 3871 1034 3942 regni
1081 3872 1202 3936 sui,
1253 3871 1544 3926 insolentia
1591 3880 1680 3927 tua
1728 3873 2011 3945 exigente,

413 3965 603 4013 contra
647 3967 700 4013 te
745 3957 900 4014 fuere
943 3967 1230 4014 commota:
1257 3959 1310 4012 in
1345 3960 1625 4015 Vermeria
1667 3961 1883 4031 palatio,
1919 3962 2016 4017 ite-

415 4061 538 4100 rum
564 4046 692 4101 inde
720 4047 978 4117 scriptum
1011 4047 1156 4118 quod
1185 4048 1366 4119 legisti
1396 4049 1630 4120 porrexi.

1033 4161 1256 4218 CAPUT
1293 4165 1390 4218 IX.

520 4251 598 4304 De
624 4247 899 4306 monacho
927 4267 962 4306 a
994 4251 1358 4308 Laudunensi
1388 4256 1902 4310 excommunicato.

483 4355 591 4410 Sed
620 4363 673 4410 et
703 4371 827 4411 cum
872 4356 1104 4412 domnus
1135 4374 1231 4412 rex
1259 4359 1587 4414 monachum
1618 4375 1684 4415 ac
1721 4361 2011 4432 presbyte-

2121 3137 2478 3197 deceSsorum
2527 3158 2745 3196 suorum
2794 3143 3039 3213 epistolis
3087 3144 3277 3216 (epist.
3326 3149 3377 3210 1,
3424 3145 3481 3199 in
3528 3144 3665 3217 fine)
3716 3165 3732 3203 :

2181 3229 2396 3299 Omnia,
2429 3230 2699 3302 inquiens,
2733 3231 3023 3286 decretalia
3073 3233 3381 3303 constituta,
3415 3241 3521 3288 tam
3553 3235 3733 3292 beatae

2119 3317 2513 3374 recordationis
2543 3319 2839 3374 Innocentii
2871 3337 3037 3391 quam
3079 3322 3321 3376 omnium
3366 3322 3732 3380 decessorum

2119 3415 2449 3474 nostrorum,
2483 3424 2604 3480 qua:
2635 3409 2703 3463 de
2731 3409 3111 3465 ecclesiasticis
3154 3410 3436 3465 ordinibus
3480 3420 3534 3468 et
3561 3429 3732 3468 cano-

2118 3511 2248 3550 num
2296 3495 2632 3568 promulgata
2679 3505 2800 3551 sunt
2850 3497 3182 3569 disciplinis,
3235 3499 3309 3554 ita
3346 3509 3586 3556 avestra
3639 3502 3732 3556 di-

2117 3583 2348 3640 lectione
2381 3584 2636 3640 custodiri
2689 3585 2892 3640 debere
2939 3587 3288 3652 mandamus,
3318 3596 3376 3642 ut
3405 3589 3450 3643 si
3482 3591 3604 3662 quis
3637 3591 3732 3646 illa

2117 3673 2522 3743 contempserit,
2543 3673 2762 3729 veniam
2780 3675 2881 3728 sibi
2896 3675 3156 3747 deinceps
3172 3677 3380 3732 noverit
3401 3678 3686 3750 denegari.

2118 3762 2352 3816 Adverte
2383 3763 2638 3832 quoniam
2668 3763 2756 3817 illa
2795 3763 2922 3818 dicit
2953 3764 3292 3820 observanda
3318 3784 3440 3837 quae
3469 3783 3502 3822 a
3531 3769 3732 3824 deces-

2117 3849 2336 3903 soribus
2386 3851 2498 3904 suis
2528 3851 2596 3906 de
2627 3851 3013 3908 ecclesiasticis
3056 3854 3341 3910 ordinibus
3371 3864 3422 3911 et
3451 3871 3731 3912 canonum

2114 3937 2466 4011 promulgata
2513 3946 2638 3993 sunt
2683 3939 3002 4010 disciplinis.
3058 3941 3420 4016 Quapropter,
3466 3947 3732 4017 quoniam

2115 4027 2184 4080 de
2213 4041 2354 4081 novo
2384 4034 2500 4082 utre
2531 4035 2622 4082 tuo
2665 4027 2842 4084 adhuc
2893 4031 3263 4100 grammaticae
3307 4033 3437 4088 artis
3483 4044 3732 4090 mustum

2119 4123 2171 4169 et
2190 4115 2611 4185 ponderationes
2644 4117 2938 4172 verborum
2983 4119 3264 4192 ebulliunt,
3317 4121 3498 4194 primo
3543 4123 3738 4180 videa-

2113 4218 2234 4259 mus
2264 4204 2333 4259 de
2361 4204 2528 4260 verbo
2572 4207 2885 4278 promulgo,
2920 4207 3064 4262 unde
3093 4206 3150 4262 fit
3180 4226 3277 4280 per
3319 4212 3730 4284 conjugationis

2112 4291 2437 4348 deductione
2481 4295 2924 4366 promulgatum,
2960 4313 3022 4350 ex
3054 4297 3210 4366 cujus
3251 4298 3447 4369 plurali
3491 4316 3728 4356 numero

2110 4379 2197 4436 hic
2225 4381 2332 4436 Leo
2359 4381 2536 4452 posuit
2563 4385 2944 4454 promulgata,
2977 4385 3105 4456 quia
3134 4386 3297 4441 etiam
3318 4387 3482 4460 panni
3505 4396 3724 4445 veteres

410 4460 531 4498 rum
573 4445 1222 4537 quelndilmjntensuos
1269 4447 1587 4520 religiosum
1618 4463 1684 4504 ex
1711 4449 2010 4504 Venerabili
2040 4443 2321 4536 untesiti
2359 4443 2492 4519 .sunt
2543 4443 2738 4537 quibus
2785 4443 3052 4524 Ieremias
3100 4443 3380 4537 suffultus,
3433 4455 3620 4527 sanius
3661 4490 3727 4530 ac

409 4533 740 4589 monasterio
770 4534 826 4589 S.
860 4533 1124 4606 Dionysii,
1156 4535 1223 4589 ad
1251 4537 1641 4592 monasterium
1672 4538 1725 4591 in
1758 4539 2012 4594 Lauduno

409 4622 603 4692 situm,
639 4623 707 4677 ad
752 4623 1016 4678 doctrina
1058 4630 1218 4694 atque
1261 4624 1542 4696 religionis
1583 4625 2006 4694 institutionem,

408 4725 517 4764 non
546 4718 726 4765 autem
757 4711 823 4765 ad
856 4710 1217 4784 irregularem
1248 4713 1620 4782 praelationem
1659 4715 1924 4781 accersiit,
1959 4725 2011 4770 et

407 4797 712 4853 inconsulte
754 4801 920 4867 illum,
963 4817 1062 4872 pro
1101 4801 1462 4866 animositate,
1510 4818 1670 4872 quam
1713 4813 1897 4858 contra
1927 4821 2010 4858 re-

408 4901 533 4957 gem
563 4887 827 4956 habebas,
852 4889 1351 4956 excommunicasti,
1369 4891 1556 4959 jussus
1575 4907 1604 4945 a
1625 4891 1824 4946 domno
1856 4909 2006 4966 rege,

407 4972 650 5028 adhibito
683 4991 891 5030 mecum
935 4978 1100 5034 fratre
1129 4987 1182 5034 et
1213 4978 1541 5050 coepiscOpo
1571 4988 1756 5035 nostro
1794 4980 2005 5049 Odone,

407 5070 461 5117 te
491 5063 676 5118 monui
707 5071 976 5134 quatenus
1003 5067 1429 5124 irrationabilem
1451 5076 1594 5122 tuam
1625 5077 1862 5124 mutares
1891 5087 2008 5126 sen-

405 5151 625 5207 tentiam
659 5168 670 5208 :
709 5153 806 5207 sed
835 5152 967 5207 nihil
1011 5157 1156 5226 apud
1184 5165 1235 5212 te
1265 5157 1391 5212 inde
1435 5158 1682 5214 obtinere
1728 5160 2003 5230 przevalui.

409 5240 755 5312 Quapropter
794 5241 1026 5297 domnus
1057 5259 1151 5298 rex
1179 5245 1326 5300 misit
1368 5246 1504 5302 alios
1533 5248 1837 5319 episcopos,
1873 5248 2007 5303 alia-

407 5345 528 5382 rum
575 5330 734 5385 etiam
783 5331 1089 5404 regionum,
1121 5332 1188 5386 ad
1219 5342 1268 5388 te
1298 5351 1398 5404 pro
1441 5337 1538 5391 hac
1582 5337 1771 5393 eadem
1818 5353 2002 5404 causa,

406 5431 638 5486 quorum
667 5419 886 5476 monitis
915 5421 1170 5487 obedisti,
1202 5422 1495 5479 ostendens
1526 5426 1672 5496 quod
1720 5427 2006 5498 metr0poli

405 5513 511 5566 tua:
561 5505 780 5564 obedire
829 5509 882 5562 in
930 5526 1020 5566 me
1067 5526 1174 5566 non
1223 5509 1498 5582 digneris,
1552 5514 1644 5586 qui
1704 5516 2006 5571 secundum

2113 4553 2328 4608 suavius
2385 4554 2707 4608 educeretur
2761 4555 2828 4610 de
2875 4556 2992 4611 lacu
3051 4557 3107 4611 in
3159 4574 3267 4630 quo
3311 4559 3514 4615 missus
3543 4560 3726 4618 fuerat

2113 4642 2246 4709 (Jcr.
2282 4643 2555 4711 xxxvm),
2588 4644 2714 4715 quia
2758 4644 2970 4699 locutus
2999 4645 3098 4700 fuit
3127 4647 3181 4700 in
3210 4648 3430 4703 nomine
3477 4649 3720 4716 Domini,

2113 4731 2405 4802 quarrenda
2444 4732 2604 4785 nobis
2625 4740 2709 4786 est
2728 4733 3033 4802 priscorum
3063 4737 3354 4791 auctoritas
3376 4745 3430 4791 et
3449 4738 3721 4806 doctrina,

2112 4818 2308 4890 quibus
2339 4819 2620 4874 valeamus
2668 4821 2832 4876 tutius
2876 4823 3118 4893 expediri
3145 4841 3175 4877 a
3205 4825 3589 4896 circumposita
3620 4844 3725 4882 no-

2111 4906 2196 4961 bis
2252 4907 2503 4962 omnibus
2562 4910 2991 4980 metrOpolitanis
3020 4919 3131 4966 ate
3160 4913 3480 4983 muscipula.
3541 4915 3613 4969 Et
3663 4923 3724 4970 ut

2109 4995 2310 5052 certius
2356 4997 2550 5051 credas
2598 5014 2720 5068 quae
2749 4998 2816 5053 de
2861 4999 2964 5054 hoc
3013 4999 3173 5054 etiam
3219 5002 3390 5056 verbo
3437 5001 3720 5070 dicemus,

2109 5084 2330 5140 revolve
2357 5084 2524 5140 libros
2553 5094 2816 5151 veterum,
2848 5095 2901 5141 et
2915 5077 3079 5142 illum
3101 5089 3448 5144 nihilominus
3469 5091 3722 5148 codicem

2109 5174 2347 5245 quodam
2393 5189 2596 5238 meum,
2631 5190 2663 5228 a
2699 5175 2919 5230 sobrino
2968 5184 3057 5231 tuo
3101 5178 3360 5233 Anselmo
3409 5189 3718 5251 receptum,

2109 5272 2166 5317 et
2182 5261 2277 5316 tibi
2298 5278 2330 5316 a
2351 5278 2438 5318 me
2462 5263 2768 5332 prestitum,
2801 5264 2898 5319 sed
2927 5273 3115 5335 postea
3149 5265 3287 5322 sicut
3317 5283 3419 5322 nec
3449 5270 3724 5338 quosdam

2107 5343 2243 5398 alios
2295 5345 2448 5400 tibia
2477 5364 2564 5402 me
2594 5349 2964 5404 commodatos
3015 5349 3312 5414 obtentum,
3365 5359 3419 5405 et
3467 5352 3720 5409 invenies

2107 5432 2310 5488 dixisse
2332 5443 2548 5490 veteres
2564 5438 2876 5508 promulgo,
2901 5455 3093 5510 promo
3116 5440 3293 5510 vulgo,
3320 5439 3434 5494 sive
3455 5441 3718 5512 primum

2105 5523 2168 5576 in
2182 5523 2378 5594 vulgus
2391 5524 2507 5591 edo,
2523 5532 2576 5580 et
2588 5540 2710 5580 esse
2728 5525 3062 5583 hocverbum
3075 5529 3388 5600 promulgo,
3404 5529 3713 5588 secundum
