4004 6176
255 293 355 347 317

971 287 1217 347 OPUSC.
1269 287 1359 345 ET
1413 288 1631 346 EPIST.
1688 290 1762 344 IN
1822 288 2049 346 CAUSA
2096 290 2443 348 HINCMARI
2484 293 2789 350 LAUDUN.

3453 300 3557 352 318

263 414 511 489 regulam
527 412 908 489 grammaticae
922 413 1052 468 artis
1068 413 1447 485 compositum,
1467 422 1525 468 ut
1544 412 1941 486 quibusdamA
1968 413 2278 472 incendium
2320 415 2522 473 furoris
2569 418 2841 487 exstinxit,
2888 432 3187 475 conversus
3231 420 3409 475 minas
3461 419 3564 476 de-

261 504 480 577 placuit,
509 519 577 559 ex
605 502 821 558 duobus
837 502 1110 573 comptis
1125 518 1320 575 promo
1337 509 1390 557 et
1406 504 1585 573 vulgo,
1610 509 1662 557 et
1679 510 1736 557 ut
1753 502 1867 574 qui-

260 592 496 648 busdam
510 590 736 662 placuit,
751 607 816 646 ex
837 590 1050 647 duobus
1070 591 1318 661 integris,
1334 590 1542 647 scilicet
1548 607 1651 663 pro
1660 606 1864 662 praepo-

262 680 457 735 sitione
474 686 530 734 et
543 680 727 750 vulgo,
747 678 883 734 sicut
894 685 948 733 et
964 679 1209 750 produco
1232 697 1250 733 :
1270 693 1302 733 a
1326 692 1435 749 quo
1455 677 1686 749 simplici
1696 678 1864 734 verbo

259 769 421 839 vulgo
450 767 799 839 componitur
817 773 870 822 et
891 767 1130 838 divulgo.
1154 767 1309 823 Unde
1329 767 1542 833 Cicero,
1564 766 1866 837 explanans

262 856 557 912 verborum
587 870 832 922 sensum,
865 855 995 915 dicit
1028 872 1041 910 :
1074 854 1373 921 Proditum,
1404 855 1684 911 memoria
1711 855 1866 910 tradi-

262 954 392 1011 tum,
426 943 840 1017 provulgatum,
873 943 1237 1016 provulgavit,
1288 945 1558 1015 exposuit,
1603 943 1861 1014 prodidit,

262 1032 513 1088 elocutus
542 1039 646 1100 est,
678 1030 873 1088 eﬂ'atus
904 1038 1008 1098 est,
1054 1030 1251 1097 retulit,
1284 1032 1550 1099 narravit,
1579 1031 1859 1097 nuntiavit,

259 1120 543 1186 indicavit,
575 1119 788 1175 locutus
817 1126 920 1188 est,
968 1119 1198 1174 verbum
1242 1118 1387 1185 fecit,
1430 1119 1703 1186 disseruit,
1745 1119 1864 1175 dis-

259 1208 490 1281 putavit,
521 1208 795 1275 tractavit,
830 1222 1139 1264 sermonem
1168 1208 1370 1276 habuit,
1418 1208 1714 1263 orationem
1760 1208 1864 1263 ha-

262 1296 397 1363 buit,
431 1312 599 1352 orsus
628 1304 728 1352 est.
758 1297 827 1352 Et
853 1296 1013 1365 hujus
1040 1296 1196 1351 verbi
1226 1296 1489 1368 simplicis
1533 1297 1864 1368 praeteritum

262 1386 475 1442 Nonius
505 1385 797 1441 Marcellus
826 1384 882 1439 in
910 1384 1052 1441 libro
1080 1401 1243 1457 quem
1289 1385 1563 1458 inscripsit
1609 1385 1679 1441 de
1725 1386 1862 1441 Pro-

265 1474 492 1548 prietate
516 1489 853 1539 sermonum,
883 1489 1093 1545 ponens
1124 1474 1256 1528 dixit
1288 1492 1303 1528 :
1340 1476 1612 1546 vulgavit,
1635 1476 1864 1531 honeste

260 1567 533 1637 positum,
566 1564 679 1618 vile
698 1564 912 1627 habuit,
946 1566 1003 1618 et
1047 1565 1208 1635 quasi
1253 1563 1317 1617 in
1353 1564 1550 1634 vulgus
1579 1563 1751 1618 dedit.
1784 1563 1864 1618 De

264 1651 571 1723 composito
617 1658 800 1707 autem
845 1652 952 1707 hoc
996 1651 1188 1718 verbo,
1241 1651 1387 1722 quod
1430 1658 1513 1705 est
1549 1652 1860 1723 promulgo,

262 1740 455 1796 Paulus
488 1740 542 1794 in
575 1738 788 1795 Glossis
818 1740 932 1794 suis
968 1739 1099 1794 dicit
1125 1740 1231 1796 hoc
1258 1740 1422 1795 modo
1456 1757 1471 1798 :
1504 1741 1863 1811 Promulgari

264 1830 405 1900 leges
436 1828 734 1898 dicuntur,
767 1844 898 1884 cum
912 1828 976 1882 in
991 1830 1191 1899 vulgus
1212 1828 1481 1884 eduntur.
1504 1828 1677 1884 Habet
1698 1828 1864 1901 igitur

258 1932 485 1973 sensum
514 1915 859 1987 compositio,
883 1918 1262 1988 promulgare,
1278 1918 1341 1971 in
1370 1917 1571 1988 vulgus
1583 1932 1860 1990 promere,

256 2007 410 2071 dare,
446 2007 828 2076 manifestare
857 2009 918 2060 et
943 2005 1127 2061 edere.
1153 2005 1352 2061 Glossa
1382 2013 1582 2071 autem,
1605 2006 1862 2076 promul-

257 2096 431 2165 gavit,
470 2111 539 2149 ac
561 2094 612 2149 si
627 2094 881 2166 primum
902 2095 965 2149 in
980 2094 1179 2165 vulgus
1203 2094 1373 2159 dedit,
1389 2093 1653 2165 protulit,
1668 2109 1866 2166 aepro-

258 2182 495 2253 rogavit.
545 2181 616 2237 Et
671 2181 829 2250 hujus
885 2180 1041 2237 verbi
1086 2180 1349 2253 simplicis
1394 2197 1636 2248 sensum,
1679 2181 1736 2236 id
1784 2189 1866 2237 est

260 2272 443 2341 vulgo,
477 2270 701 2341 vulgas,
745 2276 965 2324 sanctus
1002 2268 1366 2339 Hieronymus
1407 2284 1510 2340 pro
1554 2271 1863 2339 manifesto

258 2358 458 2430 posuit,
492 2364 548 2413 et
576 2356 705 2413 inde
734 2356 1011 2429 vulgatam
1040 2356 1353 2422 editionem,
1402 2357 1459 2411 id
1495 2364 1578 2412 est
1614 2356 1863 2412 omnibus

259 2454 436 2503 notam
469 2454 527 2501 et
554 2444 901 2501 manifestam
930 2445 1038 2503 dici
1068 2445 1325 2501 ostendit.
1356 2444 1655 2515 Compositi
1684 2452 1865 2501 autem

258 2535 405 2591 verbi
436 2535 605 2603 hujus
635 2548 857 2589 sensum
878 2541 932 2589 et
950 2532 1306 2606 Evangelium
1324 2534 1483 2589 Lucae
1503 2533 1859 2600 demonstrat,

258 2623 445 2679 dicens
479 2640 493 2676 :
527 2624 601 2677 Et
631 2639 802 2694 super
828 2625 1019 2678 omnia
1048 2626 1326 2677 montana
1366 2620 1572 2678 Iudaeae
1604 2621 1861 2692 divulga-

259 2713 469 2769 bantur
497 2712 695 2767 omnia
726 2711 889 2767 verba
918 2711 1034 2767 ha’c
1075 2712 1231 2777 (Luc.
1265 2725 1304 2779 ι,
1339 2710 1449 2779 65).
1504 2709 1668 2777 Cujus
1709 2708 1863 2763 verbi

259 2801 707 2872 divulgabantur
735 2814 958 2855 sensum
972 2799 1120 2853 Beda
1141 2813 1376 2870 sequens
1395 2797 1616 2853 beatum
1637 2796 1864 2852 Ambro-

259 2887 394 2944 sium
421 2889 502 2943 ita
532 2887 787 2960 exposuit
816 2903 833 2943 :
868 2888 1008 2954 Quia
1040 2891 1175 2942 nota
1204 2890 1362 2957 facta
1391 2889 1550 2957 fama
1582 2887 1859 2941 innotuit.

258 2978 502 3033 Isidorus
530 2992 767 3049 quoque,
800 2982 859 3031 ut
885 2975 1005 3047 ipse
1030 2974 1161 3032 dicit
1189 2982 1406 3031 auctore
1450 2973 1644 3042 Tullio,
1689 2988 1862 3044 expo-

260 3065 360 3122 suit
380 3066 578 3121 dicens
600 3066 1061 3136 :Promulgatum
1078 3068 1181 3131 est,
1197 3067 1351 3135 foras
1361 3064 1672 3136 prolatum,
1688 3067 1753 3119 ut
1769 3064 1862 3119 lea:

259 3156 471 3211 dicitur
510 3156 890 3226 promulgata,
942 3156 1000 3208 et
1036 3154 1463 3225 promulgatum
1500 3153 1742 3224 proprie,
1791 3152 1864 3207 ad

259 3245 512 3301 omnium
545 3243 816 3297 notitiam
833 3245 890 3297 et
910 3241 1085 3297 totius
1105 3242 1260 3312 vulgi
1278 3242 1636 3296 intimatum.
1660 3240 1728 3296 Et
1750 3240 1866 3295 Pla-

261 3332 445 3387 ciades
489 3346 662 3386 unum
709 3317 1138 3400 superadjiciens
1185 3329 1435 3398 verbum,
1488 3337 1688 3385 caetera
1734 3328 1864 3385 dicit

261 3420 508 3476 similiter
525 3436 540 3474 :
557 3418 1375 3490 Promulgatum,inquiens,est
1386 3421 1542 3488 foras
1551 3419 1858 3490 prolatum,

262 3510 342 3565 vel
358 3508 764 3575 constitutum,
780 3512 847 3562 ut
866 3508 961 3562 lea:
976 3506 1191 3562 dicitur
1206 3507 1588 3579 promulgata,
1611 3507 1864 3578 promul-

259 3603 452 3669 gatum
485 3600 704 3663 autem,
737 3597 809 3652 ad
838 3597 1095 3652 omnium
1122 3597 1394 3652 notitiam
1422 3599 1477 3651 et
1510 3596 1681 3651 totius
1712 3595 1863 3665 vulgi

258 3689 622 3742 intimatum.
642 3686 914 3741 Prazterea
944 3684 1158 3740 Glossa:
1183 3684 1526 3756 antiquorum
1555 3682 1731 3738 taliter
1758 3683 1863 3739 hoc

260 3775 484 3830 verbum
515 3773 963 3845 explanaverunt,
983 3775 1372 3846 promulgans,
1393 3772 1716 3844 porrigens,-
1734 3787 1864 3844 pro-

260 3867 537 3936 mulgare,
572 3863 736 3919 edere
775 3864 1166 3935 ;promulgat,
1212 3864 1470 3934 profert;
1516 3861 1857 3933 promulgat,

260 3954 481 4013 crescit.
502 3954 910 4018 incrementat,
922 3952 1158 4023 promit,
1172 3950 1468 4022 prmdicat,
1488 3950 1827 4021 pronuntiat
1843 3970 1861 4016 ,-

257 4042 640 4114 promulgata,
647 4040 890 4112 prolata,
906 4040 1253 4111 deprompta,
1265 4042 1597 4110 propagata,
1614 4040 1865 4109 patefac-

260 4134 336 4185 ta.
350 4129 420 4184 Et
440 4129 571 4193 hoc,
585 4136 645 4182 ut
655 4127 961 4182 Priscianus
981 4125 1289 4197 praepositis
1302 4126 1371 4181 de
1382 4126 1673 4181 verborum
1684 4125 1865 4196 expla-

257 4219 476 4273 natione
506 4215 818 4272 auctoribus
848 4214 995 4282 dicit,
1042 4214 1159 4285 ipse
1190 4213 1443 4268 omnibus
1471 4213 1705 4268 validior
1734 4228 1863 4268 usus

1964 503 2161 573 posuit,
2194 511 2249 563 ct
2277 504 2403 576 quia
2451 505 2522 561 ad
2552 505 2851 562 deliberata
2896 507 3159 579 progredi
3202 523 3313 563 non
3357 516 3562 579 posset,

1962 591 2162 663 ligatus
2191 593 2432 664 agnovit.
2476 594 2546 649 Et
2586 608 2696 649 non
2735 595 2912 650 solum
2956 596 3011 650 in
3059 611 3121 652 se
3168 595 3282 652 iras
3323 596 3562 663 edomat,

1964 680 2063 735 sed
2091 680 2457 749 subiectorum
2484 682 2647 737 etiam
2678 683 2931 739 sensibus
2977 698 3138 739 omne
3176 684 3325 755 quod
3354 692 3565 741 rectum

1964 775 2049 822 est
2075 767 2320 825 inserere
2358 768 2593 837 festinat,
2636 778 2805 843 utque
2850 786 3044 827 omnes
3088 780 3329 828 sanctam
3372 773 3565 830 Eccle-

1965 855 2103 911 siam
2129 872 2198 911 ex
2224 856 2416 914 intima
2441 859 2773 931 cogitatione
2802 867 3152 928 venerentur,
3174 860 3426 932 exemplo
3446 861 3565 933 ipse

1965 960 2079 1000 suae
2127 944 2438 1001 humilitatis
2485 948 2840 1004 demonstrat.
2892 972 2914 997 η
2963 949 3034 1005 Et
3075 955 3200 1021 post
3243 949 3515 1022 aliquanta
3548 967 3562 1005 :

1969 1056 1989 1079 α
2014 1031 2099 1089 Ad
2119 1034 2310 1089 horum
2330 1034 2584 1090 duritiam
2604 1035 3009 1092 dissolvendam
3030 1052 3417 1109 nonnunquam
3436 1052 3564 1093 san-

1964 1129 2053 1176 cta
2082 1121 2347 1188 Ecclesia,
2380 1123 2508 1194 quia
2535 1124 2756 1195 propria
2782 1124 2981 1181 virtute
3028 1140 3137 1180 non
3183 1124 3399 1192 sufficit,
3449 1125 3564 1180 rhi-

1964 1210 2238 1266 nocerotis
2267 1211 2442 1279 hujus,
2479 1210 2535 1266 id
2563 1218 2644 1267 est
2684 1213 2881 1268 terreni
2922 1212 3206 1285 principis,
3250 1211 3561 1284 opitulatio-

1965 1314 2090 1354 nem
2120 1299 2330 1369 quaerit,
2363 1307 2420 1354 ut
2448 1298 2568 1370 ipse
2597 1315 2759 1371 super
2780 1300 3023 1369 jacentes
3050 1301 3246 1373 glebas
3294 1307 3560 1368 conterat,

1965 1401 2103 1458 quas
2131 1387 2502 1443 Ecclesiarum
2530 1387 2828 1452 humilitas,
2862 1389 3018 1461 quasi
3041 1389 3293 1460 planities
3337 1389 3562 1445 vallium

1964 1482 2160 1545 portat.
2195 1476 2306 1531 Has
2334 1476 2516 1548 itaque
2545 1476 2741 1549 glebas
2770 1477 3088 1533 rhinoceros
3116 1476 3258 1548 pede
3284 1477 3480 1549 premit
3498 1492 3565 1533 ac

1967 1563 2300 1630 comminuit,
2349 1564 2474 1637 quia
2505 1580 2804 1635 pravorum
2842 1573 3235 1637 potentumque
3285 1565 3561 1635 duritiam,

1966 1651 2053 1707 cui
2085 1651 2460 1709 ecclesiastica
2486 1653 2759 1709 humilitas
2789 1654 3047 1710 resistere
3078 1670 3190 1710 non
3216 1653 3379 1721 valet,
3414 1653 3565 1725 prin-

1890 1766 1944 1826 B
1966 1740 2156 1810 cipalis
2185 1741 2378 1813 religio
2406 1756 2472 1796 ex
2500 1748 2770 1813 potestate
2798 1742 3047 1799 dissolvit
3079 1760 3094 1797 :
3128 1742 3275 1814 quod
3295 1742 3425 1814 quia
3447 1742 3567 1798 sola

1965 1828 2149 1883 divina
2178 1829 2372 1885 virtute
2411 1830 2611 1900 agitur,
2663 1839 2721 1885 ut
2763 1831 2967 1887 terreni
3014 1831 3171 1904 regni
3215 1830 3455 1887 culmina
3494 1830 3563 1885 ad

1962 1923 2277 1988 provectum
2332 1916 2492 1988 regni
2538 1917 2777 1973 caelestis
2823 1918 3170 1989 inclinentur,
3224 1925 3377 1975 recte
3419 1933 3565 1974 nunc

1962 2005 2180 2071 dicitur,
2214 2009 2318 2061 aut
2344 2007 2669 2078 confringet
2698 2008 2884 2077 glebas
2907 2008 3148 2063 vallium
3175 2010 3304 2079 post
3331 2010 3406 2061 te.
3436 2026 3460 2057 ι
3494 2006 3565 2061 Et

1962 2093 2126 2164 paulo
2156 2100 2280 2164 post
2306 2094 2485 2164 (ibid.,
2508 2110 2558 2150 c.
2582 2093 2659 2164 4):
2686 2114 2708 2145 α
2734 2093 2869 2163 Quis
2890 2109 3026 2167 ergo
3044 2095 3101 2149 in
3120 2093 3273 2150 initio
3288 2092 3563 2150 nascentis

1962 2180 2223 2237 Ecclesiae
2251 2182 2518 2248 crederet,
2551 2182 2684 2237 dum
2730 2190 2919 2239 contra
2965 2197 3086 2237 eam
3128 2181 3221 2238 ille
3263 2181 3562 2237 indomitus

1961 2269 2297 2340 principatus
2325 2277 2489 2326 terra:
2517 2278 2597 2326 tot
2633 2270 2795 2326 minis
2844 2278 2897 2325 et
2945 2270 3277 2326 cruciatibus
3323 2269 3559 2337 saeviret,

1964 2358 2092 2429 quia
2119 2357 2436 2415 rhinoceros
2468 2357 2569 2415 iste
2598 2359 2716 2415 Deo
2747 2365 3047 2414 sementem
3075 2357 3355 2426 redderet,
3395 2357 3452 2412 id
3481 2364 3565 2413 est

1962 2452 2245 2517 acceptum
2264 2446 2669 2517 praedicationis
2689 2448 2920 2503 verbum
2939 2446 3197 2517 operibus
3212 2450 3565 2519 repensaret?

1964 2534 2088 2605 quis
2134 2541 2320 2605 posset
2382 2541 2512 2592 tunc
2567 2534 2905 2591 infirmorum
2961 2535 3189 2591 credere
3244 2534 3391 2606 quo’d
3446 2533 3565 2603 ejus

1964 2636 2149 2676 aream
2180 2624 2586 2695 congregaret?
2613 2624 2759 2679 Ecce
2788 2624 2931 2679 enim
2958 2623 3124 2679 modo
3169 2637 3272 2694 pro
3314 2622 3566 2679 Ecclesia

1961 2709 2117 2782 leges
2145 2711 2456 2781 promulgat
2484 2711 2576 2782 qui
2617 2712 2824 2766 dudum
2871 2718 3058 2767 contra
3104 2726 3224 2767 eam
3270 2725 3371 2783 per
3412 2709 3564 2766 varia

1962 2804 2233 2853 tormenta
2290 2798 2569 2854 smviebat.
2622 2799 2768 2854 Ecce
2813 2799 3082 2871 quaslibet
3128 2806 3324 2872 gentes
3369 2811 3563 2869 capere

1961 2886 2215 2958 potuerit,
2250 2886 2321 2942 ad
2350 2886 2477 2942 ﬁdei
2505 2885 2631 2942 illas
2676 2887 2913 2959 gratiam
2960 2887 3244 2943 suadendo
3289 2886 3561 2958 perducit,

1963 2975 2152 3046 eisque
2180 2981 2437 3031 aeternam
2466 2974 2632 3030 vitam
2677 2975 2903 3045 indicat,
2951 2976 3150 3048 quibus
3197 2975 3373 3048 captis
3417 2989 3561 3047 prm-

1963 3070 2172 3120 sentem
2202 3070 2406 3120 servat.
2446 3086 2468 3112 υ

2033 3153 2176 3208 Ecce
2206 3152 2276 3207 de
2306 3152 2521 3225 origine
2569 3153 2838 3210 sermonis
2889 3160 2943 3210 et
2985 3154 3315 3226 proprietate
3367 3168 3564 3211 sensus

1963 3241 2079 3310 ejus
2110 3241 2241 3313 quid
2272 3256 2495 3297 sensere
2521 3244 2776 3312 majores.
2825 3242 2984 3298 Nunc
3017 3242 3299 3298 videamus
3329 3243 3399 3299 de
3427 3257 3563 3313 pro-

1960 3330 2190 3401 prietate
2221 3329 2491 3386 dictorum
2521 3330 2663 3385 beati
2693 3330 2907 3397 Leonis,
2954 3331 3047 3402 qui
3077 3331 3357 3386 mandavit
3383 3330 3563 3386 omnia

1961 3417 2254 3473 decretalia
2283 3418 2593 3484 constituta,
2626 3426 2735 3473 tam
2768 3418 2941 3474 beatae
2968 3418 3365 3474 recordationis
3393 3419 3561 3473 Inno-

1961 3505 2122 3562 centii
2152 3521 2315 3577 quam
2346 3506 2587 3561 omnium
2621 3506 2979 3563 decessorum
3026 3521 3268 3573 suorum,
3319 3521 3441 3577 quae
3491 3506 3562 3561 de

1961 3593 2348 3650 ecclesiasticis
2376 3592 2663 3649 ordinibus
2692 3601 2745 3649 et
2775 3608 3043 3650 canonum
3066 3595 3412 3666 promulgata
3438 3601 3565 3650 sunt

1962 3681 2282 3753 disciplinis,
2316 3681 2598 3737 custodiri.
2633 3682 2789 3739 Unde
2818 3681 3055 3753 primum
3082 3682 3241 3738 nobis
3279 3682 3562 3739 sciendum

1961 3779 2046 3826 est
2074 3770 2220 3825 aliud
2250 3784 2372 3826 esse
2399 3770 2750 3843 promulgare
2768 3786 2955 3826 sacros
2975 3770 3197 3828 ordines
3214 3778 3272 3826 et
3290 3785 3562 3828 canonum

1961 3857 2293 3930 disciplinas,
2327 3858 2475 3914 aliud
2502 3859 2859 3932 promulgare
2887 3859 2957 3914 de
2986 3860 3157 3916 sacris
3201 3858 3483 3915 ordinibus
3510 3867 3566 3915 et

1961 3962 2232 4004 canonum
2253 3947 2575 4018 disciplinis,
2599 3947 2738 4003 sicut
2756 3946 2903 4003 aliud
2924 3953 3007 4003 est
3019 3947 3367 4019 promulgare
3384 3948 3561 4021 leges,

1963 4044 2015 4091 et
2043 4035 2188 4091 aliud
2217 4035 2570 4109 promulgare
2599 4036 2670 4092 de
2695 4036 2933 4109 legibus.
2983 4035 3336 4109 Promulgare
3382 4045 3564 4093 autem

1961 4123 2133 4197 leges,
2168 4131 2251 4180 est
2278 4124 2433 4197 leges
2461 4124 2735 4192 condere;
2784 4124 3131 4198 promulgare
3162 4139 3293 4182 vero
3319 4123 3389 4181 de
3417 4124 3562 4199 legi-

1962 4213 2081 4279 bus,
2115 4220 2196 4268 est
2224 4213 2294 4269 de
2320 4212 2427 4268 illis
2466 4212 2669 4281 judicia
2718 4228 2951 4281 sumere,
2998 4221 3051 4268 et
3096 4213 3394 4270 secundum
3440 4213 3562 4269 illas

259 4307 516 4363 ostendit.
552 4304 929 4360 Diﬂ‘erentiam
957 4317 1091 4359 vero
1119 4317 1315 4357 sensus
1334 4302 1475 4357 inter
1495 4302 1781 4372 divulgata
1812 4309 1865 4357 et
1956 4301 2220 4371 judicare,
2251 4316 2546 4374 earumque
2566 4301 3002 4357 observationem
3025 4301 3293 4369 etjudicia
3311 4301 3562 4357 omnibus

252 4398 590 4469 provulgata
620 4393 735 4449 sive
766 4394 1143 4464 promulgata,
1174 4389 1543 4447 enucleatores
1572 4389 1863 4445 verborum

1961 4389 2234 4459 intimare,
2267 4389 2407 4445 sicut
2437 4397 2659 4444 sanctus
2686 4388 3021 4460 Augustinus
3067 4389 3125 4443 in
3170 4388 3311 4444 libro
3338 4389 3407 4444 de
3435 4404 3563 4445 vera

256 4486 399 4540 hanc
428 4483 727 4541 voluerunt
756 4497 899 4549 esse,
918 4488 978 4536 ut
997 4481 1286 4551 divulgata
1333 4477 1871 4548 simplicitertantum
1899 4474 2250 4548 DReligione
2298 4477 2447 4548 (cap.
2497 4478 2589 4547 3t)
2637 4475 2892 4542 ostendit,
2941 4475 3177 4531 dicens:
3213 4499 3235 4525 α
3283 4478 3561 4532 Eternam

257 4573 512 4628 dicantur
542 4572 615 4626 ad
644 4570 883 4627 notitiam
912 4568 1154 4625 omnium
1184 4567 1485 4639 propalata,
1536 4568 1867 4638 provulgata

258 4678 390 4717 vero
417 4661 508 4717 vel
542 4661 921 4733 promulgata,
954 4658 1021 4713 ad
1052 4656 1493 4713 conservandum
1530 4656 1772 4721 decreta,
1815 4662 1868 4710 et

256 4750 310 4805 in
338 4750 586 4806 omnium
616 4748 877 4812 notitiam,
928 4754 985 4801 ut
1036 4745 1127 4801 illa
1169 4745 1285 4801 sine
1333 4743 1697 4815 refragatione
1728 4758 1864 4800 con-

259 4848 500 4904 servent,
534 4837 861 4907 deprompta
889 4834 1280 4907 intelligantur.
1316 4834 1471 4889 Unde
1502 4834 1691 4888 beatus
1721 4832 1865 4889 Gre-

261 4928 470 5001 gorius,
508 4941 791 4996 exponens
811 4925 1134 4980 sententiam
1152 4923 1368 4978 Domini
1388 4922 1458 4978 ad
1475 4922 1576 4977 Job
1602 4921 1862 4977 dicentis:

261 5015 529 5088 Nunquid
549 5014 812 5085 alligabis
826 5015 1184 5069 rhinocerota
1206 5013 1277 5067 ad
1297 5012 1580 5067 arandum
1601 5013 1716 5067 loro
1735 5014 1866 5065 tuo?

256 5104 374 5173 (Job
402 5118 619 5167 χχχιι,
656 5102 767 5171 lo.)
803 5122 825 5151 α
860 5101 1036 5171 Saepe,
1088 5100 1260 5172 inquit
1297 5100 1533 5171 (Moral.,
1567 5099 1663 5155 lib.
1696 5113 1862 5163 xxxx,

254 5206 304 5248 c.
340 5196 417 5263 3),
451 5190 661 5247 vidisse
691 5205 780 5245 me
806 5189 1027 5245 memini
1055 5189 1202 5260 quod
1229 5203 1353 5244 cum
1384 5203 1443 5243 se
1471 5187 1541 5242 ad
1562 5186 1865 5243 feriendum

254 5281 501 5353 graviter
526 5279 619 5334 hic
647 5279 965 5333 rhinoceros
994 5277 1338 5345 accenderet,
1383 5284 1436 5332 et
1472 5275 1629 5347 quasi
1656 5274 1865 5332 elevato

254 5384 427 5426 cornu
485 5366 735 5423 bestiolis
788 5366 1025 5421 minimis
1077 5366 1268 5421 mortis
1323 5363 1513 5421 exsilia
1558 5364 1863 5420 damnatio-

256 5473 496 5529 nemque
555 5454 818 5525 subjectis
862 5455 1143 5510 immensis
1192 5454 1496 5510 terroribus
1541 5452 1860 5523 intentaret,

258 5562 486 5627 repente
536 5550 706 5610 fronti
752 5551 910 5624 signo
949 5551 1128 5608 crucis
1174 5551 1445 5623 impresso
1493 5564 1655 5607 omne
1701 5550 1755 5605 in
1804 5560 1864 5605 se

1964 4565 2144 4637 legem
2175 4564 2391 4619 mundis
2422 4564 2619 4620 animis
2665 4564 2749 4621 fas
2797 4571 2881 4621 est
2914 4578 3271 4637 cOgnoscere,
3313 4564 3562 4634 judicare

1965 4668 2072 4708 non
2100 4652 2183 4708 fas
2212 4661 2313 4708 est.
2347 4654 2455 4709 Lex
2485 4653 2602 4724 ipsa
2631 4654 2794 4709 etiam
2824 4654 2941 4725 ipse
2971 4652 3048 4720 fit,
3072 4652 3373 4709 secundum
3400 4667 3560 4724 quam

1963 4742 2170 4811 iudicat
2216 4742 2418 4809 omnia,
2464 4750 2518 4798 et
2564 4742 2633 4798 de
2679 4757 2783 4814 qua
2814 4742 3061 4811 judicare
3104 4740 3286 4796 nullus
3332 4748 3554 4812 potest:

1965 4830 2104 4887 sicut
2129 4831 2185 4886 in
2216 4831 2333 4886 istis
2365 4830 2752 4903 temporalibus
2780 4830 3013 4902 legibus,
3046 4843 3358 4901 quanquam
3386 4827 3560 4885 dehis

1963 4919 2212 4977 homines
2254 4920 2495 4989 judicent
2544 4934 2667 4975 cum
2714 4934 2806 4974 eas
2846 4918 3163 4985 instituunt,
3206 4925 3388 4974 tamen
3435 4932 3561 4974 cum

1964 5007 2163 5063 fuerint
2191 5009 2445 5064 instituta:
2474 5014 2636 5079 atque
2666 5004 2913 5074 firmatae,
2945 5021 3055 5061 non
3084 5006 3270 5062 licebit
3292 5006 3462 5077 judici
3490 5007 3560 5062 de

1964 5096 2096 5170 ipsis
2120 5098 2387 5166 judicare,
2422 5096 2517 5151 sed
2548 5095 2848 5151 secundum
2877 5095 3042 5167 ipsas.
3092 5096 3354 5153 Conditor
3379 5102 3562 5151 tamen

1964 5186 2150 5258 legum
2180 5184 2577 5257 temporalium,
2598 5184 2643 5239 si
2664 5183 2747 5240 vir
2766 5185 2943 5240 bonus
2959 5191 3043 5240 est
3071 5191 3125 5240 et
3153 5185 3391 5255 sapiens,
3414 5182 3560 5238 illam

1962 5274 2140 5346 ipsam
2168 5274 2401 5330 consulit
2422 5282 2702 5341 aeternam,
2725 5272 2794 5329 de
2824 5288 2929 5347 qua
2948 5273 3081 5330 nulli
3101 5273 3296 5329 animm
3308 5270 3559 5341 judicare

1964 5364 2148 5419 datum
2179 5371 2279 5432 est,
2311 5371 2369 5418 ut
2394 5362 2691 5418 secundum
2740 5362 2854 5432 ejus
2903 5361 3270 5418 immutabiles
3315 5359 3554 5433 regulas,

1963 5447 2093 5519 quid
2122 5446 2189 5502 sit
2220 5462 2321 5519 pro
2351 5455 2595 5518 tempore
2617 5446 2918 5517 jubendum
2942 5446 3341 5520 vetandumquc
3360 5446 3561 5504 discer-

1963 5553 2074 5604 nat.
2115 5571 2137 5594 »
2168 5545 2237 5601 Et
2266 5544 2321 5600 in
2350 5543 2491 5602 libro
2521 5544 2933 5604 Confessionum
2965 5560 2980 5599 :
3015 5567 3037 5593 α
3072 5543 3356 5619 Spiritales
3401 5559 3554 5621 ergo,
