4004 6176
420 259 522 312 319

1449 253 1788 312 IIINCMARI
1845 249 2248 308 RHEMENSIS
2305 253 2854 310 ARCHIEPISCOPI.

3621 256 3726 310 320

419 380 533 437 sive
567 381 660 453 qui
689 389 952 454 praesunt,
985 382 1100 438 sive
1131 379 1222 453 qui
1265 381 1662 452 obtemperant,
1717 376 2026 449 spiritaliter
2053 373 2110 435 A
2129 376 2456 446 ministrare,
2492 377 2725 450 qualiter
2751 377 2912 434 etiam
2941 378 3012 432 ab
3039 377 3265 434 ostiario
3293 393 3470 449 usque
3489 376 3558 432 ad
3579 391 3732 432 sum-

411 468 676 538 judicant.
717 493 738 516 »
775 469 974 526 Sacros
1011 485 1143 526 vero
1195 469 1414 524 ordines
1463 466 1822 540 promulgare
1870 473 1955 520 est
1999 481 2030 520 a

415 557 650 614 Domino
685 557 1038 614 constituere.
1071 558 1204 630 Ipsi,
1237 557 1428 629 inquit,
1461 557 1802 612 invocabant
1833 571 1940 618 me,
1969 553 2030 608 et

417 663 515 718 ego
568 647 894 703 benedicam
941 647 1130 712 (Num.
1185 661 1262 712 vr,
1299 647 1407 712 t7),
1461 644 1670 700 scilicet
1719 643 2027 714 episc0pos.

417 736 524 791 Per
553 735 864 806 episcopos,
898 734 1036 792 sicut
1063 750 1166 808 per
1195 733 1468 805 apostolos
1497 749 1528 787 a
1556 732 1788 788 Domino
1809 731 2028 787 ordina-

421 831 526 891 tos,
559 823 811 880 Matthias
841 831 924 879 est
953 823 1237 879 ordinatus
1266 822 1546 894 apostolus
1575 823 1722 892 (Act.
1756 837 1794 886 ι,
1827 821 1939 890 26),
1975 826 2028 874 et

423 928 522 984 per
549 914 849 984 prophetas
867 927 932 967 ac
960 911 1238 979 doctores,
1262 911 1356 982 qui
1377 919 1430 966 et
1449 909 1696 980 episcopi
1715 925 1778 964 ac
1798 907 2028 979 apostoli

422 1007 598 1067 erant,
633 1001 777 1072 apud
799 1001 1161 1066 Antiochiam,
1183 999 1406 1069 jubente
1432 999 1634 1069 Spiritu
1657 1005 1847 1052 sancto
1867 1004 2028 1067 atque

416 1089 632 1144 dicente
666 1107 678 1142 :
711 1091 982 1161 Separate
1017 1090 1163 1144 mihi
1205 1087 1521 1142 Barnaba-m
1569 1091 1622 1142 et
1673 1087 1910 1142 Saulum
1953 1085 2024 1139 ad

419 1193 558 1250 Opus
585 1178 898 1232 ministerii
931 1177 1002 1231 ad
1029 1176 1171 1248 quod
1203 1177 1348 1246 elegi
1381 1191 1468 1231 eos
1494 1175 1638 1244 (Act.
1675 1189 1798 1240 xm,
1825 1173 1903 1242 2),
1927 1173 2030 1243 ipsi

417 1266 694 1320 Barnabas
725 1273 774 1320 et
805 1264 1004 1320 Saulus
1035 1271 1156 1318 sunt
1185 1263 1433 1318 ordinati.
1487 1263 1554 1317 Et
1603 1278 1702 1332 per
1741 1263 1962 1332 Moysen
1995 1275 2028 1314 a

417 1353 650 1408 Domino
681 1352 994 1408 ordinatum
1025 1353 1206 1406 Aaron
1261 1359 1312 1405 et
1343 1349 1484 1405 filius
1515 1351 1634 1418 ejus
1685 1349 1925 1414 Eleazar,
1976 1354 2028 1404 et

415 1457 514 1511 per
543 1455 640 1496 eos
669 1439 860 1509 reliqui
889 1438 1134 1493 minores
1165 1439 1480 1493 sucerdotes
1511 1437 1746 1493 ordinati
1783 1443 1925 1492 sunt.
1954 1438 2024 1490 Et

416 1544 782 1600 congregans,
803 1528 979 1598 inquit
999 1543 1156 1582 sacra
1171 1528 1422 1592 historia,
1439 1527 1646 1598 Moyses
1667 1527 2028 1598 septuaginta

415 1619 563 1672 uiros
577 1617 644 1672 de
663 1617 976 1672 senioribus
993 1617 1188 1681 Israel,
1207 1631 1338 1687 quos
1353 1619 1508 1670 stare
1529 1617 1667 1684 fecit
1685 1616 1836 1670 circa
1859 1615 2030 1668 taber-

2125 482 2274 520 mum
2295 467 2660 523 sacerdotium
2675 467 2874 538 quique
2889 466 3104 522 valeant
3121 465 3366 536 provehi.
3387 467 3456 520 Et
3474 481 3594 536 quae
3615 466 3728 520 sint

2125 571 2194 610 ex
2223 555 2302 610 eis
2328 571 2358 608 a
2385 555 2532 610 sedis
2561 556 2820 610 Romanae
2847 554 3194 626 pontiﬁcibus
3217 553 3586 626 promulgata,
3609 569 3728 608 om-

2127 643 2286 697 nibus
2311 643 2368 698 in
2393 643 2777 699 ecclesiasticis
2801 643 3146 714 dogmatibus
3176 641 3482 696 exercitatis
3509 649 3728 696 constat

2125 747 2250 787 esse
2277 731 2656 798 notissimum;
2689 739 2744 786 et
2772 731 2899 803 quia
2925 731 3054 786 inde
3083 731 3438 802 quaestionem
3453 745 3562 786 non
3595 745 3728 785 mo-

2125 836 2240 886 ves,
2275 819 2610 890 superiluum
2640 821 2780 876 duco
2809 835 2873 875 ea
2902 819 3192 876 disserere.

2197 907 2336 977 Quia
2363 924 2516 977 vero,
2547 916 2606 964 ut
2634 909 2882 978 superius
2918 907 3028 962 dixi
3073 908 3142 962 de
3187 907 3402 979 legibus
3446 915 3500 962 et
3547 907 3725 962 sacris

2125 996 2422 1060 ordinibus,
2457 997 2708 1068 quoniam
2739 997 2884 1051 aliud
2915 1003 2998 1051 est
3021 995 3175 1068 leges
3199 1003 3254 1050 et
3281 1010 3469 1050 sacros
3499 995 3728 1050 ordines

2123 1085 2496 1157 promulgare,
2525 1093 2580 1140 et
2611 1085 2776 1149 aliud,
2820 1084 2960 1140 sicut
3003 1083 3238 1148 ostendi,
3285 1084 3352 1140 de
3403 1083 3620 1152 legibus
3667 1092 3728 1138 et

2127 1173 2298 1230 sacris
2329 1173 2611 1228 ordinibus
2641 1172 3007 1244 promulgare,
3055 1172 3449 1227 ostendendum
3479 1181 3562 1227 est
3593 1173 3727 1243 quia

2126 1261 2374 1317 similiter
2417 1261 2562 1316 aliud
2611 1271 2690 1316 est
2739 1277 2924 1316 sacros
2975 1275 3215 1316 canones
3257 1259 3628 1331 promulgare,
3671 1268 3728 1315 et

2125 1351 2267 1405 aliud
2299 1359 2382 1405 est
2409 1351 2478 1404 de
2527 1365 2808 1406 sacrorum
2854 1365 3122 1404 canonum
3165 1349 3465 1419 disciplinis
3511 1349 3726 1404 consti-

2125 1447 2241 1494 tuta
2271 1438 2564 1494 decretalia
2591 1438 2956 1510 promulgare.
3003 1437 3109 1504 Qui
3137 1453 3372 1508 namque
3411 1437 3520 1492 sint
3547 1453 3724 1492 cano-

2125 1543 2241 1595 nes,
2277 1527 2346 1582 de
2373 1542 2604 1598 quorum
2631 1527 2932 1598 disciplinis
2961 1525 3302 1597 promulgata
3329 1527 3468 1581 adeo
3499 1541 3726 1582 conser-

2127 1615 2244 1670 vari
2275 1631 2306 1670 a
2335 1623 2524 1672 sancto
2557 1615 2736 1670 Leone
2765 1630 2908 1684 papa
2929 1614 3208 1682 jubentur,
3233 1622 3290 1668 ut
3319 1614 3364 1668 si
3393 1614 3516 1685 quis
3543 1614 3602 1668 in
3631 1615 3726 1668 illa

413 1705 707 1768 naculum,
724 1705 1122 1774 descenditque
1139 1705 1410 1760 Dominus
1427 1719 1526 1774 per
1543 1703 1766 1766 nubem,
1793 1706 1850 1756 et
1871 1703 2022 1756 Iocu-
2049 1725 2103 1784 Β
2127 1705 2478 1768 commiserit,
2512 1703 2726 1758 veniam
2757 1703 2860 1756 sibi
2890 1703 3148 1772 deinceps
3185 1702 3394 1758 noverit
3437 1703 3726 1774 denegari,

415 1797 508 1847 tus
531 1796 614 1848 est
625 1791 696 1846 ad
711 1808 860 1856 eum,
885 1794 1154 1860 auferens
1167 1792 1232 1846 de
1249 1792 1460 1862 spiritu
1477 1791 1572 1860 qui
1602 1793 1726 1844 erat
1751 1791 1810 1842 in
1829 1789 2019 1859 Moyse,

419 1878 624 1934 scilicet
654 1895 763 1935 non
795 1878 1058 1944 tollendo,
1109 1878 1206 1934 sed
1235 1877 1292 1932 in
1321 1877 1456 1933 alios
1505 1877 1886 1948 propagando,
1937 1876 2027 1931 vel

414 1967 840 2040 promulgando,
877 1971 934 2022 et
964 1967 1108 2022 dans
1140 1968 1506 2038 septuaginta
1559 1967 1696 2034 viris
1719 1967 1907 2036 (Num.
1941 1979 2021 2030 χι,

417 2057 529 2121 24).
565 2055 668 2124 Qui
699 2055 926 2127 spiritus
958 2063 1011 2110 et
1041 2055 1214 2125 Moysi
1255 2055 1466 2122 dicitur,
1525 2053 1662 2109 sicut
1707 2061 1760 2108 et
1809 2052 2024 2123 spiritus

417 2143 552 2199 Elia:
583 2152 828 2210 vocatur,
866 2159 932 2198 eo
963 2143 1250 2199 locutionis
1282 2159 1504 2214 genere,
1531 2157 1636 2213 quo
1654 2150 1706 2197 et
1735 2141 2026 2197 Dominum

417 2233 475 2288 in
505 2233 748 2288 oratione
779 2232 1016 2302 petimus
1050 2249 1064 2284 :
1095 2234 1311 2286 Panem
1339 2235 1602 2285 nostrum
1633 2231 2026 2301 quotidianum

419 2321 492 2375 da
519 2321 678 2376 nobis
707 2320 866 2376 hodie
897 2321 1052 2388 (Luc.
1103 2333 1184 2384 χι,
1216 2319 1290 2387 3).
1337 2318 1438 2372 Dei
1483 2317 1626 2372 enim
1675 2317 1818 2372 idem
1865 2317 2023 2386 panis

415 2414 498 2462 est
527 2415 582 2462 et
614 2407 854 2478 spiritus,
891 2421 924 2462 a
955 2421 1062 2477 quo
1091 2405 1244 2460 illum
1275 2421 1339 2460 ex
1376 2420 1600 2460 munere
1647 2404 1822 2458 dantis
1871 2404 2021 2460 acci-

421 2495 621 2567 pimus,
655 2503 710 2551 et
735 2501 928 2550 noster
957 2493 1016 2548 fit
1057 2493 1320 2549 veraciter
1363 2509 1464 2564 per
1494 2493 1885 2564 acceptionem,
1931 2492 2022 2562 qui

415 2582 571 2638 illum
601 2585 671 2638 ab
701 2599 768 2640 eo
798 2583 1116 2654 accipimus.
1157 2583 1418 2654 Cumque,
1457 2581 1630 2652 inquit
1658 2579 1900 2648 historia,
1935 2597 2024 2634 re-

417 2673 718 2744 quievisset
749 2675 810 2728 in
834 2674 914 2727 eis
935 2673 1192 2742 spiritus,
1215 2671 1715 2742 propltetaverunt,
1739 2685 1844 2723 nec
1863 2668 2020 2723 ultra

417 2765 780 2816 cessaverunt
808 2761 998 2830 (Num.
1035 2775 1114 2825 χι,
1144 2761 1256 2828 25).
1291 2757 1450 2826 Quod
1489 2758 1628 2812 sicut
1655 2757 1872 2828 Moyses
1903 2756 2017 2810 Do-

415 2848 584 2912 mino,
618 2847 672 2902 in
704 2863 866 2918 quem
895 2863 1004 2902 non
1044 2847 1190 2902 cadit
1224 2845 1446 2912 oblivio,
1499 2846 1590 2917 qui
1621 2853 1800 2900 tamen
1839 2845 1970 2899 dicit
2003 2860 2016 2898 :

417 2935 762 2991 Recordabar
787 2937 946 3006 pacti
975 2935 1201 3004 fwderis
1223 2936 1336 2989 mei
1359 2933 1520 3002 (Gen.
1555 2949 1634 3000 ιχ,
1660 2935 1768 3004 15),
1791 2933 1858 2986 ad
1880 2932 2018 2987 obti-

415 3023 598 3078 nenda
626 3037 748 3094 quae
775 3022 993 3092 petebat
1021 3029 1203 3093 patres
1233 3021 1442 3089 obtulit,
1475 3021 1664 3076 dicens
1697 3037 1710 3075 :
1743 3023 2015 3077 Memento

415 3111 717 3176 Abraham,
751 3111 906 3166 Isaac
937 3114 994 3164 et
1021 3110 1184 3165 Jacob
1209 3126 1496 3164 servorum
1533 3113 1778 3172 tuorum,
1813 3111 2008 3180 quibus

405 3200 626 3271 jurasti
655 3199 854 3268 (Exod.
891 3213 1074 3266 χχχιι,
1108 3198 1183 3266 3),
1217 3198 1274 3252 id
1305 3205 1388 3252 est
1421 3195 1575 3252 firma
1621 3196 2009 3267 pollicitatione

415 3286 618 3342 dixisti.
673 3289 742 3342 Et
787 3286 1030 3358 episcopi
1085 3293 1512 3342 commemorant
1555 3286 1612 3339 in
1667 3285 2010 3340 ordinatione

412 3375 880 3447 presbyterorum,
927 3382 983 3430 ut
1011 3375 1130 3446 ipse
1177 3375 1320 3446 quod
1369 3389 1524 3429 suum
1567 3381 1649 3429 est
1693 3374 1748 3428 in
1797 3388 2009 3438 eorum,

412 3461 664 3520 videlicet
721 3463 1124 3535 episcoporum,
1173 3463 1475 3518 ministerio
1523 3469 1870 3534 exsequatur,
1923 3462 2010 3516 di-

413 3559 650 3608 centes:
703 3575 724 3598 «
765 3551 855 3608 Sic
897 3551 953 3606 in
1001 3566 1184 3607 eremo
1231 3567 1330 3622 per
1379 3551 1722 3623 septuaginta
1771 3551 2011 3606 virorum

411 3639 762 3710 prudentium
791 3647 1004 3696 mentes
1033 3639 1206 3710 Moysi
1236 3639 1483 3710 spiritum
1521 3639 1861 3710 prepagasti,
1894 3638 2011 3709 qui-

409 3728 512 3782 bus
543 3727 638 3784 ille
666 3727 1004 3796 adjutoribus
1036 3743 1169 3782 usus
1199 3728 1252 3781 in
1282 3729 1504 3798 populo,
1537 3727 1851 3781 innumeras
1871 3725 2012 3781 mul—

409 3815 667 3872 titudines
695 3815 851 3871 facile
907 3816 1250 3886 gubernavit.
1304 3815 1394 3871 Sic
1444 3823 1496 3870 et
1543 3815 1598 3870 in
1648 3815 1912 3870 Eleazaro
1963 3823 2014 3871 et

411 3905 650 3959 Ithamar
681 3902 804 3958 filiis
835 3906 1016 3960 Aaron
1045 3911 1288 3974 paternae
1336 3903 1686 3974 plenitudinis
1731 3903 2014 3958 abundan-

411 3992 544 4047 tiam
599 3991 958 4062 transfudisti,
1010 3999 1068 4046 ut
1123 3991 1190 4046 ad
1241 3991 1443 4046 hostias
1491 3989 1758 4046 salutares
1807 3999 1860 4046 et
1901 3991 2014 4046 fre—

413 4079 715 4152 quentioris
745 4079 907 4136 ofﬁcii
957 4087 1303 4134 sacramenta
1351 4078 1618 4134 sufﬁceret
1655 4079 2012 4134 ministerium

413 4167 780 4224 sacerdotum.
843 4168 956 4223 Hac
1013 4166 1383 4238 providentia,
1443 4167 1692 4232 Domine,
1754 4165 2016 4238 apostolis

413 4255 510 4311 ﬁlii
541 4256 617 4311 tui
647 4255 966 4311 doctoribus
995 4254 1124 4310 fidei
1153 4255 1382 4310 comites
1412 4255 1690 4322 addidisti,
1724 4255 1918 4328 quibus
1939 4255 2018 4309 illi

409 4344 598 4400 orbem
633 4351 804 4399 totum
837 4343 1094 4400 secundis
1117 4343 1570 4415 praedicatoribus
1601 4343 2010 4415 impleverunt.»

2125 1801 2458 1847 memoratus
2487 1793 2556 1846 ab
2585 1807 2651 1847 eo
2683 1793 2874 1846 beatus
2919 1791 3286 1860 Innocentius,
3335 1791 3390 1844 in
3435 1791 3726 1861 disciplina

2125 1897 2190 1936 ex
2216 1881 2422 1936 eisdem
2455 1881 2625 1936 sacris
2657 1879 2955 1935 canonibus
3003 1879 3238 1942 decreta,
3289 1879 3358 1932 ad
3407 1879 3726 1934 Victricium

2125 1969 2620 2040 Rothomagensem
2651 1967 2964 2036 episcopum
2993 1975 3242 2038 patenter
3265 1967 3502 2020 ostendit
3531 1967 3724 2039 (epist.

2128 2059 2200 2124 l).
2239 2080 2260 2104 α
2298 2057 2352 2110 Si
2383 2073 2524 2128 quae,
2557 2056 2826 2127 inquiens,
2853 2071 3028 2110 causae
3057 2054 3144 2110 vel
3175 2055 3552 2110 contentiones
3583 2055 3729 2110 inter

2125 2145 2374 2210 clericos,
2423 2151 2530 2198 tam
2561 2143 2860 2214 superioris
2907 2143 3116 2198 ordinis
3161 2159 3320 2214 quam
3365 2143 3528 2198 etiam
3577 2143 3727 2198 infe-

2124 2233 2283 2288 rioris
2313 2232 2508 2287 fuerint
2539 2239 2762 2296 exortae,
2795 2239 2852 2284 ut
2881 2231 3180 2286 secundum
3229 2232 3498 2302 synodum
3543 2233 3726 2288 Nicae-

2123 2338 2270 2388 nam,
2305 2321 2654 2392 congregatis
2684 2320 2926 2388 ejusdem
2959 2319 3252 2389 provinciae
3277 2320 3570 2390 epiSCOpis,
3599 2321 3724 2388 jur—

2123 2411 2274 2482 gium
2303 2409 2643 2472 terminetur,
2685 2433 2705 2454 n
2741 2417 2792 2462 et
2821 2408 3050 2480 reliqua.
3075 2409 3144 2462 Et
3163 2407 3235 2461 ibi
3265 2417 3388 2478 post
3408 2408 3722 2480 aliquanta:

2127 2523 2146 2544 «
2186 2499 2241 2552 Si
2275 2514 2396 2568 quae.
2425 2505 2600 2552 autem
2629 2495 2863 2564 majores
2892 2511 3074 2552 causa:
3102 2497 3156 2550 in
3187 2496 3368 2550 medio
3399 2495 3600 2552 fuerint
3631 2498 3728 2552 de-

2121 2587 2338 2650 voluta},
2371 2587 2438 2639 ad
2469 2586 2656 2640 sedem
2681 2584 3060 2655 apostolicam,
3089 2584 3226 2639 sicut
3251 2585 3492 2655 synodus
3513 2587 3724 2650 statuit,

2121 2674 2328 2730 scilicet
2357 2673 2723 2738 Sardicensis,
2758 2681 2812 2727 et
2839 2679 2996 2728 vetus
3025 2673 3362 2728 consuetudo
3389 2673 3576 2746 exigit,
3603 2683 3729 2744 post

2113 2763 2378 2831 judicium
2408 2761 2720 2831 epiSCOpale
2751 2760 3038 2815 referatur.
3079 2785 3100 2808 ι»
3133 2761 3200 2815 Et
3245 2761 3316 2816 ad
3345 2761 3722 2817 Alexandrum

2119 2851 2516 2906 Antiochenam
2545 2851 2856 2920 episcopum
2888 2849 3076 2921 (epist.
3098 2853 3189 2918 20)
3223 2868 3235 2904 :
3273 2873 3294 2898 η
3323 2849 3706 2916 Revolventes,

2115 2940 2307 3010 inquit,
2342 2937 2716 2993 auctoritatem
2745 2937 2982 2992 Nicena:
3010 2938 3223 3008 synodi,
3273 2955 3393 3010 qua:
3439 2953 3548 2992 una
3587 2953 3716 2993 om-

2115 3026 2262 3080 nium
2293 3043 2391 3097 per
2420 3027 2610 3082 orbem
2640 3033 2906 3080 terrarum
2931 3033 3170 3080 mentem
3204 3026 3432 3096 explicat
3453 3027 3722 3082 sacerdo-

2113 3131 2243 3180 tum,
2277 3131 2398 3186 qua-3
2426 3115 2634 3170 censuit
2678 3115 2746 3169 de
2793 3115 3130 3170 Antiochena
3177 3115 3445 3182 Ecclesia,
3500 3117 3714 3170 cunctis

2109 3201 2380 3268 fidelibus,
2412 3221 2480 3258 ne
2509 3203 2738 3257 dixerim
2761 3203 3158 3269 sacerdotibus,
3185 3219 3308 3258 esse
3323 3204 3704 3258 necessarium

2111 3293 2416 3356 custodire,
2475 3307 2582 3364 qua
2633 3307 2796 3362 super
2847 3292 3132 3346 diteeesim
3187 3305 3342 3346 suam
3393 3292 3718 3362 praedictam

2109 3381 2432 3444 Ecclesiam,
2481 3397 2590 3434 non
2645 3395 2809 3450 super
2855 3379 3098 3452 aliquam
3149 3379 3310 3434 aliam
3355 3380 3720 3450 provinciam,

2111 3469 2556 3540 recognoscimus
2598 3469 2968 3524 constitutam.
3011 3493 3031 3514 ››
3075 3470 3140 3522 Et
3183 3467 3310 3522 inde
3357 3469 3726 3540 promulgavit

2111 3559 2180 3611 de
2230 3557 2576 3612 ordinatione
2635 3556 3196 3626 metropolitanorum,
3257 3573 3486 3628 quorum
3535 3557 3726 3628 plures

2112 3647 2232 3716 ipsa
2261 3645 2510 3701 Ecclesia
2541 3645 2818 3714 subjectos
2851 3645 2956 3700 sibi
2983 3645 3164 3710 habet,
3199 3645 3334 3700 sicut
3379 3655 3430 3702 et
3477 3645 3726 3701 Alexan-

2111 3734 2300 3788 drinus
2330 3733 2618 3804 episcopus
2651 3749 2716 3788 ex
2751 3734 2975 3804 antiqua
3021 3734 3432 3798 consuetudine,
3463 3742 3518 3788 et
3547 3735 3728 3790 Thes-

2115 3821 2478 3876 salonicensis
2509 3821 2798 3892 episcopus
2829 3837 2896 3876 ex
2925 3821 3269 3894 delegatione
3297 3823 3443 3876 sedis
3473 3823 3728 3894 apostoli-

2115 3927 2211 3966 cae.
2245 3911 2312 3964 Et
2340 3911 2408 3965 ad
2439 3911 2768 3966 Macedones
2800 3911 3091 3980 episcopos
3119 3911 3309 3982 (epist.
3332 3915 3419 3978 27,
3475 3913 3577 3966 sub
3609 3928 3726 3968 me-

2115 3999 2307 4069 dium),
2359 4015 2424 4054 ex
2467 3999 2674 4054 eisdem
2725 3999 2898 4055 sacris
2947 3999 3246 4054 canonibus
3289 3999 3432 4070 apud
3479 4000 3728 4056 Niczeam

2116 4088 2436 4156 constitutis,
2501 4087 2870 4160 promulgavit
2915 4088 3248 4143 Novatianos
3297 4089 3366 4142 ad
3415 4089 3728 4144 Ecelesiam

2121 4177 2401 4232 venientes
2429 4193 2529 4248 per
2557 4193 2747 4230 manus
2777 4177 3179 4247 impositionem
3209 4177 3263 4230 in
3293 4177 3404 4230 suis
3438 4177 3726 4233 ordinibus

2117 4265 2332 4335 recipi;
2383 4273 2434 4320 et
2489 4265 2802 4336 opinionem
2847 4281 3037 4320 eorum
3085 4266 3195 4336 qui,
3251 4283 3320 4320 ne
3369 4265 3425 4320 in
3469 4267 3728 4322 Ecclesia

2118 4354 2436 4408 scandalum
2467 4354 2640 4418 fieret,
2685 4353 2926 4408 Anisium
2978 4353 3234 4426 [aiebant]
3277 4355 3626 4425 sequendum
3671 4356 3730 4410 in

411 4433 516 4503 Ωιιί
547 4433 756 4489 εοίῘίοεῑ
790 4433 1036 4504 episcopi
1066 4440 1116 4487 εί
1146 4432 1474 4504 ρτθεὺιιετὶ,
1507 4431 1561 4486 in
1589 4433 1888 4504 primordio
1924 4447 2021 4488 na-
2049 4434 2101 4493 D
2123 4441 2450 4512 recipiendis
2479 4441 2794 4496 Bonosiacis
2823 4442 2890 4496 ab
2919 4443 3115 4496 eodem
3145 4443 3357 4497 Bonoso
3403 4451 3528 4512 post
3563 4444 3726 4498 dam-

407 4521 611 4579 scentis
639 4519 926 4590 Ecclesiae,
959 4529 1009 4577 et
1039 4537 1214 4592 usque
1245 4536 1354 4576 non
1383 4522 1452 4576 ad
1483 4535 1711 4592 parvum
1755 4520 2018 4592 temporis

407 4625 784 4683 progressum,
817 4624 926 4664 uno
960 4609 1180 4665 nomine
1207 4609 1262 4662 in
1285 4609 1516 4680 singulis
1539 4609 1732 4666 oﬁiciis
1756 4611 2020 4666 vocaban-

409 4706 516 4768 tur,
550 4699 689 4755 sicut
719 4699 772 4754 in
805 4697 1038 4769 epistola
1067 4697 1228 4764 Petri,
1257 4705 1310 4752 et
1341 4697 1394 4751 in
1421 4697 1664 4768 epistolis
1695 4697 1940 4764 Joannis,
1967 4705 2020 4752 et

410 4787 467 4842 in
497 4786 742 4856 epistolis
773 4786 926 4842 Pauli
957 4785 1351 4850 manifestatur,
1386 4793 1440 4840 et
1466 4785 1605 4840 sicut
1655 4785 2018 4857 Hieronymus

413 4873 482 4929 ad
512 4875 811 4945 Evagrium
860 4876 1246 4946 presbyterum
1275 4875 1463 4947 (epist.
1490 4875 1578 4944 85)
1602 4889 1668 4928 ex
1697 4875 2018 4930 auctoritate

415 4960 819 5032 Scripturarum
849 4964 1101 5018 ostendit.
1135 4963 1246 5020 Sed
1277 4969 1330 5018 et
1357 4961 1550 5034 reliqui
1579 4977 1680 5033 per
1727 4977 1822 5017 eos
1867 4962 1958 5033 qui
1988 4979 2017 5016 a

415 5048 651 5106 Domino
682 5049 752 5104 ad
781 5050 890 5106 hoc
915 5051 1190 5106 constituti
1236 5059 1356 5106 sunt
1405 5049 1760 5106 ecclesiastici
1797 5051 2017 5106 ordines

411 5137 859 5212 promulgantur,
921 5153 1106 5193 eorum
1151 5139 1360 5196 scilicet
1405 5139 1742 5208 ministerio,
1785 5138 2016 5194 Domino

412 5229 556 5302 quod
587 5243 748 5284 suum
780 5234 862 5284 est
893 5237 1244 5298 exsequente.
1281 5229 1362 5284 De
1395 5228 1569 5284 sacris
1603 5235 1785 5284 autem
1813 5227 2018 5284 ordini-

412 5317 516 5372 bus
545 5317 889 5391 promulgare
935 5323 1019 5372 est
1069 5315 1162 5387 qui
1203 5325 1253 5371 et
1283 5327 1414 5389 quot
1443 5318 1570 5385 sint,
1613 5324 1667 5374 et
1715 5317 1900 5390 quales
1947 5331 2015 5374 ac

416 5405 668 5477 qualiter,
722 5415 774 5462 et
821 5421 854 5462 a
894 5405 1092 5478 quibus
1135 5403 1221 5460 vel
1270 5405 1488 5476 quando
1533 5413 1657 5462 sunt
1703 5406 2008 5472 ordinandi,

415 5509 466 5558 et
499 5501 770 5573 quomodo
801 5517 864 5562 ac
895 5510 1154 5574 quantum
1175 5501 1231 5557 in
1251 5501 1482 5574 singulis
1499 5503 1758 5575 gradibus
1779 5504 2014 5562 debeant

2123 4531 2392 4586 nationem
2425 4545 2576 4585 suam
2607 4530 2888 4594 ordinatis,
2921 4529 3206 4586 manifeste
3249 4530 3465 4586 refellit.
3517 4532 3630 4586 Sed
3675 4543 3730 4587 et

2121 4636 2187 4674 ex
2219 4619 2458 4689 praefatis
2487 4619 2722 4674 Niemnis
2751 4619 3051 4674 canonibus
3091 4620 3458 4690 promulgavit
3505 4621 3724 4676 Paulin—

2120 4708 2292 4764 nistas
2323 4708 2392 4763 ad
2421 4707 2718 4764 Ecclesium
2749 4707 3030 4764 venientes
3059 4707 3344 4778 baptizari,
3368 4707 3508 4762 alios
3536 4717 3724 4765 autem

2119 4797 2186 4850 ab
2215 4795 2486 4852 hatreticis
2515 4796 2573 4850 in
2601 4797 2818 4851 nomine
2849 4804 3050 4851 sanctae
3099 4796 3371 4852 Trinitatis
3417 4797 3728 4868 baptizatos

2119 4901 2226 4940 non
2257 4884 2518 4956 baptizari
2547 4885 2767 4940 debere.
2801 4885 2869 4938 Et
2896 4885 3140 4939 Zosimus
3169 4885 3238 4940 ad
3276 4885 3566 4940 universos
3599 4887 3724 4958 epi—

2119 4988 2318 5044 scopos
2346 4989 2444 5044 per
2474 4972 2676 5028 Gallias
2707 4981 2760 5028 et
2789 4981 2996 5042 septem
3027 4973 3337 5043 provincias
3371 4974 3718 5042 constitutos,

2118 5063 2366 5117 decretas
2393 5061 2520 5116 inde
2545 5061 2860 5131 disciplinas
2889 5061 3260 5132 promulgatas
3304 5061 3516 5116 direxit.
3559 5061 3724 5117 Boni-

2117 5150 2288 5206 facius
2319 5167 2533 5222 quoque
2565 5150 2635 5206 ad
2665 5150 2948 5206 Rusticum
2963 5150 3374 5204 Narbonensem
3399 5150 3724 5223 episcopum

2115 5239 2241 5294 hinc
2271 5239 2344 5292 ita
2371 5238 2501 5292 dicit
2532 5239 2717 5311 (epist.
2762 5241 2811 5305 3,
2863 5239 2933 5294 ad
2963 5239 3270 5310 Hilarium)
3305 5255 3318 5292 2
3355 5261 3376 5284 ει
3413 5237 3580 5302 Nulli,
3631 5239 3724 5293 in-

2117 5327 2328 5399 quiens,
2361 5327 2574 5382 videtur
2601 5327 2876 5398 incognita
2907 5326 3100 5396 synodi
3131 5325 3440 5381 constitutio
3457 5325 3718 5390 Nicaeum.

2115 5433 2236 5489 qua:
2264 5417 2336 5470 ita
2365 5415 2629 5487 praecipit,
2659 5423 2717 5470 ut
2749 5415 2938 5470 eadem
2971 5415 3193 5485 proprie
3222 5415 3388 5470 verba
3409 5431 3678 5486 ponamus
3707 5436 3722 5470 :

2114 5506 2220 5560 Per
2264 5518 2704 5577 unamquamque
2751 5503 3088 5576 provinciam
3129 5503 3218 5572 jus
3265 5503 3722 5578 metropolitanos
