4004 6176
244 271 347 326 321

936 267 1181 325 OPUSC.
1225 267 1316 323 ET
1371 267 1588 323 EPIST.
1639 267 1714 323 IN
1769 265 1998 323 CAUSA
2053 265 2398 323 HINCMARI
2454 266 2757 325 LAUDUN.

3450 273 3556 329 322

247 390 504 465 singulos
535 391 743 447 habere
764 391 992 457 debere,
1017 407 1119 448 nec
1139 392 1396 464 cuiquam
1416 392 1555 447 duas
1585 407 1708 447 esse
1730 391 1858 445 sub-
1889 390 1946 450 A
1966 398 2184 446 tuerunt
2213 392 2582 461 praesumitur,
2619 392 2736 447 sine
2758 391 3104 448 cunctatione
3134 400 3404 449 cessatur.
3440 412 3464 443 ι
3499 395 3568 449 Et

237 480 438 549 jectas.
466 479 630 549 Quod
654 480 754 546 illi,
780 480 908 551 quia
928 480 1086 535 aliter
1106 482 1442 537 credendum
1477 489 1703 547 nonest,
1737 496 1861 535 ser-

245 568 498 624 vandum
526 577 720 624 sancto
751 568 955 639 Spiritu
1007 577 1341 642 suggerente
1386 569 1603 624 sibimet
1630 584 1862 625 censue-

251 664 405 711 runt.
447 679 470 707 ι
509 657 580 711 Et
619 657 785 728 paulo
833 665 957 728 post
991 674 1004 713 ε
1042 680 1065 708 ι
1101 656 1260 727 Quod
1307 658 1515 714 idcirco
1543 658 1776 714 dicimus
1804 665 1863 712 ut

257 745 520 802 advertat
549 746 791 801 charitas
840 753 932 801 tua
962 746 1101 801 adeo
1147 763 1249 801 nos
1279 762 1551 803 canonum
1588 754 1864 818 praecepta

252 849 509 900 servare,
541 841 601 888 ut
629 834 705 889 ita
749 834 1064 890 constitutio
1112 851 1331 907 quoque
1378 843 1567 891 nostra
1595 834 1822 890 ditiiniat
1846 878 1859 898 ,

254 930 530 994 quatenus
549 922 959 994 metropolitani
988 923 1071 977 sui
1101 938 1442 996 unaquaeque
1490 923 1773 996 provincia
1808 923 1865 977 in

255 1010 517 1065 omnibus
564 1011 731 1065 rebus
778 1011 1180 1066 ordinationem
1210 1020 1508 1083 exspectet.
1547 1035 1568 1062 ι
1621 1014 1688 1067 Et
1736 1013 1863 1067 Coe-

256 1098 494 1155 lestinus
523 1099 593 1153 ad
638 1098 927 1155 universos
958 1100 1246 1171 episcopos
1288 1117 1389 1171 per
1418 1101 1782 1157 Viennensem
1812 1109 1867 1156 et

255 1188 685 1243 Narbonensem
706 1188 1048 1259 provinciam
1087 1188 1411 1245 constitutos
1451 1190 1641 1245 scribit
1673 1190 1863 1262 (epist.

253 1275 331 1346 1),
389 1276 641 1331 similiter
668 1285 721 1331 et
750 1276 823 1331 ad
855 1277 1148 1333 universos
1178 1278 1468 1349 episcopos
1481 1294 1581 1348 per
1611 1278 1866 1349 Apuliam

258 1372 312 1419 et
343 1363 661 1419 Calabriam
689 1365 1015 1421 constitutos
1036 1366 1225 1438 (epist.
1267 1366 1324 1437 2)
1359 1383 1371 1421 :
1419 1388 1441 1417 α
1466 1366 1635 1433 Nulli,
1670 1366 1863 1437 inquit,

259 1452 538 1508 sacerdoti
558 1468 690 1508 suos
710 1453 876 1508 liceat
895 1468 1135 1510 canones
1153 1454 1432 1526 ignorare,
1448 1471 1549 1510 nec
1568 1454 1867 1526 quidquam

261 1539 446 1597 facere
497 1541 644 1612 quod
692 1542 916 1596 Patrum
965 1542 1138 1613 possit
1186 1543 1393 1613 regulis
1438 1542 1681 1598 obviare.
1734 1542 1868 1611 Quae

262 1629 407 1684 enim
437 1644 471 1683 a
502 1628 661 1683 nobis
714 1646 807 1684 res
836 1630 1007 1703 digna
1053 1631 1383 1697 servabitur,
1435 1631 1481 1685 si
1510 1631 1868 1688 decretalium

1968 478 2097 534 item
2125 478 2270 534 idem
2300 480 2370 535 ad
2400 481 2653 535 eumdem
2675 481 2854 552 (ibid.,
2887 480 3050 552 paulo
3095 481 3382 553 superius:
3406 501 3429 534 ι
3466 480 3566 537 Illa

1968 567 2318 624 Nicaenorum
2366 584 2638 625 canonum
2686 586 2786 640 per
2833 577 3083 625 sanctum
3128 586 3259 626 vere
3306 569 3566 642 Spiritum

1969 655 2219 711 ordinata
2248 658 2485 713 conditio
2529 658 2678 731 nulla
2724 674 2967 730 unquam
2997 666 3079 713 est
3112 667 3265 729 parte
3295 658 3562 714 solubilis.

1967 744 2131 800 Nulla
2159 745 2376 801 sibimet
2404 747 2472 801 de
2516 746 2965 817 multiplicatione
2994 748 3442 820 congregationis
3471 764 3567 818 sy-

1968 833 2190 889 nodalia
2230 834 2461 891 concilia
2508 835 2875 905 blandiantur,
2932 851 3110 907 neque
3158 836 3417 893 trecentis
3458 835 3568 890 illis

1969 922 2162 978 decem
2188 920 2357 994 atque
2379 931 2503 979 octo
2534 924 2803 995 episcOpis
2820 966 2833 989 ,
2866 923 3264 995 quantumlibet
3290 924 3569 995 copiosior

1967 1027 2227 1067 numerus
2256 1012 2624 1079 sacerdotum,
2654 1012 2743 1068 vel
2771 1027 3094 1084 comparare
3123 1029 3183 1068 se
3227 1013 3446 1080 audeat,
3479 1013 3569 1070 vel

1967 1098 2231 1170 praeferre
2265 1117 2279 1154 :
2310 1116 2435 1155 cum
2460 1107 2613 1155 tanto
2640 1099 2897 1156 divinitus
2926 1101 3217 1174 privilegio
3243 1102 3469 1157 Nicaena
3500 1100 3570 1156 sit

1970 1188 2213 1258 synodus
2240 1196 2561 1245 consecrata
2581 1231 2594 1254 ,
2626 1196 2685 1243 ut
2713 1188 2827 1244 sive
2856 1205 2956 1259 per
2982 1189 3291 1260 pauciores,
3322 1189 3437 1245 sive
3467 1204 3568 1260 per

1969 1274 2152 1345 plures
2172 1276 2565 1333 Ecclesiastica
2575 1275 2784 1345 judicia
2803 1276 3169 1343 celebrentur,
3183 1278 3331 1333 omni
3351 1277 3567 1348 penitus

1969 1365 2291 1421 auctoritate
2339 1365 2407 1420 sit
2455 1381 2707 1433 vacuum,
2759 1365 3024 1437 quidquid
3051 1366 3123 1420 ab
3160 1365 3378 1421 illorum
3407 1366 3569 1422 fuerit

1968 1453 2348 1508 constitutione
2377 1454 2677 1509 diversum.
2707 1475 2729 1504 ν
2764 1455 2831 1509 Et
2853 1454 2983 1509 item
3004 1454 3150 1509 idem
3178 1455 3247 1508 ad
3275 1454 3568 1509 Maximum

1967 1541 2366 1597 Antiochenum
2389 1544 2578 1614 (epist.
2604 1544 2696 1613 66)
2728 1559 2742 1596 :
2773 1564 2796 1592 α
2834 1541 3133 1613 Quidquid,
3156 1541 3349 1613 inquit,
3373 1549 3571 1613 praeter

1970 1630 2235 1700 speciales
2256 1646 2453 1686 causas
2482 1630 2830 1702 synodalium
2851 1630 3210 1687 conciliorum
3240 1630 3310 1685 ad
3338 1646 3569 1686 examen

263 1732 455 1772 norma
487 1716 908 1773 constitutorum
957 1735 1057 1791 pro
1109 1719 1421 1791 aliquorum
1450 1719 1603 1774 libitu
1646 1719 1865 1776 licentia
1892 1742 1947 1803 B
1970 1718 2281 1790 episcOpale
2327 1718 2589 1786 defertur,
2621 1727 2802 1790 potest
2832 1719 3070 1791 aliquam
3099 1718 3436 1788 dijudicandi
3464 1720 3569 1775 ba-

259 1805 475 1876 p0pulis
505 1806 779 1877 permissa
809 1806 1135 1879 frangatur?
1169 1828 1193 1857 »

324 1895 394 1948 Et
424 1910 537 1950 non
572 1895 754 1950 solum
786 1895 875 1949 isti
906 1896 990 1949 sui
1020 1895 1347 1952 decessores
1376 1912 1663 1952 sacrorum
1692 1913 1863 1953 cano-

255 1998 406 2049 num,
454 1983 526 2038 de
577 1999 816 2054 quorum
864 1984 1169 2055 disciplinis
1217 1984 1517 2041 decretalis
1571 1985 1865 2042 constituta

252 2071 780 2144 promulgaverunt,
831 2074 936 2129 hoc
981 2073 1146 2129 modo
1204 2082 1260 2128 ut
1320 2073 1561 2145 praemisi
1584 2117 1597 2141 ,
1640 2075 1865 2129 eosdem

252 2175 445 2216 sacros
496 2175 741 2217 canones
791 2161 862 2216 ad
901 2162 1282 2217 auctoritatem
1332 2163 1639 2229 duxerunt;
1684 2162 1782 2217 sed
1811 2170 1865 2217 et

252 2248 535 2303 Damasus
568 2248 640 2303 ad
672 2249 958 2304 Paulinum
975 2251 1164 2323 (epist.
1189 2252 1265 2322 4),
1297 2251 1371 2307 ita
1394 2251 1449 2306 in
1480 2252 1864 2307 observatione

250 2353 544 2393 sacrorum
573 2338 924 2394 Nicaenorum
968 2354 1259 2406 canonum,
1294 2339 1435 2396 sicut
1464 2347 1517 2394 et
1546 2340 1601 2393 in
1631 2339 1759 2406 ﬁde,
1793 2340 1864 2395 ad

249 2424 566 2482 Ecclesiam
615 2428 910 2483 redeuntes
958 2428 1309 2484 subscribere
1352 2428 1533 2497 jussit,
1587 2444 1780 2484 verum
1810 2436 1864 2484 et

249 2530 612 2571 successores
662 2516 905 2585 ejusdem
952 2516 1095 2571 beati
1140 2517 1355 2582 Leonis,
1445 2525 1504 2571 ut
1552 2517 1620 2572 de
1679 2516 1864 2572 multis

250 2602 525 2674 quosdam
555 2604 845 2677 designem
875 2621 942 2659 ex
970 2605 1209 2674 nomine,
1232 2605 1452 2660 Hilarus
1475 2604 1704 2673 scilicet,
1730 2606 1867 2661 Sim-

250 2691 469 2761 plicius,
533 2692 706 2760 Felix,
772 2692 1047 2759 Gelasius,
1112 2692 1494 2765 Symmachus,
1546 2694 1859 2761 Hormisda,

251 2788 303 2834 et
331 2780 533 2835 beatus
584 2780 922 2853 Gregorius,
974 2783 1199 2838 eosdem
1244 2798 1435 2839 sacros
1464 2798 1731 2852 canones,
1765 2783 1863 2838 sed

251 2875 302 2923 et
329 2868 442 2924 alia
476 2869 714 2926 concilia
744 2888 867 2942 quae
896 2871 1169 2927 catholica
1207 2870 1460 2927 Ecclesia
1491 2870 1700 2942 recipit,
1738 2888 1862 2926 ser-

252 2965 340 3013 vat
370 2974 440 3014 ac
471 2966 792 3027 veneratur,
847 2967 900 3014 et
941 2959 1244 3030 apostolica
1300 2961 1460 3015 sedes
1508 2960 1693 3015 docuit
1740 2977 1862 3016 esse

253 3047 550 3114 servanda,
584 3046 642 3101 in
671 3047 784 3102 suis
814 3048 1066 3115 decretis,
1093 3065 1215 3120 qua:
1244 3066 1309 3104 ex
1340 3065 1531 3104 eorum
1561 3048 1864 3120 disciplinis

252 3136 768 3208 promulgaverunt,
817 3136 887 3191 ad
936 3137 1316 3192 auctoritatem
1360 3138 1655 3207 deducunt,
1669 3138 1862 3208 praeci-

254 3223 467 3294 pientes
526 3231 588 3279 ut
633 3224 690 3278 in
738 3224 971 3297 singulis
1019 3226 1194 3282 sacris
1240 3225 1526 3280 ordinibus
1549 3267 1563 3295 ,
1611 3234 1775 3298 atque
1806 3227 1863 3281 in

254 3312 487 3385 singulis
518 3328 800 3369 sacrorum
847 3313 1099 3369 ordinum
1128 3314 1505 3386 dignitatibus,
1540 3314 1862 3371 canonicam

253 3416 508 3456 normam
537 3410 748 3470 tenere,
802 3418 1026 3458 servare
1076 3410 1239 3475 atque
1270 3402 1426 3475 sequi
1456 3411 1771 3475 procurent,
1808 3410 1861 3457 et

255 3490 388 3546 nulli
436 3491 510 3545 ab
561 3507 755 3547 eorum
801 3492 1185 3547 constitutione
1229 3492 1449 3548 deviare
1488 3500 1856 3563 praesumant,

255 3579 502 3651 nullique
555 3580 765 3635 eisdem
812 3579 986 3636 sacris
1034 3580 1335 3637 canonibus
1384 3581 1604 3651 impune
1634 3580 1859 3636 obviare

252 3668 607 3738 praevaleant,
640 3667 775 3722 nulli
803 3669 970 3723 etiam
1017 3686 1176 3731 suum
1207 3668 1494 3723 arbitrium
1548 3668 1618 3723 ad
1649 3668 1858 3741 quosli-

254 3754 341 3811 bet
376 3755 714 3825 judicandos
760 3765 1080 3829 sequantur,
1134 3758 1233 3813 sed
1280 3774 1381 3828 per
1427 3766 1637 3814 rectum
1667 3773 1860 3812 eorum

254 3845 528 3900 tramitem
572 3861 682 3900 non
721 3845 1056 3902 declinantes
1112 3846 1182 3900 ad
1238 3846 1523 3901 dexteram
1578 3863 1757 3918 neque
1787 3846 1857 3901 ad

251 3932 531 3988 sinistram
579 3933 852 4002 incedant,
914 3943 967 3989 et
1022 3933 1241 4006 singuli,
1294 3935 1434 3991 sicut
1480 3934 1646 3990 iidem
1693 3950 1859 3991 vene-

249 4021 404 4076 randi
453 4036 701 4079 canones
749 4023 1132 4092 decreverunt,
1177 4023 1566 4089 obedientiam,
1615 4039 1781 4095 quam
1823 4039 1857 4078 a

252 4110 361 4164 suis
388 4111 703 4166 minoribus
751 4112 993 4184 exigunt,
1045 4111 1161 4166 suis
1207 4112 1508 4181 majoribus
1539 4119 1859 4167 reverenter

249 4198 588 4270 dependant,
624 4206 677 4254 et
707 4199 845 4256 sicut
874 4215 985 4255 non
1020 4200 1207 4256 volunt
1245 4200 1433 4273 gravis
1463 4201 1647 4256 oneris
1680 4200 1857 4257 sarci-

250 4302 375 4342 nam
406 4287 579 4356 t'erre,
615 4287 690 4342 ita
720 4304 830 4343 non
858 4289 1102 4343 audeant
1130 4288 1253 4343 aliis
1269 4288 1614 4359 importabile
1644 4290 1858 4360 pondus

250 4375 551 4447 imponere,
586 4392 691 4433 nec
730 4377 800 4432 de
846 4377 1098 4433 obscuris
1146 4377 1232 4433 vel
1262 4377 1442 4432 dubiis
1485 4378 1851 4446 constituere,

1966 1806 2099 1862 bere
2131 1808 2417 1873 rationem,
2451 1808 2495 1862 si
2527 1807 2661 1862 nihil
2691 1808 2761 1863 de
2808 1824 2874 1863 eo
2903 1815 2986 1864 est
3015 1824 3047 1862 a
3077 1807 3281 1865 sanctis
3319 1807 3571 1863 Patribus

1964 1895 2112 1966 apud
2142 1895 2419 1951 Nicaenam
2449 1894 2755 1950 diﬂinitum.
2789 1896 2929 1951 Nam
2961 1897 3108 1968 quod
3138 1897 3209 1952 ab
3240 1896 3459 1951 illorum
3483 1912 3571 1952 re-

1964 1984 2109 2056 gulis
2153 1993 2206 2038 et
2270 1984 2654 2040 constitutione
2699 1984 3007 2051 discordat,
3060 1984 3376 2056 apostolica:
3421 1984 3571 2040 sedis

1964 2087 2243 2143 nunquam
2263 2073 2463 2143 poterit
2483 2072 2731 2128 obtinere
2752 2088 3102 2128 consensum.
3132 2092 3154 2123 ι
3181 2074 3249 2127 Εῑ
3276 2072 3576 2128 Chalcedo—

1964 2177 2132 2216 nense
2162 2160 2454 2216 concilium
2484 2160 2618 2217 dicit
2648 2160 2798 2233 (can.
2828 2162 2902 2231 t):
2931 2182 2955 2211 «
2988 2160 3231 2234 Regulas
3261 2168 3568 2216 sanctorum

1964 2250 2205 2315 Patrum,
2235 2266 2338 2321 per
2367 2250 2581 2323 singula
2600 2266 2743 2306 nunc
2768 2266 2943 2322 usque
2973 2248 3205 2306 concilia
3224 2248 3567 2315 constitutas,

1962 2339 2245 2409 proprium
2277 2338 2448 2393 robur
2477 2338 2723 2394 obtinere
2753 2338 3123 2395 decrevirnus.
3152 2358 3175 2388 ι
3201 2339 3271 2393 Et
3296 2338 3428 2393 item
3458 2338 3567 2393 Leo

1964 2425 2034 2480 ad
2064 2427 2413 2482 Anastasium
2461 2427 2592 2483 dicit
2633 2427 2825 2499 (epist.
2861 2426 2991 2498 88):
3028 2448 3050 2477 α
3087 2425 3397 2482 Secundum
3442 2441 3568 2481 san-

1963 2523 2177 2570 ctorum
2207 2517 2426 2571 Patrum
2475 2531 2714 2571 canones
2762 2515 2965 2586 Spiritu
2996 2514 3097 2571 Dei
3126 2515 3375 2571 conditos
3405 2522 3459 2570 et
3487 2522 3570 2571 to-

1961 2604 2069 2658 tius
2116 2604 2304 2660 mundi
2351 2604 2661 2661 reverentia
2705 2612 3074 2673 consecratos,
3117 2603 3570 2674 metropolitanos

1964 2692 2308 2765 singularum
2334 2693 2735 2763 provinciarum
2758 2693 3067 2764 episc0pos,
3101 2692 3299 2763 quibus
3329 2709 3395 2747 ex
3424 2692 3573 2747 dele-

1964 2781 2180 2853 gatione
2227 2789 2415 2837 nostra
2457 2781 2812 2837 fraternitatis
2852 2789 2961 2837 tua;
3007 2796 3141 2837 cura
3187 2780 3563 2851 praetenditur,

1957 2870 2049 2938 jus
2077 2869 2287 2925 traditze
2336 2869 2439 2924 sibi
2489 2869 2784 2942 antiquitus
2832 2868 3109 2943 dignitatis
3154 2868 3568 2925 intermeratum

1964 2958 2169 3014 habere
2232 2958 2614 3028 decernimus,
2679 2959 2755 3014 ita
2803 2966 2862 3014 ut
2905 2974 2937 3013 a
2989 2957 3194 3031 regulis
3249 2956 3569 3029 praestitutis

1964 3047 2115 3102 nulla
2172 3055 2262 3103 aut
2334 3046 2674 3121 negligentia
2740 3055 2833 3103 aut
2900 3047 3329 3119 praesumptione
3385 3046 3569 3103 disce-

1892 3100 1942 3164 α
1962 3100 2113 3191 aut;
2152 3156 2175 3186 »

2032 3226 2101 3280 Et
2133 3225 2260 3297 quia
2301 3240 2411 3280 non
2461 3240 2691 3282 necesse
2739 3232 2822 3281 est
2866 3225 2963 3280 tibi
3015 3224 3214 3297 exponi
3261 3225 3332 3280 ab
3388 3224 3572 3296 aliquo

1963 3312 2094 3383 quid
2141 3313 2445 3386 intelligere
2494 3314 2699 3369 debeas
2747 3298 2915 3369 in'eo
2965 3314 3111 3385 quod
3138 3312 3268 3368 dicit
3296 3330 3330 3367 α
3359 3313 3571 3384 regulis

1958 3403 2321 3473 praestitutis,
2352 3401 2559 3471 inspice
2577 3416 2849 3456 canonum
2869 3401 3058 3470 libros,
3084 3409 3137 3456 et
3156 3400 3367 3457 videbis
3387 3400 3569 3456 omnia

1962 3489 2054 3544 illa
2083 3490 2333 3555 concilia,
2351 3507 2474 3561 qua:
2502 3506 2532 3544 a
2573 3489 2870 3559 majoribus
2902 3490 3172 3545 servanda
3201 3489 3567 3560 suscepimus,

1961 3578 2241 3634 celebrata
2280 3586 2406 3633 ante
2454 3578 2963 3634 Chalcedonensem
2994 3578 3283 3650 synodum,
3321 3594 3444 3650 quae
3473 3577 3572 3633 de-

1961 3666 2131 3723 crevit
2151 3667 2376 3738 regulas
2398 3674 2707 3723 sanctorum
2727 3668 2951 3722 Patrum
2977 3683 3077 3738 per
3092 3666 3307 3738 singula
3342 3674 3568 3722 eatenus

1959 3755 2189 3811 concilia
2220 3755 2540 3811 constitutas
2568 3756 2852 3827 proprium
2882 3756 3053 3811 robur
3082 3755 3354 3822 obtinere,
3388 3770 3421 3810 a
3450 3755 3569 3827 qui-

1961 3844 2063 3899 bus
2085 3843 2339 3899 omnibus
2358 3845 2468 3900 Leo
2490 3844 2735 3916 praecipit
2755 3844 3206 3916 metropolitanos
3226 3844 3569 3917 singularum

1960 3932 2362 4004 provinciarum
2415 3922 2706 4005 episcopos
2752 3932 2904 3989 nulla
2953 3941 3047 3989 aut
3094 3932 3432 4006 negligentia
3477 3941 3571 3987 aut

1959 4022 2381 4093 praesumptione
2401 4022 2706 4079 discedere.
2731 4024 2797 4077 Et
2820 4022 2946 4078 hinc
2967 4022 3221 4077 Gelasius
3243 4022 3299 4076 in
3318 4020 3569 4095 generali

1958 4110 2182 4166 decreto
2203 4110 2270 4165 ad
2300 4127 2492 4167 omnes
2524 4110 2815 4183 episcopos
2845 4111 2913 4166 de
2944 4110 3202 4166 institutis
3234 4109 3569 4167 ecclesiasti-

1957 4198 2036 4254 cis
2063 4199 2193 4255 dicit
2222 4200 2411 4272 (epist.
2445 4199 2501 4271 6)
2536 4216 2549 4254 :
2588 4220 2610 4250 «
2649 4201 2785 4255 Cum
2831 4198 2990 4254 nobis
3019 4207 3207 4255 contra
3247 4198 3566 4255 salutarium

1957 4287 2324 4343 reverentiam
2353 4287 2675 4360 regularum
2709 4286 2995 4358 cupiamus
3025 4294 3228 4343 temere
3269 4287 3346 4341 nil
3373 4287 3561 4353 licere,

1957 4383 2010 4430 et
2040 4391 2163 4432 cum
2194 4377 2353 4431 sedes
2392 4375 2688 4447 apostolica
2731 4392 2896 4446 super
2925 4375 3011 4430 his
3040 4375 3311 4443 omnibus,
3347 4374 3564 4430 favente

249 4466 390 4537 quod
418 4465 716 4537 praeceptis
765 4465 1099 4538 evangelicis
1147 4466 1487 4523 contrarium
1533 4474 1586 4522 et
1619 4466 1856 4523 decretis
1884 4457 1937 4517 D
1960 4464 2212 4534 Domino,
2247 4480 2368 4536 quae
2414 4463 2659 4535 paternis
2706 4463 3010 4519 canonibus
3040 4471 3165 4518 sunt
3191 4460 3436 4535 praeﬁxa,
3471 4462 3563 4533 pio

249 4560 567 4610 sanctorum
597 4553 907 4609 inveniatur
935 4555 1264 4625 adversum,
1299 4562 1353 4611 et
1395 4555 1593 4628 singuli
1623 4573 1851 4612 mensu-

247 4657 364 4697 ram
394 4652 449 4699 et
477 4643 735 4698 ordinem
779 4658 811 4698 a
861 4645 978 4699 Deo
1026 4643 1128 4699 sibi
1170 4644 1451 4699 decretum
1499 4662 1597 4717 per
1626 4646 1852 4701 eosdem

250 4745 436 4787 sacros
467 4746 716 4788 canones
763 4740 1001 4788 servent.
1052 4733 1161 4788 Sed
1210 4742 1263 4788 et
1290 4732 1465 4789 isdem
1496 4734 1689 4790 beatus
1718 4735 1847 4804 Leo,

250 4820 501 4877 scribens
548 4820 618 4875 ad
664 4821 975 4878 Anatolium
1027 4821 1686 4894 ConstantinOpolitanum
1729 4823 1851 4895 cpi-

247 4923 473 4980 scopum
504 4908 696 4981 (epist.
731 4910 821 4981 58)
842 4954 855 4975 ,
889 4925 1080 4967 sacros
1107 4926 1369 4978 canones,
1402 4911 1472 4966 de
1503 4927 1733 4984 quorum
1763 4911 1852 4966 di-

242 4997 490 5068 sciplinis
524 5012 628 5053 sua
673 4997 974 5054 decretalia
1014 4999 1307 5055 constituta
1354 5000 1744 5072 promulgavit,
1777 4999 1853 5056 ita

244 5094 640 5142 commemorat
674 5102 687 5142 :
727 5108 750 5138 (
786 5086 991 5156 Sancti,
1023 5086 1295 5159 inquiens,
1322 5087 1401 5143 illi
1429 5097 1483 5144 et
1511 5089 1852 5146 venerabiles

242 5173 454 5239 Patres,
490 5174 588 5247 qui
614 5174 672 5229 in
700 5175 837 5231 urbe
864 5175 1109 5244 Nicaana,
1143 5176 1419 5249 sacrilego
1440 5177 1571 5232 Ario
1602 5192 1726 5235 cum
1753 5194 1854 5234 sua

238 5259 522 5334 impietate
553 5264 829 5333 damnato,
863 5279 1151 5320 mansuras
1177 5281 1352 5338 usque
1383 5266 1439 5320 in
1466 5265 1633 5321 ﬁnem
1663 5266 1853 5322 mundi

241 5349 394 5425 leges
452 5352 955 5409 ecclesiasticarum
1010 5368 1283 5411 canonum
1340 5354 1737 5425 condiderunt,
1800 5363 1853 5412 et

244 5441 383 5511 apud
411 5458 517 5498 nos
547 5442 607 5496 in
635 5449 750 5499 toto
779 5443 915 5498 orbe
962 5451 1235 5498 terrarum
1281 5443 1338 5499 in
1368 5444 1481 5500 suis
1511 5444 1852 5501 constitutio-

241 5528 399 5587 nibus
427 5532 641 5600 vivunt,
674 5539 729 5588 et
756 5531 804 5588 si
835 5532 965 5604 quid
996 5548 1230 5605 usquam
1257 5533 1418 5590 aliter
1445 5548 1613 5606 quam
1639 5532 1719 5590 illi
1751 5542 1854 5591 sta-

1962 4553 2268 4625 devotoque
2299 4553 2515 4609 studeat
2542 4561 2730 4609 tenere
2760 4551 3063 4625 proposito,
3097 4551 3229 4607 satis
3279 4550 3563 4623 indignum

1962 4649 2045 4697 est
2074 4642 2369 4713 quemdam
2414 4641 2502 4699 vel
2545 4641 2883 4714 pontificum,
2933 4641 3022 4699 vel
3067 4640 3322 4696 ordinum
3364 4639 3563 4694 subse-

1961 4730 2262 4803 quentium,
2303 4731 2443 4788 hanc
2485 4731 2892 4787 observantiam
2931 4729 3188 4795 refutare,
3222 4742 3388 4800 quam
3418 4727 3565 4783 beati

1960 4819 2105 4874 Petri
2135 4820 2325 4875 sedem
2354 4827 2407 4875 et
2436 4820 2591 4892 sequi
2621 4819 2800 4876 videat
2829 4826 2882 4875 et
2910 4819 3106 4873 docere
3140 4817 3416 4889 :satisque
3437 4831 3567 4873 con-

1960 4908 2185 4965 veniens
2233 4909 2304 4964 sit
2348 4916 2408 4963 ut
2453 4916 2625 4964 totum
2672 4923 2872 4979 corpus
2916 4905 3180 4963 Ecclesiae
3224 4906 3283 4961 in
3326 4906 3432 4962 hac
3480 4904 3559 4961 si-

1959 4996 2129 5053 bimet
2175 4998 2553 5055 observatione
2599 4997 2929 5066 concordet,
2981 5010 3145 5067 quam
3203 4993 3316 5052 illic
3371 4994 3562 5068 vigere

1959 5086 2295 5158 conspiciat,
2358 5086 2449 5142 ubi
2522 5085 2787 5141 Dominus
2844 5083 3109 5141 Ecclesiae
3164 5083 3331 5140 totius
3383 5081 3565 5154 posuit

1957 5175 2333 5247 principatum.
2373 5196 2395 5225 ν
2428 5176 2498 5230 Ει
2546 5182 2763 5230 sanctus
2802 5172 3106 5246 Gregorius
3134 5172 3206 5228 ad
3249 5170 3563 5228 Gallicanos

1959 5264 2205 5322 scribens
2244 5263 2533 5336 episcOpos
2559 5308 2572 5330 ,
2604 5262 2749 5319 inter
2794 5263 2901 5319 alia
2949 5271 3002 5319 et
3047 5277 3170 5318 cum
3211 5260 3334 5315 aliis
3379 5259 3511 5315 dicit
3544 5275 3558 5315 :

1962 5375 1984 5405 α
2019 5353 2235 5419 Omnia,
2265 5352 2537 5425 inquiens,
2562 5369 2684 5426 quae
2704 5352 2911 5409 sanctis
2926 5349 3228 5408 canonibus
3257 5349 3398 5404 sicut
3413 5364 3561 5421 prte-

1956 5441 2189 5498 diximus
2237 5449 2363 5497 sunt
2433 5442 2687 5510 adversa,
2746 5441 2989 5498 districte
3049 5438 3148 5494 sub
3204 5437 3565 5496 anathematis

1952 5530 2370 5605 interpositione
2427 5531 2779 5588 damnentur.
2818 5550 2841 5582 »
2876 5527 2984 5599 Qui
3028 5528 3225 5585 beatus
3254 5527 3562 5603 Gregorius
