4088 6180
445 236 548 290 323

1339 227 1680 320 HINCMARI
1741 227 2143 284 RHEMENSIS
2197 227 2749 284 ARCHIEPISCOPI.

3641 233 3750 290 32‘

441 369 821 426 saepenumero
851 351 906 408 in
937 351 1050 408 suis
1101 352 1464 408 decretalibus
1497 352 1741 422 epistolis
1771 353 2044 424 prastitu-
2075 353 2132 414 Α
2153 369 2289 424 quas
2321 353 2378 406 in
2419 353 2497 408 eis
2543 353 2936 410 constituendis
2985 353 3232 409 homines
3279 354 3450 412 secuti
3497 355 3624 420 sint,
3657 355 3754 410 ubi

441 453 522 498 tas
551 443 904 498 conciliorum
936 442 1155 514 regulas
1186 441 1486 506 observari,
1523 449 1575 496 et
1605 442 1672 494 ab
1705 441 1784 494 eis
1815 441 1870 494 in
1899 441 2048 496 nullo

441 527 703 588 declinari
733 532 992 588 decernit.
1027 531 1096 586 Et
1139 531 1333 585 beatus
1380 530 1674 584 Hormisda
1719 538 1906 585 sancto
1936 531 2048 586 Ite-

441 622 630 694 migio,
681 621 828 676 vices
874 619 1188 691 apostolica:
1236 619 1381 673 sedis
1431 619 1480 673 ei
1513 619 1872 686 committens,
1907 619 2049 674 inter

441 711 546 764 alia
575 710 648 763 ita
677 709 894 778 scripsit
927 725 939 762 :
978 729 1000 758 α
1037 709 1301 763 Paternas
1346 706 1551 762 scilicet
1581 707 1823 779 regulas,
1862 715 1914 762 et
1944 708 2046 762 de-

441 805 588 854 creta
634 797 990 852 sanctissimis
1067 795 1288 850 difﬁnita
1345 795 1612 862 conciliis,
1673 797 1738 849 ab
1795 796 2047 850 omnibus

442 886 714 942 servanda
745 885 1088 939 mandamus.
1123 885 1182 938 In
1203 884 1288 938 his
1319 884 1656 955 vigilantiam
1689 892 1853 954 tuam,
1889 885 1944 938 in
1964 885 2048 938 his

439 989 622 1030 curam
655 981 708 1028 et
735 973 991 1028 fraterna:
1019 973 1224 1028 monita
1264 973 1657 1028 exhortationis
1686 973 2041 1028 ostendimus.

439 1063 534 1118 His
579 1078 645 1117 ea
688 1071 888 1132 quanta
955 1061 1182 1134 dignum
1225 1067 1307 1115 est
1375 1061 1685 1116 reverentia
1739 1061 2042 1128 custoditis,

437 1151 644 1206 nullum
675 1150 929 1222 relinquit
975 1150 1146 1219 culpae
1196 1149 1372 1203 locum
1423 1157 1624 1205 sanctae
1653 1149 2046 1204 observationis

435 1239 791 1295 obstaculum.
829 1239 909 1292 Ibi
959 1237 1058 1302 fas,
1107 1237 1370 1309 nefasque
1421 1239 1780 1308 perscriptum
1828 1247 1940 1305 est;
1971 1237 2046 1291 ibi

437 1327 772 1399 prohibitum
813 1327 882 1380 ad
939 1325 1082 1396 quod
1151 1325 1331 1380 nullus
1389 1327 1582 1380 audeat
1637 1327 1911 1396 aspirare,
1969 1326 2046 1379 ibi

437 1432 758 1472 concessum
792 1414 939 1486 quod
969 1413 1166 1468 debeat
1195 1430 1350 1468 mens
1389 1415 1504 1470 Deo
1534 1413 1798 1486 placitura
1827 1429 2041 1485 praesu-

437 1521 610 1559 mere.
649 1525 672 1553 lt

509 1592 625 1660 His,
670 1592 856 1660 frater,
911 1606 1124 1662 appone
1175 1607 1396 1646 sensum
1445 1599 1615 1660 tuum,
1668 1591 1752 1646 his
1797 1607 2042 1662 suppone

434 1687 672 1735 mentem
715 1687 880 1746 tuam,
931 1680 1016 1734 his
1063 1679 1414 1735 accommoda
1462 1679 1698 1734 animum
1745 1687 1920 1744 tuum,
1953 1679 2039 1733 his
2068 1710 2120 1770 B

437 1769 610 1824 subde
639 1769 1052 1839 intelligentiam
1097 1777 1278 1834 tuam,
1328 1777 1381 1822 et
1427 1784 1536 1822 non
1583 1768 1794 1823 errabis
1816 1811 1828 1834 ,
1860 1783 2038 1840 neque

435 1856 646 1912 diﬁlues
703 1873 806 1928 per
861 1873 1028 1913 vanas
1078 1857 1470 1912 autumationes
1523 1865 1660 1926 tuas,
1725 1857 1920 1926 quibus
1979 1873 2040 1910 es

438 1945 592 2016 quasi
640 1953 802 2000 vento
843 1955 1060 2016 pastus,
1107 1945 1394 2016 potiusque
1425 1944 1699 1999 inﬂatione
1731 1945 1998 1999 distentus
2023 1987 2035 2011 ,

435 2034 564 2088 dum
593 2033 698 2087 tuis
729 2034 1223 2104 compilationibus,
1247 2034 1382 2088 nihil
1410 2033 1506 2088 tibi
1537 2033 1606 2087 ad
1629 2049 1690 2088 ea
1722 2051 1841 2104 quae
1871 2033 2042 2087 inten-

431 2122 515 2176 dis
543 2121 861 2192 profuturis,
894 2122 1136 2194 quinimo
1177 2123 1470 2192 plurimum
1500 2121 1786 2186 obfuturis,
1823 2122 2038 2177 incum-

433 2211 536 2265 bis.
554 2209 712 2280 Quid,
747 2211 920 2282 inquit
949 2211 1142 2266 beatus
1163 2211 1292 2278 Leo,
1321 2211 1560 2282 iniquius
1582 2227 1747 2282 quam
1768 2211 1932 2281 impia
1955 2227 2040 2264 sa—

431 2315 581 2370 pere,
616 2307 668 2354 et
699 2299 1116 2370 sapientioribus
1146 2299 1590 2369 doctioribusque
1621 2315 1732 2354 non
1762 2299 1990 2354 credere
2012 2300 2039 2354 ‘P

433 2388 542 2442 Sed
587 2387 642 2441 in
687 2387 832 2443 hanc
877 2387 1240 2458 insipientiam
1287 2388 1508 2454 cadunt,
1557 2388 1648 2459 qui
1692 2403 1814 2442 cum
1843 2387 1910 2441 ad
1941 2403 2038 2442 co-

431 2475 802 2548 gnoscendam
845 2475 1134 2532 veritatem
1163 2475 1344 2547 aliquo
1375 2476 1746 2546 impediuntur
1778 2477 2036 2542 obscuro,

431 2581 539 2620 non
565 2565 634 2618 ad
661 2564 1010 2636 propheticas
1054 2579 1238 2630 voces,
1291 2579 1400 2619 non
1430 2565 1498 2619 ad
1529 2563 1858 2635 apostolicas
1890 2565 2038 2620 litte-

431 2671 538 2720 ras,
573 2669 674 2709 nec
701 2653 768 2706 ad
799 2653 1146 2726 evangelicas
1190 2654 1558 2720 auctoritates,
1591 2655 1690 2708 sed
1733 2655 1802 2707 ad
1833 2663 2037 2710 semet-

429 2743 577 2814 ipsos
619 2749 926 2809 recurrunt,
979 2750 1032 2796 et
1080 2742 1205 2797 ideo
1253 2743 1500 2814 magistri
1547 2742 1746 2798 erroris
1779 2744 2034 2810 existunt,

427 2832 554 2903 quia
609 2831 850 2886 veritatis
908 2831 1158 2901 discipuli
1215 2847 1322 2886 non
1389 2831 1623 2886 fuerunt.
1684 2832 1853 2887 Audis
1911 2831 2039 2903 quia

425 2921 764 2976 venerabiles
797 2921 986 2974 Patres
1017 2919 1170 2990 leges
1195 2936 1366 2992 usque
1399 2919 1452 2974 in
1483 2919 1648 2974 finem
1679 2921 1864 2975 saeculi
1895 2937 2038 2974 man-

425 3024 585 3063 suras
614 3007 1013 3064 condiderunt?
1065 3007 1236 3061 Audis
1281 3007 1405 3079 quia
1455 3008 1714 3080 quidquid
1748 3009 1816 3063 ab
1848 3025 2034 3064 eorum

427 3096 628 3168 regulis
657 3095 818 3150 fuerit
849 3095 1146 3165 diversum,
1178 3095 1282 3150 erit
1328 3096 1546 3166 penitus
1577 3096 1833 3152 irritum?
1859 3097 2031 3152 Audis

429 3200 616 3240 sacros
645 3200 880 3241 canones
913 3184 1114 3254 Spiritu
1146 3184 1248 3238 Dei
1275 3185 1541 3263 conditos,
1576 3193 1628 3240 et
1655 3185 1818 3240 totius
1849 3185 2034 3240 mundi

427 3273 729 3331 reverentia
779 3282 1153 3340 consecratos,
1199 3288 1232 3327 a
1269 3273 1464 3344 quibus
1513 3273 1665 3328 nulla
1699 3275 2036 3346 negligentia

425 3372 516 3418 aut
563 3363 984 3434 praesumptione
1038 3379 1068 3416 a
1115 3362 1358 3434 quolibet
1406 3362 1614 3418 deviari
1665 3363 2034 3418 conceditur?

425 3452 594 3506 Audis
625 3453 754 3524 quia
781 3459 974 3508 contra
1023 3452 1246 3506 eosdem
1295 3468 1534 3506 canones
1577 3467 1680 3508 nec
1710 3452 1871 3506 etiam
1901 3468 2034 3522 apo-

425 3540 616 3597 stolica
669 3541 829 3596 sedes
889 3540 992 3594 sibi
1047 3541 1214 3595 licere
1272 3541 1472 3612 aliquid
1529 3549 1734 3596 temere
1807 3541 2033 3612 cupiat?

425 3631 596 3686 Audis
627 3639 684 3684 ut
714 3629 894 3684 omnia
926 3645 1046 3700 qua:
1077 3629 1279 3685 sanctis
1309 3629 1608 3684 canonibus
1651 3637 1772 3684 sunt
1799 3629 2032 3684 adversa

425 3719 672 3776 districte
717 3718 818 3774 sub
851 3718 1212 3772 anathematis
1241 3717 1654 3787 interpositione
1677 3718 2032 3772 damnentur?

425 3809 596 3865 Audis
627 3807 882 3878 quoniam
911 3806 987 3860 ibi
1015 3805 1096 3860 fas
1127 3805 1390 3876 nefasque
1429 3807 1792 3876 perscriptum
1821 3813 1922 3878 est,
1956 3806 2030 3860 ibi

423 3895 754 3966 prohibitum
811 3896 882 3949 ad
937 3895 1084 3966 quod
1141 3894 1320 3948 nullus
1378 3894 1572 3949 audeat
1629 3895 1908 3965 aspirare,
1957 3895 2032 3950 ibi

423 3999 748 4040 concessum
776 3983 907 4054 quid
955 3982 1154 4037 debeat
1209 3999 1366 4036 mens
1413 3984 1529 4038 Deo
1575 3982 1839 4054 placitura
1881 4001 2030 4055 prae-

425 4088 664 4138 sumere,
695 4079 748 4126 et
777 4071 966 4127 studes
999 4071 1480 4142 tergiversationes
1501 4072 1789 4143 exquirere
1817 4081 1876 4127 ut
1896 4073 2028 4128 nulli

421 4161 602 4232 possis
658 4160 923 4226 subesse,
967 4159 1058 4231 qui
1107 4174 1216 4214 non
1277 4168 1432 4230 potes
1481 4161 1690 4216 cunctis
1745 4163 2030 4232 prmesse?

423 4249 566 4305 Audi
593 4248 760 4304 etiam
792 4247 920 4320 quid
967 4249 1036 4303 de
1077 4248 1160 4302 his
1207 4263 1492 4304 sacrorum
1539 4250 1894 4306 conciliorum
1934 4266 2029 4304 ca-

423 4338 656 4394 nonibus
685 4353 810 4392 cum
859 4337 982 4392 aliis
1026 4337 1344 4392 orthodoxis
1375 4338 1538 4392 etiam
1569 4339 1627 4394 B.
1671 4339 2024 4411 Augustinus,

2149 440 2376 496 facultas
2425 441 2695 506 tribuitur,
2755 442 2872 496 sine
2927 442 3037 496 ulla
3093 443 3424 497 dubitatione
3453 443 3757 498 resecanda

2155 529 2426 585 existimo.
2467 553 2486 579 ι)
2565 531 2632 585 Et
2683 531 2951 584 Damasus
3005 547 3160 601 papa,
3209 547 3274 586 ex
3315 532 3466 599 cujus
3522 531 3755 602 epistola

2150 619 2398 689 quaidam
2443 618 2549 672 tuis
2595 619 2916 674 commentis
2959 619 3254 684 inseruisti,
3301 635 3412 674 non
3439 619 3754 692 intelligens

2147 706 2234 760 vel
2265 705 2568 778 intelligere
2614 707 2805 762 nolens
2855 724 2974 778 qua:
3023 707 3137 778 ipse
3168 707 3320 776 dixit,
3353 715 3404 762 et
3435 725 3554 778 quae
3583 715 3639 762 tu
3669 707 3752 762 lo-

2149 795 2354 865 queris,
2391 795 2476 850 vel
2505 795 2574 850 de
2603 795 2798 866 quibus
2828 794 3080 860 afﬁrmas,
3107 797 3374 862 scribens,
3399 805 3456 849 ut
3485 795 3754 865 praemisi-

2147 898 2290 946 mus,
2323 899 2418 952 per
2451 883 2680 938 Vitalem
2710 883 2778 937 ad
2803 883 3081 938 Paulinum
3111 884 3510 938 Antiochenum
3539 883 3754 954 episco-

2147 987 2295 1040 pum,
2329 971 2398 1024 ita
2428 971 2496 1025 de
2524 972 2910 1026 observatione
2940 988 3228 1038 canonum,
3261 973 3401 1027 sicut
3431 980 3484 1026 et
3513 972 3582 1026 de
3607 973 3750 1026 inte-

2147 1059 2340 1129 gritate
2367 1057 2514 1126 ﬁdei,
2543 1061 2696 1128 jubet
2727 1060 3112 1132 resipiscentes
3143 1069 3194 1114 et
3238 1061 3308 1115 ad
3335 1061 3636 1115 Ecclesiam
3662 1077 3752 1115 ca-

2147 1147 2400 1203 tholicam
2446 1157 2782 1204 revertentes
2825 1147 3092 1219 profiteri,
3167 1157 3325 1220 atque
3369 1149 3584 1220 pr0pria
3615 1150 3744 1204 sub-

2148 1236 2442 1306 scriptione
2464 1235 2696 1302 firmare,
2719 1245 2841 1308 post
2869 1237 2971 1290 alia
2995 1239 3180 1309 (epist.
3213 1240 3268 1306 4)
3301 1254 3313 1292 :
3343 1259 3364 1286 σε
3405 1237 3748 1310 Quicunque,

2147 1323 2339 1395 inquit,
2371 1325 2496 1379 huic
2528 1325 2771 1396 epistolae
2801 1325 3148 1381 subscribere
3179 1325 3431 1392 voluerit,
3465 1325 3538 1380 ita
3567 1335 3752 1382 tamen

2145 1420 2202 1466 ut
2231 1413 2286 1466 in
2317 1413 2704 1468 ecclesiasticis
2737 1413 3056 1480 canonibus,
3103 1430 3241 1484 quos
3271 1414 3472 1485 optime
3498 1414 3660 1480 nosti,
3697 1422 3750 1469 et

2143 1501 2200 1555 in
2255 1501 2480 1556 Nicaena
2536 1500 2643 1556 fide
2691 1509 2815 1556 ante
2863 1502 3274 1573 subscripserit,
3325 1503 3466 1557 hunc
3523 1503 3750 1558 debebis

2145 1590 2354 1660 absque
2385 1590 2570 1661 aliqua
2599 1590 2953 1662 ambiguitate
3001 1591 3280 1660 suscipere
3311 1607 3324 1643 :
3359 1605 3466 1644 non
3497 1607 3601 1661 quo
3629 1591 3751 1646 haec

2143 1678 2264 1749 ipsa
2294 1695 2412 1750 quas
2461 1694 2560 1733 nos
2611 1679 2946 1749 scripsimus,
2997 1694 3107 1733 non
3151 1679 3395 1750 potueris
3425 1687 3748 1734 converten-

2142 1767 2274 1820 tium
2305 1767 2636 1838 susceptioni
2681 1783 3012 1838 proponere,
3045 1767 3144 1821 sed
3174 1783 3282 1838 quo
3309 1767 3416 1837 ,tibi
3445 1783 3748 1824 consensus

2139 1863 2324 1910 noster
2351 1854 2584 1910 liberum
2614 1855 2668 1909 in
2717 1855 3067 1926 suscipiendo
3111 1855 3314 1909 tribuat
3353 1856 3680 1926 exemplum.
3721 1876 3744 1906 υ

2139 1945 2208 1999 Et
2237 1953 2456 1998 sanctus
2487 1944 2595 1998 Leo
2625 1944 2694 1998 ad
2745 1944 3092 1998 Ravennium
3121 1943 3500 2000 Arelatensem
3527 1944 3746 2014 episco-

2137 2048 2268 2103 pum
2297 2033 2484 2104 (cpist.
2530 2033 2620 2102 94)
2655 2049 2666 2087 :
2706 2054 2726 2082 ι
2763 2032 3292 2098 Ecclesiasticarum,
3335 2033 3525 2103 inquit,
3559 2032 3746 2106 legum

2141 2136 2248 2176 non
2277 2120 2474 2190 ignara
2503 2129 2587 2176 est
2633 2121 2851 2177 dilectio
2897 2129 3008 2188 tua,
3041 2129 3096 2174 ut
3127 2121 3268 2176 intra
3299 2137 3486 2176 earum
3524 2121 3748 2194 regulas

2140 2218 2300 2280 atque
2331 2226 2616 2264 mensuras
2643 2210 2822 2264 omnia
2843 2209 3125 2280 potestatis
3157 2217 3262 2264 tua:
3285 2211 3414 2278 jura
3441 2210 3745 2266 contineas.

2141 2299 2291 2353 Justo
2324 2299 2524 2370 quippe
2553 2299 2678 2353 ideo
2709 2298 2904 2354 dicitur
2931 2298 3021 2353 lex
3052 2315 3161 2352 non
3187 2314 3310 2353 esse
3327 2298 3503 2370 posita
3523 2299 3574 2369 (Ι
3603 2301 3743 2354 Tim.

2143 2401 2180 2452 ι,
2242 2389 2316 2456 9),
2359 2387 2488 2458 quia
2541 2402 2785 2441 normam
2841 2385 3223 2458 praeceptionis
3299 2387 3489 2457 implet
3535 2387 3744 2456 judicio

2141 2473 2456 2540 voluntatis,
2489 2491 2614 2530 cum
2661 2491 2826 2530 verus
2869 2475 3004 2530 recti
3053 2491 3205 2530 amor
3235 2475 3288 2530 in
3321 2475 3614 2546 semetipso
3645 2477 3744 2530 ha-

2143 2563 2252 2630 bet,
2285 2571 2338 2618 et
2387 2563 2716 2634 apostolicas
2763 2564 3134 2630 auctoritates,
3178 2573 3232 2619 et
3279 2564 3569 2620 canonicas
3609 2580 3742 2618 san-

2141 2651 2348 2706 ctiones
2383 2671 2395 2705 :
2431 2667 2660 2722 quarum
2707 2653 2936 2708 devotus
2983 2661 3216 2708 sectator
3245 2659 3296 2706 et
3322 2653 3554 2724 diligens
3586 2669 3745 2708 exse-

2141 2749 2296 2794 cutor
2325 2740 2380 2794 in
2411 2757 2601 2796 eorum
2648 2741 2840 2812 procul
2872 2741 3038 2796 dubio
3083 2741 3358 2796 consortio
3397 2741 3744 2812 gloriaberis-

2141 2829 2232 2900 qui
2277 2829 2608 2886 creditorum
2657 2829 2760 2884 sibi
2807 2830 3138 2900 profectibus
3187 2830 3514 2886 talentorum
3551 2831 3743 2886 audire

2139 2927 2452 2974 meruerunt
2485 2936 2497 2972 :
2529 2921 2698 2990 Euge,
2731 2935 2885 2974 serve
2902 2919 3038 2974 bone
3061 2924 3114 2974 et
3145 2919 3348 2988 ﬁdelis,
3387 2927 3438 2974 et
3469 2919 3695 2990 reliqua.
3719 2941 3740 2970 ν

2141 3007 2207 3060 Et
2237 3007 2292 3060 S.
2343 3007 2648 3079 Gregorius
2680 3006 2937 3074 Quiriaco
2985 3015 3037 3062 et
3089 3007 3298 3062 caeteris
3346 3007 3618 3078 episcopis
3651 3021 3745 3062 ca-

2141 3095 2356 3152 tholicis
2387 3095 2442 3150 in
2473 3097 2730 3152 Hibernia
2751 3097 2826 3151 ita
2848 3095 3064 3168 scripsit
3093 3097 3282 3152 dicens
3303 3097 3422 3168 (lib.
3447 3113 3520 3163 rx,
3539 3097 3664 3152 ind.
3686 3098 3742 3162 4,

2137 3186 2299 3257 epist.
2336 3184 2426 3254 61)
2456 3203 2468 3238 :
2497 3207 2519 3236 α
2554 3183 2875 3256 Quicunque
2905 3202 2935 3240 a
2981 3201 3243 3257 perverso
3287 3202 3466 3240 errore
3498 3185 3744 3240 Nestorii

2135 3280 2497 3342 revertuntur,
2535 3289 2722 3328 coram
2753 3281 2944 3329 sancta
2990 3273 3342 3329 fraternitatis
3384 3282 3581 3330 vestra:
3611 3289 3748 3329 con-

2133 3361 2458 3435 gregatione
2487 3362 2740 3416 eumdem
2755 3363 3068 3418 Nestorium
3099 3379 3220 3418 cum
3242 3363 3490 3418 omnibus
3519 3364 3634 3418 suis
3657 3380 3744 3417 se-

2136 3451 2419 3522 quacibus,
2453 3467 2518 3506 ac
2547 3451 2779 3521 reliquas
2809 3452 3048 3506 hazreses
3067 3451 3610 3518 anathematizantes,
3646 3467 3740 3506 ve-

2131 3539 2404 3594 nerandas
2433 3555 2648 3612 quoque
2681 3541 2938 3610 synodos,
2975 3557 3110 3611 quas
3139 3541 3460 3596 universalis
3487 3539 3740 3595 Ecclesia

2133 3628 2346 3700 recipit,
2411 3629 2656 3699 recipere
2694 3637 2747 3682 ct
2776 3629 3027 3684 venerari
3083 3630 3422 3701 promittant,
3449 3637 3501 3684 et
3529 3629 3737 3700 absque

2131 3716 2238 3770 ulla
2296 3716 2628 3773 dubitatione
2683 3718 2938 3772 sanctitas
2993 3734 3089 3774 eos
3148 3727 3348 3782 vestra,
3397 3717 3627 3772 servatis
3659 3717 3740 3772 eis

2130 3805 2366 3876 propriis
2395 3805 2699 3874 ordinibus,
2753 3806 2808 3860 in
2857 3823 2956 3861 suo
2987 3815 3130 3862 coetu
3161 3807 3404 3878 recipiat.
3445 3829 3466 3856 ν
3501 3807 3570 3861 Ει
3613 3805 3740 3860 hinc

2132 3902 2352 3950 sanctus
2383 3894 2633 3950 Gelasius
2679 3895 2736 3949 in
2763 3895 2996 3966 epistola
3041 3896 3112 3950 ad
3144 3895 3430 3966 episcOpos
3471 3911 3570 3966 per
3601 3895 3740 3949 Dar-

2129 3983 2347 4038 daniam
2377 3983 2696 4039 constitutos
2727 3984 2914 4055 (epist.
2953 3988 3038 4050 11,
3065 3985 3164 4038 sub
3186 3983 3456 4054 initium):
3497 4005 3518 4033 κ
3556 3981 3742 4038 Confi-

2129 4071 2327 4138 dimus,
2361 4072 2552 4142 inquit,
2587 4073 2732 4143 quod
2763 4071 2944 4128 nullus
2967 4073 3082 4142 jam
3104 4073 3370 4128 veraciter
3401 4073 3742 4128 Christianus

2128 4161 2358 4232 ignoret,
2410 4160 2836 4231 uniuscujusque
2888 4161 3082 4232 synodi
3139 4161 3526 4229 constitutum,
3589 4161 3740 4233 quod

2129 4249 2451 4304 universalis
2483 4249 2746 4304 Ecclesiae
2777 4249 3026 4320 probavit
3053 4265 3333 4314 assensus,
3375 4250 3582 4304 nullam
3611 4265 3742 4304 ma-

2131 4337 2216 4410 gis
2247 4339 2474 4408 exsequi
2505 4339 2693 4393 sedem
2741 4355 2856 4408 prze
2887 4339 3101 4394 caeteris
3132 4347 3389 4410 oportere
3429 4355 3593 4410 quam
3623 4339 3750 4408 pri-

423 4428 506 4484 vir
535 4427 590 4482 in
622 4426 770 4482 omni
800 4426 1069 4482 catholica
1111 4427 1335 4482 scicntia
1383 4435 1435 4482 et
1479 4427 1728 4482 doctrina
1763 4427 2015 4498 opinatis-
2049 4426 2108 4489 D
2131 4443 2294 4496 mam,
2329 4443 2450 4498 quae
2481 4443 2920 4498 unamquamque
2953 4427 3246 4498 synodum,
3283 4437 3336 4482 ct
3364 4443 3460 4482 sua
3491 4427 3742 4482 auctori-

422 4517 612 4585 simus,
647 4518 717 4573 ad
743 4516 1060 4572 Ianuarium
1105 4517 1352 4571 scribens
1385 4516 1580 4570 sentiat
1621 4517 1809 4588 (epist.
1853 4519 1971 4586 118)
2006 4535 2019 4570 :

427 4627 448 4656 α
484 4607 600 4674 Illa,
633 4606 906 4679 inquiens,
941 4621 1062 4676 quas
1091 4620 1202 4660 non
1235 4605 1451 4676 scripta,
1487 4605 1584 4659 sed
1613 4605 1808 4660 tradita
1839 4613 2027 4660 custo-

423 4695 624 4762 dimus,
657 4713 779 4766 qua:
807 4694 1026 4767 quidem
1047 4693 1104 4748 in
1124 4701 1236 4750 toto
1253 4702 1524 4748 terrarum
1555 4693 1690 4749 orbe
1719 4703 2024 4760 servantur,

423 4783 579 4838 datur
615 4783 840 4854 intelligi
889 4783 976 4840 vel
1023 4783 1092 4838 ab
1136 4783 1270 4854 ipsis
1309 4782 1586 4853 apostolis,
1634 4781 1722 4838 vel
1767 4783 2028 4852 plcnariis

423 4871 688 4940 conciliis,
722 4889 954 4944 quorum
983 4881 1064 4928 est
1091 4873 1148 4926 in
1177 4872 1424 4928 Ecclesia
1455 4871 1808 4926 saluberrima
1835 4879 2026 4928 aucto-

424 4960 578 5024 ritas,
637 4961 1018 5018 commendata
1064 4969 1224 5032 atque
1281 4967 1480 5016 statuta
1535 4961 1768 5016 retineri.
1833 4961 2028 5016 Omnia

425 5048 602 5121 itaque
648 5048 790 5114 talia,
841 5067 962 5120 quin
1021 5067 1198 5122 neque
1255 5057 1564 5106 sanctarum
1624 5049 2027 5120 Scripturarum

426 5137 840 5195 auctoritatibus
883 5137 1250 5206 continentur,
1297 5155 1398 5195 nec
1443 5139 1686 5194 conciliis
1743 5139 2028 5210 episcopo-

425 5245 546 5284 rum
575 5235 776 5284 statuta
806 5225 1174 5294 inveniuntur,
1207 5244 1310 5284 nec
1341 5228 1736 5284 consuetudine
1757 5228 2026 5284 universa:

425 5317 687 5373 Ecclesiae
729 5318 980 5374 roborata
1027 5325 1170 5381 sunt,
1223 5318 1320 5372 sed
1385 5317 1728 5374 diversorum
1785 5317 2026 5374 locorum

423 5405 654 5460 diversis
701 5407 944 5462 moribus
990 5406 1462 5462 innumerabiliter
1509 5407 1824 5472 variantur,
1868 5407 1942 5461 ita
1971 5413 2028 5460 ut

425 5494 514 5550 vix
541 5503 630 5551 aut
673 5495 894 5554 omnino
940 5511 1220 5570 nunquam
1265 5496 1498 5552 inveniri
1545 5496 1758 5568 possint
1803 5511 1984 5552 causae
2009 5537 2024 5564 ,

2130 4523 2236 4570 tate
2259 4517 2562 4578 confirmat,
2597 4525 2647 4570 et
2670 4516 2928 4572 continua
2958 4516 3331 4571 moderatione
3362 4515 3612 4582 custodit,
3635 4532 3739 4586 pro

2131 4619 2228 4660 suo
2262 4603 2470 4660 scilicet
2499 4604 2820 4674 principatu,
2847 4621 3010 4676 quem
3033 4605 3223 4660 beatus
3243 4605 3432 4659 Petrus
3453 4603 3744 4675 apostolus

2131 4693 2346 4748 Domini
2373 4709 2505 4748 voce
2533 4703 2869 4764 perceptum,
2895 4693 3142 4750 Ecclesia
3163 4693 3512 4749 nihilominus
3543 4693 3744 4749 subse-

2131 4791 2346 4854 quente,
2381 4789 2432 4836 et
2461 4781 2631 4836 tenuit
2661 4799 2878 4854 semper
2907 4791 2960 4839 et
3001 4783 3214 4838 retinet.
3255 4805 3276 4832 ν

2747 4909 2973 4964 CAPUT
3013 4909 3110 4963 XI.

2132 5005 2282 5072 Quod
2309 5007 2482 5060 latius
2515 5007 2582 5062 de
2613 5009 2792 5063 sacris
2832 5007 3122 5064 ordinibus
3155 5012 3210 5062 et
3240 5023 3524 5063 cano-num
3553 5007 3736 5061 disci-

2198 5079 2394 5204 plinisd
2421 5094 2496 5132 ea:
2539 5080 2980 5136 orthodoxorum
3021 5081 3196 5136 verbis
3245 5084 3300 5134 et
3351 5079 3607 5134 sensibus
3651 5079 3738 5134 sit

2198 5165 2352 5204 ucen
2401 5167 2516 5204 um.

2195 5165 2516 5204 (Haemum.

2199 5245 2325 5300 Ilaec
2349 5246 2570 5316 quidem
2587 5245 2837 5302 sufﬁcere
2859 5261 3022 5317 posse
3041 5245 3203 5302 credo
3219 5261 3328 5300 non
3349 5245 3458 5300 alta
3476 5243 3737 5316 sapienti,

2130 5334 2226 5388 sed
2283 5335 2578 5390 humilibus
2623 5335 3001 5391 consentienti.
3050 5335 3250 5390 Verum
3309 5335 3434 5406 quia
3481 5335 3584 5388 ista
3634 5334 3746 5390 tibi

2127 5438 2238 5478 non
2281 5425 2447 5479 credo
2503 5424 2707 5480 debere
2753 5423 3018 5488 sutlicere,
3057 5440 3166 5480 non
3205 5423 3386 5479 dicam
3441 5421 3752 5494 perfectius

2129 5512 2243 5568 sive
2287 5513 2521 5584 plenius,
2569 5513 2715 5584 quia,
2763 5521 2819 5568 ut
2851 5515 2966 5582 jam
3005 5513 3170 5584 longe
3209 5521 3334 5568 ante
3371 5528 3474 5568 nos
3529 5512 3754 5568 dictum
