4004 6176
253 241 356 296 325

1007 235 1252 292 OPUSC.
1312 233 1403 290 ET
1443 233 1660 290 EPIST.
1726 233 1799 288 IN
1847 231 2074 289 CAUSA
2131 230 2477 289 liINCMARI
2535 232 2840 290 LAUDUN.

3457 237 3562 292 326

255 370 356 427 est,
403 361 674 432 perfectio
722 360 1138 424 incrementum,
1192 367 1244 415 et
1271 359 1634 430 adjectionem
1689 357 1868 430 pleni-
1895 357 2259 428 AEvangelii
2289 359 2490 424 (homo.
2551 357 2888 422 34‘):Erant
2944 357 3460 431 appropinquantes
3490 358 3563 414 ad

257 449 383 505 tudo
409 465 523 505 non
553 449 766 520 recipit,
798 449 957 504 latius
987 449 1055 504 de
1085 448 1325 519 praelatis
1355 449 1523 503 sacris
1579 445 1861 504 ordinibus

255 547 306 593 et
336 553 608 594 canonum
638 537 940 608 disciplinis
956 537 1043 592 hic
1071 537 1318 609 quaedam
1347 553 1412 592 ex
1435 536 1859 592 orthodoxorum

254 627 436 682 verbis
466 641 534 682 ac
563 626 820 680 sensibus
849 625 920 680 ad
951 625 1354 696 reprimendum
1384 641 1578 680 sensus
1592 625 1671 680 tui
1691 632 1864 679 tumo-

254 730 389 780 rem,
449 723 504 770 et
573 714 641 770 ad
707 713 1080 784 repellendam
1135 713 1581 784 compilationum
1645 721 1859 768 tuarum

251 803 566 876 caliginem,
599 817 806 873 ponere
835 802 1062 874 dignum
1089 802 1237 858 duxi.
1271 803 1466 858 Sancta
1497 802 1698 874 quippe
1747 802 1857 856 Ec-

252 891 436 953 clesia,
472 906 638 962 quam
667 892 726 946 B.
757 890 959 946 Paulus
992 891 1270 960 apostolus
1301 907 1598 961 supernam
1656 890 1856 944 Hieru-

252 979 440 1043 salem,
520 994 587 1035 ac
635 987 864 1033 matrem
923 986 1190 1044 nostram,
1245 987 1296 1034 et
1355 987 1663 1034 manentem
1719 977 1856 1033 civi-

248 1075 433 1132 tatem,
469 1074 522 1121 et
551 1064 969 1122 aedificationem
1000 1083 1067 1120 ex
1111 1068 1246 1132 Deo,
1307 1066 1529 1121 domum
1587 1082 1695 1120 non
1737 1082 1850 1119 ma-

245 1153 521 1210 nul'actam
559 1154 818 1225 appellat,
853 1170 921 1212 ex
979 1154 1188 1224 angelis
1245 1161 1297 1208 et
1355 1154 1664 1209 hominibus
1718 1169 1854 1208 con-

248 1251 372 1298 stat.
413 1242 551 1316 Quae
591 1243 787 1314 partim
832 1259 898 1298 ex
949 1243 1260 1298 hominibus
1310 1242 1565 1298 societate
1607 1241 1856 1313 angelica

246 1332 298 1387 in
367 1331 653 1387 ordinibus
723 1331 994 1387 distinctis
1042 1330 1351 1402 perfruens,
1395 1332 1507 1399 jam
1563 1345 1687 1387 cum
1737 1332 1854 1386 Deo

245 1420 298 1474 in
330 1421 475 1476 caelo
503 1427 720 1490 regnat,
752 1420 948 1490 partim
979 1435 1112 1475 vero
1151 1420 1204 1473 in
1246 1419 1524 1474 ordinibus
1584 1419 1852 1475 distinctis

245 1507 422 1564 adhuc
452 1507 832 1579 peregrinatur
859 1508 914 1563 in
944 1516 1106 1574 terra,
1137 1516 1189 1564 et
1219 1507 1288 1562 ad
1332 1524 1621 1578 supernam
1676 1508 1851 1564 socie-

243 1612 404 1660 tatem
435 1604 695 1676 suspirat,
733 1605 823 1659 ubi
853 1613 936 1659 est
962 1606 1257 1660 secundum
1305 1606 1622 1676 Apostolum
1667 1605 1849 1660 taber-

1959 447 2149 502 Jesum
2177 446 2469 516 publicani
2490 450 2545 501 et
2574 451 2892 516 peccatores
2922 447 3078 516 (Luc.
3101 461 3199 512 xv,
3227 445 3472 518 ll),qua2
3504 445 3561 500 in

1959 533 2072 587 suis
2101 533 2234 590 locis
2265 533 2439 590 lector
2466 533 2724 597 inveniet.
2758 534 3088 590 succinctius
3119 541 3301 589 autem
3345 533 3398 588 in
3438 533 3558 604 epi-

1959 621 2096 676 stola
2154 622 2224 676 ad
2271 623 2560 693 episcopos
2629 623 2930 678 Galliarum
3003 623 3251 678 scribens
3299 622 3556 688 ostendit,

1957 709 2014 764 in
2053 726 2158 781 qua
2190 709 2357 765 dicit:
2393 732 2414 760 ι
2449 712 2534 766 Ad
2562 711 2664 766 hoc
2693 711 2891 766 divinae
2923 711 3296 782 dispositionis
3315 709 3556 782 provisio

1957 798 2166 870 gradus
2195 798 2443 854 diversos
2477 807 2529 854 et
2559 799 2777 854 ordines
2806 800 3081 855 constituit
3096 816 3218 854 esse
3250 799 3555 866 distinctos,

1956 893 2014 940 ut
2047 886 2176 940 dum
2209 887 2573 941 reverentiam
2599 888 2841 942 minores
2879 888 3182 958 potioribus
3212 886 3554 953 exhiberent,

1956 981 2010 1028 et
2033 973 2278 1043 potiores
2309 975 2612 1030 minoribus
2642 975 2991 1031 dilectionem
3017 975 3415 1046 impenderent,
3448 991 3559 1030 una

1955 1062 2266 1118 concordia»
2321 1061 2477 1118 ﬁeret
2522 1079 2588 1118 ex
2618 1063 2930 1119 diversitate
2965 1064 3272 1130 contextio,
3310 1071 3362 1118 et
3411 1070 3557 1119 recte

1955 1149 2193 1206 ofﬁcium
2235 1160 2456 1222 gereret
2499 1151 2894 1207 administratio
2951 1151 3289 1225 singulorum
3332 1167 3344 1206 :
3378 1168 3557 1223 neque

1954 1238 2281 1294 universitas
2312 1239 2416 1294 alia
2454 1247 2664 1310 poterat
2702 1241 2910 1295 ratione
2941 1241 3256 1306 subsistere,
3309 1239 3413 1294 nisi
3451 1241 3557 1295 hu-

1946 1326 2188 1396 jusmodi
2223 1343 2458 1400 magnus
2488 1344 2608 1382 eam
2637 1326 2952 1382 differentia:
2979 1329 3116 1382 ordo
3133 1335 3392 1383 servaret.
3419 1327 3558 1396 Quia

1953 1431 2086 1470 vero
2121 1423 2373 1471 creatura
2401 1415 2456 1471 in
2473 1432 2581 1470 una
2601 1417 2904 1487 eademque
2925 1416 3228 1487 mqualitate
3259 1416 3557 1487 gubernari

1951 1503 2038 1558 vel
2067 1503 2249 1560 vivere
2278 1520 2386 1559 non
2435 1513 2632 1575 potest,
2679 1504 2984 1560 cmlestium
3014 1505 3326 1560 militiarum
3368 1521 3556 1560 exem-

1950 1591 2074 1662 plar
2101 1608 2207 1646 nos
2254 1593 2506 1660 instruit;
2553 1593 2679 1665 quia
2707 1594 2835 1648 dum
2902 1594 3008 1647 sint
3059 1591 3260 1666 angeli,
3313 1593 3418 1647 sint
3463 1609 3557 1647 ar-

243 1693 502 1750 naculum
531 1710 642 1750 non
687 1693 1075 1758 manufactum,
1117 1710 1293 1766 neque
1351 1694 1510 1762 hujus
1565 1693 1849 1750 creationis
1878 1680 2224 1774 BChangeli»
2261 1679 2600 1774 liquethUia
2646 1689 2836 1774 ηξηυτθ
2877 1681 3123 1774 θερμαιεξ
3138 1689 3321 1774 ..δυοῖν
3347 1681 3472 1774 ’8θά
3502 1681 3557 1774 if!

244 1781 422 1850 (Hebr.
459 1797 540 1847 Ix,
578 1782 688 1850 ll).
723 1783 805 1836 Ad
834 1783 991 1852 cujus
1021 1782 1190 1837 instar
1218 1798 1318 1853 per
1361 1782 1602 1854 Moysem
1646 1781 1849 1838 factum
1878 1767 1926 1774 ”
1949 1777 2222 1838 potestate
2266 1777 2320 1824 et
2367 1769 2576 1835 ordine,
2649 1769 2788 1825 sicut
2839 1769 3028 1836 nostis,
3072 1767 3250 1824 diﬂ‘ert
3312 1769 3447 1824 alter
3487 1769 3556 1824 ab

240 1877 317 1925 est
346 1869 780 1935 tabernaculum,
815 1870 882 1924 de
913 1886 1021 1941 quo
1070 1870 1204 1924 dixit
1247 1870 1316 1924 ad
1361 1886 1486 1925 eum
1537 1871 1801 1925 Dominus
1835 1889 1848 1924 :

245 1958 448 2014 Omnia
479 1961 575 2030 [ac
595 1960 774 2029 jumta
805 1959 947 2030 quod
977 1959 1079 2013 tibi
1109 1960 1169 2012 in
1202 1963 1392 2014 monte
1423 1963 1712 2014 ostensum
1743 1964 1846 2014 est.

237 2047 294 2101 In
321 2063 433 2118 que
464 2062 705 2117 superno
737 2055 789 2101 et
816 2062 946 2102 vero
975 2046 1341 2111 tabernaculo,
1379 2047 1521 2117 quod
1543 2045 1658 2100 ﬁxit
1679 2049 1845 2113 Deus,

248 2144 296 2190 et
322 2151 434 2190 non
467 2135 655 2199 homo,
689 2135 742 2188 in
773 2134 1029 2190 interiora
1058 2134 1362 2201 velaminis,
1393 2135 1446 2188 id
1477 2144 1556 2188 est
1587 2135 1643 2188 in
1671 2135 1848 2206 ipsum

238 2223 837 2294 calum,con/‘essiouis
854 2227 1063 2280 nostra:
1090 2224 1332 2278 antistes
1349 2227 1686 2288 summus,et
1703 2241 1848 2279 sem-

216 2307 1212 2385 'piternusponti/ex,sempiternum
1225 2313 1430 2367 habens
1443 2313 1843 2380 sacerdotium,

237 2400 604 2472 sacerdosque
630 2416 867 2470 magnus
907 2401 1217 2456 secundum
1257 2401 1513 2456 ordinem
1559 2401 1846 2457 Melchise-

235 2489 498 2558 dech,per
505 2490 801 2559 proprium
813 2489 1151 2560 sanguinem
1167 2488 1429 2544 introivit
1444 2491 1618 2545 semel
1631 2491 1689 2544 in
1703 2507 1844 2545 san-

232 2581 569 2638 ctaaterna
587 2577 966 2648 redemptione
984 2577 1549 2649 inventa:sedensque
1566 2577 1637 2632 ad
1651 2578 1846 2634 dexte-

237 2682 353 2720 ram
367 2665 584 2730 Patris,
610 2663 664 2718 id
687 2673 770 2718 est
790 2663 843 2716 in
861 2663 1293 2736 gloriapaternae
1313 2665 1628 2732 majestatis,
1654 2667 1842 2721 inter-

231 2753 428 2824 pellat,
457 2769 571 2807 non
584 2768 718 2808 voce
749 2753 846 2807 sed
858 2752 1219 2820 miseratione,
1250 2769 1349 2824 pro
1374 2754 1529 2808 nobis
1555 2753 1837 2823 (Hebr.m,

235 2856 436 2906 nux;
463 2844 620 2898 Rom.
645 2840 787 2911 vm).
805 2841 1064 2913 Idemque
1083 2843 1200 2897 Rex
1234 2858 1446 2913 regum,
1483 2845 1539 2896 et
1569 2843 1841 2898 Dominus

231 2930 655 2986 dominantium
677 2929 866 3001 (Apoc.
887 2928 990 2998 ιχ),
1026 2945 1126 3000 per
1155 2945 1318 3000 quem
1350 2945 1514 3002 reges
1535 2938 1765 3003 regnant
1787 2938 1842 2986 et

231 3019 545 3074 conditores
574 3018 759 3089 legum
783 3017 930 3087 justa
960 3018 1261 3074 decernunt
1292 3019 1476 3089 (Prov.
1525 3019 1666 3088 vm),
1725 3035 1828 3076 cm-

1950 1856 2142 1911 altero.
2177 1857 2232 1911 Si
2271 1873 2408 1930 ergo
2435 1857 2578 1912 inter
2606 1859 2707 1912 hos
2746 1858 2839 1929 qui
2869 1858 2986 1912 sine
3015 1865 3243 1928 peccato
3285 1865 3409 1912 sunt
3450 1858 3556 1913 ista

1951 1952 2168 2000 constat
2189 1961 2312 2001 esse
2359 1945 2652 2012 distinctio,
2701 1946 2825 2016 quis
2863 1946 3144 2000 hominum
3190 1947 3392 2001 abnuat
3429 1947 3555 2003 huic

1950 2049 2010 2089 se
2037 2034 2271 2090 libenter
2299 2033 2641 2104 dispositioni
2670 2034 2990 2090 submittere
3009 2035 3037 2088 Ἰ
3057 2035 3197 2091 Hinc
3225 2035 3425 2090 etenim
3445 2049 3549 2106 pax

1949 2129 2001 2176 et
2057 2122 2296 2178 charitas
2345 2131 2532 2178 mutuo
2588 2139 2649 2177 se
2691 2123 2926 2178 invicem
2993 2122 3444 2194 complectuntur,
3497 2130 3552 2178 et

1947 2218 2131 2266 manet
2176 2209 2335 2265 ﬁrma
2388 2211 2697 2266 concordiae
2737 2211 2792 2265 in
2834 2211 3045 2266 alterna
3086 2219 3140 2266 et
3195 2212 3310 2267 Deo
3347 2210 3550 2282 placita

1948 2297 2240 2355 dilectione
2271 2299 2575 2365 sinceritas,
2606 2299 2736 2372 quia
2766 2299 3193 2371 unumquodque
3238 2307 3366 2356 tunc
3397 2299 3548 2355 salu-

1946 2386 2120 2444 briter
2146 2388 2451 2460 completur
2480 2388 2736 2454 oﬂicium,
2769 2404 2896 2445 cum
2925 2387 3090 2445 fuerit
3116 2405 3256 2444 unus
3285 2388 3356 2444 ad
3385 2405 3548 2461 quem

1943 2477 2117 2548 possit
2147 2477 2359 2534 recurri
2398 2477 2742 2549 praepositus.
2784 2498 2806 2528 »

2558 2619 2782 2675 CAPUT
2811 2619 2956 2674 XIII.

1949 2726 2098 2794 Quod
2116 2727 2166 2780 si
2185 2725 2317 2781 ordo
2369 2726 2652 2796 generalis
2673 2727 2758 2781 est
2798 2726 3055 2781 omnibus
3091 2725 3376 2798 episcopis,
3428 2742 3545 2784 non

2085 2817 2276 2868 tamen
2309 2815 2626 2869 communis
2657 2818 2743 2869 est
2772 2815 3021 2885 dignitas
3050 2814 3326 2870 omnibus.

2013 2918 2249 2975 Ordines
2277 2935 2494 2992 quoque
2523 2919 2948 2976 ministrantium
2979 2920 3033 2974 in
3063 2919 3314 2976 Ecclesia
3341 2920 3544 2978 veteris

1939 3007 2148 3079 populi,
2197 3025 2319 3080 quae
2363 3009 2646 3065 usitatiore
2691 3008 2908 3064 nomine
2952 3008 3244 3083 Synagoga
3291 3018 3540 3078 vocatur,

225 3106 414 3162 lestem
449 3122 515 3162 ac
545 3113 822 3162 terrenum
851 3107 1234 3177 principatum,
1275 3113 1524 3162 cunctam
1580 3107 1834 3164 videlicet
1866 3070 2107 3152 Cfuisse
2135 3097 2372 3170 legimus
2420 3114 2520 3170 per
2579 3099 2821 3169 Moysem
2849 3114 2880 3152 ει
2910 3098 3026 3154 Deo
3073 3098 3370 3170 dispositos
3403 3117 3416 3154 :
3451 3099 3543 3171 qui

230 3195 630 3266 rempublicam
681 3205 900 3268 regens,
952 3203 1006 3249 et
1058 3195 1378 3251 universam
1421 3195 1687 3264 militiam,
1721 3204 1834 3252 tam

225 3283 503 3339 cialestem
539 3291 592 3339 et
623 3283 922 3354 spiritalem
952 3298 1115 3355 quam
1145 3292 1414 3340 terrenam
1443 3293 1496 3340 et
1552 3292 1831 3356 tempora-

224 3371 345 3438 lem,
375 3371 651 3428 distinctis
673 3372 726 3426 in
759 3372 1044 3427 ordinibus
1072 3371 1372 3443 disponens
1402 3387 1469 3428 ac
1517 3374 1827 3440 moderans,

222 3468 269 3516 et
305 3476 569 3532 supernae
597 3469 758 3531 atque
795 3461 1086 3516 mundana:
1127 3461 1296 3517 curia:
1334 3461 1655 3532 prmsidens,
1690 3463 1831 3518 miro

223 3549 434 3616 ordine,
497 3548 819 3621 angelorum
907 3549 1293 3622 hominumque
1347 3549 1668 3614 ministerio,
1730 3566 1830 3621 pro

221 3645 531 3708 temporum
561 3637 818 3692 varietate
875 3644 928 3693 et
981 3638 1382 3708 opportunitate
1439 3638 1740 3710 dispensat,
1776 3647 1829 3694 et

221 3743 334 3797 quae
382 3725 623 3798 singulis
675 3726 980 3798 quibusque
1035 3727 1370 3797 temporibus
1439 3727 1526 3782 vel
1575 3728 1828 3798 personis

219 3815 490 3886 congruit,
528 3830 624 3867 sua
652 3814 738 3869 vel
787 3814 1000 3870 occulta
1055 3814 1431 3886 inspiratione,
1493 3815 1580 3871 vel
1613 3815 1830 3872 eviden-

216 3902 329 3958 tiori
385 3902 772 3973 illustratione,
849 3903 936 3959 vel
981 3902 1244 3975 patefacta
1300 3904 1664 3976 praeceptione
1724 3905 1826 3960 de-

217 3991 403 4048 cernit.

859 4079 1088 4137 CAPU'I'
1113 4080 1235 4134 XII.

221 4170 317 4239 Qui
327 4171 458 4226 sint
474 4169 703 4227 ordines
725 4171 788 4225 in
809 4170 962 4237 caelo,
987 4170 1121 4295 eilia
1141 4169 1409 4234 Ecclesia,
1436 4174 1491 4224 et
1513 4171 1574 4225 in
1594 4174 1825 4227 terrena

871 4256 1010 4295 renu
1071 4256 1180 4295 zca.

871 4256 1180 4310 republica.

270 4328 337 4384 Et
352 4329 488 4402 quia
507 4328 749 4402 legimus
772 4343 957 4382 sacros
969 4327 1192 4382 ordines
1215 4327 1269 4382 in
1291 4327 1430 4383 coelo
1447 4336 1502 4383 et
1547 4329 1604 4384 in
1651 4337 1818 4400 terra,

1935 3192 2144 3264 quales,
2178 3202 2230 3249 et
2259 3194 2516 3265 qualiter,
2543 3209 2606 3250 ac
2639 3195 2856 3264 quando
2893 3194 3133 3250 ordinari
3170 3195 3453 3262 deberent,
3487 3203 3542 3252 et

1935 3281 2152 3352 quando
2203 3298 2269 3338 ac
2299 3282 2531 3354 qualiter
2570 3291 2624 3338 et
2665 3289 2923 3354 quantum
2977 3283 3032 3338 in
3063 3283 3294 3356 singulis
3349 3283 3541 3340 ofﬁciis

1933 3369 2247 3425 ministrare
2273 3370 2556 3436 deberent,
2591 3370 2819 3425 historia
2848 3387 3010 3425 sacra
3037 3371 3392 3426 demonstrat.
3425 3371 3534 3427 Sed

1934 3466 1986 3513 et
2014 3474 2160 3514 nunc
2184 3458 2239 3512 in
2259 3457 2528 3526 Ecclesia,
2563 3475 2684 3530 qua:
2714 3475 2946 3529 regnum
2976 3457 3242 3514 caelorum
3289 3459 3536 3530 appella-

1933 3554 2038 3616 tur,
2071 3546 2142 3601 ad
2168 3546 2335 3602 instar
2363 3546 2533 3603 cmles
2544 3546 2676 3601 tium
2701 3546 2975 3614 ordinum,
2999 3545 3279 3602 ministros
3317 3547 3535 3604 Domini

1929 3633 2262 3690 institutione
2283 3644 2336 3690 et
2375 3635 2676 3706 apostolica
2720 3634 3006 3691 traditione
3050 3634 3287 3708 legimus
3332 3644 3384 3692 et
3431 3651 3532 3692 co-

1931 3723 2244 3796 gnoscimus
2273 3723 2526 3780 distincte
2562 3739 2686 3780 esse
2723 3723 3021 3795 dispositos
3051 3741 3064 3778 :
3097 3723 3189 3796 qui
3237 3724 3446 3796 quales,
3481 3733 3534 3781 et

1929 3812 2182 3884 qualiter,
2213 3820 2268 3868 et
2292 3827 2328 3868 a
2364 3813 2560 3885 quibus
2609 3813 2847 3870 debeant
2892 3811 3152 3880 ordinari,
3210 3821 3264 3868 et
3301 3813 3534 3886 qualiter

1928 3902 2129 3973 quique
2158 3901 2215 3956 in
2273 3901 2386 3958 suis
2442 3901 2633 3958 ciliciis
2683 3901 2921 3959 debeant
2958 3901 3292 3970 ministrare,
3346 3911 3405 3959 ut
3431 3920 3530 3959 su-

1926 3990 2113 4060 perius
2176 3990 2617 4057 memoravimus,
2694 3990 3040 4063 apertissima
3084 3989 3244 4046 nobis
3295 3991 3530 4050 lectione

1924 4086 2276 4147 monstratur,
2309 4080 2379 4135 de
2409 4078 2608 4152 quibus
2635 4080 2799 4136 modo
2825 4095 2938 4136 non
2976 4088 3060 4136 est
3089 4080 3383 4136 dicendum
3429 4098 3532 4153 per

1927 4167 2160 4240 singula.
2194 4169 2420 4224 Tantum
2451 4168 2520 4224 de
2557 4183 2624 4225 eo
2650 4169 2796 4224 unde
2824 4168 3007 4240 agitur
3035 4169 3242 4237 ordine,
3291 4178 3344 4226 et
3384 4171 3529 4227 unde

1925 4257 1995 4310 ad
2025 4272 2140 4312 rem
2169 4256 2238 4312 de
2288 4273 2397 4328 qua
2442 4256 2626 4329 agitur
2673 4257 2926 4327 pertinet,
2975 4257 3164 4313 beatus
3209 4259 3335 4324 Leo,
3387 4258 3530 4315 sicut

1922 4345 2021 4400 tibi
2047 4360 2224 4416 nuper
2251 4345 2308 4400 in
2337 4345 2610 4416 supralata
2639 4345 2899 4402 schedula
2925 4345 3066 4400 inter
3108 4345 3217 4400 alia
3259 4345 3525 4416 scriptum

209 4417 337 4472 etin
365 4419 727 4474 Testamento
775 4417 950 4472 Veteri
1008 4424 1062 4472 et
1116 4416 1172 4470 in
1229 4418 1404 4481 Novo,
1464 4418 1758 4488 dispositos
1786 4434 1820 4474 a

1937 4431 2069 4500 ledi,
2116 4433 2282 4489 veluti
2312 4433 2599 4488 traditione
2641 4431 2940 4503 apostolica
2987 4432 3270 4488 decretum
3313 4433 3519 4503 didicit,

211 4505 341 4573 Deo,
391 4523 460 4564 ex
504 4521 616 4578 quo
663 4507 816 4574 juxta
857 4503 1173 4576 Apostolum
1213 4505 1391 4560 omnis
1447 4507 1742 4577 paternitas
1763 4508 1818 4562 in

207 4594 334 4650 caelo
361 4603 419 4651 et
443 4595 506 4649 in
545 4602 691 4649 terra
720 4594 1050 4660 nominatur,
1081 4593 1171 4666 qui
1203 4593 1309 4648 sint
1368 4591 1610 4661 ordines,
1645 4595 1701 4650 id
1733 4605 1816 4652 est

206 4685 561 4752 paternitates
590 4684 644 4737 in
675 4683 836 4748 caelo,
888 4690 941 4738 et
983 4683 1036 4737 in
1078 4683 1347 4750 Ecclesia,
1396 4692 1447 4738 et
1494 4684 1549 4739 in
1598 4693 1814 4741 terrena

203 4772 500 4842 republica,
535 4771 710 4827 sancti
739 4773 994 4827 doctores
1024 4771 1210 4836 nostri,
1263 4773 1592 4828 haurientes
1639 4790 1814 4847 aquas

201 4859 262 4914 de
290 4861 552 4932 fontibus
581 4861 891 4916 Saluatoris
921 4861 1142 4930 (Ep/tes.
1178 4875 1256 4926 ut,
1281 4862 1389 4931 15),
1424 4861 1478 4916 id
1509 4870 1591 4918 est
1620 4861 1813 4917 biben-

199 4963 276 5012 tes
323 4957 576 5014 scientiae
622 4957 926 5014 doctrinam
993 4957 1061 5012 de
1107 4957 1311 5014 sanctis
1361 4958 1673 5030 Scripturis,
1707 4975 1811 5030 pa-

199 5062 370 5110 tenter
419 5053 741 5110 ostendunt.
765 5055 920 5111 Unde
970 5054 1160 5110 beatus
1209 5055 1504 5126 Dionysius
1560 5059 1812 5127 Areopa-

195 5142 350 5214 gites,
390 5143 656 5216 antiquus
711 5143 920 5200 scilicet
964 5151 1019 5198 et
1072 5143 1401 5200 venerabilis
1459 5145 1636 5211 Pater,
1671 5145 1810 5202 sicut

192 5231 375 5288 didicit
404 5248 442 5287 a
471 5232 642 5288 Paulo
673 5232 938 5303 apostolo,
973 5232 1065 5304 qui
1095 5240 1276 5303 raptus
1309 5248 1480 5306 usque
1501 5233 1571 5288 ad
1591 5234 1808 5289 tertium

191 5320 384 5376 ccelum
417 5321 555 5376 vidit
597 5329 808 5377 secreta
838 5320 1096 5388 ccnlestia,
1130 5321 1267 5377 duos
1307 5321 1478 5378 libros
1533 5323 1600 5378 de
1638 5338 1810 5396 ange-

191 5407 290 5464 lico
319 5417 375 5465 et
439 5409 816 5466 ecclesiastico
864 5409 1171 5482 principatu
1211 5409 1444 5482 scripsit.
1492 5411 1558 5466 Et
1615 5411 1807 5468 beatus

191 5495 491 5570 Gregorius
521 5497 580 5556 in
611 5497 766 5554 libris
795 5497 1100 5569 Moralium,
1161 5506 1214 5556 et
1267 5499 1425 5556 latius
1471 5498 1525 5555 in
1581 5499 1806 5557 homilia

1917 4521 1987 4576 ad
2016 4522 2359 4577 Anastasium
2403 4521 2950 4578 Thessalonicensem
3005 4520 3323 4592 episcopum
3377 4521 3522 4577 scri-

1917 4610 2024 4680 psit
2053 4612 2240 4682 (epist.
2275 4610 2365 4680 84)
2400 4627 2412 4666 :
2451 4631 2474 4660 ‹
2510 4611 2580 4666 Et
2625 4611 2671 4665 si
2717 4610 2877 4677 ordo,
2924 4609 3194 4681 inquiens,
3244 4609 3520 4682 generalis

1916 4706 1997 4754 est
2025 4697 2280 4754 omnibus
2309 4699 2710 4765 sacerdotibus,
2744 4714 2854 4755 non
2883 4707 3060 4754 tamen
3089 4696 3393 4754 communis
3437 4705 3522 4754 est

1914 4787 2154 4860 dignitas
2184 4788 2455 4855 omnibus,
2491 4789 2614 4861 quia
2644 4796 2698 4844 et
2735 4787 2878 4843 inter
2907 4786 3249 4842 beatissimos
3289 4794 3517 4858 aposto-

1913 4875 1997 4933 los
2045 4876 2100 4932 in
2155 4877 2506 4934 similitudine
2547 4875 2768 4933 honoris
2812 4875 2910 4932 fuit
2957 4875 3208 4947 quaedam
3255 4874 3516 4933 discretio

1911 4965 2218 5036 potestatis,
2248 4975 2304 5022 et
2348 4983 2471 5022 cum
2527 4965 2769 5023 omnium
2817 4980 2918 5036 par
2955 4972 3103 5021 esset
3151 4965 3369 5034 electio,
3422 4965 3517 5023 uni

1911 5061 2093 5110 tamen
2133 5055 2319 5112 datum
2367 5062 2450 5110 est
2498 5062 2557 5110 ut
2593 5052 2804 5110 ceteris
2849 5052 3221 5125 praemineret.
3272 5055 3354 5111 De
3410 5068 3519 5128 qua

1909 5142 2083 5198 forma
2129 5144 2507 5215 episcoporum
2555 5158 2774 5214 quoque
2822 5150 2905 5199 est
2958 5150 3076 5200 orta
3135 5141 3428 5209 distinctio,
3463 5150 3517 5199 et

1908 5247 2114 5305 magna
2156 5231 2494 5288 ordinatione
2541 5231 2826 5303 provisum
2874 5239 2976 5302 est,
3029 5248 3098 5289 ne
3157 5247 3351 5288 omnes
3409 5229 3516 5287 sibi

1908 5321 2093 5376 omnia
2130 5320 2485 5387 vindicarent,
2519 5320 2618 5378 sed
2647 5329 2833 5378 essent
2862 5321 2918 5377 in
2947 5319 3181 5394 singulis
3216 5318 3515 5391 provinciis

1907 5409 2128 5480 singuli,
2162 5424 2392 5482 quorum
2419 5409 2560 5466 inter
2591 5409 2790 5467 fratres
2816 5410 3110 5466 haberetur
3151 5409 3326 5482 prima
3381 5425 3516 5467 sen-

1907 5497 2090 5564 tentia,
2129 5505 2182 5553 et
2211 5513 2405 5555 rursus
2437 5500 2658 5572 quidam
2695 5499 2753 5556 in
2780 5498 3083 5568 majoribus
3109 5498 3340 5556 urbibus
3377 5515 3514 5556 con-
