4004 6176
441 256 547 314 327

1504 253 1846 310 HINCMARI
1881 248 2282 308 RHEMENSIS
2319 247 2870 306 ARCHIEPISCOPI.

3647 249 3763 308 728

439 379 608 436 stituti
665 376 1086 436 sollicitudinem
1143 377 1482 450 susciperent
1560 377 1896 448 ampliorem,
1941 392 2041 448 per
2066 375 2337 436 Anatura
2363 365 2606 445 aequales
2635 373 2843 447 genuit,
2877 372 2976 428 sed
3015 373 3262 429 variante
3291 371 3617 428 meritorum
3652 388 3763 427 or-

439 483 576 540 quos
587 468 659 525 ad
673 483 840 524 unam
853 467 1002 523 Petri
1032 467 1223 524 sedem
1256 463 1585 524 universalis
1614 465 1880 522 Ecclesia:
1913 479 2047 522 cura

438 556 759 623 conﬂueret,
791 563 844 612 et
872 554 1008 612 nihil
1035 571 1264 627 usquam
1292 571 1328 611 a
1367 571 1466 610 suo
1514 553 1688 626 capite
1731 553 2043 609 dissideret.

439 644 545 714 Qui
575 661 706 719 ergo
737 645 836 702 scit
852 660 912 701 se
924 644 1250 717 quibusdam
1265 643 1632 716 praepositum,
1667 658 1778 699 non
1819 643 2047 698 moleste

440 733 582 790 ferat
608 733 713 789 sibi
740 733 978 806 aliquem
1005 750 1130 788 esse
1168 733 1470 805 praelatum,
1529 733 1628 788 sed
1683 731 2048 788 obedientiam

443 837 608 894 quam
631 821 800 895 exigit
825 821 992 878 etiam
1014 821 1132 894 ipse
1161 821 1462 894 dependat.
1509 840 1528 873 υ
1563 819 1704 876 Nam
1733 819 1800 888 si,
1858 827 1916 874 ut
1962 819 2047 874 le-

443 909 646 984 gimus,
678 909 909 983 angelus
937 909 1136 983 angelo
1165 909 1295 966 dicit
1315 926 1328 965 :
1348 910 1522 966 Curre
1536 912 1593 964 et
1613 909 1834 982 loquere
1851 907 2044 979 (Zach.

445 1013 504 1066 ιι,
535 997 612 1071 4),
645 1007 699 1055 et
726 998 956 1070 angelus
1004 997 1189 1053 obedit
1225 997 1445 1070 angelo,
1494 1012 1606 1052 non
1664 996 1828 1052 debet
1886 996 2049 1051 homo

447 1086 736 1160 dedignari
763 1086 971 1142 homini
993 1085 1237 1156 obedire,
1256 1085 1556 1158 praesertim
1578 1100 1704 1142 cum
1722 1083 2047 1140 inobedien-

448 1175 522 1230 tia
549 1175 793 1247 parentis
822 1175 982 1246 primi
1009 1173 1333 1246 perditionis
1363 1189 1530 1230 causa
1561 1172 1631 1228 sit
1675 1171 1894 1246 generis
1949 1173 2051 1227 hu-

446 1263 612 1331 mani,
646 1271 699 1319 et
727 1263 1040 1319 obedientia
1067 1261 1366 1318 Salvatoris
1395 1261 1586 1328 nostri,
1619 1261 1712 1333 qui
1740 1260 1913 1316 factus
1969 1268 2054 1316 est

449 1353 714 1410 obediens
744 1351 891 1406 Patri
919 1367 1092 1422 usque
1139 1350 1208 1405 ad
1251 1357 1486 1406 mortem
1529 1349 1730 1416 erucis,
1781 1349 2050 1420 reparatio

451 1441 518 1496 sit
545 1443 798 1496 humanae
827 1439 1032 1494 salutis.
1067 1438 1330 1495 Diabolus
1375 1438 1575 1510 quippe
1623 1437 1887 1510 superbus
1945 1437 2050 1492 ho-

449 1529 653 1585 minem
683 1527 1086 1600 superbientem
1113 1527 1366 1600 perduxit
1395 1526 1450 1584 in
1478 1535 1706 1583 mortem
1730 1545 1744 1594 ;
1807 1525 2052 1582 Christus

454 1616 672 1672 humilis
715 1616 991 1672 hominem
1065 1615 1413 1672 obedientem
1487 1615 1702 1671 reduxit
1743 1615 1815 1670 ad
1859 1615 2046 1670 vitam.

411 1763 419 1770 ,
453 1705 591 1776 Quia
647 1703 786 1762 sicut
831 1704 922 1762 ille
968 1704 1144 1760 elatus
1189 1703 1387 1760 cecidit
1446 1711 1500 1760 et
1555 1703 1754 1774 dejecit
1810 1718 2048 1759 consen-

451 1795 697 1862 tientem,
731 1793 810 1850 sic
837 1793 941 1850 iste
969 1793 1280 1850 humiliatus
1327 1792 1559 1848 surrexit
1598 1801 1652 1848 et
1700 1791 1870 1850 erexit
1920 1808 2047 1849 cre-

453 1883 693 1941 dentem.
736 1888 738 1890 ’

1056 1986 1284 2054 CAPUT
1309 1997 1457 2054 XIV.

460 2100 612 2172 Quod
627 2100 757 2158 etin
772 2101 1060 2170 republica
1071 2101 1141 2155 ad
1153 2101 1344 2156 instar
1353 2101 1595 2156 caelestis
1605 2098 1834 2154 militia
1851 2097 2058 2154 diversi

1025 2190 1146 2244 sint
1175 2188 1423 2245 ordines.

526 2311 665 2382 Quia
693 2311 860 2368 etiam
905 2310 1010 2366 sint
1037 2311 1221 2384 angeli
1259 2311 1515 2383 gentibus
1545 2311 1777 2382 praelati,
1808 2311 2058 2367 doctores

452 2401 704 2458 catholici
731 2417 799 2456 ex
827 2399 1010 2456 verbis
1037 2399 1218 2470 angeli
1247 2415 1346 2469 per
1399 2398 1680 2455 Danielem
1738 2399 2060 2470 pr0phetam

457 2489 768 2556 ostendunt,
785 2487 1020 2544 dicentis
1041 2505 1055 2543 :
1073 2490 1181 2558 Ego
1198 2489 1328 2543 veni
1338 2491 1571 2560 propter
1592 2504 1875 2544 sermones
1908 2491 2056 2544 tuos.

455 2581 728 2648 Princeps
756 2581 951 2634 autem
967 2578 1129 2649 regni
1140 2579 1445 2632 Persarum
1464 2577 1680 2632 restitit
1699 2575 1841 2630 mihi
1858 2576 2062 2647 viginti

457 2671 514 2722 et
543 2683 656 2723 uno
672 2667 883 2732 diebus,
908 2669 966 2722 et
985 2681 1110 2721 ecce
1146 2663 1382 2721 Michael
1420 2681 1571 2720 unus
1609 2664 1675 2719 de
1711 2664 2060 2734 principibus

454 2755 657 2826 primis
686 2755 842 2810 venit
863 2754 928 2808 in
949 2753 1300 2825 adjutorium
1319 2753 1463 2809 mihi
1492 2753 1663 2822 (Dan.
1695 2753 1796 2823 x);
1829 2760 1881 2806 et
1896 2753 2061 2823 paulo

453 2850 618 2914 post:
647 2843 808 2898 Nunc
839 2845 1094 2897 revertar
1124 2845 1189 2897 ut
1203 2843 1432 2910 prcelier
1451 2847 1717 2896 adversus
1746 2842 2063 2911 principem.

453 2933 779 2986 Persarum.
807 2930 945 2984 Cum
974 2930 1129 2984 enim
1151 2930 1458 3000 egrederer,
1501 2931 1772 2999 apparuit
1799 2931 2062 3000 princeps

459 3018 778 3074 Graecorum
807 3016 1115 3072 adveniens
1145 3016 1282 3085 (ibid
1293 3017 1358 3086 .).
1390 3037 1411 3066 α
1447 3015 1619 3085 Quos,
1653 3017 1827 3088 inquit
1869 3017 2060 3072 beatus

457 3105 764 3178 Gregorius
794 3103 912 3174 (lib.
944 3118 1066 3159 xvn
1115 3103 1326 3169 Moral.,
1385 3119 1435 3160 c.
1493 3106 1566 3175 8),
1601 3105 1737 3160 alios
1785 3105 2062 3176 principes

455 3193 702 3267 gentium
731 3191 836 3246 nisi
867 3191 1094 3263 angelos
1123 3191 1534 3263 appellat?quia
1563 3201 1711 3248 certa
1737 3194 2059 3266 angelorum

455 3280 754 3338 ministeria
782 3280 1166 3351 dispensandis
1194 3279 1424 3352 singulis
1453 3280 1759 3354 quibusque
1807 3282 2060 3353 gentibus

459 3378 584 3426 sunt
625 3369 866 3440 praelata,
913 3385 1036 3426 cum
1075 3369 1445 3438 subjectorum
1483 3386 1666 3426 mores
1704 3371 1972 3427 adversus
2001 3388 2060 3427 se

457 3465 700 3523 vicissim
745 3465 1160 3536 praepositorum
1214 3465 1493 3536 spirituum
1541 3482 1700 3538 opem
1758 3476 2056 3535 merentur,

457 3555 562 3627 ipsi
590 3553 685 3627 qui
714 3561 955 3625 praesunt
987 3553 1210 3626 spiritus
1239 3562 1428 3610 contra
1475 3571 1534 3610 se
1587 3555 1773 3612 venire
1811 3555 2057 3612 referun-

455 3651 566 3700 tur.
613 3643 665 3698 Is
719 3658 954 3715 namque
1011 3642 1260 3714 angelus,
1301 3642 1394 3714 qui
1450 3643 1661 3698 Danieli
1714 3644 2054 3714 loquebatur,

458 3729 684 3803 captivis
741 3729 1027 3787 Israelitici
1083 3730 1269 3801 populi
1339 3729 1398 3784 in
1460 3731 1684 3786 Perside
1754 3731 2058 3788 constitutis

455 3819 716 3892 prelatus
745 3819 1060 3888 agnoscitur
1092 3835 1107 3873 :
1139 3818 1370 3874 Michael
1398 3826 1574 3874 autem
1624 3834 1812 3874 eorum
1872 3819 1964 3891 qui
1992 3836 2058 3875 ex

457 3907 649 3964 eadem
675 3907 838 3978 plebe
866 3907 922 3962 in
941 3907 1126 3976 judaea
1163 3913 1308 3962 terra
1354 3915 1744 3974 remanserant,
1795 3907 2058 3980 praeposi-

454 4005 542 4053 tus
572 3994 860 4052 invenitur.
893 3995 1047 4050 Unde
1077 4003 1131 4050 et
1157 3995 1227 4050 ab
1257 3994 1363 4051 hoc
1411 3995 1605 4052 eodem
1638 3996 1838 4068 angelo
1892 3997 2058 4068 paulo

455 4093 582 4160 post
610 4083 822 4140 Danieli
867 4083 1110 4140 dicitur:
1160 4084 1336 4140 Nemo
1391 4092 1474 4140 est
1517 4085 1734 4155 adjutor
1789 4101 1946 4142 meus
2002 4085 2058 4140 in

427 4174 709 4255 .omnibus
737 4172 841 4241 his,
873 4171 980 4228 nisi
1016 4171 1248 4228 Michael
1277 4172 1531 4244 princeps
1558 4181 1764 4240 vester,
1819 4174 1888 4230 de
1948 4189 2056 4246 quo

457 4263 588 4320 dicit
615 4280 628 4318 :
662 4266 732 4320 Et
751 4278 876 4320 ecce
905 4261 1140 4318 Michael
1193 4277 1339 4318 unus
1359 4263 1426 4318 de
1474 4263 1824 4334 principibus
1853 4264 2056 4334 primis

453 4353 610 4410 venit
641 4353 702 4408 in
722 4351 1072 4420 adiutorium
1083 4351 1246 4407 mihi.
1268 4349 1372 4419 Qui
1383 4351 1515 4406 dum
1535 4367 1880 4424 nequaquam
1897 4351 2058 4407 simul

453 4457 596 4509 esse,
639 4441 740 4498 sed
782 4439 966 4497 venire
1031 4439 1088 4494 in
1129 4439 1456 4509 adjutorium
1501 4439 1716 4506 dicitur,
1765 4448 1953 4511 aperte
2003 4435 2126 4498 eiD

451 4531 654 4604 populo
682 4529 935 4602 prmlatus
965 4527 1280 4602 agnoscitur
1307 4528 1399 4600 qui
1427 4528 1670 4600 captivus
1699 4528 1754 4584 in
1775 4529 1883 4584 alia
1901 4536 2056 4600 parte

449 4619 754 4677 tenebatur.
786 4617 931 4687 Quid
951 4624 1034 4672 est
1063 4632 1198 4690 ergo
1227 4616 1482 4689 angelum
1506 4617 1692 4674 dicere
1723 4636 1736 4672 :
1790 4621 1898 4690 Ego
1929 4619 2056 4674 veni

451 4711 682 4780 propter
695 4723 982 4764 sermones
1001 4709 1127 4762 tuos
1152 4723 1166 4760 :
1183 4706 1449 4776 princeps
1469 4709 1663 4762 autem
1675 4709 1838 4776 regni
1858 4709 2056 4762 Persa-

451 4813 584 4852 rum
612 4797 834 4852 restitit
850 4795 1011 4862 mihi,
1035 4791 1142 4849 nisi
1171 4809 1271 4849 sua
1299 4793 1528 4850 subditis
1558 4809 1725 4864 opera
1757 4795 2054 4850 nuntiare?

451 4884 520 4939 Et
545 4883 634 4939 his
663 4883 854 4938 beatus
885 4884 1244 4956 Hieronymus
1281 4899 1524 4939 consona
1553 4882 1702 4950 dicit,
1755 4899 1876 4954 quae
1931 4883 2054 4955 ple-

453 4971 580 5026 nius
611 4971 704 5042 qui
732 4971 963 5026 voluerit
1009 4972 1063 5026 in
1113 4973 1228 5027 suis
1281 4971 1417 5028 locis
1473 4971 1658 5042 legere
1711 4978 1910 5042 potest.
1972 4971 2056 5028 Ad

455 5058 603 5133 quod
631 5059 805 5114 instar
832 5067 957 5114 sunt
983 5061 1208 5116 ordines
1235 5061 1293 5116 in
1323 5059 1522 5117 saculo
1577 5058 1680 5115 Dei
1717 5059 2056 5116 ordinatione

453 5147 710 5213 distincti,
745 5147 882 5203 sicut
912 5156 1176 5203 monstrat
1207 5149 1521 5220 Apostolus,
1551 5149 1740 5206 dicens
1772 5149 2056 5222 :Subjecti

457 5242 634 5296 estote
668 5237 828 5295 omni
842 5236 1108 5292 humanae
1144 5243 1424 5294 creatura:
1447 5241 1678 5310 propter
1709 5240 1906 5304 Deum,
1939 5239 2054 5295 sive

453 5329 573 5398 regi
587 5331 858 5400 tanquam
890 5325 1390 5396 prwcellenti,sive
1410 5328 1642 5384 ducibus
1680 5331 1952 5400 tanquam
1987 5329 2054 5383 ab

459 5429 520 5470 eo
569 5416 760 5471 missis
787 5413 845 5486 (Ι
867 5417 1020 5470 Petr.
1069 5429 1126 5480 ιι,
1163 5414 1272 5483 13).
1327 5435 1350 5464 ¢
1383 5414 1593 5487 Liquet,
1642 5415 1818 5487 inquit
1863 5416 2054 5472 beatus

464 5500 764 5574 Gregorius
781 5499 902 5575 (tib.
935 5518 1038 5558 xm
1057 5505 1211 5570 Man,
1232 5517 1282 5559 c.
1303 5505 1412 5574 10),
1427 5504 1573 5575 quod
1592 5520 1785 5561 omnes
1804 5505 2054 5563 homines

2145 461 2292 528 dine,
2317 461 2454 518 alios
2481 461 2605 518 aliis
2625 462 2786 533 culpa
2815 461 3110 534 postponit.
3164 462 3291 532 Ipsa
3348 468 3534 516 autem
3564 460 3766 517 diver—

2146 549 2300 620 sitas,
2323 567 2446 623 quae
2473 550 2706 606 accessit
2733 567 2802 606 ex
2829 551 2982 616 vitio,
3015 549 3202 606 divino
3217 549 3430 619 judicio
3459 549 3764 620 dispensa-

2147 646 2253 705 tur,
2285 646 2344 694 ut
2364 639 2493 712 quia
2523 638 2700 696 omnis
2727 639 2892 696 homo
2920 655 3074 710 teque
3111 645 3260 694 stare
3289 653 3399 694 non
3449 637 3612 704 valet,
3667 637 3763 692 al-

2146 734 2234 782 ter
2264 734 2491 800 regatur
2515 727 2587 783 ab
2616 727 2809 784 altero.
2859 747 2882 778 ι

2148 938 2226 993 De
2233 939 2525 1010 paternita
2531 937 2676 994 tibus
2689 941 2746 995 et
2760 938 3100 1010 incolatibus
3109 939 3174 994 in
3185 939 3338 1004 caelo,
3355 941 3411 995 et
3424 939 3489 994 in
3499 937 3763 996 Ecclesia

2757 1013 2816 1065 et
2841 1009 3150 1080 republica.

2219 1113 2290 1168 Et
2317 1113 2447 1186 quia
2473 1130 2574 1186 per
2603 1114 2888 1172 distinctos
2913 1113 3137 1170 ordines
3157 1122 3282 1170 sunt
3311 1113 3668 1185 paternitates
3699 1122 3764 1170 et

2151 1199 2422 1258 incolatus
2449 1218 2482 1256 a
2508 1203 2625 1262 Deo
2664 1202 2940 1260 constituti
2971 1203 3028 1257 in
3076 1202 3238 1270 caelo,
3282 1201 3355 1258 de
3399 1201 3596 1274 quibus
3649 1219 3764 1274 per

2151 1289 2435 1346 Danielem
2462 1290 2658 1347 dicitur
2689 1293 2894 1348 :Millia
2905 1293 3156 1348 millium
3176 1292 3587 1348 ministrabant
3599 1291 3670 1357 ei,
3701 1296 3770 1347 et

2151 1379 2334 1435 decies
2345 1380 2555 1436 millies
2571 1384 2815 1436 centena
2824 1381 3012 1436 millia
3023 1379 3606 1450 assistebantei(Dan.
3629 1378 3758 1451 vn),

2152 1467 2350 1538 quibus
2376 1467 2676 1524 electorum
2703 1483 2922 1540 quoque
2951 1467 3230 1524 hominum
3259 1483 3522 1523 numerus
3561 1466 3768 1540 jungi-

2154 1562 2262 1622 tur,
2291 1562 2346 1610 et
2381 1555 2532 1611 aliud
2559 1564 2640 1612 est
2661 1556 2992 1622 ministrare,
3017 1555 3166 1612 aliud
3185 1555 3463 1621 assistere,
3483 1555 3554 1611 ad
3581 1556 3768 1610 instar

2152 1643 2314 1712 hujus
2341 1644 2580 1700 caelestis
2610 1643 3003 1716 dispositionis,
3037 1651 3090 1699 et
3119 1643 3174 1698 in
3201 1643 3552 1710 mundo,non
3572 1643 3766 1699 solum

2079 1726 2134 1788 B
2151 1731 2521 1789 dimensiones
2549 1731 3040 1788 ecclesiasticorum
3071 1732 3424 1799 incolatuum,
3457 1732 3556 1788 sed
3577 1737 3632 1787 et
3651 1740 3775 1788 ter-

2154 1836 2436 1887 renorum,
2468 1820 2746 1893 disposita:
2783 1836 2816 1876 a
2844 1822 2962 1877 Deo
2992 1820 3248 1888 existunt,
3271 1820 3414 1876 sicut
3441 1820 3568 1875 etin
3585 1820 3776 1876 veteri

2155 1907 2358 1980 populo
2389 1909 2729 1976 exstiterunt,
2763 1909 2932 1966 veluti
2961 1909 3098 1964 libro
3128 1909 3496 1964 Pentateucho
3525 1908 3774 1963 demon-

2158 2004 2358 2053 stratur
2386 1997 2440 2052 in
2471 1997 2809 2052 dimensione
2848 2005 3011 2054 terrae
3047 1997 3425 2069 promissionis
3463 2013 3564 2068 per
3621 1997 3775 2052 duo-

2158 2085 2338 2142 decim
2365 2086 2540 2141 tribus
2553 2085 2790 2141 ﬁliorum
2811 2087 2998 2142 Israel.
3025 2086 3178 2142 Unde
3198 2094 3252 2141 et
3274 2086 3475 2141 Paulus
3492 2085 3546 2140 in
3577 2085 3773 2156 Syna-

2159 2190 2307 2246 goga
2351 2174 2499 2246 apud
2551 2173 2898 2230 Antiochiam
2941 2173 3150 2230 faciens
3199 2190 3532 2240 sermonem,
3575 2173 3716 2230 dixit
3751 2192 3768 2228 :

2159 2265 2308 2319 Deus
2326 2264 2504 2335 plebis
2515 2264 2691 2319 Israel
2703 2265 2872 2335 elegit
2880 2267 3074 2336 patres
3085 2267 3308 2320 nostros
3330 2263 3492 2335 (Act.
3506 2277 3630 2328 xm,
3649 2263 3773 2332 l7),-

2161 2359 2214 2406 et
2237 2351 2402 2422 paulo
2413 2359 2537 2422 post
2553 2367 2564 2406 :
2580 2353 2888 2408 Destruens
2902 2355 3096 2424 gentes
3113 2355 3328 2425 septem
3348 2353 3411 2408 in
3443 2356 3594 2408 terra
3627 2352 3778 2408 Cha-

2160 2456 2356 2507 naam,
2379 2443 2527 2498 sorte
2539 2440 2831 2496 distribuit
2853 2442 2935 2496 eis
2967 2452 3184 2497 terram
3212 2455 3409 2497 eorum
3435 2440 3592 2511 (ibid.
3613 2484 3632 2507 ,
3647 2442 3770 2510 19).

2163 2529 2362 2600 Ejecit,
2380 2527 2552 2599 inquit
2579 2527 2842 2598 psalmus,
2873 2546 2908 2584 a
2919 2530 3070 2599 facie
3083 2545 3278 2586 eorum
3287 2532 3501 2602 gentes,
3517 2533 3574 2584 et
3612 2531 3774 2584 sorte

2162 2615 2446 2672 divisiteis
2459 2619 2676 2672 terram
2722 2618 2786 2672 in
2821 2617 3082 2687 funiculo
3121 2617 3546 2674 distributionis
3583 2616 3772 2687 (Psal.

2163 2703 2406 2775 Lxxvu).
2438 2704 2508 2759 Et
2538 2704 2730 2759 beatus
2746 2705 2984 2760 Joannes
3015 2704 3073 2759 in
3099 2704 3432 2778 Apocalypsi
3463 2704 3613 2771 dicit,
3665 2719 3774 2760 au-

2163 2792 2312 2848 disse
2359 2809 2420 2848 se
2448 2809 2736 2848 numerum
2783 2793 2853 2848 de
2910 2809 3239 2865 unaquaque
3277 2792 3423 2848 tribu
3477 2792 3775 2848 duodecim

2164 2880 2336 2936 millia
2363 2881 2701 2952 signatorum
2751 2882 2942 2956 (Apoc.
3005 2884 3125 2953 vn).
3183 2883 3300 2938 Hoc
3343 2882 3488 2940 enim
3537 2898 3775 2939 numero

2165 2968 2412 3036 diﬁ‘mito,
2443 2977 2503 3024 ut
2531 2969 2782 3026 catholici
2809 2971 3066 3027 doctores
3097 2965 3391 3042 exponunt,
3441 2970 3776 3043 innumera-

2093 3081 2142 3144 Ο
2165 3056 2290 3114 bilis
2319 3056 2663 3130 signiﬁcatur
2689 3057 2853 3114 totius
2889 3057 3153 3116 Ecclesia:
3181 3057 3486 3127 multitudo,
3525 3075 3650 3131 qua:
3695 3059 3774 3115 de

2161 3146 2506 3217 patriarchis,
2536 3145 2626 3204 vel
2652 3147 2910 3219 prosapia
2940 3147 3140 3214 carnis,
3174 3146 3263 3204 vel
3298 3145 3430 3203 fidei
3459 3155 3543 3204 est
3584 3147 3774 3205 imita-

2160 3234 2306 3290 tione
2335 3235 2640 3306 progenita.
2675 3235 2735 3292 Si
2785 3238 2963 3303 enim,
3021 3235 3216 3307 inquit,
3245 3253 3338 3294 vos
3375 3235 3608 3303 Christi,
3633 3252 3772 3310 ergo

2158 3332 2393 3388 Abrahae
2402 3348 2595 3389 semen
2605 3334 2742 3390 estis
2765 3333 2912 3402 (Gal.
2936 3347 3016 3399 ιιι,
3048 3335 3164 3402 29.)
3184 3333 3268 3388 Ad
3287 3341 3644 3405 augmentum
3659 3349 3772 3390 au-

2159 3427 2269 3477 tem
2297 3419 2651 3491 perfectionis
2676 3420 2912 3492 pertinet
2941 3427 2994 3476 et
3005 3420 3126 3492 ipsa
3151 3421 3441 3478 duodecim
3466 3421 3771 3480 duodecies

2156 3507 2522 3579 multiplicari,
2557 3517 2611 3564 et
2639 3508 2708 3563 ad
2735 3524 3006 3564 summam
3033 3509 3398 3565 millenarium
3417 3508 3628 3582 perﬁci,
3671 3511 3772 3584 qui

2159 3605 2242 3653 est
2268 3597 2530 3653 denarius
2557 3613 2819 3652 numerus
2851 3597 3155 3670 quadratus
3183 3597 3409 3666 solidus,
3443 3597 3770 3672 signiﬁcans

2158 3684 2412 3742 stabilem
2431 3684 2698 3742 Ecclesiae
2735 3685 2921 3743 vitam.
2946 3687 3240 3757 Propterea
3261 3686 3463 3758 quippe
3479 3687 3770 3744 duodena-

2156 3772 2240 3828 rio
2255 3789 2486 3830 numero
2507 3773 2706 3845 saepius
2723 3773 2969 3829 Ecclesia
2989 3772 3414 3847 ﬁguratur,quia
3435 3791 3537 3846 per
3565 3777 3766 3834 orbem

2157 3861 2487 3933 quadratum
2532 3860 2589 3917 in
2631 3859 2738 3917 ﬁde
2786 3861 3037 3920 consistit
3066 3870 3272 3920 sanctae
3302 3863 3601 3920 Trinitatis.
3657 3865 3769 3922 Ter

2157 3950 2303 4006 enim
2349 3949 2601 4023 quaterni
2619 3950 3082 4022 decusdipondius
3133 3950 3353 4008 faciunt.
3413 3952 3668 4025 Denique
3709 3962 3766 4010 et

2156 4037 2410 4110 apostoli,
2442 4037 2693 4095 eamdem
2719 4039 2924 4096 mundo
2959 4038 3126 4095 ﬁdem
3151 4039 3524 4111 praedicaturi,
3555 4041 3772 4098 duode-

2155 4127 2263 4184 cim
2290 4135 2418 4182 sunt
2447 4127 2624 4194 electi,
2670 4142 2901 4184 numero
2950 4128 3158 4185 scilicet
3199 4128 3522 4200 mysterium
3573 4130 3767 4201 aperis

2156 4215 2242 4271 sui
2269 4215 2592 4288 ﬁgurantes.
2625 4215 2776 4272 Missi
2804 4223 2932 4272 sunt
2961 4216 3108 4272 enim
3134 4232 3234 4288 per
3249 4216 3582 4288 quadratum
3601 4233 3766 4274 mun-

2155 4303 2288 4359 dum
2314 4303 2619 4376 praedicare
2647 4303 2813 4361 ﬁdem
2841 4312 3044 4361 sancta:
3071 4303 3368 4372 Trinitatis,
3400 4312 3456 4361 et
3498 4306 3765 4363 incarna-

2155 4399 2272 4448 tum
2297 4391 2366 4448 de
2405 4393 2608 4465 Spiritu
2646 4399 2834 4450 sancto
2889 4409 2958 4448 ex
3003 4393 3170 4448 Maria
3206 4393 3420 4466 virgine
3461 4394 3763 4450 Dominum

2151 4481 2342 4537 Jesum
2373 4481 2666 4550 Christum,
2702 4490 2757 4537 et
2783 4482 2930 4538 hunc
2957 4480 3294 4549 cruciﬁxum,
3327 4482 3468 4538 sicut
3505 4483 3562 4538 in
3593 4483 3763 4555 Sym-

2152 4568 2278 4626 bolo
2308 4568 2616 4627 continetur
2643 4587 2659 4625 :
2701 4585 2809 4642 quo
2835 4570 2996 4644 signo
3025 4570 3224 4638 crucis,
3249 4577 3303 4626 et
3349 4587 3447 4642 per
3490 4572 3763 4628 Ezechie-

2152 4657 2264 4714 lem
2290 4657 2347 4714 in
2367 4657 2547 4732 ﬁgura
2565 4658 2788 4729 (Exech.
2809 4661 2910 4728 nt),
2944 4668 2998 4715 et
3026 4675 3126 4730 per
3149 4661 3418 4716 Joannem
3443 4659 3502 4718 in
3551 4661 3758 4734 speciei

2152 4745 2383 4803 veritate
2403 4747 2594 4819 (Apoc.
2615 4747 2741 4819 vn),
2763 4745 2954 4803 ﬁdeles
2974 4747 3176 4821 signati
3195 4755 3591 4804 monstrantur.
3615 4750 3757 4805 Nam

2153 4843 2208 4892 et
2233 4835 2355 4906 ipsa
2383 4835 2562 4891 crucis
2589 4833 2764 4906 ﬁgura
2791 4833 3074 4891 dilatatam
3101 4837 3302 4908 ubique
3333 4836 3551 4892 Domini
3580 4837 3764 4910 signi-

2152 4923 2278 4980 ﬁcat
2307 4939 2560 4996 regnum,
2585 4931 2640 4979 et
2664 4925 3042 4981 monarchiam
3065 4923 3192 4981 ﬁdei
3218 4924 3391 4998 ipsius
3423 4925 3588 4999 signi,
3624 4927 3766 4983 sicut

2153 5019 2310 5069 vetus
2331 5011 2601 5068 distichon
2631 5013 2826 5084 probat
2859 5031 2872 5068 :

2305 5159 2513 5216 Respice
2530 5159 2784 5208 distinctis
2802 5162 3101 5220 quadratum
3121 5163 3348 5220 partibus
3370 5162 3564 5220 orbem,

2395 5233 2457 5279 Ut
2473 5231 2682 5288 signum
2699 5233 2815 5279 ﬁdei
2835 5236 3014 5282 cuncta
3032 5238 3205 5282 tenere
3225 5235 3429 5291 probos.

2152 5334 2344 5408 Neque
2371 5338 2516 5393 enim
2545 5338 2746 5395 frustm
2775 5340 2830 5394 in
2859 5339 3034 5398 fronte
3069 5339 3341 5413 pontiﬁcis
3387 5356 3590 5398 nomen
3645 5343 3760 5400 Dea

2151 5423 2286 5481 mini
2313 5433 2794 5502 tetragrammaton
2812 5430 3170 5500 scribebatur,
3204 5431 3309 5486 nisi
3353 5430 3484 5502 quia
3528 5433 3636 5488 hoc
3673 5439 3758 5488 est

2154 5512 2374 5588 signum
2401 5515 2458 5574 in
2486 5515 2666 5574 fronte
2694 5515 2957 5590 ﬁdelium,
2975 5518 3044 5576 de
3074 5519 3256 5592 quoin
3282 5519 3497 5594 psalmo
3515 5535 3621 5594 pro
3653 5531 3762 5578 tor-
