4088 6180
249 279 351 366 s29

987 309 1229 367 OPUSC.
1269 311 1361 366 ET
1419 309 1633 367 EPIST.
1681 310 1758 366 IN
1811 310 2037 369 CAUSA
2093 313 2438 370 HINCMARI
2484 314 2796 380 LAUDUN,

3465 321 3568 374 330

261 433 536 490 cularibus
568 433 780 490 canitur
813 451 827 488 :
859 435 1095 490 Domine
1138 435 1410 491 Dominus
1450 440 1662 502 noster,
1697 451 1866 507 quam
1893 437 1949 497 A
1970 443 2111 492 rent.
2143 439 2205 492 In
2246 437 2354 493 illis
2395 446 2574 494 autem
2623 437 2971 507 civitatibus,
3012 439 3068 494 in
3115 439 3312 512 quibus
3358 441 3567 498 dudum

267 522 602 577 admirabile
622 526 706 579 est
727 539 935 580 nomen
958 527 1119 579 tuum
1143 524 1205 578 in
1225 525 1491 580 universa
1512 528 1702 580 terra!
1731 531 1860 594 etc.,

261 625 432 680 usque
461 611 594 666 dum
625 611 810 681 ait,'_ut
839 612 1098 668 destruas
1117 611 1421 668 inimicum
1439 616 1495 668 et
1510 614 1862 685 defensorem

255 700 432 769 (Psal.
466 701 613 768 VIII).
647 701 918 772 Ipsosque
964 700 1235 756 incolatus
1265 701 1645 771 parochiarum
1676 716 1739 757 ac
1769 717 1862 756 re-

263 785 649 858 gionum,olim
662 796 854 844 sancto
871 787 1064 858 spiritu
1083 796 1207 844 ante
1224 789 1654 845 incarnationem
1666 787 1864 844 Christi

265 891 363 945 per
407 877 739 946 prophetam
785 877 1101 948 pradictos,
1135 885 1188 931 et
1226 885 1347 948 post
1387 877 1762 933 ascensionem
1807 877 1863 932 in

260 963 458 1019 caelum
479 964 675 1019 eodem
707 971 895 1020 sancto
912 965 1101 1036 spiritu
1130 981 1230 1036 per
1256 975 1476 1022 sanctos
1495 967 1594 1022 Dei
1615 965 1864 1022 homines

259 1051 626 1108 dimetiendos
656 1051 770 1110 fore
795 1055 1133 1109 demonstrat
1153 1047 1368 1109 sanctus
1388 1055 1620 1109 Basilius
1641 1056 1860 1126 (ho-mil.

249 1142 485 1212 ‘inpsal.
505 1141 624 1211 LIX)
645 1150 922 1196 tranctans
950 1159 1170 1198 versum
1201 1159 1308 1215 quo
1337 1143 1530 1198 dicitur
1545 1145 1866 1200 Convallem

270 1229 776 1287 tabernaculorum
793 1231 1080 1287 dimetiar.
1119 1254 1141 1281 α
1179 1232 1348 1296 Hanc,
1373 1232 1642 1302 inquiens,
1663 1231 1864 1302 praci-

265 1332 430 1389 puam
463 1325 518 1372 et
544 1319 692 1373 velut
721 1319 993 1388 privatam
1043 1319 1318 1391 quondam
1365 1320 1581 1390 plebem
1602 1363 1614 1386 ,
1657 1319 1866 1376 scilicet

271 1405 628 1460 Israeliticam
659 1407 1033 1462 hareditatem
1076 1408 1285 1478 papuli,
1317 1407 1372 1462 in
1418 1408 1742 1464 divisionem
1771 1423 1867 1463 vo-

261 1493 420 1563 cabo,
454 1501 509 1548 et
529 1509 872 1550 communem
900 1536 914 1564 ,
949 1512 1073 1552 cum
1103 1496 1315 1552 cateris
1363 1497 1615 1551 omnibus
1647 1496 1860 1552 faciam.

266 1581 402 1636 Cum
429 1590 615 1636 autem
634 1583 868 1638 divisum
899 1583 1057 1638 fuerit
1085 1592 1468 1640 testamentum
1496 1585 1552 1639 in
1583 1601 1791 1652 omnes,
1812 1593 1865 1639 et

266 1685 392 1724 cum
431 1671 552 1739 ejus
598 1670 798 1725 utilitas
836 1671 1106 1728 universis
1129 1673 1358 1743 coeperit
1386 1689 1508 1728 esse
1538 1673 1860 1739 communis,

1963 526 2110 597 apud
2140 526 2432 597 praedictos
2463 534 2618 582 erant
2647 527 2893 584 ethnicos
2923 543 3114 584 eorum
3144 529 3566 600 archiﬂamines,

1966 629 2104 686 quos
2135 623 2316 670 tamen
2337 615 2576 671 minores
2605 616 2863 671 tenebant
2891 633 3054 688 quam
3083 627 3418 675 memoratos
3446 619 3566 692 pri-

1975 709 2169 769 mates,
2228 703 2666 776 archiepiscopos
2724 705 2930 760 institui
2979 707 3235 778 pracepit
3267 749 3282 777 ,
3315 707 3406 780 qui
3460 723 3571 765 non

1964 796 2146 846 tamen
2195 792 2481 862 primatum
2503 835 2516 858 ,
2549 793 2647 848 sed
2687 793 3228 866 archiepiscOporum
3258 795 3571 853 fruerentur

1965 880 2208 935 nomine.
2259 868 2652 952 Episcoporum
2708 897 2925 953 quoque
2959 883 3164 951 judicia
3185 927 3198 950 ,
3229 891 3287 938 ut
3317 885 3572 958 superius

1965 975 2329 1024 memoratum
2369 975 2484 1034 est,
2521 978 2574 1025 et
2616 969 2820 1038 majora
2865 969 3227 1028 ecclesiarum
3255 973 3500 1044 negotia,
3523 973 3574 1029 si

1965 1055 2070 1126 ipsi
2120 1056 2555 1124 reclamaverint,
2603 1065 2695 1112 aut
2727 1057 2962 1131 aliquem
3010 1060 3285 1128 timorem,
3323 1069 3416 1116 aut
3435 1061 3572 1118 istos

1965 1138 2053 1194 vel
2084 1139 2221 1194 alios
2252 1149 2536 1211 suspectos
2563 1141 2867 1208 habuerint,
2893 1143 2963 1196 ad
2985 1143 3098 1211 jam
3114 1143 3288 1200 dictos
3308 1144 3570 1216 primates

1964 1227 2054 1282 vel
2080 1227 2435 1299 patriarchas,
2468 1245 2537 1284 ne
2555 1229 2751 1301 aliquis
2780 1229 3100 1286 innocenter
3127 1232 3352 1303 periret,
3386 1239 3568 1288 trans-

1965 1314 2098 1370 ferri
2118 1316 2424 1386 perdocuit.
2457 1318 2516 1372 ln
2565 1317 2796 1390 singulis
2824 1333 2957 1374 vero
2993 1319 3217 1392 reliquis
3241 1320 3566 1389 civitatibus,

1965 1403 2234 1476 singulos,
2259 1413 2312 1461 et
2341 1420 2448 1459 non
2479 1405 2636 1462 binos
2667 1406 2754 1462 vel
2783 1414 2966 1462 ternos
2995 1415 3084 1462 aut
3111 1407 3318 1479 plures,
3350 1409 3568 1481 episco-

1964 1508 2066 1564 pos
2137 1493 2391 1549 constitui
2460 1494 2740 1566 praecepit,
2775 1495 2868 1566 qui
2933 1511 3044 1550 non
3097 1496 3394 1566 primatum
3425 1539 3441 1565 ,
3472 1506 3568 1554 aut

1964 1579 2520 1652 archiepiscoporum,
2578 1589 2670 1638 aut
2718 1583 3262 1654 metropolitanorum
3283 1627 3296 1652 ,
3328 1584 3570 1654 nomine,

1965 1669 2094 1740 quia
2122 1676 2330 1725 matres
2360 1670 2635 1726 civitatum
2665 1686 2774 1726 non
2805 1679 3008 1739 tenent,
3059 1672 3158 1727 sed
3187 1673 3574 1746 episcoporum

265 1757 381 1814 Deo
407 1774 510 1829 pro
541 1759 702 1813 nobis
729 1759 930 1830 aliquid
958 1759 1155 1815 melius
1181 1761 1519 1830 providente,
1555 1769 1679 1816 tunc
1700 1761 1864 1816 etiam
1896 1789 1950 1851 B
1971 1764 2178 1813 tantum
2209 1758 2474 1815 vocabulo
2503 1759 2820 1830 potirentur,
2846 1760 3105 1832 quoniam
3131 1776 3235 1817 nec
3254 1761 3397 1818 inter
3423 1762 3574 1834 ipsos

269 1841 535 1896 convallis
581 1843 1057 1898 tabernaculorum
1102 1844 1440 1911 dimetietur,
1460 1846 1566 1900 hoc
1599 1853 1712 1912 est,
1742 1845 1868 1900 uni-

267 1945 464 1985 versus
510 1929 664 1984 orbis
711 1937 1013 1999 terrarum,
1047 1932 1139 2003 qui
1195 1933 1354 1988 vallis
1399 1933 1875 1988 tabernaculorum

267 2034 366 2088 pro
395 2017 726 2074 habitaculis
768 2034 1056 2090 corporum
1089 2021 1266 2076 dictus
1296 2029 1398 2087 est,
1444 2023 1534 2077 hic
1562 2021 1707 2077 velut
1739 2037 1874 2093 qua-

267 2106 393 2162 dam
425 2115 576 2161 sorte
605 2106 812 2164 divisus
849 2115 1011 2179 atque
1043 2109 1343 2176 dimensus,
1385 2126 1483 2181 per
1515 2109 1733 2182 singula
1757 2110 1875 2165 loca

269 2195 647 2251 Ecclesiarum
677 2196 778 2252 Dei
801 2197 1071 2267 parochiis
1119 2205 1171 2252 et
1211 2197 1534 2254 incolatibus
1580 2198 1870 2254 dividetur.

269 2284 415 2339 Tunc
443 2285 611 2339 etiam
666 2300 730 2340 ea
776 2301 900 2356 qua
927 2285 1099 2340 divisa
1156 2295 1298 2352 sunt,
1331 2288 1385 2340 in
1441 2285 1697 2341 unitatem
1748 2287 1876 2342 ﬁdei

271 2368 632 2440 congregabit
676 2368 766 2423 ille
799 2369 891 2441 qui
934 2368 1184 2440 paciﬁcat
1209 2387 1308 2441 per
1345 2370 1669 2442 sanguinem
1699 2370 1876 2427 crucis

269 2470 397 2522 sua,
435 2455 557 2512 sive
584 2473 706 2528 qua
726 2455 780 2510 in
812 2464 961 2512 terra
991 2466 1134 2525 sunt,
1159 2457 1273 2513 sive
1302 2475 1423 2530 qua
1442 2459 1498 2512 in
1515 2459 1688 2529 oculis,
1709 2466 1763 2514 et
1783 2457 1876 2531 qui

271 2553 509 2608 medium
560 2555 834 2624 parietem
876 2555 1097 2610 solvens
1125 2597 1138 2622 ,
1168 2555 1298 2612 fecit
1343 2565 1572 2629 utraque
1623 2573 1810 2612 unum.
1848 2577 1870 2608 ι

268 2641 402 2698 Hinc
432 2643 638 2697 iterum
695 2643 954 2714 scriptum
1003 2647 1484 2702 estzﬂistrt'buite
1538 2648 1723 2704 domos
1755 2649 1876 2719 ejus

269 2730 524 2786 videlicet
555 2731 882 2788 universalis
912 2733 1198 2800 Ecclesia,
1244 2751 1347 2805 per
1376 2736 1744 2790 custodiarum
1773 2751 1876 2806 pa-

271 2819 492 2874 rochias
521 2820 894 2890 pradicando,
926 2825 994 2876 ut
1011 2825 1294 2878 enarretis
1310 2825 1374 2878 in
1381 2825 1650 2896 progenie
1669 2824 1872 2890 altera,

271 2909 541 2979 quoniam
579 2908 670 2964 hic
713 2913 798 2964 est
841 2910 986 2965 Deus
1020 2914 1232 2976 noster,
1254 2915 1312 2966 et
1340 2913 1460 2984 ipse
1492 2915 1650 2984 reget
1692 2928 1794 2968 nos
1815 2913 1879 2968 in

275 2998 484 3052 secula
525 2997 703 3066 (Psal.
750 2997 950 3068 xnvn).
985 2997 1070 3053 Ad
1126 2999 1272 3070 quod
1331 2999 1524 3066 instar,
1581 3000 1879 3055 secundum

274 3083 714 3140 constitutionem
760 3086 1029 3152 Anacleti,
1079 3087 1374 3158 Dionysius
1417 3102 1562 3159 papa
1590 3087 1880 3143 rusticanis

271 3173 549 3243 parochiis
580 3173 841 3229 terminos
869 3181 1049 3231 certos
1079 3175 1278 3246 posuit,
1297 3191 1362 3232 ac
1390 3177 1676 3247 ponendos
1697 3177 1882 3246 dispo-

273 3260 396 3327 suit,
428 3261 502 3317 de
528 3262 728 3334 quibus
757 3263 920 3318 etiam
958 3262 1402 3321 Chalcedonense
1435 3264 1728 3321 concilium
1757 3281 1880 3336 qua

273 3357 395 3404 sunt
424 3357 560 3405 nota
579 3351 844 3407 decrevit.

338 3439 420 3493 De
462 3439 871 3508 provinciarum
901 3448 1086 3498 autem
1126 3441 1489 3510 dimensione,
1525 3450 1577 3498 et
1603 3441 1882 3499 civitatum

272 3525 597 3597 privilegiis,
637 3545 760 3599 qua
789 3529 860 3584 ad
889 3529 1059 3584 instar
1111 3530 1400 3586 duodecim
1429 3530 1630 3585 tribum
1661 3530 1882 3586 Israeli-

274 3614 361 3670 tici
416 3615 609 3685 populi
666 3617 869 3672 ethnici
925 3625 1257 3685 statuerunt,
1293 3625 1346 3674 et
1402 3618 1702 3690 apostolica
1761 3626 1884 3674 sunt

273 3711 466 3773 postea
495 3703 881 3761 constitutione
911 3704 1142 3776 ﬁrmata,
1163 3713 1382 3762 sanctus
1407 3706 1660 3763 Clemens
1689 3706 1746 3761 in
1777 3705 1886 3778 pri-

273 3805 357 3846 ma
385 3791 627 3862 epistola
657 3793 728 3848 ad
775 3794 1059 3849 Iacobum
1080 3794 1630 3866 Hierosolymitanum
1663 3794 1882 3867 episco-

274 3893 422 3950 pum,
458 3881 554 3952 qui
586 3889 638 3936 et
667 3881 840 3937 frater
868 3882 1086 3939 Domini
1114 3883 1419 3955 appellatur
1446 3884 1703 3956 ,scripsit,
1737 3885 1885 3956 quod

274 3975 330 4022 tu
359 3969 418 4023 in
433 3969 828 4038 compilatione
858 3978 950 4026 tua
979 3971 1119 4028 sicut
1135 3980 1189 4027 et
1209 3987 1312 4028 nec
1327 3971 1692 4042 pracedentia
1716 3973 1886 4028 verba

275 4055 472 4112 Leonis
515 4073 726 4128 ponere
771 4059 1011 4126 voluisti,
1043 4077 1114 4117 ne
1161 4059 1496 4116 inveniretur
1543 4059 1600 4114 in
1628 4060 1710 4116 eis
1739 4061 1885 4132 quod

273 4151 330 4199 tu
354 4145 540 4212 alicui,
587 4154 788 4217 prater
819 4148 1132 4218 apostolica
1163 4148 1312 4204 sedis
1343 4147 1609 4220 pontiﬁci,
1650 4147 1886 4206 deberes

273 4233 455 4306 aliquo
496 4235 664 4289 modo
711 4235 892 4302 subdi,
924 4236 1164 4292 inaniter
1204 4245 1402 4308 putans
1434 4237 1578 4308 quod
1609 4235 1656 4291 si
1685 4243 1737 4292 tu
1769 4238 1887 4294 hac

277 4320 333 4376 in
351 4331 446 4378 tuo
473 4323 734 4394 pitaciolo
764 4339 873 4379 non
901 4341 1158 4396 poneres,
1181 4325 1275 4381 alii
1289 4341 1400 4380 non
1427 4324 1688 4380 haberent
1716 4325 1887 4382 libros

276 4411 367 4465 ubi
397 4427 464 4466 ea
496 4411 687 4485 legere
715 4413 1039 4483 potuissent.
1073 4413 1181 4470 Sed
1201 4414 1323 4486 quis
1355 4429 1421 4469 ea
1437 4430 1560 4486 qua
1579 4414 1722 4470 nosti
1738 4414 1886 4486 igno-

1972 1845 2249 1917 apostolos
2278 1861 2378 1916 par
2404 1846 2665 1902 institutio
2685 1847 2802 1913 fuit,
2839 1849 2937 1903 sed
2973 1865 3116 1904 unus
3161 1850 3413 1904 omnibus
3433 1866 3576 1922 pra-

1973 1933 2090 1988 fuit.
2115 1935 2228 1990 Hoc
2258 1941 2439 1990 tamen
2485 1935 2896 2005 pravidendum
2935 1935 3186 2004 instituit,
3213 1953 3282 1993 ne
3329 1937 3385 1990 in
3429 1938 3574 1994 villis

1974 2029 2067 2077 aut
2113 2021 2372 2089 castellis,
2413 2023 2501 2078 vel
2537 2023 2769 2080 modicis
2815 2024 3118 2080 civitatibus
3165 2024 3573 2082 instituerentur

1973 2110 2235 2182 epiSCOpi,
2255 2127 2324 2166 ne
2345 2110 2452 2166 vile
2497 2127 2686 2167 eorum
2707 2127 2906 2168 nomen
2928 2111 3101 2169 ﬁeret.
3121 2113 3424 2185 Episcopos
3441 2129 3574 2186 ergo

1973 2199 2149 2256 vicem
2179 2199 2552 2270 apostolorum
2583 2216 2782 2272 gerere
2812 2201 3104 2257 Dominum
3132 2201 3386 2258 docuisse
3423 2202 3574 2259 dice-

1975 2287 2084 2354 bat,
2109 2295 2163 2344 et
2191 2287 2522 2360 reliquorum
2578 2289 2968 2360 discipulorum
2995 2290 3174 2348 vicem
3215 2297 3403 2348 tenere
3450 2307 3576 2364 pre-

1975 2375 2227 2447 sbyteros
2255 2377 2562 2433 insinuabat
2589 2377 2814 2434 debere.
2870 2399 2893 2429 »
2965 2396 2974 2404 ε

2045 2465 2114 2520 Et
2161 2473 2382 2522 sanctus
2436 2466 2732 2524 Anacletus
2765 2507 2780 2536 ,
2815 2481 3104 2524 successor
3159 2466 3454 2525 Clementis
3484 2510 3500 2540 ,
3533 2482 3569 2524 a

1975 2553 2137 2609 beato
2165 2554 2325 2610 Petro
2372 2555 2620 2626 apostolo
2663 2556 2954 2626 presbyter
2983 2555 3299 2625 ordinatus,
3322 2556 3378 2611 in
3397 2556 3580 2629 prima

1977 2641 2206 2713 epistola
2227 2643 2296 2697 ad
2325 2659 2517 2698 omnes
2538 2643 2827 2714 episcopos
2858 2652 2911 2699 et
2930 2652 3160 2701 cateros
3176 2643 3368 2700 ﬁdeles
3387 2644 3576 2715 (epist.

1979 2734 2032 2800 l,
2065 2734 2164 2785 sub
2197 2729 2383 2803 ﬁnem)
2416 2749 2430 2786 :
2467 2752 2490 2782 α
2545 2731 2853 2802 Privilegia,
2877 2732 3070 2803 inquit,
3103 2731 3478 2789 Ecclesiarum
3523 2740 3578 2790 et

1978 2819 2320 2875 sacerdotum
2377 2819 2551 2876 sancti
2606 2819 2860 2891 apostoli,
2900 2821 3057 2889 jussu
3085 2821 3401 2888 Salvatoris,
3434 2820 3580 2877 inte-

1976 2915 2183 2962 merata
2213 2915 2266 2963 et
2311 2907 2567 2963 inviolata
2595 2907 2727 2964 avis
2775 2909 3136 2964 decreverunt
3189 2923 3407 2965 manere
3437 2917 3581 2964 tem-

1977 2995 2222 3066 poribus.
2255 2995 2432 3068 Leges
2460 2995 2728 3052 Ecclesia
2753 2996 3048 3068 apostolica
3077 2995 3358 3054 ﬁrmamus
3388 3005 3585 3054 aucto-

1979 3083 2166 3150 ritate,
2198 3091 2252 3140 et
2303 3085 2598 3156 peregrina
2629 3085 2836 3154 judicia
2888 3086 3294 3143 submovemus.
3342 3087 3501 3142 Unde
3529 3093 3586 3142 et

1981 3172 2248 3228 Dominus
2275 3173 2606 3230 mentionem
2637 3172 2988 3243 faciens-Lot,
3012 3189 3115 3245 per
3156 3175 3380 3246 Moysen
3409 3173 3586 3246 loqui-

1981 3268 2072 3317 tur
2101 3261 2288 3317 dicens
2321 3278 2336 3315 :
2369 3261 2658 3334 Ingressus
2688 3277 2749 3317 es
2769 3261 3008 3332 quidem,
3042 3261 3308 3334 inquiunt,
3331 3268 3391 3317 ut
3419 3263 3586 3319 adve-

1981 3362 2073 3415 na,
2103 3347 2348 3420 nunquid
2369 3356 2425 3404 ut
2441 3349 2653 3418 judices
2668 3350 2697 3404 ?
2716 3349 2876 3420 (Gen.
2897 3348 3048 3420 xxx.)
3069 3349 3420 3422 Unaquaque
3438 3348 3585 3404 enim

1981 3435 2268 3507 provincia
2297 3444 2402 3491 tam
2426 3437 2578 3505 juxta
2605 3437 3006 3493 ecclesiasticas
3035 3437 3367 3508 quamjuxta
3400 3436 3590 3494 saculi

1983 3523 2158 3598 leges,
2179 3541 2308 3580 suos
2329 3524 2492 3580 debet
2505 3525 2684 3594 justos
2700 3531 2754 3580 et
2768 3540 2877 3580 non
2898 3524 3116 3597 iniquos
3135 3523 3586 3594 haberejudices,

1983 3620 2038 3668 et
2065 3628 2174 3668 non
2203 3620 2476 3680 externos,
2508 3613 2613 3669 nisi
2641 3612 2951 3684 apostolica
2993 3612 3156 3683 hujus
3210 3613 3359 3669 sedis
3389 3612 3588 3670 decre-

1983 3701 2120 3758 verit
2147 3701 2438 3758 auctoritas
2471 3718 2484 3758 :
2517 3709 2786 3774 quatenus
2801 3701 3109 3774 quicunque
3131 3697 3355 3758 causam
3385 3702 3588 3758 habue-

1984 3790 2073 3860 rit,
2121 3791 2269 3862 apud
2298 3806 2426 3846 suos
2475 3789 2689 3859 judices
2713 3790 3005 3859 judicetur,
3040 3797 3095 3846 et
3139 3805 3248 3846 non
3279 3791 3347 3846 ad
3377 3791 3588 3848 alienos

1983 3894 2148 3935 causa
2199 3879 2460 3952 vagandi,
2511 3878 2823 3935 stimulante
2869 3878 3165 3950 protervis,
3205 3894 3360 3935 suam
3399 3876 3587 3951 despi-

1985 3967 2136 4023 ciens
2180 3968 2410 4038 patriam
2467 3975 2724 4037 transeat,
2758 3967 2858 4024 sed
2913 3967 2986 4023 ad
3023 3966 3312 4024 duodecim
3340 3967 3588 4037 ejusdem

1984 4055 2284 4128 provincia
2321 4056 2534 4126 judices
2557 4098 2571 4127 ,
2621 4056 2693 4111 ad
2775 4071 3005 4128 quorum
3063 4055 3328 4126 judicium
3393 4071 3585 4114 omnes

1987 4159 2163 4200 causa
2197 4144 2476 4202 civitatum
2531 4143 2860 4212 referuntur,
2890 4143 3170 4202 deferatur
3198 4145 3496 4216 negotium.
3529 4145 3589 4203 Si

1987 4241 2169 4288 autem
2211 4233 2371 4289 fuerit
2408 4231 2861 4300 ecclesiasticum,
2893 4232 3040 4304 apud
3069 4233 3379 4306 episcopos,
3420 4234 3588 4290 inter-

1985 4321 2237 4377 veniente
2275 4321 2538 4394 primate,
2593 4321 2640 4378 si
2684 4321 2858 4389 major
2899 4334 3069 4376 causa
3115 4320 3276 4376 fuerit
3311 4339 3326 4388 ;
3376 4321 3424 4376 si
3455 4336 3586 4379 vero

1986 4409 2186 4480 minor,
2219 4410 2654 4482 metropolitano.
2689 4410 2745 4466 Si
2781 4424 2915 4467 vero
2943 4407 3106 4464 fuerit
3125 4408 3408 4477 saculare,
3440 4410 3587 4481 apud

277 4501 402 4555 rat?
422 4499 584 4554 Prius
621 4500 768 4555 enim
797 4517 958 4573 quam
987 4501 1305 4558 formareris
1343 4503 1399 4557 in
1426 4511 1583 4557 utero
1611 4501 1706 4558 illa
1730 4502 1890 4558 novi-
1917 4498 1970 4559 D
1992 4498 2238 4568 ejusdem
2295 4498 2506 4554 ordinis
2544 4499 2711 4566 viros,
2737 4495 2942 4568 judicio
2972 4504 3152 4553 tamen
3179 4496 3583 4570 episcoporum,

275 4601 418 4654 mus,
453 4597 509 4643 et
554 4596 844 4660 antequam
871 4590 1055 4645 exires
1104 4591 1174 4646 de
1225 4589 1386 4647 vulva
1417 4590 1719 4662 sapissime
1748 4591 1884 4664 legi-

278 4690 421 4743 mus,
455 4684 513 4731 et
564 4675 874 4745 discretius,
935 4695 1094 4750 quam
1125 4687 1181 4734 tu
1239 4679 1548 4750 Scripturas
1603 4695 1787 4736 sacras
1834 4687 1887 4736 et

275 4778 524 4820 canones
553 4780 743 4821 sacros
770 4765 1046 4838 intelligas
1065 4767 1449 4823 intelleximus.
1473 4767 1560 4823 Ait
1588 4767 1731 4822 enim
1759 4769 1886 4823 bea-

274 4860 366 4908 tus
393 4853 653 4908 Clemens
694 4853 836 4910 inter
883 4855 985 4909 alia
1015 4854 1072 4909 in
1100 4855 1330 4926 prafata
1358 4856 1590 4926 epistola
1621 4857 1806 4928 (epist.
1828 4861 1884 4924 2,

275 4941 382 4996 sub
433 4942 722 5010 medium),
758 4963 782 4992 α
801 4943 1035 5012 jussisse
1068 4944 1290 4999 beatum
1341 4946 1594 5012 Petrum,
1647 4945 1704 5000 in
1758 4944 1884 5010 illis,

270 5027 552 5101 inquiens,
589 5029 916 5099 civitatibus,
952 5031 1008 5086 in
1039 5033 1236 5104 quibus
1295 5033 1424 5088 olim
1474 5034 1619 5104 apud
1641 5033 1888 5090 ethnicos

275 5117 448 5188 primi
494 5117 748 5174 ﬂamines
785 5135 996 5186 eorum,
1041 5127 1202 5193 atque
1221 5121 1382 5192 primi
1441 5121 1586 5194 legis,
1637 5121 1890 5178 doctores

277 5215 460 5274 erant,
503 5206 887 5278 episcoporum
929 5208 1186 5280 primates
1233 5209 1363 5280 poni
1409 5211 1498 5266 vel
1533 5210 1888 5282 patriarchas,

276 5295 378 5364 qui
407 5295 750 5366 reliquorum
781 5295 1168 5368 episcoporum
1205 5297 1409 5367 judicia
1440 5306 1492 5354 et
1521 5299 1730 5368 majora
1757 5313 1892 5371 quo-

276 5381 390 5436 ties
419 5399 653 5438 necesse
682 5382 826 5438 foret
852 5385 1070 5456 negotia
1087 5385 1142 5439 in
1163 5384 1269 5441 fide
1289 5387 1585 5458 agitarent,
1606 5394 1660 5442 et
1689 5402 1892 5444 secun-

275 5469 417 5525 dum
443 5471 666 5526 Domini
701 5471 1060 5544 voluntatem,
1103 5473 1242 5530 sicut
1284 5476 1686 5532 constituerunt
1721 5475 1894 5531 sancti

275 5560 542 5633 apostoli,
576 5560 648 5616 ita
678 5567 739 5615 ut
763 5577 834 5617 ne
867 5561 990 5633 quis
1019 5562 1218 5633 injuste
1243 5563 1668 5637 periclitaretur,
1709 5561 1894 5622 diﬁni-

580 5677 826 5736 PATBOL.
858 5675 1104 5737 CXXVI.

1985 4602 2110 4644 cum
2161 4586 2454 4658 Apostolus
2506 4588 2845 4658 privatorum
2915 4587 3345 4643 Christianorum
3387 4601 3585 4642 causas

1983 4675 2158 4748 magis
2205 4676 2276 4730 ad
2310 4675 2596 4732 Ecclesias
2618 4675 2840 4745 deferri,
2889 4682 2942 4732 et
2998 4675 3200 4732 ibidem
3260 4674 3588 4732 sacerdotali

1979 4764 2187 4835 judicio
2207 4763 2513 4820 terminarit
2540 4764 2726 4820 voluit.
2757 4785 2778 4815 ι
2806 4765 2874 4820 Et
2904 4765 2960 4820 in
2990 4764 3232 4821 secunda
3259 4763 3488 4835 epistola
3513 4763 3585 4822 ad

1987 4853 2278 4924 episcOpos
2351 4851 2406 4907 in
2444 4851 2598 4908 Italia
2646 4851 2966 4908 constitutos
3030 4852 3161 4908 dicit
3219 4869 3235 4906 :
3285 4850 3586 4910 Provincia

1987 4950 2166 4999 autem
2185 4941 2355 4997 multo
2385 4948 2511 4996 ante
2541 4939 2744 4994 Christi
2770 4940 3067 4996 adventum
3114 4947 3356 5012 tempore
3396 4938 3586 4997 divisa

1989 5039 2114 5086 sunt
2159 5029 2394 5086 maxima
2423 5045 2490 5084 ex
2546 5036 2724 5100 parte,
2756 5036 2809 5083 et
2853 5036 3046 5100 postea
3103 5029 3172 5084 ab
3214 5028 3498 5101 apostolis,
3533 5033 3586 5084 et

1990 5119 2150 5175 beato
2189 5119 2466 5176 Clemente
2519 5117 2928 5189 pradecessore
2983 5125 3190 5188 nostro,
3222 5118 3342 5188 ipsa
3388 5115 3585 5173 divisio

1992 5216 2074 5264 est
2103 5215 2372 5282 renovata.
2406 5207 2475 5262 Et
2507 5205 2562 5262 in
2597 5205 2771 5279 capite
2799 5202 3224 5277 provinciarum,
3256 5205 3350 5262 ubi
3379 5205 3586 5284 dudum

1990 5297 2254 5368 primates
2301 5295 2443 5367 legis
2499 5300 2655 5353 erant
2719 5293 2920 5361 saculi,
2959 5310 3026 5352 ac
3078 5294 3257 5367 prima
3303 5290 3590 5364 judiciaria

1991 5391 2251 5458 potestas,
2287 5383 2360 5441 ad
2387 5402 2526 5457 quos
2553 5383 2645 5458 qui
2665 5400 2762 5457 per
2789 5383 3030 5454 reliquas
3067 5383 3311 5438 civitates
3349 5395 3592 5440 commo-

1993 5474 2274 5544 rabantur,
2309 5475 2528 5546 quando
2567 5472 2646 5530 eis
2701 5487 2930 5532 necesse
2983 5476 3118 5539 erat,
3152 5471 3244 5544 qui
3289 5471 3364 5526 ad
3415 5470 3596 5526 aulam

1993 5561 2382 5638 imperatorum
2418 5562 2508 5622 vel
2537 5578 2732 5636 regum
2761 5561 3060 5638 confugere
3087 5575 3198 5619 non
3217 5567 3491 5636 poterant,
3504 5557 3595 5619 vel

3105 5681 3168 5736 ll
