4004 6176
544 269 641 322 331

1551 264 1893 320 HINCMARI
1922 261 2323 319 RHEMENSIS
2354 260 2908 318 ARCHIEPISCOPI.

3726 269 3841 322 332

543 386 737 457 quibus
768 385 1094 455 permissum
1123 401 1233 441 non
1262 394 1376 441 erat
1405 385 1757 457 confungere,
1789 403 1888 457 pro
1904 402 2138 458 oppres-
2159 387 2213 447 A
2241 382 2376 438 locis
2421 382 2745 453 patriarchae
2790 400 2823 438 a
2857 383 3091 440 nonullis
3153 392 3436 440 vocantur.
3486 384 3573 439 Illi
3617 394 3801 441 autem
3824 430 3841 457 ,

541 473 787 528 sionibus
816 472 903 528 vel
949 473 1223 542 injustitiis
1253 474 1364 529 suis
1396 473 1846 547 [confugiebant],
1879 474 2137 546 ipsosque

539 560 886 632 appellabant
917 562 1131 634 quoties
1161 579 1298 633 opus
1343 569 1479 628 erat,
1516 563 1655 619 sicut
1682 564 1736 617 in
1796 562 1921 636 lege
1946 580 2137 620 eorum

539 658 878 721 praeceptum
926 658 1063 718 erat,
1124 651 1259 722 ipsis
1313 666 1532 724 quoque
1586 651 1642 706 in
1691 652 1995 707 civitatibus
2048 652 2137 709 vel

544 739 681 795 locis
705 738 878 794 nostri
906 738 1246 810 patriarchas
1280 739 1368 796 vel
1396 738 1678 812 primates,
1713 740 1805 811 qui
1833 757 1998 796 unam
2026 739 2138 796 for-

536 842 683 882 mam
717 834 920 895 tenent,
945 826 1073 884 licet
1088 826 1305 885 diversa
1333 827 1442 883 sint
1470 829 1718 895 nomina,
1750 828 1906 901 leges
1938 828 2137 885 divinae

537 922 589 971 et
634 914 1022 971 ecclesiasticae
1070 915 1199 987 poni
1245 924 1299 972 et
1349 932 1472 973 esse
1508 916 1823 987 jusserunt,
1866 916 1937 972 ad
1997 932 2134 990 quos

533 1003 795 1075 episcopi,
834 1003 880 1059 si
909 1020 1136 1060 necesse
1166 1003 1347 1073 fuerit,
1392 1003 1775 1078 confrugerent
1805 1020 2010 1078 eosque
2038 1021 2135 1078 ap-

531 1091 816 1163 pellarent,
842 1101 894 1149 et
914 1092 1017 1165 ipsi
1038 1093 1259 1149 nomine
1278 1093 1574 1163 primatum
1588 1093 1920 1162 fruerentur,
1952 1102 2006 1150 et
2022 1110 2132 1151 non

536 1179 628 1235 alii
676 1198 690 1236 :
743 1180 968 1253 reliquae
1023 1197 1157 1237 vero
1198 1181 1633 1253 metropolitanae
1680 1182 1945 1251 civitates,
2011 1199 2131 1254 quae

529 1269 770 1326 minores
798 1269 1009 1338 judices
1056 1269 1352 1336 habebant,
1385 1269 1519 1326 lices
1558 1270 1798 1340 majores
1844 1272 2131 1328 comitibus

532 1365 735 1423 essent,
796 1357 1055 1413 haberent
1082 1357 1531 1437 metropolitanos
1560 1375 1707 1424 suos,
1741 1359 1831 1431 qui
1857 1360 2131 1431 praedictis

527 1447 676 1515 juste
698 1445 985 1500 obedirent
1011 1445 1349 1516 primatibus,
1381 1446 1519 1503 sicut
1547 1455 1601 1503 et
1619 1447 1676 1502 in
1702 1446 1917 1521 legibus
1945 1448 2130 1505 saeculi

529 1533 660 1588 olim
707 1533 1017 1588 ordinatum
1057 1541 1194 1601 erat,
1229 1534 1319 1607 qui
1367 1551 1479 1591 non
1525 1534 1851 1607 primatum,
1902 1537 2002 1593 sed
2039 1545 2132 1594 aut

526 1621 1068 1692 metropolitanorum
1102 1665 1116 1687 ,
1176 1630 1269 1678 aut
1336 1623 1868 1695 archiepiscoporum
1911 1626 2130 1681 nomine

2236 470 2326 542 qui
2366 471 2421 525 in
2460 471 2749 541 metropoli
2779 487 2811 526 a
2842 472 2997 527 beato
3046 471 3226 539 Petro,
3275 472 3565 529 ordinante
3604 474 3844 529 Domino

2236 566 2287 613 et
2315 559 2723 630 praedecessore
2751 569 2936 616 nostro
2982 560 3242 633 pracdicto
3289 568 3480 617 sancto
3533 561 3839 630 Clemente,

2235 663 2332 703 seu
2351 664 2383 702 a
2412 649 2570 703 nobis
2600 649 2878 723 constituti
2910 658 3053 717 sunt,
3100 666 3210 705 non
3238 665 3430 705 omnes
3458 650 3721 721 primates
3749 650 3843 706 vel

2233 736 2556 808 patriarchae
2604 754 2727 793 esse
2772 746 3021 809 possunt.
3056 738 3163 795 Sed
3222 737 3329 794 illa:
3356 738 3519 793 urbes
3548 756 3670 811 quae
3697 755 3847 811 pre-

2233 823 2355 880 fatis
2375 832 2427 880 et
2446 826 2645 896 priscis
2675 827 3011 897 temporibus
3039 826 3327 897 primatum
3347 833 3593 895 tenuere,
3624 827 3844 884 archie-

2231 913 2604 984 piscoporum,
2643 915 3097 982 Patriarcharum,
3144 924 3236 969 aut
3276 915 3571 986 primatum
3617 915 3844 972 nomine

2232 1000 2480 1057 fruantur
2509 1018 2524 1059 :
2558 1003 2783 1074 reliquae
2837 1020 2970 1058 vero
3000 1003 3335 1075 metropoles
3386 1004 3843 1075 archiepiscopo-

2232 1101 2374 1153 rum,
2414 1095 2507 1142 aut
2530 1085 3065 1159 metropolitanorum
3090 1131 3103 1153 ,
3169 1094 3222 1142 et
3250 1103 3361 1143 non
3409 1088 3845 1159 patriarcharum

2231 1182 2325 1228 aut
2365 1174 2658 1245 primatum
2699 1183 2920 1233 utantur
2964 1174 3299 1241 nominibus,
3330 1176 3458 1248 quia
3484 1176 3603 1233 haec
3640 1177 3846 1233 eadem

2230 1268 2284 1318 et
2327 1261 2479 1334 leges
2518 1263 2704 1319 saeculi
2731 1264 2789 1319 in
2821 1264 2934 1320 suis
2971 1264 3249 1319 continent
3284 1264 3646 1336 principibus.
3702 1264 3845 1321 Alia

2229 1357 2409 1405 autem
2451 1351 2645 1423 primae
2675 1352 2940 1421 civitates,
2995 1368 3132 1425 quas
3187 1351 3343 1409 vobis
3397 1354 3739 1425 conscriptas
3785 1354 3843 1409 in

2232 1439 2468 1510 quodam
2525 1448 2672 1496 tomo
2716 1441 2978 1496 mittimus
3010 1481 3026 1511 ,
3059 1457 3092 1495 a
3123 1441 3327 1497 sanctis
3383 1441 3645 1514 apostolis
3700 1449 3760 1498 et
3811 1458 3846 1497 a

2230 1527 2393 1583 beato
2424 1528 2721 1597 Clemente,
2755 1529 2871 1585 sive
2902 1545 2935 1585 a
2963 1529 3124 1585 nobis
3151 1529 3416 1600 primates
3448 1530 3842 1602 praedicatores

2231 1625 2570 1687 acceperunt.
2606 1617 2735 1674 Haec
2775 1634 2909 1675 vero
2939 1626 3289 1675 sacrosancta
3333 1619 3577 1674 Romana
3606 1626 3663 1674 εἰ
3698 1634 3842 1692 apo-

528 1707 864 1765 fruerentur.
928 1711 998 1765 Et
1052 1709 1178 1767 licet
1217 1711 1447 1785 singulae
1492 1713 1824 1784 metropoles
1880 1713 2125 1771 civitates
2152 1705 2417 1805 Bilqlica
2464 1705 2734 1774 ECCICSia,
2767 1722 2877 1805 n9!)
2932 1707 2999 1761 ab
3046 1707 3188 1805 aliis?
3223 1706 3320 1805 εεξά
3354 1707 3421 1805 εξ)
3450 1706 3571 1804 ips?
3601 1707 3843 1805 Πίξωίηο

528 1812 654 1853 suas
720 1798 1033 1870 provincias
1111 1799 1377 1871 habeant,
1409 1807 1462 1856 et
1510 1817 1639 1857 suos
1684 1803 2125 1874 metropolitanos

528 1886 735 1942 habere
766 1886 1000 1943 debeant
1031 1886 1338 1960 episcopos,
1377 1887 1518 1944 sicut
1546 1888 1701 1961 prius
1746 1892 2127 1963 meteopolita-

537 1990 639 2030 nos
671 1975 887 2044 judices
935 1975 1211 2032 habebant
1262 1975 1590 2044 saeculares,
1623 1977 1881 2049 primates
1926 1988 2127 2049 tamen,

531 2071 590 2119 ut
616 2062 900 2134 praeﬁxum
930 2072 1028 2132 est,
1064 2072 1117 2120 et
1147 2072 1275 2121 tunc
1302 2073 1355 2121 et
1383 2081 1529 2122 nunc
1557 2065 1759 2122 habere
1782 2067 1950 2136 jussm
1980 2076 2124 2135 sunt,

531 2151 600 2207 ad
650 2169 789 2224 quos
818 2161 943 2224 post
987 2153 1175 2210 sedem
1231 2153 1588 2226 apostolicam
1646 2171 1854 2211 summa
1907 2157 2129 2230 negotia

533 2242 880 2309 conveniant,
915 2249 973 2296 ut
1019 2240 1220 2298 ibidem
1272 2242 1470 2315 quibus
1514 2258 1740 2299 necesse
1783 2243 1947 2300 fuerit
1981 2244 2126 2301 rele—

530 2336 727 2385 ventur
808 2337 861 2385 et
895 2329 1039 2399 juste
1109 2332 1461 2386 restituantur
1493 2372 1506 2398 ,
1576 2339 1629 2386 et
1665 2332 1721 2387 hi
1782 2331 1875 2405 qui
1930 2332 2127 2402 injuste

531 2416 911 2488 opprimuntur
957 2418 1100 2487 juste
1154 2418 1520 2475 reformentur
1563 2428 1725 2493 atque
1799 2420 2088 2477 fulciantur
2110 2466 2124 2489 ,

534 2505 1027 2577 episcoporumque
1084 2521 1267 2562 causa:
1322 2516 1375 2563 et
1432 2524 1741 2565 surmorum
1784 2509 2127 2581 negotiorum

523 2592 749 2665 judicia,
809 2593 961 2650 salva
1015 2594 1329 2666 apostolica:
1371 2596 1517 2651 sedis
1566 2597 1905 2666 auctoritate,
1932 2598 2125 2668 justis-

536 2681 671 2737 sime
746 2682 1126 2741 terminentur.
1177 2703 1201 2734 ι
1252 2685 1323 2740 Et
1368 2683 1425 2739 in
1463 2685 1621 2741 tertia
1658 2686 1890 2757 epistola
1921 2704 1935 2741 :
1972 2709 1996 2738 α
2046 2687 2127 2744 De

529 2771 875 2842 primatibus,
930 2771 1143 2843 inquit,
1203 2772 1511 2829 charissimi
1535 2816 1548 2840 ,
1582 2790 1745 2846 super
1790 2774 1985 2846 quibus
2040 2792 2127 2832 me

531 2860 750 2931 quidam
780 2868 1022 2916 vestrum
1052 2858 1463 2930 consuluerunt,
1496 2870 1587 2917 aut
1616 2862 1662 2917 si
1692 2879 1814 2918 esse
1842 2863 2124 2932 deberent,

490 3020 497 3024 .
536 2962 607 3003 an
654 2962 784 3014 non,
830 2956 1095 3018 quantum
1140 2949 1403 3004 hactenus
1445 2949 1515 3005 de
1558 2948 1645 3005 his
1690 2966 1724 3006 a
1766 2950 1928 3007 beato
1969 2953 2126 3009 Petro

526 3034 793 3107 apostolo,
827 3041 879 3090 et
898 3052 928 3089 a
949 3035 1171 3107 reliquis
1201 3036 1483 3107 apostolis,
1515 3044 1567 3094 et
1593 3053 1626 3093 a
1659 3038 1818 3095 beato
1846 3038 2122 3097 Clemente

524 3130 714 3180 nostro
772 3131 959 3179 sancto
1017 3123 1426 3195 praedecessore
1483 3133 1537 3182 et
1572 3134 1805 3198 martyre
1874 3124 2124 3185 nevimus

525 3218 785 3268 statutum
813 3252 827 3281 ,
866 3211 1146 3286 denegare
1191 3212 1348 3269 vobis
1401 3212 1623 3270 minimc
1678 3231 1995 3287 possumus.
2055 3217 2125 3273 Et

527 3299 649 3372 quis
678 3308 779 3368 est,
815 3300 909 3372 qui
938 3300 1304 3374 quaerentibus
1335 3300 1595 3358 fratribus
1622 3302 1897 3378 denegare
1951 3306 2124 3377 possit

532 3387 919 3444 dubitationem
1000 3388 1089 3447 vel
1172 3390 1530 3447 necessitates
1586 3407 1778 3449 eorum
1816 3393 1844 3448 ‘I
1918 3392 2120 3451 Sacer-

523 3475 728 3547 dotum,
753 3476 975 3548 fratres,
1009 3476 1145 3533 ordo
1175 3478 1463 3549 bipartitus
1484 3487 1584 3546 est,
1618 3487 1671 3537 et
1699 3480 1839 3537 sicut
1856 3482 2120 3539 Dominus

486 3564 676 3644 .illum
725 3565 1049 3636 constituit,
1083 3580 1116 3621 a
1168 3565 1318 3623 nullo
1374 3566 1538 3623 debet
1591 3569 1919 3640 perturbari.
1960 3570 2119 3627 Scitis

522 3662 706 3710 autem
736 3670 766 3709 a
811 3654 1042 3710 Domino
1077 3654 1354 3726 apostolos
1388 3671 1513 3712 esse
1564 3657 1769 3714 electos
1812 3666 1866 3715 et
1920 3658 2117 3715 consti-

486 3800 493 3805 ν
523 3749 686 3811 tutos,
719 3749 771 3797 et
797 3751 988 3814 postea
1040 3758 1141 3813 per
1170 3742 1414 3799 diversas
1470 3744 1780 3815 provincias
1825 3745 1897 3801 ad
1924 3746 2120 3817 pradi-

520 3829 758 3886 candum
786 3829 1095 3899 dispersos.
1141 3829 1274 3885 Cum
1310 3845 1444 3886 vero
1482 3831 1681 3887 messis
1720 3841 1963 3905 coeperat
1989 3850 2115 3903 cre-

484 3931 701 3985 ‘scere,
762 3914 954 3972 videns
1017 3930 1224 3986 paucos
1263 3932 1386 3974 esse
1441 3919 1766 3991 operarios,
1800 3920 1868 3975 ad
1924 3936 2116 3978 eorum

524 4002 894 4071 adjumentum
945 4004 1291 4074 septuaginta
1322 4005 1452 4078 eligi
1506 4007 1766 4079 praecepit
1794 4008 2111 4081 discipulos.

530 4090 782 4161 Episc0pi
797 4106 926 4146 vero
943 4090 1160 4146 Domini
1176 4093 1880 4167 apostolorum,presbyteri
1897 4113 2114 4169 quoque

528 4179 874 4251 septuaginta
936 4179 1328 4251 discipulorum
1355 4180 1537 4237 locum
1592 4189 1795 4239 tenent.
1859 4185 2114 4257 EpiscOpi

522 4275 704 4323 autem
736 4283 843 4323 non
872 4268 927 4322 in
956 4268 1199 4325 castellis
1228 4278 1321 4324 aut
1340 4269 1570 4326 modicis
1591 4272 1898 4328 civitatibus
1914 4273 2115 4331 debent

527 4356 800 4426 constitui,
854 4356 951 4411 sed
980 4356 1289 4428 presbyteri
1322 4374 1420 4430 per
1476 4360 1703 4416 castella
1758 4369 1811 4417 et
1866 4361 2111 4419 modicas

2229 1792 2508 1849 Salvatore
2535 1802 2724 1850 nostro
2750 1794 3045 1865 primatum
3072 1795 3322 1861 obtinuit,
3357 1794 3498 1851 sicut
3522 1794 3643 1866 ipse
3674 1795 3844 1852 beato

2228 1881 2390 1937 Petro
2421 1882 2670 1954 apostolo
2703 1882 2836 1938 dixit
2870 1901 2884 1938 :
2923 1886 2999 1939 Tu
3050 1900 3107 1939 es
3154 1886 3376 1951 Petrus,
3412 1888 3470 1939 et
3496 1899 3669 1956 super
3689 1886 3843 1942 hanc

2227 1975 2450 2040 petram
2469 1971 2749 2040 aediﬁcabo
2780 1972 3090 2029 Ecclesium
3110 1988 3315 2029 meam.
3344 1992 3368 2022 ι
3405 1971 3475 2026 Et
3492 1971 3660 2042 paulo
3672 1980 3840 2044 post:

2233 2079 2255 2109 α
2290 2057 2470 2115 Prima
2510 2075 2646 2131 ergo
2676 2060 2838 2115 sedes
2884 2068 2968 2117 est
3015 2060 3225 2117 caelesti
3280 2058 3545 2116 beneficio
3572 2060 3846 2119 Romana

2228 2146 2512 2215 Ecclesiae,
2560 2163 2726 2219 quam
2753 2192 2769 2215 ,
2836 2156 2895 2203 ut
2951 2157 3316 2206 memoratum
3358 2156 3478 2217 est,
3529 2150 3843 2206 beatissimi

2227 2234 2418 2291 Petrus
2448 2243 2501 2290 et
2528 2235 2727 2292 Paulus
2746 2253 2845 2292 suo
2867 2238 3129 2309 martyrio
3147 2246 3554 2295 consecrarunt.
3579 2238 3842 2295 Secunda

2226 2332 2404 2379 autem
2438 2324 2598 2380 sedes
2627 2325 2773 2396 apud
2811 2326 3199 2382 Alexandriam
3240 2327 3386 2383 beati
3420 2327 3567 2383 Petri
3612 2327 3843 2385 nomine

2227 2427 2261 2467 a
2286 2413 2469 2469 Marco
2498 2415 2617 2482 ejus
2644 2413 2913 2485 discipulo
2942 2422 3106 2488 atque
3149 2415 3484 2488 evangelista
3512 2423 3842 2473 consecrata

2227 2508 2327 2570 est,
2378 2502 2502 2573 quia
2528 2501 2648 2573 ipse
2693 2510 2745 2557 et
2774 2502 2830 2557 in
2886 2504 3117 2576 Egypto
3146 2503 3381 2575 primum
3422 2504 3655 2562 verbum
3682 2505 3839 2560 veri-

2226 2588 2350 2644 tatis
2406 2589 2643 2645 directus
2697 2605 2732 2645 a
2788 2591 2947 2647 Petro
3000 2591 3356 2663 praedicavit,
3419 2599 3474 2648 et
3527 2590 3839 2666 gloriosum

2228 2678 2465 2748 suscepit
2508 2678 2850 2749 martyrium,
2887 2679 2976 2734 cui
3004 2679 3332 2736 venerabilis
3365 2680 3632 2737 successit
3661 2681 3839 2736 Habi-

2224 2764 2349 2820 lius.
2398 2766 2582 2822 Tertia
2627 2782 2759 2824 vero
2818 2766 2979 2824 sedes
3037 2768 3183 2840 apud
3229 2768 3588 2837 Antiochiam,
3622 2768 3680 2824 id
3727 2777 3835 2835 est,

2226 2852 2369 2909 beati
2400 2854 2541 2909 Petri
2570 2854 2833 2927 apostolis
2880 2856 3110 2912 habetur
3155 2857 3514 2925 honorabilis,
3568 2857 3702 2929 quia
3728 2858 3842 2914 illic

2224 2941 2546 3014 priusquam
2595 2944 2823 2999 Romam
2870 2945 3081 3001 veniret
3132 2945 3411 3012 habitavit,
3444 2953 3501 3003 et
3555 2946 3838 3018 Ignatium

2227 3031 2546 3103 episcopum
2576 3032 2874 3100 constituit,
2898 3040 2952 3089 et
2972 3034 3083 3089 illic
3102 3033 3343 3105 primum
3367 3050 3569 3089 nomen
3588 3034 3836 3091 Christia

2156 3098 2677 3176 CInorum—novellae
2731 3098 2910 3193 gentis
2941 3098 3188 3179 exortum
3220 3129 3321 3178 est.
3380 3122 3643 3196 Reliquas
3671 3139 3833 3195 vero,

2223 3214 2281 3262 ut
2333 3208 2706 3280 praediximus,
2754 3209 2812 3265 in
2841 3210 3077 3282 quodam
3132 3217 3299 3279 tome,
3329 3211 3703 3283 prolixitatem
3749 3212 3834 3267 vi-

2223 3303 2399 3352 tantes
2454 3297 2720 3369 epistolae,
2754 3298 2913 3354 vobis
2969 3299 3309 3370 conscriptas
3339 3300 3659 3356 direximus.
3692 3300 3830 3357 Inde

2221 3399 2458 3457 namque
2488 3392 2542 3441 et
2563 3386 2709 3442 beati
2737 3386 2983 3458 Apostoli
3011 3386 3152 3442 inter
3180 3403 3240 3443 se
3288 3394 3583 3444 statuerunt
3612 3396 3674 3444 ut
3701 3388 3830 3460 epi-

2218 3473 2372 3544 scopi
2387 3472 2729 3547 singularum
2766 3474 2965 3532 scirent
3003 3475 3245 3548 gentium
3263 3476 3384 3548 quis
3413 3476 3558 3534 inter
3586 3492 3686 3533 eos
3708 3477 3827 3548 pri-

2218 3576 2342 3616 mus
2371 3570 2535 3631 esset,
2568 3571 2834 3636 quatenus
2850 3563 2919 3619 ad
2941 3580 3067 3620 eum
3086 3565 3265 3635 potior
3296 3580 3490 3620 eorum
3509 3564 3827 3622 sollicitudo

2216 3650 2536 3721 pertineret.
2592 3652 2737 3707 Nam
2763 3659 2817 3708 et
2840 3652 2983 3708 inter
3032 3653 3220 3710 beatos
3251 3654 3531 3726 apostolos
3570 3655 3827 3726 quaedam

2219 3737 2317 3792 fuit
2345 3738 2624 3808 discretio,
2675 3748 2728 3797 et
2769 3741 2895 3797 licet
2942 3757 3134 3798 omnes
3163 3750 3351 3798 essent
3376 3741 3631 3814 apostoli,
3660 3743 3828 3799 Petro

2218 3833 2396 3882 tamen
2438 3843 2472 3884 a
2514 3828 2748 3885 Domino
2804 3838 2887 3885 est
2935 3846 3280 3901 concessum,
3324 3840 3374 3887 et
3423 3831 3531 3903 ipsi
3575 3831 3729 3888 inter
3765 3848 3827 3888 se

2217 3913 2456 3986 idipsum
2502 3918 2832 3986 voluerunt,
2883 3926 2940 3974 ut
2994 3920 3217 3993 reliquis
3245 3919 3501 3976 omnibus
3553 3928 3827 3992 praeesset

2217 4004 2496 4074 apostolis,
2542 4012 2596 4060 et
2661 4007 2895 4078 Cephas,
2938 4007 2995 4063 id
3039 4017 3121 4065 est
3176 4016 3340 4079 caput
3390 4016 3440 4063 et
3487 4008 3827 4082 principium

2216 4099 2424 4149 teneret
2478 4094 2812 4165 apostolatus
2831 4095 2960 4168 quia
3003 4103 3057 4152 et
3112 4096 3361 4153 eamdem
3416 4095 3655 4152 formam
3711 4097 3828 4154 suis

2216 4181 2647 4248 successoribus,
2679 4191 2731 4237 et
2759 4183 2980 4256 reliquis
3026 4184 3287 4257 apostolis
3314 4185 3612 4241 tenendam
3642 4186 3826 4242 tradi-

2213 4267 2432 4326 derunt.
2460 4269 2530 4325 Et
2558 4285 2669 4326 non
2696 4271 2870 4326 solum
2895 4274 3003 4329 hoc
3044 4273 3100 4327 in
3142 4273 3298 4331 Novo
3352 4274 3710 4331 Testamento
3737 4283 3826 4331 est

2214 4357 2582 4427 constitutum,
2605 4359 2703 4415 sed
2726 4360 2889 4416 etiam
2917 4360 2972 4416 in
2998 4361 3179 4417 Veteri
3207 4360 3325 4417 fuit.
3363 4361 3519 4419 Unde
3552 4364 3824 4435 scriptum

522 4443 766 4501 civitates
805 4452 968 4518 atque
1020 4445 1178 4501 villas
1225 4446 1426 4503 debent
1455 4448 1523 4502 ab
1569 4449 1842 4523 episcopis
1871 4451 2113 4507 ordinari
2140 4446 2194 4508 D
2219 4454 2300 4501 est
2324 4462 2336 4500 :
2357 4447 2575 4517 Moyses
2595 4456 2648 4503 et
2665 4450 2850 4505 Aaron
2870 4450 2925 4505 in
2942 4450 3317 4506 sacerdotibus
3335 4451 3450 4519 ejus
3471 4453 3654 4520 (Psal.
3678 4453 3823 4522 xvn)

524 4542 577 4590 et
603 4533 753 4606 poni,
815 4533 1015 4606 singuli
1043 4540 1225 4589 tamen
1280 4550 1381 4606 per
1407 4537 1654 4609 singulos
1708 4538 1891 4595 titulos
1948 4555 2115 4596 suos:

523 4630 576 4679 et
632 4622 922 4694 episcopus
965 4637 1076 4677 non
1129 4622 1196 4676 ab
1250 4639 1380 4691 uno,
1414 4625 1512 4680 sed
1568 4640 1600 4679 a
1657 4625 1907 4699 pluribus
1956 4628 2120 4685 debet

522 4710 795 4782 episcopis
825 4709 1089 4777 ordinari,
1134 4718 1188 4767 et
1225 4719 1282 4766 ut
1311 4711 1517 4768 dictum
1546 4720 1649 4780 est,
1703 4731 1813 4771 non
1841 4716 1912 4772 ad
1936 4718 2117 4773 modi-

518 4813 639 4855 cam
667 4792 961 4865 civitatem,
995 4815 1065 4854 ne
1108 4798 1330 4855 vilescat
1358 4815 1558 4857 nomen
1604 4803 1866 4875 episcopi,
1901 4814 1992 4860 aut
2019 4806 2117 4862 ali-

518 4884 660 4951 cubi,
719 4888 818 4942 sed
872 4887 942 4942 ad
993 4887 1377 4943 honorabilem
1437 4890 1633 4945 urbem
1699 4891 2030 4962 titulandus,
2064 4902 2117 4951 et

514 4973 948 5031 denominandus
964 4984 1046 5030 est
1071 4994 1084 5032 :
1117 4978 1407 5049 presbyter
1436 4994 1569 5034 vero
1590 4978 1660 5035 ad
1682 4980 2115 5054 qualemcunque

512 5062 693 5118 locum
734 5061 821 5119 vel
876 5062 1166 5119 ecclesiam
1221 5064 1275 5120 in
1327 5080 1393 5123 eo
1440 5066 1787 5123 constitutam
1816 5076 1899 5125 est
1925 5069 2113 5142 praeﬁ-

512 5151 761 5221 ciendus,
814 5157 979 5223 atque
1019 5151 1074 5207 in
1119 5169 1182 5210 ea
1234 5153 1430 5211 diebus
1479 5155 1602 5211 vita!
1660 5173 1772 5214 suae
1809 5158 2110 5216 durandus.

511 5240 759 5312 Amplius
818 5254 984 5312 quam
1031 5240 1119 5295 isti
1179 5240 1287 5297 duo
1334 5243 1557 5300 ordines
1606 5246 1969 5317 sacerdotum,
2010 5265 2114 5305 nec

512 5329 671 5383 nobis
720 5343 752 5385 a
783 5329 900 5385 Deo
957 5326 1140 5385 collati
1178 5342 1321 5397 sunt,
1370 5348 1471 5389 nec
1524 5335 1755 5405 apostoli
1792 5336 2107 5393 docuerunt.

513 5415 908 5488 Episcoporum
939 5433 1071 5475 vero
1100 5419 1239 5475 ordo
1270 5436 1410 5475 unus
1430 5428 1533 5492 est,
1563 5422 1689 5479 licet
1717 5426 1825 5481 sint
1852 5426 2110 5499 primates

510 5501 592 5561 illi
621 5504 714 5575 qui
738 5506 943 5577 primas
973 5506 1215 5566 civitates
1243 5513 1449 5580 tenent,
1492 5511 1585 5583 qui
1613 5521 1666 5570 et
1695 5513 1751 5569 in
1782 5515 2109 5587 quibusdam

2218 4533 2274 4590 id
2303 4542 2404 4602 est,
2435 4536 2599 4607 primi
2628 4536 2768 4593 inter
2794 4553 2891 4593 eos
2922 4537 3154 4595 fuerunt.
3184 4560 3205 4589 ι
3242 4538 3375 4595 Inde
3394 4556 3614 4595 sacrum
3640 4541 3825 4597 Nicae—

2221 4638 2349 4678 num
2398 4625 2689 4680 concilium
2759 4626 3111 4697 paucioribus
3170 4627 3389 4700 quidem
3440 4628 3662 4699 verbis,
3717 4628 3821 4684 sed

2216 4726 2327 4767 non
2363 4711 2561 4769 minori
2591 4715 2905 4771 auctoritate
2943 4715 3185 4772 decrevit
3230 4716 3383 4787 (can,
3445 4716 3519 4788 6),
3549 4726 3823 4789 quatenus

2220 4821 2243 4852 α
2282 4801 2504 4873 antiqua
2545 4804 2917 4871 consuetudo,
2971 4804 3175 4860 scilicet
3218 4821 3340 4875 quae
3384 4805 3532 4876 apud
3569 4807 3827 4862 ethnicos

2216 4896 2419 4944 statuta
2455 4890 2652 4959 fuerat,
2692 4900 2746 4948 et
2773 4893 3068 4964 apostolica
3099 4901 3184 4948 est
3219 4901 3411 4965 postea
3431 4895 3826 4951 constitutione

2214 4976 2445 5045 ﬁrmata,
2478 4989 2741 5050 servetur,
2765 4988 2824 5036 ut
2851 4980 3252 5036 Alexandrinus
3273 4981 3562 5055 episcopus
3591 4999 3826 5039 suorum

2213 5066 2452 5122 omnium
2508 5068 2706 5125 habeat
2751 5077 3105 5140 potestatem,
3130 5070 3254 5142 quia
3308 5078 3363 5127 et
3416 5070 3570 5127 urbis
3626 5072 3826 5128 Rome

2212 5153 2470 5230 episcopo
2511 5157 2699 5228 parilis
2730 5174 2851 5214 mos
2880 5167 2982 5214 est.
3031 5157 3286 5214 Similiter
3332 5166 3386 5215 et
3422 5159 3568 5231 apud
3615 5160 3827 5215 Antio-

2212 5242 2387 5299 chiam
2407 5253 2744 5319 ceterasque
2769 5246 3076 5319 provincias
3098 5247 3211 5303 suis
3228 5247 3517 5321 privilegia
3530 5254 3830 5304 serventur

2210 5325 2490 5389 Ecclesiis.

2279 5430 2376 5486 His
2406 5439 2588 5487 autem
2630 5431 3031 5503 praztermissis,
3066 5433 3164 5489 sed
3193 5441 3250 5490 et
3304 5450 3425 5507 qua:
3451 5433 3825 5506 Zephyrimus

2210 5516 2449 5579 decrevit
2469 5521 2654 5593 (epist.
2686 5521 2762 5594 1),
2783 5530 2844 5579 ut
2874 5522 3099 5595 quilibet
3129 5523 3422 5597 episcopus
3463 5532 3746 5583 accusatus
3778 5537 3824 5580 ι
