4088 6180
267 231 370 287 333

986 228 1232 289 OPUSC.
1271 228 1362 286 ET
1415 229 1634 286 EPIST.
1687 227 1762 286 IN
1816 227 2042 286 CAUSA
2096 225 2440 286 HINCMARI
2475 227 2784 286 LAUDUN.

3462 228 3566 286 33L

267 353 559 410 duodecim
599 352 874 423 judicetur
919 355 1212 427 episcopis,
1245 355 1314 410 ad
1355 354 1654 422 Callistum,
1697 359 1750 408 et
1801 353 1946 414 adA
1973 360 2025 408 et
2053 367 2164 408 non
2192 352 2262 408 ab
2291 351 2504 420 alienis,
2536 351 2593 408 id
2621 360 2704 408 est
2730 367 2762 408 a
2791 367 2904 408 suae
2937 350 3100 423 justis
3130 350 3406 421 judicibus
3433 367 3569 424 pro-

268 443 491 498 Lucium
522 449 574 498 te
605 443 900 509 contulisti,
935 452 988 500 et
1025 461 1145 516 qum
1189 444 1495 514 Stephanus
1541 442 1741 510 statuit,
1776 441 1868 515 qui

268 541 390 604 post
420 547 522 587 eos
546 521 668 599 'fuit,
691 532 1008 606 contingere
1035 531 1272 600 noluisti,
1298 532 1389 605 qui
1408 531 1537 588 dicit
1560 531 1748 604 (epist.
1770 531 1867 602 2):

277 645 299 669 σ
327 621 526 676 Nullus
573 620 786 692 praefati
832 621 1060 691 ordinis,
1104 621 1357 676 videlicet
1401 619 1748 692 episcopalis,
1792 618 1874 674 vir

271 710 518 765 accusari
561 717 764 780 potest,
796 717 888 764 aut
917 710 1253 780 respondere
1301 709 1414 764 suis
1462 707 1874 765 accusatoribus

269 798 454 864 debet,
485 797 807 869 priusquam
843 798 1172 870 regulariter
1201 813 1234 853 a
1262 814 1360 854 suo
1390 785 1621 869 primate
1650 803 1876 853 vocatus

274 885 360 956 sit,
411 886 706 958 locumque
753 886 1082 942 defendendi
1110 895 1161 942 et
1191 887 1501 959 inquirendi
1549 885 1777 956 accipiat
1806 884 1878 940 ad

271 974 546 1030 abluenda
575 975 825 1030 crimina.
859 975 1004 1030 Nulli
1032 976 1178 1030 enim
1208 975 1630 1046 metropolitani,
1665 982 1756 1028 aut
1787 973 1880 1028 alii

273 1063 522 1135 episcopi
569 1063 911 1134 appellentur
955 1064 1250 1135 primates,
1303 1063 1408 1118 nisi
1444 1063 1499 1118 hi
1541 1063 1635 1134 qui
1679 1063 1880 1134 primas

273 1152 433 1206 sedes
473 1160 681 1218 tenent,
715 1160 769 1206 et
801 1168 1032 1224 quorum
1080 1153 1326 1208 civitates
1371 1151 1577 1223 antiqui
1617 1151 1882 1222 primates

274 1257 396 1297 esse
425 1249 779 1296 censuerunt.
825 1241 1040 1314 Reliqui
1071 1257 1220 1316 vero,
1254 1241 1345 1312 qui
1375 1241 1624 1296 civitates
1669 1248 1883 1294 metro-

272 1329 544 1402 politanas
573 1329 756 1400 adepti
777 1338 919 1397 sunt,
944 1345 1052 1385 non
1073 1330 1334 1402 primates
1353 1338 1444 1385 aut
1464 1328 1882 1400 archiepiscopi,

276 1419 370 1473 sed
434 1418 840 1489 metrOpolitani
887 1426 1170 1475 vocentur.
1223 1419 1396 1475 Urbes
1441 1417 1587 1474 enim
1637 1425 1690 1472 et
1740 1417 1882 1483 loca,

277 1506 474 1577 quibus
523 1507 784 1577 primates
826 1507 1121 1578 prmsidere
1167 1508 1387 1573 debent,
1431 1523 1542 1562 non
1583 1505 1884 1573 modernis,

283 1590 380 1649 sed
414 1595 580 1650 etiam
609 1595 795 1650 multis
824 1603 946 1650 ante
976 1597 1270 1652 adventum
1292 1595 1492 1651 Christi
1521 1602 1648 1650 sunt
1679 1600 1889 1649 statutae.

276 1683 643 1754 temporibus,
697 1700 930 1756 quarum
985 1684 1250 1755 primates
1307 1685 1468 1740 etiam
1510 1683 1744 1756 gentiles
1791 1698 1949 1775 proB

276 1771 578 1841 majoribus
606 1771 842 1845 negotiis
871 1773 1235 1843 appellabant.
1262 1774 1321 1828 In
1341 1773 1474 1844 ipsis
1495 1788 1625 1828 vero
1653 1771 1882 1826 urbibus

278 1867 402 1932 post
432 1860 634 1915 Christi
662 1861 958 1916 adventum
987 1860 1219 1932 apostoli
1239 1869 1292 1916 et
1313 1876 1662 1916 successores
1693 1875 1882 1915 eorum

276 1948 616 2020 patriarchas
643 1948 732 2004 vel
759 1949 1021 2020 primates
1049 1957 1366 2020 posuerunt,
1400 1948 1470 2004 ad
1499 1964 1636 2020 quos
1664 1947 1884 2020 episco-

278 2052 471 2109 porum
520 2037 766 2108 negotia,
802 2036 951 2093 salva
979 2037 1034 2092 in
1064 2037 1316 2093 omnibus
1353 2037 1650 2108 apostolica
1692 2043 1888 2092 aucto-

281 2125 456 2191 ritate,
483 2134 538 2180 et
559 2125 800 2194 majores
821 2141 1000 2181 causa;
1018 2134 1142 2196 post
1162 2125 1518 2197 apostolicam
1548 2133 1673 2181 sunt
1705 2125 1895 2181 sedem

281 2215 608 2270 referendae.
632 2216 701 2268 Et
719 2213 865 2280 licet,
889 2215 1151 2286 Apostolo
1189 2214 1535 2286 prohibente,
1573 2214 1716 2269 inter
1752 2213 1904 2269 Chri-

284 2303 485 2358 stianos
499 2319 610 2358 non
629 2302 864 2359 debeant
883 2303 1257 2359 accusationes
1273 2302 1538 2370 exerceri,
1555 2303 1600 2358 si
1616 2303 1897 2374 prohiberi

285 2408 392 2448 non
408 2399 675 2462 poterunt
691 2391 1088 2461 accusationes,
1103 2392 1479 2463 episcoporum
1494 2391 1561 2446 ad
1573 2398 1897 2446 memoratos

286 2481 560 2554 primates
579 2481 784 2538 debent
802 2481 869 2536 ad
889 2481 1292 2536 accusatoribus
1314 2479 1532 2536 deferri.
1562 2479 1899 2536 Studendum

282 2579 360 2626 est
379 2578 568 2626 tamen
590 2569 867 2642 episcopis
885 2577 943 2624 ut
965 2569 1294 2625 dissidentes
1311 2568 1508 2624 fratres
1526 2569 1704 2640 magis
1721 2569 1791 2624 ad
1810 2584 1904 2640 pa-

287 2673 404 2716 cem
433 2674 602 2732 quam
627 2658 985 2728 adjudicium
1007 2659 1373 2714 cohortentur.
1394 2658 1700 2730 Episcopus
1720 2665 1900 2712 autem

291 2748 449 2804 aliter
475 2763 590 2804 non
619 2747 783 2803 debet
815 2747 988 2803 audiri
1015 2747 1104 2803 vel
1126 2746 1382 2817 judicari,
1412 2746 1519 2801 nisi
1537 2746 1593 2801 in
1612 2745 1902 2817 praesentia

287 2837 533 2892 omnium
579 2836 1140 2907 comprovincialium,
1175 2835 1326 2891 etab
1354 2835 1606 2891 omnibus
1647 2850 1901 2906 compro-

287 2926 610 2982 vincialibus
649 2925 940 2997 episcopis,
985 2924 1080 2997 qui
1119 2924 1254 2996 ipsis
1297 2924 1610 2980 absentibus
1649 2923 1903 2993 judicarii

287 3030 385 3070 nec
413 3013 605 3081 debet,
642 3029 747 3070 nec
777 3021 972 3084 potest.
1016 3033 1038 3064 ι

359 3102 574 3160 Deinde
623 3101 863 3173 plurima
891 3118 956 3158 ex
996 3101 1244 3175 plurimis
1289 3117 1588 3173 exponens,
1642 3116 1762 3174 quae
1804 3100 1902 3155 tibi

289 3190 405 3248 visa
433 3191 659 3248 fuerunt
690 3197 873 3246 tecum
897 3189 1100 3258 facere,
1133 3191 1231 3246 sed
1261 3205 1456 3247 revera
1483 3189 1782 3261 probantur
1808 3204 1903 3246 re-

297 3279 598 3352 darguere,
643 3279 921 3350 Pelagium
951 3280 1300 3335 decessorem
1330 3279 1386 3334 S.
1420 3277 1673 3349 Gregorii
1702 3276 1902 3332 transi-

289 3368 418 3438 listi,
445 3377 500 3424 et
529 3368 698 3424 verba
729 3369 1070 3424 successoris
1097 3369 1213 3438 ejus
1245 3369 1304 3424 B.
1339 3365 1594 3439 Gregorii
1623 3367 1694 3422 ad
1719 3366 1902 3422 Theo-

291 3459 508 3514 ctistam
556 3457 840 3529 patriciam
868 3473 899 3512 a
928 3474 1028 3514 suo
1060 3472 1246 3526 sensu,
1282 3465 1540 3528 quantum
1575 3471 1641 3513 ex
1685 3453 1899 3521 te.fuit,

295 3547 568 3614 alienans,
597 3545 790 3601 alienis
820 3563 850 3600 a
877 3546 1039 3602 beato
1088 3545 1356 3620 Gregorio
1402 3544 1589 3601 verbis
1633 3543 1902 3615 impostu-

292 3637 445 3692 rasti.
500 3634 595 3690 Ait
640 3635 785 3690 enim
826 3635 972 3691 idem
1018 3634 1271 3708 Pelagius
1321 3634 1392 3690 ad
1440 3633 1760 3706 episcopos,
1812 3631 1905 3703 qui

298 3724 496 3794 injusta
527 3725 816 3780 vocatione
842 3723 1068 3780 Joannis
1099 3723 1168 3779 ad
1199 3723 1466 3795 synodum
1515 3719 1903 3778 Constantino-

297 3813 468 3886 polim
495 3821 559 3868 ut
588 3813 948 3869 decernerent
977 3828 1102 3868 eum
1125 3812 1487 3868 universalem
1508 3809 1693 3868 vocari
1711 3808 1908 3866 consti-

294 3909 513 3959 tuerunt
546 3901 758 3974 (Pelag.
791 3899 859 3970 II,
880 3903 1042 3974 epist.
1069 3904 1121 3967 l,
1144 3901 1246 3956 sub
1272 3899 1460 3973 tinem)
1484 3919 1498 3956 :
1527 3922 1551 3951 ‹‹
1571 3901 1651 3955 De
1681 3906 1902 3964 caetero,

291 3989 567 4064 inquiens,
603 3989 821 4058 fratres,
869 4005 1036 4061 super
1078 3989 1375 4062 provinciae
1419 4004 1603 4056 causa,
1635 3988 1779 4044 unde
1809 4002 1903 4042 se-

293 4079 416 4136 dem
442 4079 804 4153 apostolicam
831 4077 1036 4135 dudum
1064 4078 1354 4135 consulere
1386 4075 1654 4145 voluistis,
1687 4075 1904 4132 videtur

294 4170 448 4226 nobis
482 4166 816 4224 sufﬁcienter
844 4175 1131 4234 tractatum
1163 4183 1196 4222 a
1225 4167 1425 4223 sanctis
1469 4163 1903 4238 praedecessori-

293 4256 392 4314 bus
421 4257 652 4314 nostris.
679 4255 788 4312 Sed
828 4257 956 4329 quia
988 4256 1169 4312 denuo
1198 4263 1443 4312 nostram
1471 4253 1905 4310 mediocritatem

293 4346 356 4402 de
385 4347 586 4403 eadem
617 4361 676 4401 re
710 4344 1052 4418 interrogare
1107 4345 1336 4418 dignum
1391 4343 1650 4409 duxistis,
1712 4342 1902 4398 scitote

1970 441 2182 510 vinciae,
2217 449 2271 496 et
2297 457 2408 497 non
2437 441 2505 496 ab
2537 441 2792 511 externis,
2826 441 2950 512 nisi,
2983 448 3042 496 ut
3063 441 3180 510 jam
3224 440 3570 512 pmﬁbatum

1970 537 2072 597 est,
2091 545 2122 584 a
2140 529 2449 598 judicandis
2479 529 2643 585 fuerit
2670 529 2992 602 appellatus.
3018 529 3077 586 Si
3097 544 3226 586 vero
3249 529 3306 584 in
3337 529 3577 601 qualibet

1970 617 2252 690 provincia
2297 627 2432 675 ortae
2481 617 2682 675 fuerint
2727 618 3074 691 quaestiones,
3119 626 3172 674 et
3215 618 3360 676 inter
3403 617 3576 690 ipsius

1973 706 2272 778 provincia:
2299 708 2586 779 episcopos
2615 707 2931 780 discrepare
2959 707 3189 780 cmperit
3225 707 3380 775 ratio,
3413 715 3578 780 atque

1975 795 2115 851 inter
2155 795 2306 867 ipsos
2349 795 2678 852 dissidentes
2706 812 2816 852 non
2844 797 3152 866 conveniat,
3201 797 3271 852 ad
3316 796 3583 866 majorem

1977 890 2108 940 tunc
2139 885 2324 939 sedem
2366 883 2688 952 referantur,
2721 892 2776 940 et
2803 884 2852 940 si
2879 885 2990 942 illic
3016 884 3175 941 facile
3202 893 3256 942 et
3277 885 3426 954 juste
3470 900 3582 941 non

1979 972 2386 1042 discernuntur,
2417 973 2512 1028 ubi
2540 973 2702 1029 fuerit
2729 974 2970 1044 synodus
2999 973 3324 1046 regulariter
3351 988 3584 1046 congre-

1983 1070 2106 1133 gata
2137 1061 2400 1117 canonice
2429 1068 2485 1117 et
2505 1061 2652 1130 juste
2680 1061 3076 1118 discernantur.
3109 1062 3340 1131 Majores
3366 1075 3501 1118 vero
3529 1068 3584 1117 et

1983 1148 2230 1206 diﬂiciles
2277 1149 2626 1222 quastiones,
2659 1157 2718 1204 ut
2755 1157 2946 1206 sancta
2993 1150 3234 1222 synodus
3280 1149 3483 1216 statuit,
3533 1155 3588 1205 et

1981 1237 2145 1294 beata
2175 1238 2512 1295 consuetudo
2533 1238 2722 1312 exigit,
2753 1239 2822 1294 ad
2850 1238 3038 1295 sedem
3065 1238 3421 1312 apostolicam
3447 1252 3586 1294 sem-

1985 1342 2087 1398 per
2117 1326 2444 1384 referantur.
2482 1347 2504 1378 ι

2582 1436 2808 1493 CAPUT
2845 1437 2992 1494 XVI.

1984 1538 2060 1595 De
2115 1535 2414 1608 metropoli
2452 1535 2816 1608 ,Rhemorum,
2853 1539 2912 1590 et
2947 1537 3134 1608 castra
3176 1534 3487 1608 Lauduno;
3533 1537 3592 1592 et

2059 1606 2200 1732 Ἀτιοά
2229 1605 2345 1662 trés
2371 1607 2664 1679 primaria
2695 1606 2852 1661 sedes
2881 1621 3002 1661 una
3042 1607 3160 1676 fuit
3209 1605 3366 1661 sedes
3409 1608 3588 1663 Petri.

2107 1677 2368 1732 armistice
2395 1678 2468 1732 ad
2495 1680 2760 1732 sanctum
2788 1678 3106 1732 Remiaium
3137 1677 3396 1732 epistola.

2107 1677 2382 1735 manisdaz'
2395 1678 2468 1733 ad
2495 1680 2760 1733 sanctum
2788 1678 3106 1748 Remigium
3137 1677 3396 1749 epistola.

2067 1777 2224 1844 Vide,
2275 1777 2464 1846 frater,
2508 1785 2686 1833 utrum
2714 1785 2862 1833 certa
2893 1777 2962 1832 sit
2989 1776 3271 1848 provincia
3311 1769 3600 1849 metropoli

1993 1866 2328 1922 Rhemorum
2373 1882 2440 1920 ex
2488 1865 2712 1936 antiquo
2759 1865 3004 1935 subjecta
3051 1881 3065 1922 :
3115 1881 3238 1938 quas
3283 1863 3598 1938 metropolis

1993 1953 2248 2010 undecim
2301 1953 2546 2010 civitates
2600 1954 2703 2008 sub
2749 1969 2810 2010 se
2851 1954 3036 2009 habuit
3089 1955 3256 2010 etiam
3309 1963 3601 2028 antequam

1995 2041 2188 2098 beatus
2233 2041 2512 2115 Remigius
2559 2042 2880 2098 auctoritate
2919 2041 3161 2098 Africani
3203 2042 3419 2098 concilii
3447 2042 3599 2098 ordi-

1997 2139 2154 2186 naret
2203 2129 2520 2202 episcopum
2550 2130 2606 2185 in
2635 2130 2862 2187 castello
2889 2130 2945 2185 in
2976 2146 3086 2203 quo
3114 2139 3168 2186 et
3194 2138 3252 2186 tu
3280 2129 3600 2202 metropolis

1997 2227 2103 2275 tua
2123 2217 2455 2292 suffragator
2484 2235 2544 2274 es
2571 2219 2847 2275 ordinatus
2875 2218 3187 2291 episcopus,
3217 2227 3272 2276 et
3298 2218 3601 2291 refragator

1995 2308 2170 2380 ipsius
2198 2306 2476 2382 dignitatis
2519 2300 2684 2380 atque
2730 2307 3084 2375 auctoritatis,
3117 2323 3260 2378 asse,
3293 2315 3353 2364 ut
3378 2307 3596 2376 dicitur,

1999 2395 2287 2453 excrevisti
2315 2396 2386 2452 de
2413 2396 2609 2468 pusillo
2635 2411 2870 2468 magnus
2898 2397 3042 2468 apud
3075 2403 3129 2452 te
3162 2396 3468 2469 oppidanus
3497 2395 3608 2469 epi-

1999 2499 2216 2558 scopus.
2249 2483 2430 2554 Quod,
2463 2485 2602 2541 sicut
2631 2485 2926 2557 Eutropius
2955 2485 3212 2559 antiquus
3239 2485 3602 2559 historiogra-

1997 2573 2141 2646 phus
2168 2573 2320 2642 dicit,
2352 2581 2577 2630 auctore
2603 2573 2913 2630 Marcobrio
2939 2581 3178 2645 pratore
3205 2573 3502 2641 conditum,
3533 2571 3602 2630 ab

2000 2661 2222 2718 exordio
2250 2661 2333 2718 sui
2361 2662 2416 2718 in
2438 2661 2759 2734 paganismo
2800 2661 2945 2718 inter
2983 2661 3230 2718 civitates
3260 2659 3348 2719 vel
3373 2661 3603 2734 provin-

1999 2751 2168 2807 ciales
2213 2749 2376 2806 sedes
2417 2766 2618 2806 nomen
2647 2757 2701 2806 et
2727 2750 2909 2807 locum
2937 2764 3048 2806 non
3076 2749 3280 2806 habuit.
3335 2751 3406 2806 Et
3449 2758 3602 2822 post-

2001 2853 2165 2911 quam
2193 2839 2254 2892 B.
2287 2837 2467 2894 Sixtus
2495 2853 2530 2894 a
2559 2837 2709 2895 Sixto
2736 2838 2884 2894 sedis
2914 2838 3176 2895 Romana
3199 2837 3457 2910 pontiﬁce
3483 2837 3601 2911 pri-

2000 2943 2124 2983 mus
2153 2927 2223 2982 ad
2252 2926 2617 2983 Rhemensem
2635 2925 2982 2999 metropolim
2999 2926 3100 2983 fuit
3121 2927 3362 2984 directus
3387 2927 3600 3000 episco-

2000 3031 2122 3087 pus,
2172 3015 2230 3070 in
2275 3015 2688 3072 Christianismo
2728 3032 2828 3088 per
2871 3015 3182 3089 quindecim
3227 3015 3604 3088 archiepisco-

2001 3119 2194 3178 porum
2211 3111 2478 3176 tempora,
2493 3103 2741 3177 plurimis
2757 3119 3027 3162 annorum
3043 3104 3276 3162 evolutis
3290 3104 3600 3173 curriculis,

2001 3193 2058 3248 in
2087 3193 2382 3250 Rliemensi
2424 3194 2702 3265 parochia,
2751 3193 2891 3250 sicut
2917 3201 2972 3250 et
2997 3193 3102 3249 alia
3145 3193 3443 3266 municipia
3483 3209 3607 3265 quae

2000 3280 2273 3354 hodieque
2329 3281 2531 3337 ibidem
2586 3281 2923 3348 consistunt,
2982 3281 3368 3352 municipalem
3421 3280 3606 3337 locum

2002 3371 2190 3435 tenuit,
2221 3369 2360 3425 sicut
2387 3377 2442 3424 et
2473 3378 2650 3425 tomus
2695 3385 2860 3442 quem
2903 3369 3194 3426 Anacletus
3233 3368 3507 3442 episcopis
3535 3367 3606 3424 de

2003 3456 2214 3514 sedium
2241 3457 2544 3529 privilegiis
2575 3473 2634 3513 se
2665 3457 3132 3530 interrogantibus
3151 3473 3212 3512 se
3230 3455 3448 3514 misisse
3476 3455 3611 3514 dicit

2001 3553 2254 3617 patenter
2282 3545 2536 3612 ostendit,
2565 3544 2731 3602 veluti
2759 3545 2879 3618 ipse
2907 3544 3096 3620 legere
3138 3553 3295 3617 potes
3324 3546 3383 3601 in
3409 3543 3608 3602 eodem

2001 3633 2281 3700 breviaro,
2330 3633 2388 3688 in
2447 3649 2555 3706 quo
2615 3632 2904 3706 descriptis
2956 3633 3264 3690 civitatibus
3320 3632 3610 3706 metropoli

2003 3723 2334 3780 Rhemorum
2365 3721 2644 3792 subjectis,
2669 3738 2869 3779 nomen
2897 3721 3109 3779 castelli
3134 3722 3193 3778 in
3221 3737 3330 3795 quo
3360 3738 3422 3778 es
3449 3721 3606 3780 ordi-

2003 3819 2162 3868 natus
2203 3811 2512 3884 episcopus,
2563 3827 2904 3884 nequaquam
2948 3809 3214 3867 invenies.
3265 3810 3376 3866 Sed
3412 3819 3468 3867 et
3507 3801 3627 3884 per-

2002 3898 2190 3972 plures
2231 3916 2404 3956 annos
2454 3907 2702 3972 tempore
2751 3899 2996 3970 ejusdem
3023 3900 3083 3955 B.
3116 3898 3370 3972 Remigii,
3403 3899 3515 3972 qui,
3549 3906 3610 3956 ut

2003 4005 2230 4046 veraces
2257 3989 2580 4044 nostratium
2625 3987 2864 4045 historiae
2905 3995 3228 4056 monstrant,
3261 3987 3609 4062 septuaginta

2007 4086 2240 4150 quatuor
2268 4085 2322 4134 et
2350 4092 2417 4135 eo
2447 4077 2680 4150 amplius
2725 4092 2898 4136 annos
2925 4077 2983 4134 in
3010 4077 3328 4150 episcOpatu
3373 4077 3605 4150 degens,

2006 4173 2060 4223 et
2086 4166 2270 4222 multis
2297 4165 2606 4238 insignibus
2632 4166 2918 4224 virtutibus
2939 4166 3138 4237 clarus,
3156 4169 3272 4236 jam
3301 4167 3358 4222 in
3385 4172 3607 4222 senecta

2005 4271 2102 4311 sua
2147 4255 2350 4311 ibidem
2396 4254 2662 4311 ordinavit
2707 4254 3056 4332 episcopum,
3108 4263 3164 4310 et
3206 4255 3370 4310 rebus
3423 4255 3606 4312 eccle-

2005 4342 2240 4400 siasticis
2270 4343 2552 4415 (quoniam
2597 4343 2898 4398 secundum
2941 4357 3131 4398 sacras
3176 4340 3399 4415 regulas
3443 4341 3606 4414 quid-

294 4444 500 4492 certam
528 4433 868 4507 provinciam
898 4450 1020 4489 esse
1049 4449 1171 4506 quae
1200 4433 1362 4489 habet
1391 4432 1583 4489 decem
1609 4429 1698 4488 vel
1727 4431 1898 4486 unde-
1916 4427 1972 4490 D
2003 4431 2132 4504 quid
2161 4446 2343 4487 rerum
2363 4437 2416 4486 et
2435 4429 2833 4502 mancipiorum
2851 4431 2908 4485 in
2927 4429 3120 4486 ordine
3139 4429 3491 4502 episcopatus
3512 4444 3606 4488 ac-

292 4523 392 4580 cim
441 4524 715 4588 civitates,
752 4529 803 4577 et
829 4538 996 4577 unum
1038 4538 1227 4594 regem
1249 4563 1262 4589 ,
1295 4529 1349 4576 et
1389 4521 1616 4577 totidem
1661 4519 1900 4576 minores

293 4619 597 4684 potestates
627 4609 729 4665 sub
758 4625 838 4678 se,
871 4617 925 4666 et
951 4627 1120 4666 unum
1150 4610 1486 4682 episcopum,
1518 4609 1764 4680 aliosque
1793 4607 1900 4664 suf-

295 4700 605 4776 fragatores
633 4699 828 4756 decem
857 4699 944 4755 vel
971 4699 1224 4756 undecim
1255 4699 1542 4770 episcopos
1565 4697 1800 4767 judices,
1833 4696 1900 4751 ad

294 4805 527 4862 quorum
551 4787 820 4859 judicium
849 4803 1039 4844 omnes
1068 4803 1249 4844 causa:
1291 4787 1688 4858 episcoporum,
1725 4792 1779 4840 et
1805 4799 1900 4842 re-

293 4877 572 4952 liquorum
593 4876 961 4943 sacerdotum,
985 4892 1045 4932 ac
1067 4876 1346 4933 civitatum
1369 4890 1548 4931 causae
1573 4873 1896 4938 referantur,

295 4974 352 5022 ut
379 4967 452 5022 ab
480 4967 568 5021 his
597 4964 850 5020 omnibus
885 4967 1032 5034 juste
1074 4979 1318 5022 consona
1347 4980 1483 5021 voce
1512 4962 1898 5029 decernantur,

299 5055 402 5110 nisi
430 5055 505 5110 ad
533 5055 798 5123 majorem
827 5053 1202 5110 auctoritatem
1232 5053 1394 5109 fuerit
1423 5052 1494 5108 ab
1521 5052 1606 5107 his
1637 5050 1730 5124 qui
1749 5049 1898 5120 judi-

295 5143 453 5199 candi
495 5149 623 5198 sunt
667 5142 1012 5214 appellatum.
1047 5143 1202 5198 Unde
1231 5157 1340 5198 non
1370 5147 1580 5214 oportet
1607 5147 1667 5195 ut
1695 5139 1900 5212 degra-

293 5232 451 5288 detur
497 5230 590 5288 vel
634 5231 1003 5287 dehonoretur
1056 5245 1394 5303 unaquaeque
1447 5228 1750 5301 provincia,
1803 5227 1902 5284 sed

293 5320 436 5393 apud
465 5320 820 5390 semetipsam
849 5319 1048 5375 habeat
1069 5319 1284 5389 judices
1328 5319 1664 5387 sacerdotes,
1697 5324 1750 5372 et
1779 5315 1901 5388 epi-

296 5424 493 5481 scopos
524 5407 796 5482 singulos,
819 5407 1072 5465 videlicet
1093 5409 1246 5478 juxta
1267 5407 1488 5463 ordines
1509 5421 1659 5478 suos,
1693 5413 1745 5460 et
1774 5404 1900 5477 qui-

293 5521 528 5581 cumque
560 5521 781 5564 causam
809 5505 1076 5573 habuerit,
1111 5521 1144 5562 a
1173 5505 1285 5562 suis
1310 5505 1586 5575 judicibus
1610 5502 1901 5572 judicetur,

2002 4519 2170 4594 quirit
2185 4519 2494 4590 episcopus,
2515 4519 2654 4576 sicut
2681 4527 2736 4574 et
2762 4518 2869 4576 illa;
2889 4535 3012 4593 qua
3030 4525 3156 4576 ante
3176 4518 3394 4575 fuerunt
3410 4517 3602 4576 Eccle-

2000 4608 2115 4676 siae,
2148 4607 2417 4664 habentur
2441 4605 2890 4680 Ecclesiasticaa),
2913 4607 3060 4665 idem
3090 4605 3428 4680 episcopium
3455 4605 3604 4662 suﬂi-

1999 4697 2206 4754 cienter
2232 4695 2439 4753 ditavit.
2471 4695 2837 4765 Quamobrem
2857 4696 2996 4752 sicut
3017 4696 3180 4753 sedes
3206 4693 3597 4764 Ecclesiarum,

1999 4785 2207 4844 scilicet
2250 4787 2527 4856 Romanae,
2571 4784 2970 4856 Alexandrinae,
3015 4793 3178 4856 atque
3227 4782 3599 4852 Antiochente,

1999 4875 2203 4932 idcirco
2233 4874 2544 4946 specialiter
2571 4873 2805 4946 legimus
2833 4871 2993 4929 sedes
3039 4871 3168 4940 dici,
3201 4888 3324 4929 cum
3351 4872 3603 4945 plurimm

2000 4962 2160 5020 sedes
2189 4971 2243 5020 et
2269 4963 2660 5034 apostolorum,
2691 4961 2831 5018 sicut
2869 4959 3062 5017 Jacobi
3105 4959 3518 5034 Hierosolymis,
3549 4968 3604 5020 et

1999 5051 2222 5108 Joannis
2252 5051 2400 5123 apud
2447 5051 2744 5122 Ephesum,
2775 5049 2834 5106 in
2859 5064 2970 5121 qua
2999 5049 3140 5106 sedit
3165 5057 3222 5106 et
3247 5049 3602 5107 Thimotheus

2000 5140 2146 5197 beati
2162 5138 2314 5196 Pauli
2334 5138 2651 5210 discipulus,
2671 5145 2724 5194 et
2738 5135 2922 5193 multae
2942 5137 3063 5196 alias
3079 5137 3456 5211 principalium
3477 5136 3602 5194 civi-

2001 5236 2169 5284 tatum
2200 5228 2456 5302 quoniam
2486 5228 2645 5284 sedes
2675 5234 2818 5295 sunt,
2858 5226 2990 5299 quin
3032 5228 3231 5299 potius,
3263 5226 3388 5284 licet
3417 5225 3602 5298 dispa-

2001 5325 2192 5373 rentur
2219 5316 2617 5389 longinquitate
2645 5323 2934 5386 terrarum,
2957 5331 3068 5372 una
3088 5316 3251 5372 sedes
3269 5321 3394 5370 sunt
3413 5313 3603 5386 magni

1998 5405 2145 5463 Petri
2173 5403 2544 5478 apostolorum
2570 5404 2832 5478 principis
2865 5423 2878 5461 :
2909 5405 2981 5460 ita
3009 5421 3108 5476 pro
3133 5402 3299 5459 modo
3328 5418 3429 5458 suo
3459 5403 3604 5460 Rhe-

2001 5519 2216 5561 morum
2262 5501 2600 5576 metropolis,
2631 5511 2685 5560 et
2721 5501 3096 5560 Laudunensis
3141 5501 3418 5576 parochia,
3470 5517 3608 5578 spe:
