4004 6176
516 301 621 354 335

1519 290 1860 346 HINCMARI
1891 287 2292 344 RHEMENSIS
2322 289 2873 346 ARCHIEPISCOPI.

3713 295 3818 374 336

516 421 728 479 cialiter
756 421 899 476 inter
927 427 1156 476 caeteras
1185 417 1348 473 sedes
1375 415 1739 487 provinciales
1783 415 2114 470 Ithemorum
2135 413 2190 473 A
2219 413 2365 485 legia
2389 415 2560 470 tertiae
2588 415 2735 470 sedis
2765 429 3086 486 agnoscere,
3111 431 3231 485 quae
3251 413 3307 468 in
3324 413 3474 470 nullo
3494 416 3824 486 cujusquam

513 510 812 584 provincia:
841 523 950 566 una
981 516 1063 563 est
1091 507 1271 572 sedes,
1297 505 1426 576 quia
1444 505 1635 560 beatus
1667 503 1946 574 Remigius
1973 518 2120 558 eam-

515 600 640 655 dem
689 598 877 658 sedem
923 597 1339 652 Laudunensem
1387 593 1444 648 in
1489 591 1750 648 subsellio
1797 591 2120 647 Rhemensis

513 687 830 759 metropolis
872 685 1174 742 consedere
1221 682 1366 748 fecit,
1421 697 1582 752 quam
1623 696 1656 735 a
1697 697 1790 735 sua
1836 679 2112 751 parochia,

511 793 620 832 non
669 783 847 830 autem
875 791 905 828 a
933 771 1184 828 dimcesis
1231 769 1532 842 provincia,
1585 768 1763 824 scidit.
1809 766 1948 835 Quia
1985 783 2116 824 vero

508 863 874 920 Alexandrina
903 869 956 918 et
983 861 1325 916 Antiochena
1373 858 1554 924 sedes,
1603 857 1740 912 sicut
1771 865 1824 911 et
1853 858 2112 940 Romana,

505 952 649 1008 beati
679 951 822 1007 Petri
867 951 972 1005 sint
1015 949 1194 1018 sedes,
1243 949 1352 1004 Leo
1396 945 1465 1002 ad
1509 946 1829 1002 Dioscorum
1875 944 2113 1000 Alexan-

505 1039 722 1096 drinum
743 1039 1063 1110 episcopum
1083 1042 1370 1102 monstrat,
1389 1035 1578 1090 dicens
1599 1034 1786 1105 (epist.
1806 1032 1862 1104 7)
1887 1049 1900 1086 :
1929 1053 1950 1082 ι
1977 1033 2110 1088 Cum

505 1129 648 1185 enim
715 1126 1061 1184 beatissimus
1125 1125 1316 1178 Petrus
1377 1121 1738 1193 apostolicum
1787 1136 1820 1175 a
1875 1121 2110 1178 Domino

503 1217 778 1288 acceperit
817 1214 1196 1287 principatum,
1243 1219 1296 1266 et
1343 1213 1588 1266 Romana
1631 1209 1881 1265 Ecclesia
1911 1209 1966 1263 in
1994 1210 2110 1277 ejus

499 1313 818 1376 permaneat
859 1302 1133 1369 institutis,
1168 1299 1320 1354 nefas
1349 1307 1432 1354 est
1463 1299 1686 1354 credere
1718 1297 1864 1370 quod
1895 1307 2108 1353 sanctus

501 1392 798 1463 discipulus
847 1391 963 1460 ejus
1007 1391 1238 1456 Marcus,
1285 1388 1378 1460 qui
1419 1386 1840 1443 Alexandrinam
1899 1387 2107 1458 primus

499 1481 806 1538 Ecclesium
840 1478 1181 1552 gubernavit,
1217 1475 1338 1533 aliis
1365 1476 1572 1548 regulis
1601 1475 1950 1531 traditionum
1981 1491 2108 1531 sua—

501 1585 622 1624 rum
651 1567 870 1624 decreta
913 1566 1242 1632 formaverit,
1292 1581 1414 1622 cum
1459 1565 1575 1620 sine
1617 1564 1784 1620 dubio
1813 1565 1882 1620 de
1911 1564 2105 1620 eodem

499 1657 649 1714 fonte
677 1656 867 1730 gratia:
913 1673 1052 1710 unus
1100 1655 1320 1726 spiritus
1351 1661 1404 1708 et
1436 1651 1686 1724 discipuli
1717 1653 1875 1708 fuerit
1903 1661 1956 1708 et
1983 1669 2103 1708 ma-

501 1745 678 1819 gistri,
730 1761 832 1800 nec
879 1744 1025 1800 aliud
1078 1743 1358 1798 ordinatus
1407 1741 1618 1796 tradere
1661 1741 1892 1830 potuerit
1943 1757 2102 1812 quam
2121 1771 2171 1830 B

499 1835 646 1908 quod
675 1833 742 1888 ab
772 1833 1081 1890 ordinatore
1129 1831 1388 1902 suscepit.
1432 1832 1554 1886 Non
1601 1845 1732 1900 ergo
1781 1829 2016 1901 patimur
2045 1838 2103 1884 ut

499 1940 621 1980 cum
647 1923 808 1979 unius
851 1937 952 1979 nos
999 1921 1240 1992 corporis
1271 1927 1324 1974 et
1353 1917 1478 1974 fidei
1525 1918 1805 1984 fateamur,
1839 1918 1894 1972 in
1921 1917 2102 1990 aliquo

497 2013 888 2083 discrepemus,
927 2019 980 2067 et
1027 2011 1132 2066 alia
1161 2009 1417 2074 doctoris,
1450 2008 1553 2062 alia
1582 2006 1831 2079 discipuli
1859 2007 2100 2062 instituta

493 2101 793 2158 videantur.
852 2122 873 2150 υ
925 2101 994 2154 Et
1051 2106 1270 2154 sanctus
1326 2097 1627 2168 Gregorius
1681 2097 1750 2150 ad
1805 2096 2098 2168 Eulogium

492 2189 922 2246 Alexandrinum
953 2188 1268 2259 episcopum
1299 2187 1416 2258 (lib.
1449 2201 1570 2256 vm,
1594 2187 1758 2257 epist.
1795 2185 1882 2256 42)
1909 2203 1920 2238 :
1951 2205 1974 2234 α
2001 2185 2098 2240 Ve-

491 2279 679 2348 ritatis,
713 2277 906 2349 inquit,
936 2276 1204 2342 minister,
1249 2275 1394 2330 Petri
1441 2289 1644 2346 sequax
1677 2281 1730 2327 et
1759 2281 1959 2328 sanctae
1982 2273 2096 2328 Ec-

491 2366 674 2422 clesiae
701 2365 1049 2436 praedicator,
1083 2363 1186 2419 scit
1215 2363 1340 2434 quia
1383 2361 1476 2416 illa
1521 2361 1666 2432 loqui
1697 2361 1938 2432 potuisti,
1973 2377 2095 2433 quae

489 2454 560 2510 de
590 2454 722 2509 sede
753 2453 898 2507 Petri
927 2451 1158 2524 apostoli
1187 2467 1286 2522 per
1315 2465 1378 2506 os
1407 2449 1646 2505 doctoris
1670 2465 1868 2504 sonare
1895 2448 2094 2506 debue-

487 2550 631 2598 runt.
667 2567 688 2590 ιι
723 2543 792 2596 Ει
819 2541 948 2596 item
988 2541 1132 2596 idem
1163 2539 1228 2594 ad
1259 2539 1548 2595 eumdem:
1574 2537 1653 2592 Sit
1681 2553 1815 2610 ergo
1843 2537 1922 2593 illi
1949 2539 2087 2604 laus,

484 2631 554 2686 sit
581 2631 638 2686 in
667 2629 898 2686 excelsis
927 2629 1118 2702 gloria,
1143 2629 1298 2697 cujus
1319 2627 1463 2682 dono
1493 2625 1670 2680 adhuc
1701 2627 1756 2680 in
1786 2626 1918 2680 sede
1947 2625 2088 2681 Petri

483 2719 676 2775 clamat
705 2735 809 2775 vox
849 2718 1032 2774 Marci.
1071 2739 1092 2767 υ
1125 2718 1210 2774 De
1255 2715 1592 2771 Antiochena
1635 2721 1816 2768 autem
1845 2713 2088 2769 Ecclesia

483 2816 704 2863 sanctus
759 2806 1103 2862 Innocentius
1145 2806 1212 2858 ad
1261 2803 1629 2859 Alexandrum
1687 2803 2086 2858 Antiochenum

479 2896 796 2967 episcopum
844 2895 975 2951 dicit
1021 2895 1208 2966 (epist.
1242 2895 1381 2962 20):
1437 2915 1458 2940 ‹‹
1492 2891 1853 2947 Revolventcs
1901 2892 2085 2963 itaque

479 2983 854 3039 auctoritatem
901 2983 1140 3038 Nicaznae
1187 2981 1398 3052 synodi,
1431 2996 1550 3050 quae
1583 2995 1686 3032 una
1717 2979 1958 3036 omnium
1987 2995 2084 3050 per

483 3071 676 3128 orbem
704 3080 976 3126 terrarum
1005 3077 1242 3125 mentem
1286 3067 1520 3139 explicat
1565 3069 1927 3134 sacerdotum,
1961 3085 2080 3140 qua:

481 3159 692 3216 censuit
717 3159 787 3216 de
815 3159 1148 3214 Antiochena
1179 3156 1429 3212 Ecclesia
1457 3155 1664 3210 cunctis
1709 3153 1979 3222 ﬁdelibus,
2013 3171 2080 3212 ne

478 3247 706 3303 dixerim
755 3247 1168 3316 sacerdotibus,
1211 3263 1334 3301 esse
1376 3245 1742 3300 necessarium
1775 3243 2076 3314 custodire,

474 3351 582 3409 qua
629 3353 792 3408 super
834 3335 1116 3391 dioecesim
1165 3349 1320 3390 suam
1369 3333 1680 3405 praedictam
1735 3331 2074 3400 Ecclesiam,

472 3441 584 3480 non
649 3442 814 3496 super
875 3424 1038 3480 alium
1109 3422 1342 3495 aliquam
1409 3421 1746 3494 provinciam
1805 3437 2075 3492 recogno-

471 3514 670 3570 scimus
719 3513 1080 3570 constitutam.
1131 3513 1286 3568 Unde
1336 3512 1670 3568 advertimus
1700 3517 1947 3566 nontam
1975 3525 2074 3581 pro

467 3602 697 3658 civitatis
743 3601 1154 3673 magnificentia
1183 3603 1287 3657 hoc
1319 3601 1494 3658 eidem
1525 3601 1858 3665 attributum,
1911 3614 2072 3671 quam

467 3691 610 3762 quod
665 3691 838 3762 prima
893 3691 1054 3760 primi
1114 3689 1344 3760 apostoli
1399 3688 1559 3744 sedes
1619 3705 1741 3744 esse
1801 3697 2070 3744 monstre-

465 3785 575 3845 tur,
609 3779 700 3833 ubi
730 3786 784 3833 et
812 3793 1010 3833 nomen
1041 3777 1250 3846 accepit
1279 3777 1471 3848 religio
1517 3777 1836 3838 Christiana,
1869 3783 1922 3830 et
1951 3791 2070 3846 quae

465 3874 790 3924 conventum
820 3865 1194 3936 apostolorum
1224 3864 1370 3934 apud
1401 3881 1460 3918 se
1489 3863 1610 3918 ﬁeri
1653 3865 2068 3919 celeberrimum

461 3955 680 4021 meruit,
713 3969 940 4024 quaeque
967 3953 1120 4006 urbis
1150 3953 1337 4008 Romae
1387 3952 1504 4006 sedi
1551 3967 1660 4006 non
1688 3953 1926 4020 cederet,
1963 3953 2066 4008 nisi

462 4041 609 4115 quod
649 4041 736 4095 illa
783 4041 838 4096 in
883 4041 1110 4096 transitu
1154 4040 1366 4108 meruit,
1417 4041 1522 4095 ista
1569 4049 1877 4110 susceptum
1921 4041 2066 4111 apud

462 4146 522 4185 se
551 4136 1090 4201 consummatumque
1122 4129 1342 4202 gaudet.
1375 4149 1396 4179 ν
1431 4129 1502 4183 Et
1533 4130 1640 4183 Leo
1671 4129 1741 4182 ad
1773 4129 2063 4184 Maximum

461 4217 858 4274 Antiochenum
875 4217 1191 4289 episcopum
1213 4217 1400 4290 (epist.
1425 4218 1513 4288 66)
1537 4233 1548 4271 :
1571 4217 1844 4288 «Oportet,
1866 4215 2058 4288 inquit,

459 4306 804 4362 dilectionem
851 4314 999 4362 tuam
1047 4315 1159 4362 toto
1206 4306 1372 4362 corde
1421 4306 1736 4376 conspicere
1768 4305 1920 4374 cujus
1949 4306 2059 4360 Ec-

2219 501 2510 557 ambitione
2542 503 2802 558 minuitur
2836 521 2848 556 :
2883 503 3010 574 quia
3041 509 3185 557 tanta
3216 503 3362 573 apud
3391 519 3480 558 me
3521 513 3604 558 est
3635 504 3822 560 Nicae—

2217 607 2412 646 norum
2445 607 2712 646 canonum
2742 591 3067 658 reverentia,
3091 599 3151 646 ut
3170 607 3234 646 ea
3265 609 3386 663 qua:
3415 599 3538 648 sunt
3559 609 3592 647 a
3615 595 3822 650 sanctis

2215 679 2468 734 Patribus
2515 681 2834 746 constituta,
2897 696 2997 736 nec
3051 680 3430 751 permiserim,
3487 698 3588 736 nec
3646 683 3824 752 patiar

2213 765 2392 839 aliqua
2423 768 2660 824 novitate
2691 767 2904 824 violari.
2937 769 3004 823 Et
3033 769 3080 824 si
3107 769 3252 824 enim
3301 769 3518 825 diversa
3559 785 3822 824 nonnun-

2215 870 2380 926 quam
2411 865 2534 912 sunt
2561 857 2757 912 merita
2785 857 3096 928 praesulum,
3130 865 3312 913 tamen
3337 858 3462 926 jura
3497 865 3824 929 permanent

2213 943 2444 1010 sedium,
2477 945 2673 1015 quibus
2721 954 2948 1016 possunt
2992 945 3172 1001 aemuli
3220 946 3682 1016 perturbationem
3709 947 3820 1002 ali-

2213 1049 2374 1104 quam
2405 1032 2652 1090 fortassis
2695 1033 2913 1102 inferre,
2947 1049 3056 1092 non
3085 1043 3266 1091 tamen
3307 1043 3536 1107 possunt
3565 1036 3818 1092 minuere

2211 1121 2554 1192 dignitatem.
2593 1143 2615 1172 ι

2279 1210 2347 1266 Et
2393 1219 2612 1266 sanctus
2659 1211 2962 1284 Gregorius
3011 1213 3080 1266 ad
3125 1213 3467 1269 Anastasium
3515 1214 3820 1271 Antioche-

2207 1314 2338 1353 num
2369 1299 2684 1371 episcopum
2713 1301 2831 1372 (lib.
2867 1316 2965 1366 vn,
2997 1301 3158 1372 epist.
3192 1301 3248 1372 3)
3273 1320 3286 1355 :
3313 1324 3336 1352 ι
3361 1303 3506 1358 Ecce
3534 1303 3590 1357 in
3621 1313 3818 1360 sancta

2207 1395 2484 1444 senectute
2515 1389 2790 1444 beatitudo
2819 1398 3000 1444 vestra
3027 1390 3210 1444 multis
3239 1391 3680 1447 tribulationibus
3727 1393 3816 1448 la-

2207 1476 2382 1544 borat,
2417 1477 2512 1532 sed
2539 1478 2859 1548 perpendat,
2891 1479 3046 1547 cujus
3083 1479 3274 1534 sedem
3319 1487 3512 1544 teneat,
3565 1481 3818 1551 nunquid

2203 1579 2311 1619 non
2341 1565 2504 1632 illius,
2529 1566 2614 1622 cui
2645 1582 2779 1623 voce
2808 1567 3048 1623 veritatis
3075 1567 3280 1622 dictum
3301 1575 3419 1622 est:
3447 1569 3584 1624 Cum
3615 1585 3818 1626 senue-

2201 1655 2301 1721 ris,
2322 1655 2472 1710 alius
2491 1661 2545 1711 te
2563 1657 2768 1726 cinget,
2791 1660 2846 1710 et
2863 1655 3028 1711 ducet
3045 1673 3149 1728 quo
3165 1673 3280 1713 non
3295 1657 3601 1728 vis?(Joan.
3621 1659 3810 1729 1111.))

2201 1741 2270 1796 Et
2289 1741 2433 1796 idem
2453 1743 2522 1796 ad
2543 1743 2796 1798 eumdem
2817 1745 2936 1814 (lib.
2961 1761 3035 1810 tv,
3059 1747 3224 1817 epist.
3249 1747 3342 1814 37)
3370 1763 3383 1798 :
3413 1767 3434 1794 ε
3463 1747 3660 1815 Amen,
3683 1763 3814 1819 gra-

2203 1829 2294 1883 tia.
2319 1829 2453 1898 Qum
2482 1831 2738 1886 videlicet
2763 1833 2950 1902 verba,
2981 1833 3050 1888 de
3079 1833 3295 1904 scriptis
3327 1833 3525 1889 vestris
3555 1845 3812 1905 accepta,

2201 1917 2407 1974 idcirco
2437 1918 2492 1974 in
2522 1920 2658 1974 meis
2689 1920 2934 1992 epistolis
2977 1937 3142 1992 pono,
3173 1930 3230 1976 ut
3261 1923 3329 1976 de
3363 1930 3552 1978 sancto
3599 1923 3816 1996 [gnatio

2199 2015 2377 2062 vestra
2422 2008 2694 2064 beatitudo
2741 2018 3036 2082 cognoscat
3084 2009 3208 2082 quia
3255 2026 3363 2066 non
3413 2011 3594 2066 solum
3623 2021 3818 2070 vester

2199 2099 2299 2156 est,
2331 2093 2431 2146 sed
2461 2091 2622 2147 etiam
2661 2101 2866 2148 noster.
2921 2093 3071 2149 Sicut
3118 2094 3264 2150 enim
3309 2095 3641 2167 magistrum
3687 2097 3816 2165 ejus

2197 2181 2570 2249 apostolorum
2623 2181 2926 2252 principem
2981 2183 3246 2238 habemus
3304 2199 3672 2250 communem,
3739 2185 3812 2240 ita

2195 2283 2408 2338 quoque
2431 2269 2676 2337 ejusdem
2695 2269 2953 2340 principis
2983 2271 3310 2342 discipulum
3347 2272 3530 2326 nullus
3549 2281 3806 2328 nostrum

2193 2356 2356 2411 habet
2385 2358 2675 2428 privatum.
2717 2379 2737 2408 υ
2775 2361 2931 2414 lIunc
2978 2359 3122 2413 enim
3167 2359 3434 2432 lgnatium
3465 2362 3662 2416 beatus
3691 2363 3808 2417 Pe-

2193 2451 2309 2499 trus
2333 2489 2345 2512 ,
2379 2447 2598 2517 quando
2643 2447 2870 2502 Romam
2921 2447 3103 2518 petiit,
3153 2449 3454 2504 Antiochia
3483 2466 3584 2520 pro
3615 2467 3676 2506 se
3709 2467 3806 2506 or-

2191 2533 2393 2588 dinavit
2436 2535 2768 2606 episcopum.
2802 2537 2872 2590 Et
2901 2535 3029 2590 licet
3075 2535 3263 2591 beatus
3311 2537 3506 2593 Petrus
3551 2547 3718 2594 antea
3749 2539 3804 2594 in

2189 2622 2474 2678 Antiochia
2504 2623 2722 2688 sederit,
2757 2641 2920 2696 quam
2945 2625 3174 2680 Romam
3208 2626 3434 2692 venerit,
3469 2627 3616 2682 unde
3643 2629 3804 2683 Mar-

2186 2727 2308 2764 cum
2339 2711 2722 2766 Alexandriam
2751 2713 2899 2768 misit
2933 2730 2944 2768 :
2979 2729 3086 2769 non
3119 2723 3297 2770 tamen
3345 2715 3466 2770 ideo
3511 2717 3806 2772 Antiochia

2185 2800 2442 2866 secunda,
2489 2801 2586 2855 sed
2632 2801 2789 2856 tertia
2829 2802 3008 2870 sedes,
3043 2811 3096 2856 et
3125 2803 3495 2858 Alexandrina
3545 2803 3804 2862 Ecclesia

2185 2889 2425 2944 secunda
2469 2889 2629 2944 sedes
2661 2889 2878 2956 dicitur,
2927 2898 3155 2962 propter
3199 2891 3548 2964 privilegium
3601 2893 3801 2948 Evan-

2181 2975 2331 3044 gelii,
2366 2977 2512 3046 quod
2541 2986 2763 3032 sanctus
2793 2980 3012 3034 Marcus
3039 2979 3372 3052 evangelista
3395 2995 3490 3035 ore
3521 2981 3670 3036 Petri
3699 2998 3800 3037 ex-

2181 3064 2322 3134 cepit
2353 3072 2512 3136 atque
2544 3065 2890 3136 conscripsit,
2925 3067 3070 3138 quod
3097 3075 3148 3122 et
3179 3067 3234 3122 in
3263 3068 3596 3124 Alexandria
3640 3087 3800 3140 prae-

2180 3151 2411 3220 dicavit,
2446 3161 2498 3208 et
2535 3154 2960 3210 Alexandrinum
3009 3157 3306 3226 populum,
3359 3173 3484 3212 cum
3531 3157 3798 3227 subjectis

2179 3240 2358 3294 eidem
2413 3257 2630 3314 magnae
2677 3243 2880 3298 civitati
2931 3244 3177 3311 urbibus,
3231 3261 3372 3300 veras
3419 3245 3548 3301 ﬁdei
3585 3246 3794 3302 funda-

2176 3337 2360 3384 mento
2391 3329 2653 3400 fundavit,
2688 3331 2826 3387 sicut
2855 3341 2908 3388 et
2937 3343 3154 3388 sanctus
3186 3333 3481 3404 Gregorius
3511 3334 3578 3388 ad
3611 3335 3792 3391 Eulo-

2175 3417 2324 3488 gium
2355 3417 2778 3475 Alexandrinum
2829 3421 3149 3492 episcopum
3198 3421 3340 3476 inter
3367 3430 3566 3478 caetera
3597 3424 3794 3480 scribit

2173 3505 2362 3561 dicens
2393 3509 2510 3576 (lib.
2534 3524 2586 3574 v,
2613 3511 2776 3580 epist.
2801 3512 2890 3580 60)
2913 3527 2928 3564 :
2959 3532 2980 3560 α
3007 3511 3105 3565 Est
3125 3509 3328 3582 aliquid
3357 3511 3504 3582 quod
3531 3528 3632 3568 nos
3653 3529 3790 3585 erga

2171 3595 2592 3651 Alexandrinam
2623 3597 2922 3653 Ecclesium
2955 3599 3189 3670 quadam
3227 3599 3612 3670 peculiaritate
3641 3617 3784 3658 con-

2171 3684 2408 3757 stringit,
2444 3685 2578 3740 etin
2630 3687 2748 3756 ejus
2795 3701 2979 3743 amore
3029 3688 3314 3758 proniores
3362 3689 3599 3744 existere
3648 3707 3784 3760 spe-

2168 3771 2292 3826 ciali
2343 3774 2744 3843 quodammodo
2793 3774 2918 3846 lege
2965 3775 3258 3846 compellit.
3307 3777 3449 3830 Nam
3495 3777 3636 3832 sicut
3663 3793 3786 3832 om-

2167 3860 2328 3914 nibus
2377 3861 2544 3933 liquct
2587 3863 2732 3933 quod
2781 3863 2969 3918 beatus
3021 3865 3358 3936 evangelista
3405 3867 3622 3921 Marcus
3651 3881 3686 3920 a
3719 3867 3778 3922 S.

2166 3949 2324 4003 Petro
2355 3951 2595 4020 apostolo
2625 3951 2888 4024 magistro
2935 3968 3033 4007 suo
3083 3952 3472 4008 Alexandriam
3497 3953 3567 4008 sit
3595 3962 3777 4009 trans-

2163 4037 2384 4104 missus,
2432 4039 2509 4094 sic
2553 4040 2712 4108 hujus
2758 4056 2860 4095 nos
2908 4040 3158 4113 magistri
3191 4050 3244 4096 et
3273 4041 3526 4113 discipuli
3573 4043 3780 4099 unitate

2163 4126 2605 4198 constringimur,
2639 4135 2696 4182 ut
2725 4135 2778 4182 et
2807 4145 2913 4202 ego
2943 4129 3061 4184 sedi
3091 4129 3342 4199 discipuli
3373 4130 3680 4200 praesidere
3701 4131 3774 4186 vi-

2162 4214 2292 4268 dear
2319 4223 2545 4285 propter
2581 4216 2923 4288 magistrum,
2957 4225 3010 4272 et
3039 4233 3138 4274 vos
3169 4217 3284 4272 sedi
3334 4218 3586 4290 magistri
3633 4235 3770 4290 pro-

2159 4309 2278 4372 pter
2303 4303 2649 4374 discipulum.
2685 4305 2770 4360 Ad
2815 4307 2954 4362 hanc
3004 4314 3182 4360 autem
3232 4305 3490 4361 unitatem
3519 4307 3769 4363 cordium

461 4395 643 4452 clcsia:
671 4395 1060 4469 gubernaculis
1090 4405 1144 4452 te
1172 4395 1435 4451 Dominus
1465 4395 1632 4450 voluit
1657 4394 1970 4465 praesidere,
2005 4403 2060 4450 et
2158 4390 2320 4445 etiam
2347 4399 2546 4447 vestrae
2575 4393 2870 4448 sanctitatis
2915 4394 3128 4449 meritis
3171 4394 3428 4467 ligamur,
3464 4411 3606 4466 quos
3639 4411 3774 4453 auc-

459 4485 576 4554 ejus
603 4485 918 4540 meminisse
947 4483 1210 4539 doctrinae
1239 4499 1397 4554 quam
1424 4483 1728 4554 praecipuus
1774 4482 2056 4554 apostolo-
2079 4481 2130 4541 D
2163 4478 2295 4533 toris
2343 4479 2714 4535 suisalubriter
2755 4482 2909 4554 sequi
2955 4482 3198 4538 instituta
3245 4484 3636 4554 cognoscimus
3663 4527 3676 4552 ,
3721 4493 3772 4540 et

457 4587 578 4630 rum
606 4574 848 4628 omnium
876 4572 1224 4627 beatissimus
1251 4571 1460 4638 Petrus,
1491 4587 1592 4642 per
1623 4579 1792 4626 totum
1836 4571 2056 4642 quidem

455 4663 718 4718 mundum
763 4660 1020 4716 uniformi
1065 4659 1465 4731 praedicatione,
1498 4658 1594 4713 sed
1625 4659 1848 4729 speciali
1875 4660 2056 4730 magi—

455 4751 624 4806 sterio
664 4751 720 4804 in
763 4751 1099 4806 Antiochena
1146 4755 1199 4804 et
1239 4747 1488 4804 Romana
1531 4747 1664 4802 urbe
1705 4745 1964 4814 fundavit,
1999 4755 2055 4803 ut

457 4838 610 4892 illum
634 4837 688 4892 in
717 4855 829 4894 sua:
858 4837 1264 4912 glorificationis
1302 4835 1575 4890 domicilio
1613 4836 2052 4906 praeeminentem

455 4941 523 4981 ea
551 4926 820 4996 intelligas
849 4943 1140 4998 reposcere
1187 4925 1428 4980 instituta
1475 4941 1594 4996 qua:
1640 4923 1879 4990 tradidit,
1913 4925 2054 4981 sicut

451 5014 523 5070 ab
553 5015 673 5086 ipsa
705 5031 864 5084 quam
893 5015 1176 5070 confessus
1206 5023 1286 5070 est
1315 5013 1542 5070 veritate
1571 5013 1829 5083 suscepit.
1863 5014 2052 5085 Neque

449 5103 562 5162 ullo
587 5103 752 5159 modo
783 5103 928 5157 sinas
958 5105 1013 5158 in
1057 5103 1420 5159 Orientalibus
1467 5101 1746 5170 Ecclesiis,
1781 5103 2050 5158 maxime-

445 5210 550 5267 que
580 5192 665 5248 his
696 5207 831 5265 quas
863 5192 1210 5247 Antiocheam
1240 5193 1356 5247 sedi
1409 5190 1896 5246 sacratissimorum
1944 5206 2048 5263 pa-

441 5289 584 5337 trum
612 5281 818 5336 Nicaani
863 5295 1100 5336 canones
1143 5279 1483 5350 deputarunt,
1517 5280 1586 5334 ab
1617 5279 1881 5350 improbis
1931 5281 2048 5337 lite-

439 5370 624 5426 reticis
679 5369 983 5443 Evangelio
1021 5367 1288 5423 resultari.
1329 5387 1348 5418 ι
1407 5369 1476 5423 Ει
1529 5377 1653 5439 post
1708 5368 1982 5439 aliquanta
2031 5397 2043 5434 ε

445 5479 468 5508 ι
500 5457 736 5528 Dignum
766 5467 848 5514 est
875 5459 1022 5513 enim
1051 5465 1102 5512 te
1133 5455 1448 5527 apostolicae
1477 5457 1592 5512 sedi
1623 5457 1678 5511 in
1707 5457 1809 5511 hac
1837 5455 2046 5512 sollici-

433 5551 619 5610 tudine
650 5569 771 5608 esse
802 5561 1132 5624 consortem,
1167 5559 1220 5607 et
1247 5551 1318 5606 ad
1347 5551 1544 5621 agendi
1585 5550 1837 5608 ﬁduciam
1869 5552 2046 5623 privi-

2159 4583 2374 4638 semper
2401 4569 2470 4622 ad
2501 4569 2752 4642 magistri
2783 4570 2866 4624 sui
2895 4571 3180 4642 gremium,
3212 4571 3356 4627 unde
3401 4571 3512 4628 illic
3563 4571 3770 4643 praedi-

2156 4657 2297 4712 catio
2327 4657 2517 4712 salutis
2567 4667 2756 4713 exorta
2799 4667 2901 4725 est,
2945 4667 3056 4715 tota
3086 4677 3146 4715 se
3175 4659 3426 4716 conferre
3477 4660 3770 4718 devotione

2156 4745 2438 4801 sentimus.
2479 4767 2499 4796 ν
2529 4747 2596 4800 Et
2625 4748 2774 4814 item,
2810 4749 2956 4819 quod
3003 4757 3114 4804 tres
3161 4747 3269 4804 illa;
3319 4749 3500 4816 sedes,
3555 4751 3766 4807 scilicet

2154 4834 2416 4902 Romana,
2467 4837 2852 4906 Alexandrina,
2887 4845 2940 4893 et
2969 4838 3322 4908 Aptiocbena,
3365 4853 3475 4892 una
3525 4839 3574 4893 si
3617 4839 3762 4894 Petri

2154 4923 2333 4990 sedes,
2350 4924 2418 4978 ad
2431 4925 2680 4981 eumdem
2693 4925 2984 4998 Eulogium
2997 4927 3424 4982 Alexandrinum
3437 4926 3758 4999 episcopum

2153 5013 2338 5068 scribit
2385 5013 2502 5084 (lib.
2537 5031 2610 5080 v1,
2646 5017 2808 5088 epist.
2843 5017 2933 5086 37)
2969 5033 2982 5070 :
3019 5039 3040 5062 ‹‹
3078 5015 3434 5082 Suavissima,
3484 5015 3758 5088 inquiens,

2151 5101 2281 5156 mihi
2340 5102 2599 5158 sanctitas
2658 5111 2840 5159 vestra
2896 5103 3059 5158 multa
3113 5104 3168 5158 in
3215 5103 3458 5176 epistolis
3517 5105 3634 5159 suis
3691 5105 3760 5160 de

2151 5191 2322 5246 sancti
2352 5191 2722 5262 apostolorum
2767 5191 3030 5264 principis
3077 5193 3224 5248 Petri
3269 5193 3532 5248 cathedra
3579 5193 3758 5250 locuta

2150 5287 2254 5347 est,
2286 5280 2472 5336 dicens
2505 5281 2650 5353 quod
2677 5282 2796 5352 ipse
2823 5282 2880 5337 in
2908 5297 2974 5337 ea
3001 5297 3146 5337 nunc
3175 5297 3348 5354 usque
3379 5283 3434 5336 in
3465 5283 3579 5338 suis
3623 5297 3754 5339 suc-

2149 5369 2462 5425 cessoribus
2483 5369 2688 5426 sedeat.
2721 5369 2790 5426 Et
2821 5370 3040 5442 quidem
3063 5386 3169 5442 ego
3197 5369 3482 5444 indignum
3511 5387 3602 5427 me
3628 5387 3750 5426 esse

2147 5473 2256 5512 non
2306 5459 2478 5513 solum
2525 5457 2582 5514 in
2628 5459 2834 5514 honore
2879 5458 3304 5531 praesidentium,
3339 5459 3436 5515 sed
3485 5461 3648 5516 etiam
3692 5460 3746 5514 in

2147 5573 2376 5616 numero
2423 5555 2679 5614 stantium
2725 5573 2994 5632 agnosco;
3045 5557 3160 5620 sed.
3188 5565 3386 5616 cuncta
3432 5573 3552 5630 qua
3601 5558 3744 5614 dicta
