4004 6176
238 237 340 292 33⁸7

951 229 1190 290 OPUSC.
1236 231 1328 288 ET
1381 230 1601 289 EPIST.
1659 231 1733 287 IN
1781 230 2008 288 CAUSA
2053 229 2398 287 HINCMARI
2453 231 2758 290 LAUDUN.

3442 233 3546 291 338

246 367 368 414 sunt
397 357 454 413 in
482 372 553 414 eo
580 355 818 412 libenter
855 356 1064 428 accepi,
1115 355 1264 429 quod
1309 356 1399 412 ille
1444 356 1577 411 mihi
1606 355 1675 412 de
1704 356 1846 412 Petri
1867 356 1921 417 A
1950 370 2234 412 excessum
2289 353 2630 411 notissimum
2689 355 2988 412 secundum
3033 356 3254 428 regulas
3303 357 3546 427 reclusit,

243 447 502 504 cathedra
531 446 747 502 locutus
779 453 879 514 est,
929 446 1019 518 qui
1059 445 1204 500 Petri
1249 445 1561 500 cathedram
1591 453 1756 511 tenet,
1794 453 1846 501 et

242 553 364 594 cum
394 551 486 592 me
516 535 775 606 specialis
802 535 978 590 honor
1023 534 1174 590 nullo
1214 535 1381 590 modo
1408 533 1655 599 delectet,
1687 534 1844 590 valde

242 634 424 681 tamen
452 625 664 678 laetatus
694 639 835 690 sum,
868 623 990 696 quia
1036 638 1134 677 vos
1179 622 1506 678 sanctissimi
1536 623 1682 694 quod
1713 623 1844 677 mihi

238 711 1016 785 impendistis,vobismetipsis
1034 710 1281 767 dedistis.
1307 709 1442 780 Quis
1463 711 1606 766 enim
1635 711 1844 767 nesciat

239 810 488 859 sanctam
519 801 830 858 Ecclesium
865 801 921 856 in
962 799 1332 872 apostolorum
1361 799 1624 872 principis
1655 801 1842 856 solidi-

233 901 346 948 tate
375 889 779 956 confirmatam,
841 888 933 962 qui
990 887 1303 944 firmitatem
1347 888 1544 944 mentis
1591 889 1750 944 traxit
1786 890 1840 944 in

236 979 480 1046 nomine,
517 987 576 1033 ut
603 979 794 1033 Petrus
839 993 872 1032 a
914 984 1072 1048 petra
1116 983 1424 1043 vocaretur,
1471 977 1558 1033 cui
1585 977 1841 1034 Veritatis

236 1083 371 1124 voce
429 1067 631 1123 dicitur
671 1084 685 1120 :
741 1066 857 1122 Tibi
911 1065 1046 1121 dabo
1108 1066 1290 1121 claves
1356 1068 1516 1137 regni
1572 1067 1840 1122 caelorum

232 1157 455 1225 (Matth.
491 1157 618 1224 XVI)
658 1174 672 1220 ;
703 1158 759 1210 et
789 1159 853 1210 tu
899 1154 1204 1226 aliquando
1233 1171 1534 1210 conversus
1564 1156 1838 1224 conﬁrma

236 1248 452 1318 fratres
485 1249 613 1301 tuos
642 1244 796 1314 (Luc.
819 1243 1002 1318 xx");
1035 1250 1088 1297 et
1107 1241 1298 1298 iterum
1324 1261 1337 1297 :
1367 1244 1557 1300 Simon
1578 1246 1832 1312 Joannis,

235 1313 395 1389 amas
427 1349 520 1387 me
546 1337 570 1388 ξ’
599 1313 770 1387 Posce
799 1313 922 1387 oues
952 1347 1106 1387 meas
1137 1331 1320 1402 (Joan.
1344 1334 1490 1402 XXI).
1525 1333 1604 1386 Ita
1632 1339 1682 1387 et
1713 1347 1836 1388 cum

233 1421 388 1478 multi
419 1421 530 1474 sint
559 1419 814 1491 apostoli,
847 1435 948 1490 pro
977 1419 1098 1490 ipso
1146 1428 1326 1474 tamen
1357 1420 1682 1492 principatu,
1717 1419 1836 1476 sola

230 1509 606 1582 apostolorum
634 1507 900 1579 principis
931 1508 1092 1563 sedes
1119 1508 1175 1563 in
1197 1509 1514 1565 auctoritate
1536 1509 1828 1578 convaluit,

230 1615 351 1672 quae
378 1599 435 1652 in
466 1597 640 1652 tribus
673 1597 809 1652 locis
837 1597 996 1652 unius
1043 1604 1144 1651 est.
1193 1599 1316 1668 Ipse
1346 1597 1490 1652 enim
1523 1597 1833 1653 sublimavit

1946 451 2070 516 post
2115 445 2341 518 dignam
2385 444 2826 500 satisfactionem
2860 444 3089 500 restituit
3119 463 3132 500 :
3167 444 3303 502 sicut
3331 453 3384 501 et
3413 445 3549 502 mihi

1946 532 2265 588 decessores
2296 533 2370 588 tui
2399 533 2621 589 Simeon
2665 541 2718 588 et
2761 534 3054 600 Pardulus,
3088 533 3176 589 cui
3206 534 3542 606 successisti,

1946 621 2302 676 exhibuerunt
2356 638 2530 693 usque
2587 621 2657 676 ad
2713 629 2860 676 tuam
2913 621 3285 693 praelationem
3311 667 3324 689 ,
3381 639 3544 694 quem

1945 709 2269 765 Rbemensis
2297 709 2546 765 Ecclesia
2574 709 2644 764 ab
2672 708 2826 781 ipsis,
2869 717 2924 764 ut
2952 709 3026 763 ita
3055 709 3250 776 dicam,
3285 711 3538 768 cunabu-

1942 797 2010 851 lis
2052 797 2197 853 dulci
2253 797 2587 870 benignitate
2638 797 2879 863 nutrivit,
2941 806 2993 852 et
3053 798 3252 868 pannis
3299 797 3540 857 infantiae

1941 885 2072 940 eluit
2101 893 2263 956 atque
2319 886 2482 951 exuit,
2534 894 2587 941 et
2629 887 2696 940 ad
2743 886 2920 964 virum
2965 887 3239 956 perduxit,
3275 894 3439 960 atque
3463 889 3534 944 ad

1942 973 2316 1044 episcOpatum
2347 974 2614 1044 provexit.
2649 975 2730 1029 De
2759 990 2866 1046 quo
2895 991 3038 1030 nunc
3053 991 3152 1045 per
3180 990 3276 1030 ora
3305 975 3409 1030 sibi
3431 991 3540 1032 ser-

1941 1063 2200 1118 vientium
2226 1078 2350 1118 cum
2390 1062 2642 1133 suspiriis
2685 1078 2749 1118 ac
2791 1063 3080 1132 gemitibus
3120 1063 3249 1118 dicit
3282 1081 3295 1118 :
3329 1064 3410 1119 Ex
3440 1079 3540 1119 no-

1942 1150 2025 1205 bis
2056 1150 2202 1218 exiit,
2237 1151 2334 1206 sed
2364 1165 2473 1205 non
2504 1158 2618 1204 erat
2649 1167 2714 1205 ex
2743 1151 2932 1216 nobis;
2983 1151 3029 1205 si
3076 1151 3220 1206 enim
3249 1151 3441 1208 fuisset
3471 1169 3538 1210 ex

1939 1239 2115 1307 nobis,
2145 1239 2542 1310 permansisset
2586 1239 2771 1310 utique
2821 1239 3126 1295 nobiscum.
3159 1240 3228 1294 Et
3256 1241 3539 1296 attendens

1939 1327 2172 1398 qualiter
2202 1327 2444 1398 episcOpi
2475 1327 2752 1383 civitatum
2783 1343 2894 1381 suae
2921 1327 3232 1398 provinciae,
3260 1345 3396 1400 quos
3425 1345 3535 1385 non

1937 1414 2172 1479 nutrivit,
2206 1415 2305 1469 sed
2333 1414 2658 1485 regulariter
2699 1414 2982 1479 ordinavit,
3034 1415 3084 1469 ei
3118 1415 3465 1488 benignitatis
3486 1424 3539 1472 et

1936 1502 2247 1558 humilitatis
2291 1510 2453 1575 atque
2501 1502 2826 1558 obedientiae
2879 1503 3194 1573 impendant
3251 1505 3532 1576 obsequia,

1935 1591 2109 1648 dicit:
2143 1592 2382 1662 Papulus
2429 1609 2592 1664 quem
2633 1608 2742 1647 non
2786 1591 3021 1663 cognovi
3064 1592 3230 1648 servit
3279 1593 3430 1663 mihi,
3479 1593 3534 1649 in

228 1688 436 1752 sedem,
469 1687 528 1740 in
557 1701 662 1756 qua
693 1685 858 1740 etiam
888 1685 1174 1758 quiescere
1205 1693 1258 1741 et
1288 1687 1636 1757 praesidendo
1665 1687 1828 1742 vitam
1851 1712 1903 1772 B
1932 1679 2118 1735 auditu
2147 1681 2292 1734 auris
2326 1680 2510 1735 obedit
2541 1679 2671 1734 mihi
2706 1699 2719 1734 :
2753 1679 2894 1735 ﬁlius
2933 1688 3114 1736 autem
3145 1681 3354 1737 alienus
3383 1697 3538 1738 men-

229 1775 384 1831 ﬁnire
415 1775 683 1849 dignatus
740 1783 841 1830 est.
900 1775 1023 1845 Ipse
1069 1774 1351 1830 decoravit
1395 1775 1602 1842 sedem,
1635 1775 1690 1829 in
1721 1791 1829 1847 qua

228 1863 629 1935 evangelistam
661 1862 989 1934 discipulum
1017 1863 1182 1918 misit.
1209 1865 1332 1934 Ipse
1359 1861 1590 1918 firmavit
1620 1863 1827 1930 sedem,

227 1955 278 2008 in
307 1969 416 2024 qua
450 1960 664 2023 septem
695 1951 850 2006 annis
881 1951 1129 2022 quamvis
1146 1951 1488 2007 discessurus
1510 1951 1668 2007 sedit.
1693 1953 1828 2008 Cum

229 2058 356 2115 ergo
383 2041 556 2096 unius
590 2048 753 2112 atque
780 2056 886 2094 una
935 2039 1002 2094 sit
1045 2040 1226 2107 sedes,
1273 2040 1360 2095 cui
1407 2057 1475 2096 ex
1504 2040 1827 2096 auctoritate

225 2130 405 2186 divina
435 2138 557 2184 tres
585 2145 732 2184 nunc
779 2128 1021 2200 episcOpi
1064 2129 1378 2200 praesident,
1429 2129 1689 2202 quidquid
1720 2146 1826 2203 ego

225 2219 290 2274 de
316 2219 481 2273 vobis
512 2217 644 2272 boni
693 2217 876 2284 audio,
927 2217 1031 2273 hoc
1079 2217 1213 2272 mihi
1240 2217 1484 2289 imputo;
1521 2219 1568 2274 si
1598 2218 1727 2290 quid
1757 2219 1826 2274 de

224 2323 306 2363 me
333 2307 469 2362 boni
500 2305 746 2376 creditis,
779 2307 882 2362 hoc
912 2307 1110 2362 vestris
1149 2306 1354 2361 meritis
1384 2307 1666 2378 imputate,
1699 2307 1824 2379 quia

223 2396 275 2450 in
301 2395 394 2450 illo
425 2411 602 2450 unum
633 2411 823 2449 sumus
871 2394 964 2467 qui
994 2394 1068 2450 ait
1101 2413 1114 2448 :
1154 2397 1218 2453 Ut
1247 2411 1440 2451 omnes
1469 2413 1652 2452 unum
1680 2399 1819 2463 sint,

223 2486 369 2540 sicut
385 2489 446 2540 et
471 2488 556 2550 tu,
583 2486 772 2549 Pater,
807 2485 874 2538 in
909 2500 997 2538 me
1032 2487 1090 2538 et
1117 2499 1212 2556 ego
1259 2484 1322 2539 in
1353 2489 1424 2550 te,
1454 2488 1521 2541 ut
1557 2489 1612 2540 et
1627 2486 1740 2558 ipsi
1759 2485 1822 2540 in

222 2575 371 2628 nobis
392 2589 584 2628 unum
613 2573 735 2627 sint
765 2572 946 2642 (Joan.
969 2573 1132 2642 xvii).

291 2661 344 2718 Si
373 2677 538 2735 ergo,
570 2660 758 2724 frater,
791 2659 1078 2715 immemor
1117 2659 1508 2717 beneficiorum
1545 2677 1575 2715 a
1605 2675 1693 2718 me
1723 2662 1820 2716 tibi

218 2749 593 2822 immnsorum
650 2748 866 2818 oblitus,
925 2750 1220 2805 adversum
1265 2765 1352 2804 me
1397 2749 1662 2805 rebellare
1710 2765 1820 2806 non

216 2838 388 2905 times,
423 2838 558 2893 time
600 2846 783 2893 tamen
830 2837 1098 2894 rebellare
1148 2839 1412 2894 adversus
1456 2839 1676 2894 beatum
1705 2840 1818 2896 Re-

216 2927 461 3001 migium,
496 2925 590 3000 qui
619 2927 757 2983 sicut
784 2926 947 2981 modo
977 2926 1198 2996 audisti,
1231 2942 1374 2982 nunc
1406 2943 1580 2999 usque
1619 2927 1674 2982 in
1703 2927 1817 2982 suis

218 3015 629 3072 successoribus
659 3015 1126 3088 qualibuscunque
1156 3015 1347 3082 sedet;
1399 3024 1450 3070 et
1495 3015 1624 3088 quia
1654 3016 1816 3072 sedes

217 3105 355 3160 illius
405 3112 513 3171 est,
562 3103 618 3158 in
666 3119 772 3176 qua
820 3103 1032 3159 resides
1071 3120 1138 3158 ex
1185 3104 1498 3161 auctoritate
1528 3105 1729 3174 divina,
1763 3113 1816 3162 et

214 3193 380 3266 ipsius
410 3193 562 3248 beati
592 3192 827 3264 Remigii
868 3191 1220 3265 benignitate,
1265 3193 1405 3248 inter
1453 3193 1636 3262 sedes,
1668 3196 1813 3266 quod

213 3291 360 3338 antea
404 3298 518 3338 non
565 3281 757 3347 fuerat,
801 3289 1106 3352 computata
1137 3299 1150 3336 :
1184 3281 1444 3354 quidquid
1485 3283 1553 3338 de
1580 3299 1689 3350 me,
1721 3283 1812 3356 qui

215 3372 372 3427 sedeo
404 3371 465 3425 in
492 3371 626 3425 sede
654 3369 816 3435 illius,
852 3369 982 3425 boni
1011 3370 1185 3436 audis,
1209 3369 1306 3424 tibi
1325 3370 1589 3442 imputare
1617 3372 1806 3439 debes,

214 3461 332 3532 quia
381 3459 652 3532 quidquid
708 3459 777 3514 de
824 3467 877 3514 te
930 3459 1060 3514 boni
1105 3459 1286 3527 audio,
1335 3459 1467 3514 mihi
1498 3460 1724 3530 imputo,
1759 3468 1810 3516 et

212 3548 471 3620 quidquid
528 3547 598 3602 de
647 3555 700 3602 te
747 3546 1026 3602 sinistrum
1073 3547 1275 3615 audio,-
1306 3564 1416 3604 non
1445 3556 1647 3604 tantum
1680 3549 1805 3619 tuis,

213 3637 301 3692 sed
319 3645 374 3692 et
401 3637 552 3692 meis
575 3635 818 3707 peccatis
846 3635 1054 3708 imputo
1095 3653 1196 3708 per
1223 3638 1375 3707 cujus
1404 3653 1600 3692 manus
1627 3637 1807 3708 impo-

211 3725 458 3780 sitionem
500 3724 605 3779 Dei
636 3723 842 3792 judicio
871 3732 924 3780 te
953 3725 1008 3778 in
1037 3725 1129 3780 illa
1159 3726 1290 3780 sede
1320 3725 1562 3782 residere
1594 3741 1806 3797 cogno-

210 3829 314 3870 sco.
345 3814 563 3870 Desine
589 3829 723 3885 ergo
751 3812 819 3866 ab
849 3829 917 3869 ea
945 3831 1106 3886 quam
1137 3814 1328 3886 cepisti
1375 3815 1573 3870 mentis
1602 3815 1806 3886 impro-

211 3902 383 3971 bitate,
430 3910 485 3958 et
534 3918 754 3957 assume
798 3903 998 3958 mentis
1042 3903 1398 3959 humilitatem
1445 3920 1569 3960 cum
1607 3903 1804 3959 virtute

209 4001 403 4049 sanctae
433 3991 781 4056 obedientiam
815 4000 871 4046 ut
899 3992 955 4046 in
1001 3991 1096 4048 illo
1142 4009 1307 4048 unum
1337 3993 1526 4059 simus,
1559 3992 1652 4064 qui
1679 3992 1754 4047 ait
1785 4012 1804 4048 :

214 4083 480 4138 Utomnc:
509 4097 695 4136 unum
707 4083 842 4146 sint,
864 4081 1014 4136 sicut
1031 4085 1088 4137 et
1107 4085 1188 4146 tu,
1221 4084 1412 4148 Pater,
1435 4084 1497 4138 in
1526 4097 1616 4137 me
1636 4085 1693 4137 et
1709 4097 1802 4152 ego

207 4171 263 4224 in
292 4173 346 4224 te
377 4187 392 4224 ε
418 4174 487 4225 ut
512 4173 572 4225 et
590 4170 702 4242 ipsi
727 4170 792 4225 in
815 4170 972 4226 nobis
995 4187 1176 4226 unum
1197 4171 1336 4226 sint.
1361 4168 1633 4238 Quoniam
1663 4169 1805 4226 sicut

205 4263 252 4311 et
277 4275 340 4315 ex
370 4257 563 4313 verbis
591 4257 907 4328 apostolica:
925 4257 1072 4314 sedis
1093 4257 1308 4324 audisti,
1333 4259 1460 4316 licet
1481 4260 1676 4314 harum
1696 4259 1802 4314 Ec-

203 4344 508 4415 clesiarum,
545 4345 926 4402 Alexandrina
956 4345 1164 4403 scilicet
1193 4355 1246 4402 et
1265 4347 1634 4414 Antiochense,
1663 4364 1802 4419 prae-

1932 1768 2060 1824 titus
2090 1777 2173 1824 est
2201 1769 2350 1833 mihi,
2384 1769 2529 1822 filius
2555 1769 2764 1824 alienus
2793 1769 3111 1824 inveteravit
3139 1770 3316 1841 (Psal.
3360 1771 3526 1842 xvn),

1931 1865 2183 1921 videlicet
2214 1865 2341 1938 quia
2372 1866 2515 1938 quod
2545 1865 2657 1939 agit
2685 1867 2757 1920 ad
2796 1866 3072 1922 hominem
3108 1875 3377 1922 vetustum
3409 1884 3536 1939 per-

1931 1955 2079 2020 tinet,
2113 1963 2166 2010 et
2194 1955 2460 2011 claudicat
2508 1971 2539 2008 a
2581 1954 2789 2009 semitis
2840 1955 2970 2020 suis,
3016 1972 3150 2027 quas
3179 1956 3234 2010 in
3265 1956 3532 2012 mandatis

1929 2043 2146 2098 Domini
2201 2059 2300 2114 per
2352 2043 2703 2098 humilitatem
2758 2051 2811 2098 et
2853 2043 3216 2098 obedientiam
3274 2044 3532 2100 debuerat

1930 2147 2170 2197 currere,
2233 2140 2286 2186 et
2335 2147 2554 2185 sumens
2612 2131 2910 2186 lamentum
2968 2131 3184 2186 Domini
3228 2132 3296 2186 de
3341 2131 3520 2186 Isaia:

1927 2222 2158 2285 Filium,
2184 2220 2376 2291 inquit,
2397 2220 2618 2275 nutrivi
2633 2223 2690 2274 et
2709 2220 2984 2284 exaltavi,
3010 2222 3128 2292 ipso
3149 2223 3344 2275 autem
3373 2237 3528 2292 sper-

1925 2311 2018 2364 nit
2043 2325 2133 2364 me
2164 2309 2294 2380 (Isa.
2331 2308 2392 2380 ι).
2425 2309 2493 2363 Et
2524 2309 2648 2364 licet
2686 2316 2741 2362 tu
2784 2309 2886 2363 hoc
2935 2307 3070 2363 forte
3116 2324 3224 2364 non
3253 2308 3526 2382 recogites

1925 2415 2102 2470 neque
2133 2397 2349 2467 timeas,
2383 2404 2560 2452 certus
2589 2404 2769 2452 tamen
2808 2412 2932 2452 esse
2967 2405 3125 2468 potes
3156 2397 3281 2468 quia
3309 2405 3526 2452 sanctus

1923 2486 2204 2558 Remigius
2232 2503 2262 2540 a
2293 2494 2344 2540 te
2375 2493 2630 2557 reposcet
2647 2485 2702 2540 in
2719 2493 3017 2556 conspectu
3035 2485 3250 2541 Domini
3267 2486 3523 2541 obedien-

1921 2575 2054 2628 tiam
2083 2574 2501 2645 dependendam
2551 2574 2664 2628 suis
2699 2573 3125 2639 successoribus,
3159 2582 3211 2628 et
3241 2573 3348 2628 tuis
3375 2590 3524 2644 prae-

1921 2663 2133 2733 positis,
2168 2679 2329 2734 quam
2357 2661 2584 2716 instituit
2615 2661 2834 2734 quando
2869 2661 2924 2716 in
2954 2661 3148 2717 eodem
3182 2661 3428 2728 castello,
3461 2662 3517 2716 in

1920 2767 2028 2823 quo
2059 2751 2339 2806 ordinatus
2385 2767 2464 2816 es,
2518 2749 2858 2806 consecravit
2907 2749 3244 2822 episcOpum,
3279 2749 3422 2806 sicut
3451 2750 3525 2806 de

1919 2839 2098 2896 verbis
2128 2839 2267 2894 beati
2293 2839 2490 2894 Leonis
2539 2839 2610 2893 ad
2653 2838 2943 2893 Maximum
2973 2838 3368 2894 Antiochenum
3396 2838 3518 2910 epi-

1917 2944 2144 3000 scopum
2176 2946 2189 2982 :
2221 2927 2504 2999 Prceposui
2529 2927 2747 2984 beatum
2766 2928 3000 2993 Petrum,
3023 2927 3080 2982 in
3106 2943 3220 2984 suae
3248 2926 3520 2998 gloriﬁca-

1915 3017 2079 3072 tionis
2092 3017 2365 3072 domicilio
2380 3017 2849 3089 praeminentem,
2865 3032 2931 3072 ea
2947 3031 3234 3088 reposcere
3249 3015 3513 3088 instituta,

1915 3123 2038 3178 quae
2079 3106 2134 3161 in
2189 3105 2471 3162 Antiochia
2528 3105 2767 3162 tradidit.
2825 3109 3100 3172 Attamen,
3148 3105 3303 3172 velis,
3355 3105 3516 3174 nolis,

1915 3203 2136 3250 sanctus
2166 3194 2455 3250 Hormisda
2483 3211 2625 3266 papa
2652 3194 2751 3248 tibi
2797 3193 3046 3250 ostendet
3071 3198 3360 3264 primatem
3388 3209 3513 3249 esse

1913 3284 2073 3352 hujus
2099 3283 2392 3354 provinciae
2422 3283 2575 3337 illum
2606 3283 2697 3354 qui
2717 3282 2774 3337 in
2791 3283 2920 3338 sedc
2936 3281 3084 3337 beati
3109 3281 3346 3355 Remigii
3365 3282 3510 3353 apud

1912 3372 2242 3427 Rhemorum
2311 3370 2655 3441 metropolim
2721 3379 2804 3426 est
2857 3369 3137 3426 ordinatus
3195 3369 3504 3440 episcopus.

1909 3460 1998 3515 Ait
2025 3460 2170 3515 enim
2199 3459 2253 3514 in
2285 3459 2511 3531 epistola
2539 3459 2610 3514 ad
2639 3475 2764 3514 eum
2800 3458 3001 3514 directa
3035 3475 3050 3512 :
3088 3479 3110 3508 «
3143 3457 3508 3513 Dilectissimo

1909 3547 2055 3604 fratri
2086 3547 2336 3620 Remigio
2366 3547 2670 3602 Hormisda.
2719 3545 3030 3618 Suscipiens
3068 3545 3229 3617 plena
3259 3544 3508 3601 fraterni-

1909 3637 2030 3691 tatis
2061 3645 2168 3692 tua:
2192 3635 2656 3708 congratulatione
2687 3635 2977 3706 colloquia,
3023 3634 3218 3706 quibus
3247 3649 3350 3690 nos
3378 3647 3504 3708 ger-

1908 3740 2087 3781 manae
2123 3725 2309 3780 salutis
2357 3734 2461 3781 tuae
2505 3723 2792 3780 laetificavit
2827 3721 3048 3793 indicio,
3081 3723 3350 3794 corporali
3379 3739 3503 3778 cum

1910 3814 2237 3886 spiritalibus
2278 3813 2471 3871 ofﬁciis
2518 3813 2886 3870 incolumitate
2917 3811 3168 3882 subnixo,
3201 3828 3498 3884 congruum

1906 3919 2030 3958 esse
2059 3903 2451 3974 perspeximus,
2475 3903 2616 3958 hanc
2639 3901 2835 3974 ipsam,
2861 3916 3026 3974 quam
3041 3907 3222 3958 mente
3239 3901 3502 3972 gerimus,

1906 3991 2090 4048 verbis
2117 3991 2324 4062 aperire
2355 3991 2614 4046 laetitiam.
2639 3989 2772 4064 Agis
2792 3989 2936 4046 enim
2958 3989 3152 4045 summi
3181 3990 3507 4045 documenta

1903 4079 2198 4152 pontiﬁcis,
2231 4081 2360 4135 dum
2391 4086 2443 4134 et
2471 4079 2818 4150 praedicanda
2860 4078 3013 4146 facis,
3045 4085 3100 4134 et
3129 4093 3192 4134 ea
3223 4077 3503 4133 insinuare

1906 4183 2013 4225 non
2042 4167 2246 4224 differs.
2281 4169 2699 4242 Praerogativam
2743 4168 2910 4239 igitur
2955 4167 3024 4222 de
3049 4166 3219 4222 nostri
3251 4165 3492 4238 sumpsi-

1905 4273 2027 4314 mus
2056 4257 2320 4313 electione
2367 4257 2576 4328 judicii,
2611 4257 2828 4328 quando
2855 4255 2910 4310 id
2955 4263 3234 4326 Operatum
3283 4263 3336 4310 te
3383 4271 3507 4311 esse

1904 4346 2212 4413 didicimus,
2245 4345 2391 4417 quod
2420 4345 2628 4401 caeteris
2670 4343 2946 4417 agendum
2992 4342 3240 4398 obnixius
3265 4342 3508 4413 impera-

204 4435 343 4490 sules
373 4435 520 4490 beati
549 4436 694 4490 Petri
727 4435 890 4491 sedes
919 4444 1108 4492 tenere
1153 4452 1214 4491 se
1263 4445 1617 4509 cognoscant,
1651 4437 1798 4510 quod
1818 4435 1871 4494 D
1901 4450 2044 4505 mus,
2077 4443 2132 4489 ut
2163 4433 2217 4490 in
2247 4432 2541 4505 provinciis
2579 4441 2720 4488 tanta
2768 4430 3162 4503 longinquitate
3191 4429 3496 4499 disjunctis,

203 4532 251 4579 et
276 4524 512 4580 Romani
538 4523 821 4596 pontifices
853 4532 1194 4592 attestantur,
1219 4541 1329 4581 non
1351 4535 1527 4582 tamen
1557 4526 1798 4582 subditas

204 4614 418 4670 easdem
468 4613 632 4669 sedes
688 4613 946 4670 Romana:
1001 4613 1118 4669 sedi
1171 4614 1443 4687 denegant
1467 4657 1481 4684 ,
1539 4631 1641 4671 nec
1693 4615 1797 4686 ipsi

201 4699 445 4758 Romano
468 4701 710 4773 pontifici
740 4702 900 4758 subdi
928 4703 1094 4759 modo
1122 4703 1362 4776 quolibet
1390 4703 1794 4773 dedignantur;

202 4805 298 4846 nec
325 4791 405 4846 tui
435 4791 760 4847 decessores
789 4808 853 4847 ac
880 4791 1317 4864 praedecessores
1335 4791 1492 4848 subdi
1513 4792 1796 4864 dedignati

202 4888 316 4934 sunt
344 4880 678 4936 Rhemorum
709 4880 1000 4952 episcopis,
1021 4889 1074 4936 et
1097 4881 1166 4936 de
1183 4881 1347 4937 rebus
1368 4881 1630 4938 Ecclesiae
1658 4882 1796 4938 Rhe-

199 4983 404 5024 morum
461 4967 778 5040 metropolis
831 4969 901 5024 de
948 4969 1144 5041 quibus
1183 4970 1404 5026 ditatum
1447 4979 1532 5026 est
1575 4970 1794 5043 episco-

199 5056 339 5126 pium
369 5057 753 5123 Laudunense,
791 5058 1008 5130 quando
1037 5058 1090 5114 in
1119 5059 1295 5131 ipsam
1333 5067 1596 5114 venerunt
1624 5074 1793 5132 paro-

197 5145 387 5214 chiam,
439 5146 714 5201 humiliter
770 5162 836 5203 ac
889 5145 1127 5220 benigne
1181 5148 1476 5204 Rhemensi
1531 5149 1794 5206 Ecclesiae

195 5231 461 5302 famulari,
496 5250 563 5290 ex
592 5250 702 5306 quo
747 5235 940 5291 beatus
987 5235 1270 5308 Remigius
1317 5244 1568 5293 sanctum
1608 5236 1794 5294 Gene-

199 5321 428 5378 baudum
456 5323 510 5378 in
543 5323 888 5380 Laudunensi
935 5325 1158 5381 castello
1205 5325 1521 5398 episcopum
1559 5343 1668 5382 non
1698 5343 1793 5383 so-

196 5409 300 5465 lum
330 5412 628 5479 constituit,
661 5413 760 5468 sed
791 5415 970 5480 etiam,
1021 5422 1082 5470 ut
1111 5415 1348 5471 ostendit
1377 5415 1594 5488 antiqua
1624 5416 1793 5471 tradi-

197 5507 286 5577 tio,
339 5517 392 5566 et
435 5510 830 5570 monimentum
886 5512 1227 5584 reclusionis,
1271 5528 1380 5587 qua
1419 5529 1542 5570 eum
1571 5522 1796 5587 propter

1898 4532 1952 4580 et
1980 4521 2292 4594 apostolicae
2323 4521 2470 4577 sedis
2499 4521 2762 4594 vigorem,
2818 4528 2870 4575 et
2910 4526 3120 4592 patrum
3148 4517 3352 4590 regulis
3381 4524 3499 4572 stu-

1898 4613 2030 4668 deas
2058 4611 2319 4667 adhibere
2349 4611 2675 4668 custodiam.
2709 4610 2870 4666 Vices
2920 4609 3100 4680 itaque
3143 4615 3355 4662 nostras
3399 4622 3498 4677 per

1897 4717 2059 4757 omne
2111 4716 2339 4774 regnum
2386 4699 2568 4756 dilecti
2607 4707 2660 4755 et
2688 4697 2940 4770 spiritalis
2967 4695 3062 4751 ﬁlii
3091 4694 3259 4750 nostri
3289 4695 3493 4750 Clodo-

1895 4791 2004 4858 vei,
2063 4806 2225 4862 quem
2280 4805 2486 4862 nuper,
2541 4787 2960 4844 adminiculante
3016 4800 3248 4856 superna
3295 4783 3490 4857 gratia,

1895 4877 2144 4950 plurimis
2198 4887 2251 4934 et
2295 4877 2663 4950 apostolorum
2720 4873 3055 4946 temporibus
3096 4873 3494 4945 mquiparandis

1897 4967 2178 5040 signorum
2206 4967 2479 5023 miraculis
2513 4962 2954 5036 pmdicationem
2992 4960 3328 5018 salutiferam
3354 4978 3491 5020 con-

1896 5055 2298 5124 comitantibus,
2329 5055 2397 5110 ad
2423 5053 2588 5109 fidem
2631 5067 2754 5107 cum
2809 5058 2973 5123 gente
3017 5051 3228 5127 integra
3255 5066 3491 5108 conver-

1895 5145 2027 5212 tisti,
2062 5153 2114 5200 et
2141 5144 2274 5200 sacri
2333 5143 2478 5198 dono
2525 5139 2864 5212 baptismatis
2922 5139 3276 5204 consecrasti,
3327 5137 3490 5194 salvis

1895 5232 2199 5306 privilegiis
2255 5248 2376 5303 quae
2429 5228 2854 5301 metropolitanis
2898 5228 3137 5286 decrevit
3179 5226 3490 5298 antiquitas,

1895 5320 2154 5393 presenti
2209 5319 2527 5376 auctoritate
2576 5317 2979 5386 committimus,
3033 5321 3298 5387 augentes
3329 5315 3493 5372 studii

1896 5410 2056 5480 hujus
2085 5408 2492 5480 participatione
2530 5407 2832 5473 ministerii,
2869 5403 3206 5478 dignitatem,
3238 5405 3497 5462 relevan-

1896 5518 1979 5566 tes
2034 5503 2252 5564 nostras
2304 5506 2549 5577 ejusdem
2597 5505 2838 5563 remedio
2875 5503 3298 5578 dispensationis
3325 5521 3495 5561 excu-
