4054 6180
509 329 612 383 339

1433 319 1774 383 HINCMARI
1826 319 2226 377 RHEMENSIS
2285 319 2834 378 ARCHIEPISCOPI.

3702 322 3805 378 340

509 450 648 506 bias.
673 449 742 504 Et
771 447 897 504 licet
926 449 994 503 de
1025 447 1255 521 singulis
1272 463 1382 503 non
1397 447 1643 518 indigeas
1672 445 1912 512 edoceri,
1946 462 1979 500 a
1999 461 2107 518 quo
2129 447 2186 508 A
2215 451 2272 502 et
2298 451 2474 514 orate,
2510 463 2582 503 ne
2602 447 2834 503 intretis
2863 449 2925 502 in
2969 447 3346 502 tentationem
3386 446 3606 517 (Matth.
3639 461 3800 514 xxvi,

502 539 616 610 jam
647 536 1001 610 probavimus
1055 537 1264 593 acutius
1319 535 1572 592 universa
1613 535 1842 604 servari,
1893 535 2105 607 gratius

508 635 690 684 tamen
723 643 844 684 esse
875 626 1034 694 solet,
1069 626 1114 680 si
1144 625 1302 682 ituris
1347 634 1551 681 trames
1597 625 1919 692 ostenditur,
1944 631 1998 679 et
2025 623 2108 678 la-

461 733 468 746 ‘
511 716 781 774 boraturis
807 715 1031 785 injuncti
1059 715 1243 786 operis
1272 714 1448 770 forma
1474 721 1830 770 monstratur.
1848 714 2106 768 Paternas

509 805 675 878 igitur
703 805 938 878 regulas,
971 811 1023 859 et
1052 803 1270 860 decreta
1317 803 1676 860 sanctissimis
1717 801 1947 858 diﬁinita
1974 817 2107 858 con-

509 893 650 952 ciliis
679 894 748 948 ab
769 893 1022 949 omnibus
1067 893 1341 950 servanda
1378 892 1717 947 mandamus.
1752 892 1814 945 In
1842 891 1927 946 bis
1959 889 2105 962 vigi-

516 982 740 1039 lantiam
767 989 935 1048 tuam,
966 981 1022 1036 in
1051 981 1136 1036 his
1165 997 1354 1038 curam
1394 989 1447 1036 et
1495 979 1750 1036 fraterna:
1775 979 1982 1034 monita
2010 995 2110 1034 ex-

513 1070 835 1127 hortationis
881 1069 1235 1126 ostendimus.
1281 1069 1377 1124 His
1419 1085 1483 1125 ea
1526 1076 1724 1141 quanta
1773 1067 1999 1138 dignum
2026 1074 2108 1122 est

514 1159 825 1216 reverentia
853 1158 1155 1227 custoditis,
1189 1157 1398 1212 nullum
1434 1157 1693 1229 relinquit
1725 1157 1901 1227 culpa:
1930 1157 2109 1212 locum

515 1257 719 1304 sanctae
767 1247 1164 1304 observationis
1212 1245 1572 1302 obstaculum.
1625 1245 1703 1300 Ibi
1732 1245 1816 1301 fas
1844 1245 2108 1317 nefasque

515 1337 882 1410 perscriptum
913 1344 1015 1400 est,
1047 1335 1122 1390 ibi
1151 1335 1500 1405 prohibitum,
1532 1335 1604 1390 ad
1635 1335 1781 1406 quod
1809 1334 1990 1390 nullus
2012 1349 2109 1388 au-

516 1427 642 1482 deat
669 1425 933 1496 aspirare,
961 1423 1035 1480 ibi
1065 1439 1387 1480 concessum
1417 1425 1563 1496 quod
1591 1424 1788 1478 debeat
1815 1439 1970 1478 mens
1994 1425 2108 1478 Deo

515 1515 776 1586 placitura
793 1529 1144 1585 praesumere.
1179 1512 1403 1582 Quoties
1433 1513 1744 1569 universale
1772 1512 1946 1583 poscit
1978 1511 2109 1568 reli-

519 1601 698 1676 gionis
753 1617 919 1658 causa
976 1601 1286 1671 concilium,
1339 1609 1392 1658 te
1420 1600 1598 1658 cuncti
1628 1601 1820 1656 fratres
1851 1607 2112 1656 evocante

519 1691 862 1759 conveniant,
897 1698 950 1746 et
977 1690 1022 1746 si
1044 1706 1182 1762 quos
1212 1705 1403 1746 eorum
1421 1690 1671 1761 specialis
1698 1689 1905 1760 negotii
1933 1689 2115 1760 pulsat

519 1779 762 1846 intentio,
789 1779 970 1852 jurgia
998 1780 1138 1836 inter
1165 1795 1262 1835 eos
1289 1779 1484 1834 oborta
1523 1794 1832 1850 compesce,
1865 1777 2116 1834 discussa

521 1882 676 1924 sacra
706 1868 830 1941 lege
857 1867 1268 1923 determinando
1289 1867 1604 1924 certamina.
1633 1865 1908 1938 Quidquid
1938 1873 2118 1922 autem

519 1955 632 2012 illic
660 1972 759 2027 pro
789 1956 896 2010 ﬁde
925 1965 977 2012 et
1006 1957 1236 2012 veritate
1265 1956 1634 2024 constitutum,
1670 1955 1756 2010 vel
1785 1955 2017 2026 provida
2039 1955 2120 2010 di-

520 2045 870 2116 spensatione
917 2052 1269 2116 praceptum,
1319 2045 1405 2100 vel
1450 2060 1699 2116 persona:
1729 2051 1897 2099 notrae
1927 2053 2120 2100 aucto-

520 2133 674 2189 ritate
729 2133 886 2188 fuerit
935 2132 1330 2203 conﬁrmatum,
1381 2141 1551 2188 totum
1599 2133 1668 2187 ad
1709 2131 1994 2188 scientiam
2022 2148 2124 2188 no-

521 2229 690 2277 stram
719 2222 985 2279 instructa
1014 2221 1297 2278 relationis
1328 2221 1672 2278 attestatione
1703 2221 2006 2292 perveniat.
2039 2221 2121 2277 Eo

524 2309 616 2366 ﬁet
643 2319 700 2366 ut
729 2319 783 2367 et
810 2319 998 2367 noster
1026 2311 1239 2366 animus
1269 2311 1431 2367 ofﬁcii
1461 2310 1724 2368 charitate
1754 2309 1883 2378 dati,
1917 2317 1970 2364 et
1998 2317 2122 2364 tuus

525 2399 813 2456 securitate
856 2399 1172 2472 perfruatur
1227 2401 1457 2471 accepti.
1516 2401 1662 2456 Deus
1711 2406 1764 2455 te
1791 2398 2122 2456 incolumem

523 2488 813 2557 custodiat,
847 2487 1016 2543 frater
1043 2488 1380 2545 cbarissime.
1420 2509 1442 2538 »

597 2577 705 2632 Sed
737 2585 790 2632 et
819 2576 1090 2632 Adrianus
1119 2593 1260 2648 papa
1277 2575 1492 2648 Tilpino
1510 2575 1908 2648 praedecessori
1937 2583 2123 2630 nostro

525 2665 658 2720 talia
699 2681 814 2722 suae
859 2665 1192 2722 auctoritatis
1239 2665 1548 2738 privilegia,
1598 2673 1651 2720 et
1681 2665 1784 2719 sibi
1815 2663 2124 2720 commissa:

523 2753 788 2810 Ecclesia:
817 2754 985 2821 dedit,
1019 2755 1157 2811 sicut
1189 2753 1392 2826 scripta
1437 2770 1560 2826 quae
1595 2754 1860 2809 habemus
1890 2754 2124 2808 demon-

527 2851 716 2898 strant.
751 2842 888 2912 Qum
909 2843 1174 2916 exiguitas
1223 2859 1348 2899 mea
1393 2859 1497 2899 nec
1546 2843 1759 2912 meruit,
1801 2858 1903 2898 nec
1931 2841 2122 2908 ambit,

525 2947 630 2990 nec
655 2933 880 3004 appetit,
911 2947 1016 2989 nec
1035 2932 1280 3004 requirit.
1305 2947 1614 3004 quanquam
1635 2939 1688 2986 et
1709 2930 1886 3002 quarti
1905 2930 2122 3000 Leonis,

527 3020 578 3077 ei
608 3021 828 3077 nomine
870 3035 937 3077 ac
983 3022 1158 3094 gratia
1203 3021 1482 3077 Benedicti
1529 3019 1826 3076 auctoritas
1853 3019 1987 3088 mihi
2016 3018 2128 3090 pri-

525 3109 728 3182 vilegia
749 3125 860 3166 non
891 3125 926 3166 a
953 3126 1042 3165 me
1074 3110 1297 3182 quaesita
1327 3109 1672 3177 contulerint,
1703 3108 1827 3180 quia
1858 3107 2128 3163 suﬁiciunt

525 3199 659 3254 mihi
688 3215 808 3271 quae
848 3215 952 3271 per
998 3215 1185 3256 sacros
1233 3213 1471 3254 canones
1515 3197 1804 3270 unicuique
1853 3205 1978 3252 sunt
2004 3212 2126 3252 me-
2147 3166 2196 3230 Ο

529 3287 860 3359 tropolitano
891 3287 1105 3344 collata.
1138 3288 1295 3344 Unde
1343 3287 1480 3343 sicut
1509 3286 1764 3342 omnibus
1793 3285 2126 3358 generaliter

527 3377 803 3450 episcopis
833 3378 1086 3434 convenit
1105 3393 1207 3450 pro
1235 3378 1483 3433 Romano
1513 3375 1788 3448 pontifice,
1823 3383 1878 3430 et
1903 3374 2129 3446 speciali
2153 3411 2168 3419 -

531 3467 672 3522 Petri
701 3466 906 3524 vicario
935 3466 1227 3522 Dominum
1249 3480 1496 3532 exorare,
1521 3465 1688 3521 veluti
1709 3472 1763 3520 et
1785 3463 2004 3520 traditio
2033 3464 2128 3519 de-

527 3563 794 3611 monstrat
821 3554 1189 3611 ecclesiastica
1217 3555 1308 3625 (de
1338 3569 1448 3627 qua
1475 3553 1800 3610 leestinus
1829 3551 1958 3608 dicit
1985 3551 2129 3625 [post

530 3645 694 3717 epist.
720 3643 802 3717 8]:
823 3665 847 3696 ι
865 3643 1322 3701 Obsecrationum
1352 3642 1768 3699 sacerdotalium
1785 3647 2132 3697 sacramenta

530 3733 910 3804 respiciamus,
944 3748 1064 3806 qum
1095 3733 1164 3786 ab
1191 3731 1450 3803 apostolis
1480 3731 1674 3785 tradita
1701 3731 1756 3784 in
1786 3737 1899 3785 toto
1927 3729 2130 3784 mundo

529 3829 692 3893 atque
707 3821 763 3876 in
783 3822 931 3877 omni
951 3821 1214 3877 catholica
1233 3819 1482 3876 Ecclesia
1495 3817 1836 3874 uniformiter
1849 3817 2133 3873 celebran-

531 3917 641 3975 tur,
671 3917 730 3964 ut
759 3909 942 3980 legem
971 3909 1232 3965 credendi
1261 3909 1348 3963 lex
1379 3913 1580 3962 statuat
1600 3904 2031 3976 supplicandi»),
2056 3905 2134 3962 ei-

535 3998 773 4068 demque
803 3997 872 4050 ab
901 3996 1152 4052 omnibus
1171 3995 1379 4052 obediri
1395 4002 1625 4066 oportet,
1650 3994 1788 4050 sicut
1808 4010 1874 4050 ex
1896 4009 2132 4065 evange-

534 4085 641 4140 lica
670 4092 722 4139 et
753 4084 1054 4156 apostolica
1083 4085 1417 4150 auctoritate,
1435 4084 1702 4153 majorum
1722 4083 2032 4149 traditione,
2059 4090 2132 4138 at-

539 4189 646 4244 que
672 4173 893 4245 antiqua
908 4172 1303 4230 consuetudine
1324 4173 1570 4229 noscitur
1584 4188 1708 4228 esse
1729 4172 2039 4228 decretum:
2055 4171 2134 4228 sic

540 4262 609 4318 ab
659 4263 911 4317 omnibus
955 4262 1250 4334 provincia
1295 4261 1658 4333 coepiscopis,
1709 4260 1802 4332 qui
1842 4277 1873 4314 a
1903 4261 2134 4331 primate

451 4415 460 4424 ‘
539 4365 651 4406 sum
681 4350 1000 4422 metropolis
1029 4351 1366 4420 ordinantur,
1414 4349 1668 4407 convenit
1708 4349 2010 4406 secundum
2039 4363 2133 4402 sa-

535 4455 658 4496 cras
693 4441 912 4512 regulas
939 4440 1170 4506 obediri,
1204 4447 1254 4495 et
1282 4455 1381 4510 pro
1402 4455 1469 4494 eo
1500 4437 1790 4495 Dominum
1820 4436 2130 4508 supplicari,

537 4529 794 4602 quoniam
839 4529 1181 4585 incolumitas
1221 4527 1567 4598 praesidentis
1613 4527 1763 4582 salus
1806 4535 1889 4582 est
1935 4525 2128 4581 subdi-
2148 4526 2200 4586 D

537 4626 735 4674 torum.
773 4618 883 4674 Sed
911 4626 964 4673 et
993 4626 1045 4674 te
1072 4617 1128 4672 in
1176 4617 1262 4671 his
1309 4616 1710 4689 vigilantiorem
1755 4630 1945 4672 curam
1975 4614 2134 4670 exhi-

539 4707 672 4762 bere
703 4715 1052 4773 convenerat,
1085 4721 1249 4777 quem
1280 4705 1476 4772 taliter,
1513 4713 1570 4760 ut
1598 4704 1854 4776 prmmisi,
1883 4721 1914 4758 a
1943 4720 2004 4758 se
2032 4719 2139 4758 nu-

543 4795 729 4850 tritum
759 4795 1091 4852 Rhemorum
1123 4793 1442 4866 metropolis
1472 4795 1526 4848 in
1557 4793 1817 4850 subsellio
1847 4791 1996 4848 sedis
2028 4808 2139 4847 suae

544 4883 816 4939 ordinavit
845 4884 1183 4955 episcopum.
1205 4882 1340 4953 Quae
1371 4899 1482 4940 non
1509 4898 1654 4952 meo,
1678 4883 1777 4937 sed
1806 4898 1873 4936 ex
1904 4881 2142 4953 Scriptu-

543 4986 732 5026 rarum
764 4987 928 5027 sensu
955 4973 1098 5028 beati
1111 4973 1309 5029 Leonis
1326 4971 1661 5027 institutione
1691 4969 1912 5041 profero
1943 4970 2136 5042 (serm.

543 5064 596 5128 3,
628 5062 691 5116 in
720 5061 1110 5118 anniversario
1138 5061 1228 5118 die
1259 5061 1508 5134 ejusdem
1527 5059 1956 5132 assumptionis)
1982 5076 2038 5113 ει
2061 5059 2141 5112 ln-

546 5157 742 5216 stante,
777 5149 968 5221 inquit,
997 5150 1254 5222 passione
1280 5165 1378 5206 sua
1405 5147 1687 5214 Dominus,
1739 5164 1862 5219 qua:
1892 5146 2140 5219 discipu-

545 5239 724 5295 lorum
755 5246 872 5294 erat
899 5239 1179 5294 turbatura
1207 5237 1582 5306 constantiam,
1615 5236 1691 5292 ait
1723 5253 1736 5290 :
1771 5238 1986 5303 Simon,
2017 5252 2142 5293 ecce

545 5328 790 5384 Satanas
819 5329 1224 5402 expostulavit,
1263 5331 1328 5382 ut
1368 5343 1459 5384 vos
1487 5330 1746 5382 cerneret
1777 5327 1953 5382 veluti
1985 5326 2141 5381 triti-

548 5433 714 5482 cum;
736 5433 833 5489 ego
863 5421 1058 5474 autem
1079 5416 1273 5488 rogavi
1293 5431 1396 5487 pro
1425 5420 1478 5471 te
1509 5431 1581 5471 ne
1595 5415 1822 5484 deﬁciat
1839 5415 1975 5484 ﬁdes
2006 5418 2142 5480 tua;

550 5507 606 5560 et
641 5509 705 5561 tu
736 5505 1040 5578 aliquando
1091 5520 1390 5561 conversus
1439 5505 1713 5574 conﬁrma
1760 5506 1971 5574 fratres
2021 5506 2144 5557 tuos

547 5603 708 5670 (Luc.
743 5617 886 5659 χιιι.
922 5605 1010 5672 31,
1045 5601 1156 5673 32).
1187 5601 1256 5658 Et
1283 5601 1534 5660 omnibus
1563 5599 1862 5673 apostolis:
1891 5600 2139 5672 Vigilate,

2207 537 2317 608 41).
2352 536 2651 591 Commune
2681 543 2800 590 erat
2831 535 3082 591 omnibus
3111 534 3372 606 apostolis
3399 534 3702 606 periculum
3731 537 3801 592 de

2207 625 2503 682 tentatione
2533 624 2858 694 formidinis,
2891 634 2944 680 et
2974 625 3172 680 divinte
3218 624 3572 696 protectionis
3603 624 3800 681 auxilio

2206 715 2410 788 pariter
2438 713 2778 787 indigebant,
2824 713 3081 785 quoniam
3121 713 3368 768 diabolus
3397 729 3589 769 omnes
3618 713 3803 786 exagi-
3876 786 3882 791 η

2209 813 2342 870 tare,
2373 819 2563 860 omnes
2592 802 2843 874 cupiebat
2885 802 3124 867 elidere;
3172 809 3226 857 ct
3265 809 3447 858 tamen
3493 802 3742 872 specialis
3770 819 3801 858 a

2208 893 2442 949 Domino
2473 892 2619 948 Petri
2649 907 2780 947 cura
2809 890 3118 963 suscipitur,
3151 897 3206 946 ut
3232 906 3335 962 pro
3367 889 3472 946 ﬁde
3503 890 3647 946 Petri
3674 908 3800 962 pro-

2209 982 2328 1053 prie
2357 981 2714 1052 supplicetur,
2745 988 2998 1052 tanquam
3047 981 3275 1036 aliorum
3305 988 3474 1035 status
3502 979 3703 1036 certior
3733 981 3802 1036 sit

2210 1071 2440 1136 futurus,
2474 1071 2520 1124 si
2548 1085 2704 1125 mens
2734 1069 2996 1140 principis
3025 1069 3164 1125 victa
3193 1085 3305 1124 non
3341 1069 3520 1124 fuerit.
3553 1070 3613 1124 In
3643 1070 3801 1126 Petro

2210 1174 2344 1230 ergo
2373 1157 2617 1213 omnium
2645 1157 2906 1214 fortitudo
2937 1157 3196 1225 munitur,
3229 1165 3283 1214 et
3314 1157 3498 1213 divina
3527 1157 3704 1229 gratia
3733 1157 3805 1214 ita

2211 1247 2494 1303 ordinatur
2539 1246 2818 1312 auxilium,
2863 1253 2920 1301 ut
2965 1245 3191 1301 ﬁrmitas
3239 1262 3358 1318 quae
3399 1263 3498 1318 per
3526 1246 3804 1302 Christum

2212 1337 2372 1391 Petro
2400 1334 2672 1402 tribuitur,
2720 1352 2820 1407 per
2868 1336 3091 1390 Petrum
3129 1335 3388 1406 apostolis
3414 1335 3740 1392 conferatur.
3776 1356 3799 1385 ι

2211 1425 2344 1480 Cum
2373 1423 2555 1497 itaque
2585 1432 2638 1480 et
2667 1424 2823 1480 vobis
2851 1423 3146 1495 provincia:
3175 1423 3533 1496 coepiscopis,
3567 1441 3667 1495 per
3696 1425 3805 1495 pri-

2213 1522 2410 1569 matem
2468 1513 2606 1582 ejus,
2664 1513 2998 1569 orationibus
3041 1521 3095 1568 et
3141 1529 3331 1567 manus
3359 1513 3703 1584 impositione
3748 1514 3805 1569 in

2213 1601 2555 1658 ordinatione
2610 1603 2787 1673 gratia
2843 1601 3014 1658 sancti
3071 1601 3303 1674 Spiritus
3376 1610 3428 1657 et
3481 1601 3806 1673 episcOpalis

2213 1692 2351 1746 ordo
2407 1691 2675 1758 tribuitur,
2730 1691 2932 1760 justum
2989 1707 3110 1746 esse
3169 1690 3522 1762 perpenditur
3557 1699 3632 1758 ut,
3666 1707 3808 1762 papa

2137 1806 2188 1865 Β
2218 1780 2464 1835 Romano
2518 1779 2764 1851 praelato,
2824 1778 2876 1835 ei
2927 1796 2957 1833 a
2998 1778 3168 1834 .vobis
3223 1778 3482 1834 orationis
3511 1779 3728 1835 devotio
3759 1788 3811 1835 et

2221 1867 2545 1924 obeditionis
2600 1867 2818 1924 dilectio
2873 1867 3242 1938 rependatur;
3303 1867 3449 1939 quod
3503 1876 3556 1923 et
3609 1868 3664 1922 in
3703 1868 3811 1923 illis

2218 1956 2552 2028 temporibus
2608 1963 2784 2012 actum
2842 1956 3093 2028 legimus,
3151 1956 3206 2010 in
3257 1955 3454 2028 quibus
3507 1972 3616 2012 non
3669 1957 3812 2012 adeo

2219 2045 2509 2101 abundavit
2538 2045 2814 2118 iniquitas,
2849 2053 2901 2100 et
2931 2043 3178 2117 refriguit
3207 2045 3444 2100 Charitas
3483 2045 3619 2101 sicut
3647 2046 3812 2100 modo

2219 2133 2273 2188 in
2303 2133 2506 2191 nostris
2553 2134 2752 2206 agitur.
2802 2133 2948 2205 Lege
2995 2133 3254 2189 nimirum
3300 2133 3585 2204 epistolam
3613 2134 3812 2190 Leonis

2220 2224 2287 2279 ad
2316 2223 2681 2291 Anastasium,
2731 2231 2784 2277 et
2837 2222 3082 2278 invenies
3129 2237 3253 2278 cum
3283 2223 3456 2278 Attico
3485 2223 3812 2294 metropoli-

2220 2320 2344 2368 lano
2368 2312 2653 2383 episcOpos
2681 2311 2979 2383 provinciae
3027 2327 3138 2366 sum
3187 2311 3416 2367 Romam
3443 2312 3660 2366 venisse
3693 2312 3812 2368 sine

2221 2401 2360 2456 datis
2418 2401 2673 2468 induciis,
2727 2416 2836 2456 non
2895 2399 3200 2455 retardatos
3232 2409 3380 2456 metu
3410 2400 3814 2456 sublimissimze

2219 2490 2358 2545 inter
2378 2490 2682 2558 mundanos
2711 2489 2896 2560 apices
2925 2489 3226 2560 potestatis,
3273 2505 3372 2560 per
3403 2489 3662 2545 saevitiam
3689 2489 3814 2545 hie-

2220 2579 2344 2644 mis,
2401 2595 2498 2649 per
2553 2578 2658 2634 iter
2707 2594 2963 2649 asperum
3019 2586 3072 2634 et
3125 2578 3379 2649 periculis
3423 2579 3672 2650 plenum,
3718 2595 3819 2650 per

2221 2665 2394 2722 invias
2421 2666 2595 2732 nives,
2630 2681 2755 2722 eum
2785 2674 2936 2722 tanto
2980 2666 3170 2722 labore
3201 2675 3364 2739 atque
3394 2665 3730 2738 discrimine,
3761 2675 3816 2724 ut

2223 2771 2290 2810 ex
2320 2753 2406 2810 his
2435 2753 2525 2827 qui
2551 2755 2869 2826 episcopum
2897 2755 3134 2811 comitati
3163 2763 3307 2825 sunt,
3344 2754 3566 2828 quidam
3596 2755 3816 2814 defece-

2224 2845 2352 2911 rint,
2385 2852 2443 2900 ut
2472 2859 2597 2900 cum
2653 2860 2720 2899 eo
2778 2843 2848 2900 de
2905 2843 3288 2917 indignissima
3333 2843 3620 2900 afﬂictione
3649 2861 3820 2917 quam

2223 2933 2464 3006 pertulit,
2497 2932 2834 3004 lacrymabili
2872 2934 3083 3002 actione
3138 2941 3623 3006 conquererentur.
3654 2932 3822 3003 Quod

2224 3031 2282 3078 tu
2319 3021 2595 3094 quomodo
2627 3036 2846 3092 ageres,
2885 3021 2932 3076 si
2984 3021 3460 3094 metropolitanum
3521 3030 3669 3077 tuum
3719 3023 3828 3080 hoc

2223 3111 2470 3183 indigere
2499 3111 2737 3176 videres,
2785 3111 2877 3184 qui
2924 3110 3356 3185 quantiscunque
3393 3119 3549 3184 potes
3580 3111 3826 3168 molitio-

2224 3201 2383 3256 nibus
2411 3207 2608 3266 certas,
2642 3207 2698 3254 ut
2727 3208 2833 3256 tuae
2859 3201 3148 3272 metropoli
3194 3201 3562 3256 auctoritatem
3592 3216 3657 3256 ex
3685 3201 3830 3256 anti-

2227 3304 2335 3362 quo
2365 3305 2466 3361 per
2494 3303 2682 3345 sacras
2711 3289 2930 3362 regulas
2981 3289 3295 3345 attributam
3343 3288 3598 3362 deroges,
3630 3305 3697 3344 ac
3725 3305 3830 3360 per

2227 3378 2333 3434 hoc
2360 3377 2613 3434 omnibus
2637 3377 3072 3448 metrOpolitanis
3090 3377 3271 3433 debita
3292 3378 3420 3447 jura
3445 3375 3646 3432 tollas?
3675 3377 3831 3432 Sicut

2229 3467 2375 3523 enim
2402 3467 2698 3538 Apostolus
2729 3467 3019 3522 Corinthiis
3035 3465 3196 3522 dicit:
3219 3469 3290 3521 Et
3318 3468 3368 3521 si
3388 3467 3521 3522 aliis
3550 3483 3666 3524 non
3697 3483 3830 3522 sum

2229 3557 2533 3630 apostolus,
2571 3556 2668 3612 sed
2709 3559 2898 3618 tamen
2929 3557 3074 3610 vobis
3104 3572 3262 3622 sum;
3294 3572 3431 3611 nam
3462 3556 3831 3626 signaculum

2230 3646 2579 3718 apostolatus
2607 3645 2720 3700 mei
2748 3661 2839 3700 vos
2871 3644 3005 3700 estis
3036 3645 3097 3699 in
3128 3643 3363 3700 Domino
3393 3644 3444 3713 (Ι
3468 3644 3588 3700 Cor.
3623 3643 3749 3716 ix);
3779 3651 3834 3699 et

2231 3733 2278 3788 si
2303 3732 2426 3788 aliis
2453 3734 2659 3805 primas
2686 3732 2826 3788 forte
2869 3747 2978 3788 non
3027 3747 3228 3799 essem,
3260 3731 3358 3786 tibi
3386 3739 3569 3788 tamen
3598 3731 3750 3803 apud
3783 3740 3836 3788 te

2231 3823 2438 3893 primas
2467 3837 2592 3878 esse
2618 3821 2946 3889 debueram;
2997 3835 3124 3876 nam
3173 3820 3517 3894 signaculum
3556 3820 3832 3892 primatus

2231 3910 2340 3966 mei
2368 3917 2423 3966 tu
2453 3927 2533 3980 es,
2563 3926 2727 3984 quem
2754 3910 2912 3984 signo
2940 3909 3372 3984 interrogatione
3414 3908 3664 3982 primatis
3689 3909 3836 3966 alte-

2232 4009 2365 4074 rius,
2401 4024 2527 4066 cum
2555 4023 2828 4066 consensu
2857 4008 3307 4080 coepiscoporum
3349 4007 3674 4064 Rhemensis
3701 4022 3836 4078 pro-

2233 4097 2444 4167 vincite,
2503 4097 2652 4168 potui
2711 4097 2966 4153 ordinare
3024 4097 3342 4168 episc0pum
3376 4114 3389 4152 ε
3424 4096 3518 4168 qui
3574 4112 3662 4152 me
3706 4104 3837 4152 tunc

2233 4188 2588 4244 vehementer
2639 4201 2703 4242 ac
2757 4185 3030 4242 inhianter
3083 4187 3342 4257 cupiebas
3387 4200 3511 4240 esse
3537 4185 3835 4256 primatem

2233 4277 2396 4332 totius
2451 4275 2762 4346 provinciae,
2819 4281 3028 4330 tantum
3079 4282 3138 4329 ut
3193 4273 3282 4328 vel
3335 4275 3393 4329 in
3446 4287 3555 4328 uno
3611 4271 3841 4343 opidulo

2233 4381 2426 4437 posses
2453 4379 2576 4420 esse
2605 4363 2916 4436 episcOpus,
2950 4371 3002 4420 et
3033 4363 3217 4432 etiam,
3250 4363 3297 4418 si
3325 4361 3523 4419 vellem
3553 4369 3607 4418 et
3636 4370 3838 4420 aucto-

2236 4455 2370 4510 ritas
2400 4468 2467 4510 ac
2495 4453 2631 4509 ratio
2673 4452 2832 4521 foret,
2882 4452 3108 4508 honoris
3154 4467 3218 4508 ac
3265 4449 3549 4524 potestatis
3578 4450 3838 4522 cupidus,

2235 4543 2461 4599 vicanus
2507 4541 2621 4597 ﬁeri
2663 4539 3000 4598 consentires
3047 4540 3354 4612 episcOpus,
3389 4539 3482 4612 qui
3513 4540 3712 4595 Graece
3741 4553 3841 4596 vo-

2236 4641 2392 4688 catur
2419 4629 2862 4702 chorepiscopus,
2913 4629 3054 4686 sicut
3099 4645 3244 4686 nunc
3289 4637 3459 4700 paret,
3499 4627 3593 4700 qui
3621 4627 3842 4683 humili-

2237 4719 2360 4776 tatis
2389 4719 2692 4775 ministerio
2741 4733 2807 4775 ac
2853 4724 3123 4790 potestate
3169 4717 3410 4775 abuteris
3439 4717 3496 4772 in
3524 4715 3842 4788 cupiditatis

2238 4825 2302 4867 ac
2328 4807 2596 4882 superbiae
2625 4806 2879 4864 vanitate.

2819 4942 3042 5000 CAPUT
3079 4940 3252 4998 XVII.

2240 5070 2314 5124 De
2336 5067 2637 5123 rebellione
2692 5067 2983 5122 minorum
3029 5067 3382 5122 sacerdotum
3418 5080 3553 5136 erga
3573 5067 3844 5136 potiores,

2312 5143 2367 5195 et
2398 5139 2463 5194 de
2497 5138 3126 5210 Constantinopolitana
3146 5137 3272 5193 sede
3302 5138 3626 5194 reluctante
3648 5137 3852 5194 adver-

2312 5226 2407 5266 sus
2437 5210 2822 5281 apostolicam.

2313 5331 2382 5386 Et
2411 5345 2536 5386 cum
2566 5331 2683 5386 hac
2741 5330 2818 5386 ita
2867 5345 2928 5386 se
2975 5330 3226 5398 habeant,
3278 5344 3388 5386 non
3416 5331 3590 5386 miror
3619 5331 3666 5385 si
3696 5341 3751 5388 te
3779 5331 3855 5388 ad

2241 5421 2344 5476 hoc
2371 5419 2519 5492 potui
2549 5433 2870 5491 provocare,
2932 5426 2989 5474 ut
3029 5419 3322 5474 adversum
3370 5434 3460 5474 me
3505 5427 3767 5492 tumeres,
3801 5430 3858 5478 et

2242 5509 2421 5566 nolles
2449 5508 2749 5564 secundum
2773 5507 3011 5564 divinam
3059 5507 3472 5579 dispositionem
3503 5525 3628 5563 esse
3659 5510 3855 5580 subje-

2244 5615 2381 5675 ctus,
2414 5607 2505 5680 qui
2536 5605 2813 5663 Conditori
2845 5619 2944 5662 suo
2971 5603 3164 5662 nolens
3206 5604 3421 5676 subjici,
3453 5606 3524 5662 de
3554 5607 3700 5664 coelo
3728 5623 3857 5666 cum
