4054 6180
279 256 371 311 341

955 251 1197 309 OPUSC.
1258 250 1351 307 ET
1404 248 1620 307 EPIST.
1680 248 1754 305 IN
1809 248 2035 306 CAUSA
2089 250 2432 308 HINCMARI
2486 251 2794 309 LAUDUN.

3455 252 3559 309 342

281 380 391 435 suis
418 375 779 450 complicibus
807 376 864 431 in
889 377 1032 431 hunc
1060 376 1417 449 caliginosum
1445 390 1632 431 aerem
1657 374 1880 430 misera-
1906 374 1969 457 Ag
2051 378 2115 432 Et
2146 377 2291 448 quod
2311 378 2380 431 de
2408 378 2513 433 hoc
2542 393 2649 432 uno
2679 376 2906 447 primate
2932 376 3228 443 Gallicano,
3262 376 3354 448 qui
3382 392 3413 430 a
3440 376 3573 431 sede

282 468 461 524 biliter
499 475 585 523 est
621 466 881 535 dejectus,
925 465 1146 520 atemis
1189 464 1466 535 suppliciis
1517 463 1868 519 cruciandus.

283 557 420 612 Nam
449 563 506 611 et
532 555 588 610 in
620 553 802 609 Veteri
829 553 1178 609 Testamento
1208 553 1434 607 minoris
1462 551 1742 624 dignitatis
1783 566 1879 606 sa-

283 646 534 702 cerdotes
563 651 755 699 contra
780 642 1023 713 potiores
1053 657 1181 697 suos
1210 657 1272 698 se
1318 641 1689 706 elevaverunt,
1740 640 1881 697 Core

284 733 491 791 scilicet
521 747 643 789 cum
672 732 785 788 suis
813 730 1207 801 complicibus;
1240 730 1381 785 unde
1408 729 1698 786 vindictam
1727 728 1883 785 debi-

282 832 390 878 tam
421 836 456 878 a
483 821 719 877 Domino
748 828 1123 891 susceperunt,
1169 819 1305 874 sicut
1347 818 1661 874 veneranda
1704 825 1884 873 narrat

282 910 510 966 historia
539 911 729 979 (Nam.
762 909 903 977 xvr).
963 909 1025 963 In
1052 910 1210 964 Novo
1266 908 1633 963 nihilominus
1687 907 1882 963 Testa-

285 1006 470 1056 mento
498 998 640 1053 inter
667 1012 858 1054 sacros
887 997 1108 1053 ordines
1132 995 1368 1069 legimus
1397 995 1692 1051 seditiones
1717 1010 1884 1051 exor-

286 1096 371 1143 tas
397 1104 413 1142 :
444 1095 501 1142 et
528 1086 766 1158 primum
789 1085 1007 1158 quidem
1038 1084 1357 1142 diacouibus
1387 1101 1447 1141 se
1460 1085 1724 1141 adversus
1752 1098 1885 1155 pre-

286 1172 552 1244 sbyteros,
586 1170 824 1242 itemque
880 1169 1216 1241 presbyteris
1246 1177 1296 1224 et
1347 1167 1755 1240 cborepiscopis
1785 1166 1885 1222 ad-

290 1276 480 1317 versus
511 1258 800 1330 episcOpos
848 1257 1219 1327 efferentibus,
1275 1256 1420 1313 unde
1476 1270 1621 1313 nunc
1660 1270 1889 1312 necesse

288 1364 398 1404 non
429 1347 697 1403 habemus
724 1361 1036 1403 sermonem
1064 1347 1121 1401 in
1148 1344 1376 1418 longum
1404 1346 1743 1417 protrahere,
1770 1358 1891 1415 qua

290 1436 542 1493 novimus
564 1452 597 1491 a
627 1436 802 1492 sacris
832 1434 1131 1491 canonibus
1158 1450 1280 1490 esse
1310 1434 1627 1505 composita.
1660 1433 1891 1488 Tantum

292 1526 360 1581 de
389 1524 689 1597 episcopali
715 1523 909 1581 ordine
938 1524 1204 1592 dicamus,
1238 1538 1401 1596 quem
1429 1522 1588 1578 etiam
1616 1521 1761 1594 ignis
1789 1536 1890 1577 cu-

288 1614 549 1687 piditatis,
581 1621 636 1668 et
672 1612 864 1684 rapina
908 1611 1205 1669 altitudinis
1262 1612 1401 1668 adeo
1444 1611 1616 1683 potuit
1671 1609 1892 1665 inﬂam-

292 1718 464 1770 mare,
498 1702 641 1758 sicut
694 1700 956 1773 scriptum
1001 1708 1084 1756 est
1118 1718 1132 1755 :
1167 1701 1356 1773 Aperi,
1415 1699 1641 1765 Libane,
1701 1702 1892 1769 portas

299 1797 444 1858 tuas,
460 1794 521 1847 et
535 1794 837 1848 consumat
854 1790 1005 1861 ignis
1026 1791 1215 1846 cedros
1230 1793 1358 1845 tuas
1371 1789 1560 1858 (Zach.
1579 1788 1663 1856 ιι)
1673 1830 1686 1853 ,
1701 1795 1759 1842 ιιι
1776 1786 1895 1859 qui-

296 1894 401 1952 que
454 1879 559 1935 Dei
636 1877 961 1934 ordinationi
1014 1878 1264 1933 resistere
1309 1892 1420 1932 non
1465 1883 1789 1939 metuerunt,
1848 1882 1901 1930 et

296 1983 416 2025 cum
446 1968 697 2023 obtinere
725 1982 836 2021 non
865 1973 1157 2037 potuerunt
1183 1973 1241 2022 ut
1289 1966 1394 2020 sibi
1438 1964 1746 2036 praepositis
1787 1979 1897 2020 non

297 2056 606 2121 subessent,
638 2055 803 2111 etiam
830 2054 1072 2112 hareses
1102 2062 1157 2111 et
1184 2054 1477 2110 schismata
1518 2052 1898 2119 condiderunt,

298 2159 463 2217 seque
491 2144 646 2216 ipsos
675 2144 748 2198 ab
790 2143 997 2199 unitate
1043 2142 1307 2198 Ecclesia
1349 2142 1707 2212 projecerunt,
1766 2140 1904 2197 sicut

297 2232 478 2288 multis
507 2231 853 2288 documentis
881 2231 1171 2288 ostendere
1198 2246 1516 2302 possumus.
1555 2228 1903 2286 Rebellantes

297 2336 514 2394 quoque
542 2320 788 2391 episcopi
828 2319 1094 2376 adversus
1140 2318 1585 2390 metropolitanos
1635 2318 1749 2374 sive
1810 2333 1903 2373 ar-

298 2409 679 2481 chiepiscopos
708 2423 838 2464 suos
869 2408 975 2478 (his
1005 2408 1151 2463 enim
1180 2408 1395 2463 duobus
1432 2405 1745 2462 nominibus
1798 2406 1904 2461 hu-

293 2500 377 2568 jus
404 2497 746 2554 excellentia
774 2496 1012 2570 dignitas
1033 2496 1400 2569 designatur),
1432 2495 1672 2567 itemque
1700 2501 1903 2550 metro-

194 2644 198 2648 .
300 2585 521 2658 politani
550 2586 639 2641 vel
658 2585 1053 2657 archiepiscopi
1081 2584 1347 2640 adversus
1376 2584 1637 2655 primates
1663 2583 1751 2639 vel
1807 2597 1904 2654 pa-

300 2675 584 2742 triarchas,
617 2674 710 2748 qui
737 2674 795 2730 in
821 2673 907 2729 his
932 2673 1145 2730 duobus
1174 2671 1485 2728 nominibus
1514 2688 1622 2728 uno
1657 2672 1906 2744 prioratu

300 2764 618 2836 funguntur,
650 2762 749 2819 sed
778 2770 831 2818 et
859 2762 1080 2836 quidem
1106 2760 1506 2833 archiepiscOpi
1552 2759 1637 2816 vel
1696 2767 1904 2816 metro-

299 2852 523 2926 politani
551 2851 814 2924 primates
850 2850 1269 2923 provinciarum,
1327 2849 1603 2906 multoties
1650 2849 1707 2905 in
1738 2848 1907 2905 sacris

302 2941 608 2998 canonibus
653 2939 999 2997 inveniuntur
1032 2958 1045 2994 :
1078 2938 1155 2995 illi
1192 2939 1463 3006 videlicet,
1528 2938 1621 3011 qui
1672 2937 1730 2993 in
1784 2937 1907 2993 loco

301 3029 685 3087 defunctorum
747 3028 1287 3101 archiepiscoporum
1331 3026 1418 3084 vel
1459 3025 1906 3097 metropolitano-

304 3136 445 3186 rum,
497 3119 568 3174 ab
615 3118 887 3191 episcopis
934 3118 1361 3190 uniuscujusque
1414 3115 1727 3189 provincia,
1786 3115 1904 3172 sine

304 3206 735 3279 interrogatione
762 3206 989 3263 alterius
1016 3206 1265 3278 primatis
1291 3205 1590 3277 praevalent
1646 3202 1907 3271 ordinari,

306 3305 358 3353 et
384 3314 451 3353 ex
480 3296 719 3367 antiqua
750 3294 1156 3351 consuetudinis
1197 3295 1341 3367 lege,
1374 3309 1407 3349 a
1442 3294 1574 3351 sede
1616 3290 1911 3364 apostolica

307 3385 453 3456 pallii
482 3384 664 3441 solent
692 3385 856 3456 genio
887 3383 1155 3456 insigniri,
1188 3390 1240 3438 et
1265 3383 1324 3438 in
1363 3382 1485 3439 loco
1532 3380 1911 3438 decedentium

307 3475 709 3546 episcoporum,
743 3473 861 3528 sine
882 3472 1131 3529 consultu
1161 3472 1247 3528 vel
1278 3471 1496 3547 licentia
1525 3470 1775 3542 primatis
1824 3468 1910 3524 al-

309 3563 497 3628 terius,
530 3563 587 3617 in
618 3577 717 3617 sua
761 3561 1045 3633 provincia
1098 3560 1305 3635 quique
1350 3567 1580 3632 possunt
1627 3558 1913 3630 episcopos

309 3651 585 3718 ordinare,
619 3650 759 3706 sicut
786 3658 1009 3707 sanctus
1039 3650 1335 3722 Gregorius
1377 3648 1625 3705 scribens
1670 3646 1741 3702 ad
1794 3649 1912 3702 Au-

312 3739 592 3813 gustinum
622 3738 925 3811 Anglorum
969 3738 1307 3809 episcopum,
1359 3736 1640 3793 evidenter
1676 3734 1915 3791 ostendit

311 3829 427 3896 (lib.
458 3842 568 3898 xu,
598 3829 764 3898 epist.
797 3830 886 3892 31,
918 3828 1188 3898 interreg.
1209 3827 1264 3892 9)
1288 3841 1300 3881 :
1328 3848 1349 3873 α
1388 3827 1447 3880 In
1479 3824 1805 3890 Galliarum,
1837 3824 1913 3878 in-

314 3916 538 3989 quiens,
597 3915 888 3986 episcopos
943 3915 1142 3970 nullam
1190 3914 1286 3968 tibi
1314 3913 1683 3969 auctoritatem
1727 3912 1917 3968 tribui-

314 4021 448 4073 mus,
473 4005 607 4078 quia
620 4003 692 4059 ab
727 4003 965 4075 antiquis
997 4004 1467 4075 pradecessorum
1500 4018 1750 4059 meorum
1784 4008 1918 4058 tem-

315 4094 535 4165 poribus
553 4092 776 4165 pallium
807 4092 1142 4149 Arelatensis
1173 4092 1464 4164 episcopus
1493 4092 1722 4163 accepit,
1758 4106 1919 4163 quem

315 4198 410 4239 nos
435 4182 663 4255 privare
689 4182 1002 4237 auctoritate
1031 4188 1295 4252 percepta
1322 4180 1542 4235 minime
1570 4181 1854 4235 debemus.
1892 4198 1915 4229 ι

315 4273 378 4326 Et
401 4278 532 4342 post
559 4270 841 4343 aliquanta
873 4287 885 4326 :
923 4291 947 4321 ι
982 4271 1105 4341 Ipse
1149 4268 1466 4325 auctoritate
1524 4268 1749 4340 propria
1807 4266 1921 4339 epi-

315 4375 508 4431 scopos
548 4358 853 4416 Galliarum
900 4358 1150 4428 judicare
1194 4348 1303 4412 non
1362 4358 1585 4429 poteris,
1649 4356 1749 4412 sed
1793 4370 1920 4412 sua-

1977 465 2271 537 apostolica
2301 465 2524 537 pallium
2552 473 2858 536 acceperat,
2893 463 3045 535 dixit,
3079 466 3184 520 hoc
3213 473 3265 520 et
3320 465 3389 519 de
3435 463 3569 519 reli-

1980 554 2100 626 quis
2128 554 2449 620 Galliarum,
2485 561 2539 608 et
2586 554 2950 627 Belgicorum,
3010 561 3172 625 atque
3210 553 3573 608 Germanico-

1979 658 2099 697 rum
2129 642 2451 713 primatibus
2483 650 2565 697 est
2594 642 2779 712 utique
2797 642 3229 714 intelligendum.
3250 642 3397 696 Inter
3416 656 3573 712 quos,

1982 730 2120 786 sicut
2149 739 2202 786 et
2233 730 2369 785 inter
2398 729 2640 803 reliquos
2668 731 2976 802 episcopos,
3011 732 3127 785 haec
3146 730 3384 786 conditio
3416 744 3578 801 regu-

1982 818 2112 874 laris
2141 827 2413 885 servatur,
2446 827 2505 874 ut
2536 819 2629 889 qui
2672 818 2824 889 prius
2885 817 3044 873 fuerit
3081 818 3380 884 ordinatus,
3426 817 3579 888 prior

1983 908 2266 971 habeatur,
2303 906 2449 962 velut
2477 906 2623 961 idem
2643 914 2861 963 sanctus
2891 906 3193 978 Gregorius
3242 907 3297 960 in
3348 904 3581 976 epistola

1985 996 2054 1051 ad
2082 995 2364 1066 prafatum
2394 994 2758 1066 Augustinum
2786 1003 3034 1066 patenter
3059 994 3318 1050 ostendit.
3342 995 3424 1049 De
3454 993 3579 1064 qui-

1986 1085 2087 1139 bus
2116 1083 2438 1155 primatibus
2468 1092 2519 1137 et
2551 1082 2747 1139 Africa
2772 1084 3069 1154 provincia
3114 1082 3343 1139 concilia
3392 1081 3580 1137 dicunt
3626 1140 3633 1147 η

1987 1174 2166 1243 (conc.
2204 1173 2502 1243 Carthag.,
2531 1189 2578 1228 ε.
2617 1174 2704 1240 19)
2739 1189 2751 1225 :
2788 1194 2809 1218 α
2846 1171 3123 1242 Quisquis,
3156 1172 3425 1244 inquiens,
3467 1169 3584 1242 epi-

1990 1276 2275 1332 scoporum
2316 1268 2624 1325 accusatur,
2657 1260 2725 1314 ad
2756 1260 3041 1331 primatem
3086 1260 3381 1330 provincia
3407 1258 3577 1329 ipsius

1990 1365 2209 1407 causam
2236 1349 2445 1404 deferat
2475 1358 2806 1405 accusator.»
2829 1350 2894 1404 Et
2914 1348 3042 1403 item
3075 1365 3089 1402 :
3128 1369 3150 1399 α
3173 1348 3273 1417 Qui
3295 1361 3593 1418 provocan-

1990 1440 2119 1494 dum
2148 1438 2475 1509 putaverint,
2507 1438 2574 1492 ad
2602 1438 2860 1509 primates
2891 1452 3108 1492 suarum
3164 1436 3585 1507 provinciarum,

1994 1527 2133 1584 sicut
2160 1537 2214 1584 et
2244 1527 2313 1582 de
2342 1526 2613 1598 episcopis
2642 1542 2786 1597 saepe
2824 1526 3174 1582 constitutum
3233 1533 3334 1593 est,
3394 1539 3593 1595 provo-

1990 1625 2167 1673 cent.»
2202 1615 2269 1670 Et
2296 1616 2427 1671 item
2458 1616 2736 1686 (African.
2758 1659 2772 1682 ,
2809 1631 2930 1670 can.
2965 1615 3058 1685 92)
3090 1631 3104 1669 :
3129 1635 3151 1665 ι
3178 1612 3335 1682 Quod
3357 1612 3403 1667 si
3430 1621 3483 1668 et
3512 1612 3581 1666 ab

1922 1728 1975 1788 Β
1999 1706 2098 1773 eis,
2132 1704 2338 1761 scilicet
2366 1704 2559 1760 vicinis
2580 1704 2870 1776 episcOpis,
2903 1703 3310 1775 provocandam
3364 1709 3593 1772 putave-

2000 1795 2129 1859 rint,
2163 1809 2272 1848 non
2302 1801 2599 1865 provocent
2629 1792 2734 1847 nisi
2761 1792 2829 1848 ad
2859 1791 3116 1849 Africana
3152 1789 3497 1856 concilia,vel
3522 1789 3593 1844 ad

1998 1883 2258 1955 primates
2285 1880 2694 1953 provinciarum
2734 1895 2975 1935 suarum.
3043 1901 3065 1929 ι
3097 1880 3165 1935 Ει
3219 1878 3351 1935 item
3407 1880 3589 1947 (conc.

2003 1971 2216 2037 Carth.,
2250 1985 2370 2027 can.
2404 1972 2531 2040 l7):
2568 1991 2590 2019 ι
2621 1968 3036 2040 Utunaquaque
3065 1967 3348 2039 provincia
3372 1973 3597 2038 propter

1999 2059 2452 2132 longinquitatem
2481 2056 2766 2128 primatem
2795 2056 2991 2112 habeat
3032 2056 3335 2127 proprium.
3383 2054 3596 2110 Placuit

2000 2156 2057 2204 ut
2110 2147 2425 2203 Mauritania
2476 2144 2766 2211 Sitifensis,
2828 2152 2885 2198 ut
2954 2143 3245 2215 postulavit
3308 2142 3598 2213 primatem

2002 2235 2300 2309 provincia
2326 2234 2615 2301 Numidia,
2650 2250 2716 2288 ex
2746 2233 2898 2303 cujus
2928 2240 3070 2289 catu
3103 2239 3409 2303 separatur,
3444 2246 3603 2286 suum

2002 2320 2200 2377 habeat
2244 2320 2548 2392 primatem,
2619 2333 2780 2391 quem
2823 2316 3289 2373 consentientibus
3350 2314 3602 2371 omnibus

2003 2408 2327 2482 primatibus
2358 2408 2761 2479 provinciarum
2791 2406 3189 2471 Africanarum,
3220 2404 3308 2460 vel
3352 2403 3604 2460 omnibus

2005 2498 2297 2570 episcOpis,
2328 2505 2553 2570 propter
2582 2494 3037 2568 longinquitatem
3079 2494 3283 2549 habere
3337 2492 3606 2564 permissa

2005 2595 2106 2643 est.
2136 2608 2159 2639 ν
2193 2588 2261 2643 Et
2292 2586 2581 2658 episcopus
2610 2586 2702 2658 qui
2734 2584 2805 2639 ad
2849 2583 3118 2655 synodum
3148 2599 3257 2638 non
3288 2581 3602 2650 occurrerit,

2005 2676 2073 2731 ad
2120 2676 2407 2747 primatem
2449 2690 2611 2730 suum
2651 2671 2872 2743 jubetur
2918 2672 3181 2727 rationem
3240 2670 3614 2742 impedimenti

2008 2764 2092 2820 sui
2119 2765 2391 2830 reddere;
2424 2771 2477 2818 et
2523 2762 2613 2817 ille
2655 2762 2861 2833 primas
2901 2760 3063 2817 debet
3104 2760 3238 2817 dare
3286 2759 3519 2829 judices,
3552 2759 3609 2813 in

2008 2853 2159 2923 cujus
2193 2852 2475 2924 provincia
2546 2852 2700 2906 locus
2730 2858 2814 2905 est
2842 2849 3186 2917 constitutus,
3220 2856 3274 2904 et
3318 2863 3499 2904 causa
3535 2846 3607 2901 ﬁ-

2007 2941 2221 2999 nienda
2251 2948 2376 2996 sunt
2390 2956 2487 3011 per
2517 2939 2730 3009 judices
2777 2939 3086 3011 episcOpos,
3107 2938 3221 2994 sive
3251 2952 3388 3010 quos
3402 2935 3611 3009 prima-

2008 3039 2090 3088 tes
2128 3030 2395 3099 dederint,
2426 3029 2542 3086 sive
2571 3043 2707 3103 quos
2726 3028 2868 3083 inter
2889 3043 2949 3082 se
2971 3026 3360 3099 conquirentes
3407 3024 3614 3082 vicinos

2010 3137 2078 3178 ex
2107 3135 2379 3177 consensu
2407 3118 2729 3192 delegerint.
2768 3140 2791 3165 ι
2820 3116 2890 3173 Et
2916 3116 3159 3187 episcopi
3178 3115 3358 3188 (conc.
3384 3114 3573 3171 Carth.
3594 3157 3607 3181 ,

2010 3225 2133 3267 can.
2157 3212 2249 3279 23)
2280 3217 2433 3265 trans
2460 3223 2615 3263 mare
2643 3205 2919 3278 proﬁcisci
2956 3221 3066 3261 non
3096 3205 3318 3270 debent,
3350 3203 3456 3259 nisi
3485 3217 3615 3259 con-

2013 3298 2156 3355 sulto
2175 3299 2368 3371 prima
2384 3296 2531 3352 sedis
2551 3295 2810 3367 episcopo
2831 3310 2943 3349 suae
2964 3294 3225 3364 cujusque
3237 3291 3554 3363 provincia.
3583 3311 3607 3341 ι

2013 3388 2246 3444 Sanctus
2257 3402 2475 3459 quoque
2487 3385 2733 3441 Zosimus
2746 3382 3013 3439 universis
3025 3381 3296 3451 episcopis
3308 3378 3620 3450 perGallias

2014 3484 2067 3533 et
2097 3483 2307 3547 septem
2336 3473 2649 3545 provincias
2678 3471 2982 3527 constitutis
3013 3469 3229 3539 scripsit
3275 3468 3461 3538 (epist.
3512 3466 3569 3538 5)
3600 3485 3614 3521 :

2019 3585 2041 3616 ι
2078 3563 2218 3633 Quia
2248 3562 2515 3633 quisquis,
2549 3559 2917 3631 pratermissa
2946 3556 3346 3629 metropolitani
3374 3556 3458 3611 sui
3500 3554 3615 3611 for-

2012 3662 2189 3719 mata,
2232 3652 2345 3707 sive
2390 3650 2695 3721 episcopus,
2756 3664 2853 3704 seu
2913 3649 3234 3718 presbyter,
3286 3644 3401 3700 sive
3443 3644 3623 3701 diaco-

2016 3758 2138 3813 nus,
2172 3750 2264 3798 aut
2292 3740 2552 3810 deinceps
2579 3737 2852 3794 inferioris
2883 3737 3085 3810 gradus
3113 3735 3199 3804 sit,
3225 3735 3293 3789 ad
3313 3749 3437 3790 eum
3490 3750 3617 3806 per-

2017 3831 2227 3888 venerit
2260 3873 2275 3900 ,
2322 3829 2457 3886 sciat
2486 3846 2546 3884 se
2568 3826 2769 3898 suscipi
2788 3826 3011 3882 omnino
3030 3840 3140 3881 non
3159 3838 3343 3895 posse.
3381 3845 3404 3874 »
3425 3824 3495 3878 Et
3513 3822 3614 3879 Hi-

2018 3922 2164 3977 larus
2191 3934 2334 3992 papa
2360 3919 2417 3973 in
2456 3917 2688 3973 decretis
2717 3915 2784 3970 ad
2806 3915 3046 3987 quinque
3075 3912 3382 3986 provincias
3423 3913 3609 3983 (epist.

2022 4011 2075 4081 8)
2110 4027 2122 4064 :
2161 4030 2182 4059 σι
2211 4008 2346 4063 [llud
2375 4007 2541 4063 etiam
2567 4020 2677 4062 non
2708 4004 2985 4076 potuimus
3013 4002 3310 4075 praterire,
3344 4000 3491 4073 quod
3512 4001 3620 4056 sol-

2020 4098 2300 4155 licitudine
2329 4095 2677 4169 diligentiore
2703 4094 3005 4150 curandum
3034 4101 3133 4160 est,
3164 4108 3235 4147 ne
3270 4098 3471 4162 prater
3499 4103 3620 4146 me-

2021 4186 2469 4261 tropolitanorum
2513 4199 2735 4240 suorum
2782 4184 2988 4239 litteras
3044 4181 3207 4253 aliqui
3265 4180 3510 4252 episcopi
3551 4179 3625 4235 ad

2022 4274 2318 4349 quamlibet
2346 4270 2683 4346 provinciam
2713 4271 2945 4326 audeant
2958 4269 3254 4341 proﬁcisci,
3281 4269 3426 4340 quod
3456 4268 3620 4324 etiam

2022 4366 2080 4420 in
2106 4364 2252 4421 omni
2285 4378 2489 4437 genere
2518 4361 2678 4416 ofﬁcii
2727 4358 2995 4416 clericalis
3035 4374 3135 4428 per
3165 4357 3411 4428 singulas
3455 4357 3619 4412 debet

316 4449 513 4513 dendo,
548 4447 902 4518 blandiendo,
933 4448 1077 4504 bona
1105 4462 1321 4520 quoque
1352 4455 1445 4502 tua
1475 4461 1644 4517 opera
1674 4445 1753 4501 eis
1802 4443 1924 4501 imi-
1955 4445 2004 4504 D
2028 4452 2302 4510 Ecclesias
2331 4450 2613 4507 custodiri.
2651 4470 2673 4499 »
2708 4450 2775 4504 Et
2803 4455 3021 4502 sanctus
3052 4445 3354 4516 Gregorius
3385 4446 3457 4500 ad
3495 4445 3625 4499 Vin-

317 4537 478 4593 tanda
503 4535 885 4603 monstrando,
919 4551 1207 4607 pravorum
1236 4543 1456 4592 mentes
1506 4535 1576 4590 ad
1625 4534 1925 4590 sanctitatis

320 4625 550 4682 studium
573 4624 834 4691 reforma,
867 4625 995 4697 quia
1015 4624 1274 4695 scripturn
1304 4632 1385 4679 est
1402 4624 1456 4678 in
1475 4623 1633 4696 lege:
1658 4626 1767 4679 Per
1786 4624 1926 4680 alie-

318 4733 451 4771 nam
461 4730 702 4772 messem
718 4714 1028 4779 transiens,
1044 4715 1253 4785 falcem
1264 4714 1493 4770 mittere
1504 4728 1617 4770 non
1627 4712 1807 4779 debes,
1831 4712 1928 4768 sed

330 4821 506 4861 manu
534 4805 721 4874 spicas
751 4807 1041 4859 conterere
1065 4805 1122 4858 et
1150 4801 1523 4859 manducare.
1538 4801 1753 4857 Falcem
1782 4799 1927 4856 enim

317 4891 503 4958 judicii
531 4891 746 4946 mittere
774 4906 883 4946 non
912 4897 1066 4961 potes
1096 4890 1153 4945 in
1180 4906 1244 4945 ea
1273 4897 1460 4961 segete
1491 4905 1617 4962 qua
1646 4888 1803 4945 alteri
1840 4880 1926 4945 vi?

324 4981 480 5036 detur
509 4995 636 5036 esse
664 4979 978 5046 commissa,
1012 4979 1109 5036 sed
1138 4996 1238 5051 per
1266 4977 1520 5035 effectum
1563 4978 1692 5034 boni
1741 4978 1928 5050 operis

325 5068 597 5124 frumenta
625 5068 908 5126 Dominica
934 5068 1190 5124 vitiorum
1219 5084 1437 5123 suorum
1451 5067 1624 5139 paleis
1659 5066 1922 5139 exspolia,

325 5165 376 5212 et
398 5157 453 5212 in
483 5156 751 5214 Ecclesia
775 5172 974 5229 corpus
1002 5157 1277 5213 monendo
1306 5165 1359 5212 et
1374 5155 1756 5227 persuadendo
1770 5155 1928 5227 quasi

326 5246 638 5301 mandendo
690 5254 968 5302 converte.
1023 5245 1253 5314 Quando
1305 5261 1438 5301 vero
1488 5262 1554 5300 ex
1611 5246 1930 5302 auctoritate

325 5335 600 5408 agendum
631 5343 734 5402 est,
767 5349 889 5391 cum
915 5336 1179 5407 pradicto
1196 5334 1500 5390 Arelatensi
1516 5334 1774 5406 episcopo
1792 5349 1930 5405 aga-

327 5431 431 5491 tur,
466 5441 537 5480 ne
565 5424 905 5496 pratcrmitti
933 5425 1106 5496 possit
1135 5426 1239 5480 hoc
1270 5423 1416 5495 quod
1444 5423 1665 5494 antiqua
1712 5425 1931 5479 Patrum

324 5523 592 5581 institutio
617 5522 845 5579 invenit.
885 5543 906 5573 ι

2025 4540 2259 4599 centium
2291 4549 2345 4596 et
2376 4546 2605 4596 cateros
2636 4538 2925 4613 episcopos
2956 4534 3147 4591 scribit
3175 4535 3293 4603 (lib.
3328 4548 3427 4599 vn,
3455 4535 3621 4603 epist.

2026 4637 2077 4700 8,
2108 4630 2309 4686 indici.
2346 4631 2431 4697 ll)
2467 4645 2478 4682 :
2507 4650 2528 4677 α
2557 4629 2869 4693 Hortamus,
2906 4624 3177 4695 inquiens,
3229 4620 3622 4676 fraternitatem

2024 4727 2263 4776 vestram
2290 4726 2348 4773 ut
2377 4718 2423 4773 si
2470 4733 2797 4789 quemquam
2835 4721 3078 4770 vestrum
3117 4726 3217 4781 pro
3274 4710 3457 4765 causis
3494 4724 3624 4781 pro-

2025 4808 2162 4881 priis
2188 4808 2496 4879 ubicunque
2525 4806 2743 4877 longius
2771 4801 3093 4873 compulerit
3120 4799 3398 4854 ambulare
3428 4814 3621 4855 neces-

2028 4898 2176 4961 sitas,
2228 4912 2263 4952 a
2307 4895 2722 4966 metropolitano
2760 4899 2939 4947 vestro
2986 4887 3283 4945 secundum
3330 4888 3557 4944 inditam
3594 4902 3628 4943 a

2028 4986 2231 5043 sanctis
2262 4985 2512 5041 Patribus
2542 4981 2807 5053 regulam,
2842 4987 3026 5050 petere
3056 4978 3330 5033 licentiam
3359 4977 3626 5043 debeatis,

2029 5092 2131 5132 nec
2164 5091 2286 5132 eum
2314 5082 2644 5145 postponere
2670 5071 2725 5125 in
2754 5070 2935 5141 aliquo
2982 5067 3347 5139 prasumatis,
3399 5073 3628 5137 excepto

2030 5167 2094 5230 si,
2135 5165 2280 5237 quod
2307 5178 2416 5218 non
2446 5168 2712 5232 optamus,
2745 5166 2931 5214 contra
2961 5158 3215 5213 eumdem
3257 5154 3629 5226 metropolita-

2030 5268 2160 5309 num
2189 5259 2431 5307 vestrum
2457 5264 2554 5304 vos
2584 5248 2787 5303 habere
2816 5248 3023 5320 aliquid
3080 5263 3259 5303 causa
3315 5243 3624 5317 contigerit,

2033 5351 2089 5397 ut
2118 5343 2186 5396 ob
2217 5341 2322 5395 hoc
2350 5339 2497 5393 sedis
2527 5336 2837 5408 apostolica
2858 5338 3122 5408 judicium
3152 5336 3207 5390 hi
3238 5334 3328 5406 qui
3356 5341 3544 5405 petere
3558 5332 3634 5388 fe-

2032 5430 2232 5485 stiuant
2258 5428 2529 5483 licentiam
2558 5428 2813 5493 habeant,
2844 5426 2989 5498 quod
3020 5425 3167 5479 scitis
3210 5439 3311 5495 per
3367 5436 3629 5492 canones,

2036 5519 2196 5575 etiam
2226 5518 2565 5589 antiquorum
2598 5518 2816 5572 Patrum
2845 5513 3581 5585 instititutionepermissum.
3601 5531 3624 5562 ι
