4054 6180
393 179 496 237 διδ

1177 171 1524 234 HINCMARI
1548 169 1954 232 RHEMENSIS
1981 166 2530 230 ARCHIEPISCOPI.

3590 173 3712 242 sta

501 305 564 360 In
582 308 840 376 promptu
865 308 948 360 est
977 300 1124 359 enim
1152 300 1306 358 illum
1323 300 1393 356 de
1409 298 1823 358 Sardicensibus
1837 313 2001 357 cano-
2029 297 2082 359 A
2103 299 2254 355 salva
2275 299 2591 371 metropolis
2613 299 2894 372 dignitate,
2928 307 2982 356 et
3009 300 3200 357 beatus
3241 297 3543 370 Gregorius
3591 313 3704 353 ser-

393 392 554 448 nibus
581 391 790 461 dicere,
821 390 892 448 de
921 392 1117 465 quibus
1148 398 1202 448 et
1234 389 1580 446 Innocentius
1599 389 1668 444 ad
1689 388 2002 445 Victricium

395 487 686 548 memorat,
720 488 774 536 et
803 481 932 538 hinc
959 479 1236 536 multoties
1265 478 1414 534 idem
1455 478 1648 534 beatus
1694 476 2000 558 Gregorius

402 569 458 626 in
483 568 730 642 epistolis
757 569 871 625 suis
899 567 969 624 ad
1000 567 1315 624 Gallicanos
1343 574 1398 623 et
1426 566 1496 623 ad
1525 565 1664 623 alios
1711 565 2000 638 episcopos

396 657 636 730 scripsit.
660 657 769 713 Sed
791 663 845 714 et
873 655 1026 729 leges
1044 656 1316 736 liomanaa
1342 669 1376 712 a
1395 655 1701 736 Iustiniano
1753 655 1999 726 impera-

397 751 517 802 tore
545 745 920 818 promulgatae,
971 734 1106 816 quas
1143 743 1340 816 probat
1384 734 1658 810 Ecclesia,
1703 741 2001 799 decernunt

396 834 466 891 de
511 833 895 904 episcoporum
943 832 1062 888 sine
1105 831 1509 904 metropolitani
1549 831 1632 887 sui
1677 831 1999 888 auctoritate

393 921 745 994 profectione.
779 921 944 990 Cujus
972 927 1184 993 partem
1229 920 1632 978 constitutionis
1669 920 1778 988 hic,
1829 935 1999 992 quan-

393 1016 509 1066 tum
535 1010 828 1066 convenire
867 1010 1072 1082 putavi,
1119 1008 1373 1078 subjunxi
1414 1009 1522 1065 hoc
1571 1009 1734 1065 modo
1766 1025 1781 1062 :
1819 1028 1842 1059 κ
1876 1009 2000 1064 Νοιι

388 1096 550 1154 liceat
573 1097 845 1170 episcopis
896 1113 1026 1154 suas
1083 1097 1301 1170 quidem
1329 1095 1612 1152 Ecclesias
1663 1096 1994 1168 relinquere,

389 1185 448 1242 in
466 1186 672 1242 alienas
691 1194 876 1242 autem
905 1185 1218 1256 provincias
1245 1185 1572 1256 pervenire;
1605 1185 1688 1240 sin
1721 1192 1902 1240 autem
1932 1201 1998 1242 ex

391 1287 562 1331 causa
587 1273 818 1330 fecerint
844 1273 1179 1344 necessaria,
1211 1273 1498 1329 ostendant
1529 1272 1616 1329 vel
1647 1272 1854 1328 litteras
1893 1288 1998 1344 pa-

393 1363 648 1418 triarchae
676 1369 769 1418 aut
787 1360 1189 1433 metropolitani
1218 1361 1320 1428 sui,
1350 1382 1374 1412 ι
1425 1369 1478 1416 et
1515 1360 1749 1433 reliqua.
1797 1361 1868 1416 Et
1911 1376 1997 1417 se-

391 1451 634 1507 cundum
659 1465 900 1508 canones
929 1449 1287 1507 Sardicenses
1319 1451 1462 1522 (cap.
1496 1454 1552 1520 9)
1577 1468 1592 1504 :
1620 1471 1642 1500 α
1664 1449 1746 1506 De
1759 1448 2002 1522 qualibet

395 1538 681 1611 provincia
745 1537 988 1611 episcopi
1035 1553 1102 1595 ac
1157 1554 1282 1594 eum
1333 1537 1556 1595 fratrem
1613 1539 2000 1610 coepiscopum

2098 387 2214 443 vari
2243 388 2498 454 ostendit,
2533 390 2754 461 quando
2784 389 3014 462 Syagrio
3051 387 3530 462 Augustodunensi
3584 387 3702 457 epi-

2099 490 2266 546 sc0po
2295 477 2500 546 petenti
2528 477 2774 548 pallium,
2805 493 2905 549 pro
2925 477 3090 550 genio
3120 485 3173 534 et
3199 477 3405 531 honore
3433 475 3701 532 Ecclesia:

2098 580 2213 620 suae
2238 563 2427 618 tribuit
2456 565 2646 622 dicens
2671 566 2790 637 (lib.
2824 580 2922 636 vn,
2954 567 3118 638 epist.
3154 568 3276 633 “2,
3309 565 3514 620 ἐπάξει.
3556 567 3643 632 tt)
3683 581 3698 617 :

2102 675 2126 704 ε
2185 652 2284 711 Ne‘
2299 652 2603 712 indumenti
2658 655 2816 723 hujus
2870 653 3293 709 muniﬁcentiam
3350 652 3446 706 tibi
3501 652 3700 707 nudam

2097 747 2382 804 videamur
2413 760 2634 818 quoquo
2652 743 2819 799 modo
2847 743 3164 810 contulisse,
3197 743 3301 798 hoc
3318 740 3479 796 etiam
3497 740 3704 811 pariter

2095 835 2477 908 perspeximus
2515 832 2949 898 concedendum,
2999 839 3058 885 ut
3110 829 3401 901 metropoli
3447 845 3548 885 suo
3603 845 3703 901 per

2097 925 2277 980 omnia
2307 925 2430 980 loco
2450 931 2504 978 et
2531 923 2739 977 honore
2769 928 2988 976 servato
3018 918 3302 987 Ecclesiae,
3352 917 3544 974 civitas
3583 920 3698 972 Au-

2097 1013 2488 1086 gustodunum,
2522 1011 2610 1067 cui
2631 1009 2976 1080 omnipotens
2991 1009 3139 1064 Deus
3158 1021 3396 1079 praeesse
3426 1014 3479 1062 te
3507 1006 3700 1074 voluit,

2097 1108 2222 1173 post
2248 1101 2671 1173 Lugdunensem
2699 1097 3000 1154 Ecclesiam
3030 1111 3153 1151 esse
3181 1095 3396 1164 debeat,
3445 1103 3500 1150 et
3553 1095 3704 1151 hunc

2100 1189 2204 1244 sibi
2233 1189 2415 1246 locum
2443 1203 2510 1242 ac
2547 1187 2792 1243 ordinem
2813 1202 2880 1242 ex
2908 1192 3109 1240 nostrae
3137 1183 3478 1240 auctoritatis
3514 1183 3702 1238 indul-

2099 1277 2281 1351 gentia
2309 1277 2608 1333 vindicare.
2643 1275 2884 1331 Caeteros
2922 1289 3056 1329 vero
3083 1273 3373 1344 episcopos
3394 1271 3702 1328 secundum

2099 1365 2457 1422 ordinationis
2504 1380 2618 1420 suae
2674 1371 2891 1435 tempus
2934 1361 3038 1418 sibi
3067 1361 3140 1417 ad
3189 1360 3596 1417 consedendum
3647 1360 3705 1414 in

2101 1453 2353 1522 concilio,
2385 1469 2480 1510 seu
2510 1453 2580 1509 ad
2607 1451 3079 1516 subscribendum,
3103 1449 3190 1506 vel
3231 1449 3288 1505 in
3319 1448 3557 1520 qualibet
3597 1447 3708 1504 alia

2099 1558 2182 1610 re,
2215 1557 2317 1597 sua
2345 1549 2533 1598 tenere
2561 1541 2684 1598 loca
2711 1537 3080 1606 decernimus,
3113 1545 3167 1594 et
3195 1553 3415 1594 suorum
3445 1535 3550 1591 sibi
3569 1553 3706 1608 prm-

393 1642 592 1698 preces
644 1627 855 1684 mittere
898 1627 1120 1695 debent,
1169 1627 1262 1698 qui
1303 1627 1358 1682 in
1389 1627 1676 1699 metropoli
1725 1626 1990 1697 consistit,
2025 1656 2076 1716 Β
2097 1631 2398 1704 rogativam
2458 1631 2711 1686 ordinum
2793 1629 3088 1697 vindicare,
3151 1626 3280 1699 quia
3341 1625 3582 1682 omnimo
3609 1641 3707 1679 ra-

395 1715 446 1774 si
474 1714 692 1789 longius
737 1716 820 1773 ire
865 1715 1152 1772 voluerint.
1208 1734 1232 1766 ν
1266 1715 1348 1773 De
1364 1714 1562 1787 quibus
1578 1715 1901 1788 primatibus
1931 1731 1996 1772 ac

395 1803 1049 1876 metropolitisNicaanum
1067 1805 1199 1862 dicit
1218 1803 1509 1862 concilium
1531 1805 1677 1876 (cap.
1702 1806 1797 1876 4):
1827 1825 1850 1856 α
1876 1805 1999 1876 Epi-

395 1909 644 1965 scopum,
668 1893 936 1967 inquiens,
970 1893 1222 1950 convenit
1247 1893 1484 1950 maxime
1513 1893 1736 1966 quidem
1764 1895 1833 1948 ab
1881 1907 1998 1950 om-

394 1981 560 2038 nibus
586 1981 679 2055 qui
709 1988 834 2038 sunt
862 1982 919 2038 in
947 1981 1231 2055 provincia
1251 1980 1799 2054 episcOpisordinari.
1830 1981 1888 2038 Si
1903 1997 2002 2038 au-

394 2076 507 2128 tem
535 2069 642 2128 hoc
677 2069 898 2128 difﬁcile
943 2069 1123 2138 fuerit,
1172 2078 1265 2127 aut
1311 2079 1533 2143 propter
1576 2070 1866 2127 instantem
1895 2086 2000 2128 ne-

398 2158 729 2226 cessitatem,
753 2166 848 2216 aut
867 2168 1092 2232 propter
1121 2159 1371 2216 intineris
1423 2158 1840 2232 longitudinem,
1898 2159 2001 2216 tri-

394 2247 498 2304 bus
529 2255 712 2306 tamen
741 2247 1070 2304 omnimodis
1099 2248 1155 2303 in
1187 2247 1426 2320 idipsum
1445 2248 1917 2314 convenientibus,
1948 2255 2004 2307 et

397 2335 653 2394 omnibus
695 2351 913 2408 quoque
959 2335 1080 2408 pari
1121 2335 1286 2393 modo
1333 2335 1774 2404 decernentibus,
1819 2344 1874 2394 et
1903 2353 2003 2410 per

395 2423 601 2497 scripta
629 2423 1114 2490 consentientibus,
1170 2431 1296 2480 tunc
1333 2424 1608 2481 ordinatio
1652 2423 2000 2495 celebretur;

398 2512 624 2570 firmitas
671 2520 853 2570 autem
881 2528 1070 2570 eorum
1091 2529 1212 2586 quae
1222 2521 1502 2585 geruntur,
1525 2529 1627 2585 per
1645 2529 2002 2587 unamquam-

401 2617 510 2675 que
559 2601 922 2673 provinciam,
972 2601 1396 2672 metropolitano
1439 2601 1704 2658 tribuatur
1745 2602 2004 2675 episcopo

401 2692 548 2763 (cap.
581 2691 655 2762 6).
681 2689 822 2748 Illud
848 2698 1032 2747 autem
1061 2689 1386 2762 generaliter
1414 2690 1622 2748 clarum
1647 2699 1750 2762 est,
1782 2692 1928 2766 quod
1950 2692 1996 2748 si

399 2779 524 2853 quis
550 2785 753 2850 praeter
779 2780 1105 2836 sententiam
1150 2779 1551 2851 metropolitani
1609 2779 1770 2837 fuerit
1825 2781 2004 2838 factus

399 2865 716 2940 episcopus,
747 2867 891 2924 hunc
916 2883 1114 2942 magna
1139 2868 1382 2940 synodus
1410 2867 1658 2925 diﬂinivit
1685 2868 2004 2941 episcopum

401 2970 527 3012 esse
554 2969 668 3012 non
693 2963 968 3027 oportere.
1003 2975 1026 3008 ι
1054 2958 1124 3012 Et
1143 2955 1270 3014 hinc
1299 2957 1646 3014 Innocentius
1671 2958 1741 3013 ad
1800 2958 2002 3015 Victri-

403 3041 550 3100 cium
595 3042 790 3100 scribit
818 3045 1004 3117 (epist.
1027 3046 1079 3116 1)
1113 3061 1130 3102 :
1161 3067 1184 3096 α
1220 3045 1481 3116 Primum,
1512 3045 1784 3118 inquiens,
1820 3053 1882 3107 ut
1909 3061 2003 3104 ex-

402 3139 493 3189 tra
544 3133 935 3190 conscientiam
987 3135 1416 3206 metropolitani,
1467 3135 1784 3206 episcopum
1822 3135 2004 3192 nullus

402 3221 603 3278 audeat
629 3222 907 3279 ordinare.
937 3241 961 3274 ι
1005 3224 1073 3280 Et
1098 3223 1210 3282 Leo
1227 3223 1299 3280 ad
1318 3223 1666 3280 Theodorum
1686 3224 2003 3298 episcopum

405 3311 594 3382 (epist.
615 3311 744 3383 59):
782 3333 806 3364 α
836 3311 1227 3370 Sollicitudinis
1257 3312 1479 3386 quidem
1505 3320 1611 3370 tuae
1636 3313 1684 3368 is
1711 3313 1846 3370 ordo
1883 3330 2006 3371 esse

403 3396 753 3471 debuerat,ut
767 3416 893 3458 cum
910 3401 1330 3474 metrOpolitano
1341 3409 1434 3458 tuo
1448 3400 1517 3458 de
1534 3417 1601 3458 eo
1622 3403 1768 3474 quod
1785 3419 1850 3458 eo
1867 3419 2008 3476 qua:-

405 3489 639 3545 rendum
679 3505 804 3546 esse
857 3490 1144 3546 videbatur
1186 3489 1494 3548 conferres.
1535 3491 1676 3560 Quia
1723 3491 1780 3546 in
1825 3491 2008 3548 causis

403 3593 526 3650 quae
553 3577 624 3634 ad
651 3579 970 3650 generalem
998 3579 1404 3637 observantiam
1444 3581 1720 3652 pertinent
1765 3580 2008 3636 omnium

407 3665 628 3722 Domini
651 3668 1016 3734 sacerdotum,
1057 3667 1192 3724 nihil
1237 3669 1356 3724 sine
1400 3669 1752 3740 optimatibus
1794 3676 2010 3741 oportet

408 3753 642 3828 impleri.
680 3773 702 3810 ι
730 3757 789 3811 In
817 3773 925 3829 quo
953 3755 1496 3828 metropolitanorum
1540 3765 1594 3813 et
1639 3757 2012 3829 archiepisco-

407 3858 606 3915 porum
627 3850 791 3916 atque
818 3845 1112 3916 primatum
1159 3843 1373 3910 ordine,
1423 3845 1694 3901 invenitur
1737 3845 1796 3901 in
1841 3845 2012 3902 sacris

417 3931 722 3988 canonibus
765 3933 1018 4004 quadam
1059 3925 1284 3989 honoris
1327 3934 1740 4006 consequentia,
1787 3935 1857 3990 de
1908 3948 2015 4008 qua

409 4019 640 4090 mystica
666 4021 892 4077 Nicaena
919 4021 1160 4093 synodus
1200 4021 1384 4078 statuit
1401 4022 1552 4093 (can.
1576 4024 1652 4092 5),
1674 4030 1735 4080 ut
1751 4023 1922 4092 Eliae,
1958 4023 2014 4079 id

347 4170 356 4174 _
411 4115 496 4166 est
521 4107 1047 4182 Hierosolymorum,
1067 4111 1370 4168 honoratur
1387 4111 1699 4184 episcopus.
1723 4111 2010 4180 Videlicet,

411 4205 472 4254 ut
500 4214 622 4271 qua:
648 4197 824 4270 gratia
851 4199 1242 4272 mysteriorum
1267 4199 1486 4258 Domini
1517 4201 1618 4258 Dei
1646 4202 1796 4274 regis
1825 4209 1881 4258 et
1922 4218 2013 4258 sa—

411 4286 648 4344 cerdotis
675 4289 850 4344 nostri
889 4290 1020 4346 Jesu
1056 4287 1277 4358 Christi,
1337 4289 1528 4346 civitas
1575 4297 1761 4346 sancta
1815 4291 2014 4348 meruit

2101 1720 2263 1776 tionis
2281 1719 2416 1776 ordo
2431 1735 2532 1775 nos
2549 1720 2805 1774 admonet
2817 1726 3008 1775 utcum
3027 1731 3131 1772 usu
3151 1714 3300 1787 pallii
3315 1714 3498 1786 aliqua
3542 1713 3710 1770 simul

2100 1807 2293 1882 largiri
2329 1807 2616 1880 privilegia
2644 1807 2961 1862 debeamus.
2999 1825 3022 1856 ι

2173 1901 2285 1958 Hos
2323 1913 2560 1969 namque
2589 1896 2682 1970 qui
2709 1894 3016 1966 hujusmodi
3034 1891 3325 1966 privilegia
3340 1891 3454 1948 sive
3483 1907 3584 1962 per
3603 1891 3704 1947 im-

2102 1993 2365 2066 perialem
2408 1986 2808 2062 pragmaticam
2855 1983 3107 2048 formam,
3143 1981 3259 2038 sive
3303 1997 3413 2066 per
3630 1982 3701 2034 ab

2101 2064 2401 2149 apostolica
2431 2073 2563 2129 sede
2591 2070 2954 2141 largitionem,
2987 2066 3171 2138 adepti
3200 2073 3341 2132 sunt,
3373 2064 3553 2120 Graeci
3595 2081 3692 2121 se-

2103 2167 2316 2224 cundos
2357 2161 2799 2233 metropolitanos
2844 2157 3135 2228 appellant,
3188 2156 3259 2210 de
3307 2153 3505 2227 quibus
3547 2161 3602 2210 et
3648 2155 3707 2209 in

2104 2255 2276 2329 gestis
2307 2248 2770 2309 Chalcedonensis
2800 2245 3034 2310 concilii,
3068 2253 3122 2299 et
3151 2245 3210 2299 in
3235 2242 3478 2312 ejusdem
3507 2243 3710 2315 synodi

2104 2343 2426 2407 canonibus,
2449 2348 2502 2396 et
2529 2337 2760 2394 decretis
2803 2333 3105 2392 Innocentii
3135 2331 3461 2388 invenimus.
3492 2329 3710 2399 Quibus

2107 2441 2161 2488 et
2187 2432 2306 2488 aliis
2351 2443 2631 2486 sacrorum
2688 2439 2978 2491 canonum,
3029 2430 3083 2478 et
3131 2420 3361 2477 decretis
3403 2419 3550 2476 sedis
3596 2421 3710 2476 Ro-

2104 2538 2279 2578 manae
2306 2520 2479 2577 claret
2507 2515 2808 2584 sententiis,
2838 2512 3062 2569 eosdem
3089 2508 3530 2581 metropolitanos
3584 2509 3707 2580 pri-

2104 2619 2278 2667 mates
2307 2625 2430 2666 esse
2460 2605 2704 2677 singulos
2733 2603 3072 2674 singularum
3127 2597 3547 2670 provinciarum,
3606 2599 3700 2668 qui

2105 2715 2171 2756 ex
2191 2698 2414 2770 antiqua
2443 2703 2502 2750 ut
2539 2693 2905 2768 praemisimus
2935 2686 3348 2757 consuetudine,
3390 2695 3444 2742 et
3480 2693 3710 2758 aposto-

2104 2789 2211 2846 lica
2247 2786 2555 2854 traditione,
2587 2781 2886 2839 secundum
2917 2793 3105 2836 sacros
3147 2776 3400 2832 Nicasnos
3445 2791 3705 2845 canones,

2104 2885 2160 2935 et
2185 2890 2490 2934 convocare
2523 2871 2782 2945 synodos,
2816 2877 2868 2924 et
2892 2868 3148 2924 ordinare
3168 2866 3476 2937 episcopos,
3499 2872 3551 2920 et
3561 2864 3712 2920 ordi-

2105 2967 2224 3021 nari
2278 2980 2312 3019 a
2355 2960 2782 3035 provincialibus
2827 2955 3168 3028 coepiscopis
3212 2954 3332 3010 sine
3385 2954 3710 3025 cujusquam

2104 3053 2326 3110 alterius
2353 3051 2598 3124 primatis
2644 3047 3076 3119 interrogatione
3123 3050 3371 3116 possunt,
3421 3051 3478 3098 et
3520 3042 3712 3113 dispo-

2103 3159 2236 3200 nere
2265 3140 2590 3215 regulariter
2618 3154 2848 3212 quaaque
2877 3153 2976 3209 per
2997 3151 3128 3191 suas
3145 3131 3456 3206 provincias
3476 3141 3703 3204 queunt.

2107 3233 2350 3302 Quorum
2376 3230 2539 3286 etiam
2567 3227 2917 3301 privilegium
2946 3225 3271 3281 Antiocheni
3317 3237 3556 3280 canones
3594 3238 3722 3276 ma-

2106 3322 2363 3378 nifestant
2391 3320 2536 3391 (cap.
2559 3318 2634 3388 9),
2669 3317 2912 3372 dicentes
2943 3315 3012 3371 ad
3061 3313 3534 3385 metropolitanum
3581 3311 3706 3382 epi-

2109 3427 2334 3482 scopum
2363 3407 2780 3466 sollicitudinem
2809 3405 2968 3460 totius
2989 3402 3580 3475 provinciaapertinere,
3613 3399 3710 3472 qui

2110 3500 2180 3555 ad
2233 3497 2527 3555 tollendam
2575 3493 3002 3552 controversiam
3063 3493 3204 3547 inter
3265 3491 3552 3562 episcopos
3589 3504 3708 3544 sua:

2109 3587 2410 3660 provinciae
2439 3592 2702 3651 exortam,
2733 3599 2768 3638 a
2785 3582 2965 3639 vicina
2993 3579 3275 3652 provincia
3301 3579 3463 3636 debet
3492 3575 3710 3646 judices

2110 3678 2245 3733 alios
2273 3690 2594 3732 convocare.
2630 3673 2708 3728 illi
2736 3680 2917 3727 autem
2945 3668 3356 3741 archiepiscopi,
3389 3667 3478 3723 vel
3497 3674 3711 3722 metro-

2110 3765 2356 3838 politani,
2391 3763 2484 3836 qui
2514 3764 2632 3818 haec
2657 3761 2776 3818 sine
2805 3759 3058 3816 consultu
3075 3757 3322 3830 primatis
3351 3771 3462 3812 non
3479 3762 3714 3827 possunt

2114 3854 2356 3926 exsequi,
2417 3849 2816 3922 archiepiscopi
2883 3855 3094 3904 tantum
3147 3847 3234 3903 vel
3305 3843 3713 3916 metropolitani

2112 3944 2398 4006 habentur,
2435 3941 2574 3996 sicut
2602 3947 2656 3995 et
2685 3939 2741 3994 in
2763 3938 2946 3994 Gestis
2980 3935 3443 3992 Chalcedonensis
3469 3931 3712 4000 concilii,

2113 4041 2168 4088 et
2193 4031 2249 4087 in
2277 4025 2520 4099 ejusdem
2569 4027 2764 4099 synodi
2818 4025 3137 4092 canonibus,
3177 4031 3231 4080 et
3259 4023 3493 4080 decretis
3537 4022 3712 4076 Inno-

2114 4120 2294 4186 centii,
2327 4129 2380 4174 et
2407 4119 2464 4174 in
2492 4117 2719 4188 epistola
2746 4115 2943 4172 Leonis
2963 4115 3032 4169 ad
3062 4113 3412 4169 Anastasium
3465 4111 3713 4166 Thessa-

2113 4209 2448 4266 lonicensem
2490 4206 2806 4278 episcopum
2854 4203 3178 4260 invenimus.
3232 4202 3321 4256 Ait
3347 4201 3491 4258 enim
3537 4200 3713 4254 Inno-

2116 4299 2324 4354 centius
2388 4297 2458 4352 ad
2515 4293 2879 4350 Alexandrum
2933 4292 3330 4348 Antiochenum
3390 4289 3714 4360 episcopum

409 4374 694 4450 appellari,
727 4378 890 4434 etiam
937 4378 1055 4448 ejus
1083 4377 1374 4451 episcopus
1396 4379 1846 4452 consequentiam
1903 4381 2008 4436 ho-
2037 4375 2090 4434 D
2111 4389 2300 4460 (epist.
2331 4388 2422 4451 20)
2456 4404 2470 4440 :
2517 4406 2540 4436 α
2572 4383 2954 4447 Revolventes,
3007 4381 3280 4454 inquiens,
3332 4377 3715 4435 auctoritatem

406 4464 560 4523 noris
623 4466 868 4523 haberet.
916 4465 1072 4536 Quia,
1129 4465 1303 4540 inquit
1356 4467 1638 4524 Nicaenum
1695 4467 2007 4536 concilium,

408 4555 749 4612 consuetudo
787 4554 1022 4611 obtinuit
1067 4561 1120 4612 et
1159 4554 1386 4628 antiqua
1430 4556 1651 4613 traditio
1671 4601 1685 4622 ,
1746 4563 1804 4612 ut
1863 4557 2014 4616 [Elite

409 4645 700 4716 episcOpus
730 4645 1049 4712 honoretur,
1082 4643 1277 4700 habeat
1298 4645 1519 4702 honoris
1539 4647 2006 4718 consequentiam,

405 4731 556 4788 salva
583 4733 899 4804 metropolis
917 4733 1143 4806 propria
1167 4733 1449 4808 dignitate.
1481 4735 1550 4789 Et
1595 4735 1700 4792 hac
1748 4735 2010 4792 constitu-

402 4819 550 4876 tione
579 4820 751 4892 ipsius
781 4821 1014 4879 civitatis
1042 4823 1332 4895 episcOpus
1378 4823 1522 4880 inter
1579 4824 1923 4896 patriarchas
1956 4833 2011 4882 et

401 4907 666 4980 primates
693 4911 892 4966 meruit
910 4911 1234 4983 computari,
1267 4911 1420 4969 salva
1437 4913 1756 4984 metropolis
1787 4911 2016 4983 propria

401 4996 668 5070 dignitate
702 5015 717 5053 :
763 4998 902 5056 sicut
941 5009 996 5058 et
1069 4999 1565 5073 Constantinopolis
1628 5000 1843 5066 civitas,
1888 5016 2010 5072 qua:

403 5092 531 5142 ante
555 5085 770 5158 Lychos
817 5086 906 5145 vel
952 5088 1268 5160 Byzantium
1314 5090 1618 5156 dicebatur,
1668 5087 2008 5145 Heracleotis

402 5173 776 5248 auﬁ‘raganea,
808 5175 1088 5234 sanctione
1115 5177 1404 5250 imperiali,
1437 5185 1491 5234 et
1505 5191 1778 5234 consensu
1793 5183 2010 5248 aposto-

401 5263 522 5322 lica)
551 5263 700 5322 sedis
729 5278 796 5322 ac
818 5266 1098 5340 generalis
1127 5266 1340 5340 synodi,
1375 5265 1526 5322 salva
1553 5266 1843 5338 metropoli
1871 5281 2007 5338 pro-

392 5353 520 5426 pria
548 5353 812 5426 dignitate
850 5371 1008 5430 asque
1036 5358 1177 5414 inter
1229 5355 1566 5427 patriarchas
1603 5354 1690 5412 vel
1741 5355 2005 5428 primates

393 5454 610 5512 decreta
627 5461 710 5511 est
737 5456 1055 5529 computari.
1083 5455 1260 5528 Quam
1280 5454 1506 5512 honoris
1542 5455 2000 5531 consequentiam,

2112 4477 2348 4532 Nicaeum
2378 4473 2592 4546 synodi,
2642 4489 2762 4545 quae
2789 4484 2898 4525 una
2928 4470 3168 4525 omnium
3195 4485 3294 4540 per
3311 4469 3501 4524 orbem
3539 4475 3719 4521 terra-

2111 4581 2235 4620 rum
2263 4571 2498 4620 mentem
2531 4561 2765 4632 explicat
2812 4559 3178 4623 sacerdotum,
3229 4574 3352 4629 quze
3397 4554 3610 4612 censuit
3636 4553 3715 4610 de

2111 4653 2449 4710 Antiochena
2495 4649 2747 4706 Ecclesia
2793 4647 3002 4703 cunctis
3044 4645 3316 4712 ﬁdelibus,
3361 4659 3430 4699 ne
3479 4642 3718 4698 dixerim

2113 4740 2502 4805 sacerdotibus,
2527 4753 2652 4794 esse
2672 4735 3042 4792 necessarium
3072 4733 3369 4802 custodire,
3389 4731 3512 4804 quia
3545 4746 3724 4802 super

2112 4829 2401 4886 dimcesim
2429 4841 2585 4882 suam
2616 4825 2934 4896 praedictam
2947 4823 3270 4887 Ecclesiam,
3287 4837 3398 4876 non
3418 4835 3585 4890 super
3601 4817 3719 4873 ali-

2111 4935 2276 4992 quam
2295 4917 2457 4974 aliam
2468 4914 2808 4988 provinciam
2824 4913 3270 4986 recognoscimus
3284 4909 3655 4968 constitutam.
3689 4933 3715 4957 ιι

2109 5009 2178 5062 Ει
2206 5014 2329 5078 post
2355 5005 2626 5078 aliquanta
2661 5019 2674 5058 :
2711 5026 2732 5053 α
2769 5004 2954 5075 Itaque
2993 5000 3340 5063 arbitramur,
3386 4998 3548 5053 frater
3585 4998 3722 5051 cha-

2110 5095 2347 5165 rissime,
2379 5101 2438 5150 ut
2469 5093 2606 5148 sicut
2637 5090 3083 5163 metropolitanos
3122 5087 3441 5146 auctoritate
3489 5085 3726 5141 ordinas

2109 5183 2394 5258 singulari,
2426 5182 2507 5238 sic
2535 5190 2589 5240 et
2618 5190 2846 5238 caeteros
2862 5193 2974 5236 n0n
2991 5179 3108 5234 sine
3124 5177 3398 5250 permissu
3423 5173 3723 5230 conscien-

2111 5273 2292 5345 tiaque
2320 5280 2414 5328 tua
2442 5273 2591 5327 sinas
2621 5271 2908 5342 episcOpos
2935 5267 3230 5340 procreari.
3273 5268 3330 5320 In
3348 5264 3544 5336 quibus
3563 5265 3717 5320 hunc

2107 5361 2331 5419 modum
2352 5369 2499 5418 recte
2530 5359 2794 5426 servabis,
2825 5366 2882 5414 ut
2911 5358 3074 5429 longe
3105 5355 3312 5427 positos
3340 5352 3534 5409 litteris
3573 5351 3723 5407 datis

2106 5450 2346 5509 ordinari
2377 5464 2606 5506 censeas
2656 5449 2724 5502 ab
2766 5447 2851 5502 his
2896 5445 2988 5518 qui
3017 5460 3164 5502 nunc
3211 5457 3306 5500 eos
3353 5458 3455 5498 suo
3501 5448 3718 5496 tantum
