4054 6180
284 278 387 335 345
989 272 1236 334 OPUSC.
1298 270 1390 333 ET
1440 270 1658 333 EPIST.
1718 273 1793 331 IN
1837 273 2065 334 CAUSA
2119 275 2461 335 HINCMARI
2515 275 2829 336 LAUDUN.
3490 286 3592 342 346

292 401 545 462 ordinant
586 398 882 469 arbitratu;
912 399 1121 457 vicinos
1184 408 1383 469 autem,
1439 401 1484 457 si
1524 401 1787 468 aestimas,
1822 402 1893 456 ad
1921 401 1976 462 A
1997 403 2161 475 epist.
2194 402 2285 474 38)
2317 420 2331 457 :
2367 425 2391 450 α
2440 403 2616 477 Rogo,
2661 402 2934 475 inquiens,
2988 405 3283 478 deprecor,
3315 415 3368 465 et
3401 418 3601 483 quanta

290 506 485 546 manus
527 490 932 561 impositionem
969 498 1072 546 tua:
1108 491 1301 562 gratiae
1345 497 1552 546 statuas
1580 491 1888 562 pervenire,
1992 507 2216 563 possum
2246 491 2534 548 dulcedine
2550 508 2808 564 exposco,
2839 501 2897 549 ut
2925 493 3236 551 fraternitas
3265 504 3445 553 vestra
3460 514 3599 555 cun-

290 595 525 652 quorum
582 579 728 635 enim
757 586 810 634 te
857 579 1112 646 maxime,
1147 587 1357 650 spectat
1404 594 1569 649 cura,
1619 579 1893 651 praecipue

292 684 442 731 tuum
472 675 679 731 debent
705 676 909 732 mereri
932 675 1214 744 judicium.
1251 696 1274 726 »
1310 675 1384 732 Et
1408 677 1517 731 Leo
1543 675 1792 732 scribens
1821 676 1893 733 ad

288 763 642 821 Anastasium
657 762 1204 821 Thessalonicensem
1225 762 1543 835 episcopum
1563 764 1750 836 (epist.
1776 765 1886 835 88),

292 852 575 910 evidenter
605 852 839 907 ostendit
868 868 1025 924 quam
1053 852 1429 923 praelationem
1457 852 1663 925 primas
1681 860 1891 909 metro-

291 939 655 1012 politanorum
676 955 744 996 ex
774 939 1116 1013 delegatione
1158 940 1472 1012 apostolicae
1500 941 1648 997 sedis
1684 941 1891 997 habere

291 1028 506 1090 debeat.
531 1028 720 1085 dicens
753 1046 766 1084 ε
806 1051 826 1079 α
863 1031 946 1085 De
973 1044 1213 1100 persona
1234 1031 1596 1087 consecrandi
1625 1030 1887 1103 epiSCOpi,

290 1124 341 1174 et
367 1117 435 1173 de
468 1116 608 1173 cleri
635 1116 919 1188 plebisque
974 1132 1264 1186 consensu,
1293 1118 1740 1190 metropolitanus
1770 1119 1891 1191 epi-

286 1222 486 1277 scopus
515 1206 586 1261 ad
607 1205 995 1262 fraternitatem
1013 1214 1164 1262 tuam
1183 1206 1397 1274 referat,
1423 1208 1676 1280 quodque
1692 1208 1747 1262 in
1762 1223 1890 1279 pro-

289 1294 468 1351 vincia
498 1294 640 1352 bene
667 1294 874 1367 placuit
901 1295 1045 1351 scire
1092 1304 1144 1350 te
1175 1295 1357 1362 faciat,
1392 1304 1451 1351 ut
1493 1296 1890 1352 ordinationem

288 1383 384 1439 rite
412 1382 803 1439 celebrandam
832 1391 922 1439 tua
951 1400 1169 1456 quoque
1201 1383 1381 1440 ﬁrmet
1427 1384 1737 1442 auctoritas.
1770 1386 1889 1442 Me-

286 1471 615 1544 tropolitano
672 1486 805 1529 vero
860 1471 1133 1540 defuncto,
1167 1489 1290 1529 cum
1350 1472 1407 1529 in
1432 1473 1555 1530 loco
1602 1474 1722 1543 ejus
1749 1472 1891 1529 alius

288 1560 450 1616 fuerit
476 1560 884 1633 subrogandus,
928 1561 1293 1631 provinciales
1324 1562 1567 1633 episcopi
1596 1563 1666 1618 ad
1695 1563 1889 1620 civita-

287 1657 397 1705 tem
438 1649 789 1721 metropolim
847 1649 1140 1706 convenire
1197 1651 1510 1718 debebunt,
1542 1658 1607 1726 ut
1646 1653 1889 1708 omnium

1992 580 2093 636 ctis
2122 579 2225 634 sibi
2254 580 2599 636 adulantibus
2624 590 2787 653 atque
2819 583 3024 639 erroris
3072 600 3273 641 nomen
3302 585 3601 644 deferenti-

1994 669 2098 722 bus
2128 669 2486 736 contradicat,
2521 686 2622 726 nec
2653 671 2813 726 stulto
2841 686 2906 727 ac
2937 673 3172 743 superbo
3202 676 3468 732 vocabulo
3497 693 3600 749 ap-

1992 756 2186 828 pellari
2214 758 2537 815 consentiat.
2576 782 2597 808 ιι
2622 757 2692 815 Et
2720 758 2849 814 item
2883 777 2897 815 :
2923 781 2945 811 α
2967 761 3268 833 Perpende,
3294 780 3452 837 rogo,
3472 767 3597 837 quia

1992 845 2047 900 in
2075 846 2180 902 hac
2205 846 2630 918 presumptione
2672 848 2963 904 temeraria
2992 864 3098 922 pax
3156 850 3319 906 totius
3348 852 3601 910 turbatur

1992 933 2273 1002 Ecclesiae,
2306 941 2360 991 et
2386 935 2577 1008 gratiae
2607 937 2990 993 contradicitur
3028 940 3391 996 communiter
3416 943 3598 998 omni-

1994 1023 2095 1079 bus
2117 1021 2322 1079 eﬁ‘usae.
2350 1044 2375 1074 υ
2398 1023 2468 1079 Ει
2486 1024 2616 1081 item
2635 1040 2683 1079 τα
2706 1024 2840 1094 Quis
2861 1042 2997 1099 rogo
3012 1026 3069 1081 in
3094 1028 3198 1084 hoc
3220 1038 3324 1084 tam
3340 1045 3597 1102 perverso

1992 1112 2255 1167 vocabulo
2287 1111 2392 1167 nisi
2420 1112 2511 1168 ille
2541 1114 2612 1168 ad
2658 1113 2975 1169 imitandum
3003 1118 3321 1188 proponitur
3350 1119 3462 1190 qui,
3497 1120 3600 1176 de-
3682 1148 3687 1153 -

1993 1201 2193 1272 spectis
2222 1202 2541 1272 angelorum
2571 1201 2899 1274 legionibus,
2953 1218 3140 1260 secum
3170 1206 3439 1264 socialiter
3467 1223 3597 1265 con-

1992 1288 2210 1357 stitutis,
2241 1288 2311 1344 ad
2345 1290 2560 1346 culmen
2606 1298 2833 1347 conatus
2868 1300 2949 1348 est
2991 1293 3378 1364 singularitatis
3408 1312 3597 1353 erum-

1990 1393 2141 1448 pere,
2171 1383 2230 1433 ut
2245 1385 2299 1433 et
2329 1378 2464 1434 nulli
2492 1378 2739 1444 subesse,
2788 1386 2840 1435 et
2878 1379 3028 1436 solus
3077 1383 3330 1439 omnibus
3358 1401 3597 1455 praeesse

1992 1464 2269 1522 videretur
2289 1467 2317 1521 ‘2
2348 1486 2372 1517 ι
2404 1467 2472 1521 Et
2512 1466 2645 1523 item
2675 1486 2688 1522 :
2745 1488 2768 1519 ι
2792 1468 2949 1524 Certe
3004 1470 3193 1526 Petrus
3230 1473 3594 1543 apostolorum

1990 1554 2248 1627 princeps
2276 1555 2578 1611 membrum
2624 1563 2826 1613 sancta:
2866 1564 2922 1614 et
2957 1558 3283 1616 universalis
3312 1562 3590 1630 Ecclesiae,

1991 1642 2206 1712 Paulus,
2236 1642 2501 1710 Andreas,
2525 1645 2783 1711 Joannes,
2819 1646 2948 1719 quid
2979 1648 3127 1703 aliud
3157 1664 3320 1720 quam
3352 1650 3596 1724 singula-

286 1738 615 1795 clericorum
646 1747 808 1810 atque
837 1739 1079 1795 omnium
1097 1740 1297 1797 civium
1317 1740 1592 1796 voluntate
1613 1740 1883 1811 discussa,
1908 1759 1962 1819 Β
1990 1749 2113 1788 Tum
2144 1741 2267 1788 sum
2322 1733 2564 1803 Plebium
2608 1734 2803 1804 capita:
2836 1741 2890 1790 ει
2938 1743 3122 1792 tamen
3153 1736 3254 1792 διώ
3283 1754 3390 1793 ιιηο
3420 1740 3597 1810 capite

287 1842 351 1882 ex
378 1827 716 1898 presbyteris
745 1827 989 1895 ejusdem
1022 1827 1303 1897 Ecclesiae,
1337 1829 1426 1884 vel
1456 1844 1522 1884 ex
1541 1828 1879 1896 diaconibus,
1990 1836 2181 1877 omnes
2212 1822 2478 1888 membra,
2513 1829 2677 1894 atque
2698 1830 2757 1879 ιιι
2792 1832 2988 1880 cuncta
3017 1825 3167 1882 brevi
3190 1826 3409 1899 cingulo
3437 1827 3595 1884 locu—

285 1915 519 1986 optimus
548 1915 804 1986 eligatur,
838 1916 907 1971 de
936 1916 1090 1985 cujus
1119 1916 1342 1973 nomine
1368 1917 1438 1971 ad
1460 1926 1606 1973 tuam
1635 1919 1883 1974 notitiam
1983 1909 2155 1966 tionis
2185 1910 2501 1981 astringam,
2532 1910 2707 1966 sancti
2737 1919 2864 1969 ante
2893 1912 3096 1985 legem,
3130 1915 3304 1972 sancti
3327 1916 3428 1971 sub
3448 1915 3593 1988 lege,

282 2003 651 2075 provinciales
687 2003 926 2059 referant
958 2005 1292 2072 sacerdotes,
1326 2005 1601 2076 impleturi
1628 2013 1756 2063 vota
1785 2023 1883 2078 po-
1984 2000 2159 2055 88110ῐί
2182 1999 2283 2053 sub
2314 1999 2514 2072 gratia.
2549 2014 2741 2056 omnes
2767 2000 2824 2056 hi
2853 2000 3200 2073 perﬁcientes
3248 2019 3449 2076 corpus
3479 2005 3597 2061 Do-

284 2092 574 2159 scentium,
604 2106 733 2148 cum
763 2091 907 2162 quod
964 2092 1098 2163 ipsis
1128 2093 1332 2165 placuit
1361 2093 1459 2149 tibi
1515 2110 1731 2167 qucque
1760 2094 1882 2166 pla-
1983 2086 2135 2155 mini,
2169 2087 2223 2141 in
2261 2087 2521 2143 membris
2554 2095 2678 2144 sunt
2705 2088 2969 2146 Ecclesiae
3006 2091 3301 2161 constituti,
3332 2101 3388 2148 et
3431 2108 3595 2150 nemo

281 2180 457 2237 cuisse
509 2181 892 2253 cOgnoverint.
929 2201 954 2231 ν
985 2183 1054 2237 Et
1072 2180 1204 2237 item
1237 2200 1252 2238 :
1285 2206 1306 2231 κ
1341 2184 1403 2237 In
1452 2184 1749 2241 evocandis
1780 2201 1810 2238 a
1832 2193 1884 2240 te
1987 2190 2047 2233 se
2073 2192 2314 2248 unquam
2363 2176 2733 2233 universalem
2792 2179 2978 2235 vocari
3008 2179 3198 2236 voluit.
3231 2180 3429 2237 Vestra
3454 2198 3592 2254 ergo

281 2269 556 2340 episcopis
601 2269 1101 2325 moderatissimum
1131 2288 1255 2326 esse
1285 2279 1337 2326 te
1385 2272 1655 2339 volumus,
1680 2288 1750 2329 ne
1785 2288 1887 2344 per

279 2358 505 2426 majoris
535 2357 835 2428 diligentia
864 2358 1105 2429 speciem
1132 2358 1389 2415 fraternis
1408 2360 1633 2433 gloriari
1650 2361 1886 2417 videaris

278 2446 511 2515 injuriis.
545 2447 704 2503 Unde
750 2447 796 2502 si
824 2462 993 2503 causa
1047 2447 1228 2520 aliqua
1256 2449 1429 2518 major
1471 2449 1591 2516 erit,
1625 2450 1695 2506 ob
1724 2465 1886 2523 quam

278 2534 603 2592 rationabile
646 2549 715 2592 ac
770 2536 1142 2592 necessarium
1172 2537 1244 2593 sit
1270 2536 1577 2594 fraternum
1620 2539 1886 2595 advocare

279 2632 627 2690 conventum,
661 2624 821 2679 binos
871 2625 942 2681 de
990 2625 1223 2699 singulis
1252 2626 1547 2698 provinciis
1576 2627 1882 2699 episcopos,

278 2728 411 2785 quos
470 2712 881 2785 metropolitani
908 2714 1245 2770 crediderint
1291 2731 1416 2772 esse
1463 2716 1792 2782 mittendos,
1818 2716 1886 2772 ad

275 2800 674 2858 fraternitatem
730 2809 879 2858 tuam
926 2803 1114 2859 venire
1142 2804 1390 2871 sufﬁciat,
1422 2814 1479 2859 ut
1522 2820 1633 2862 non
1653 2804 1887 2876 amplius

280 2891 346 2946 ab
374 2897 580 2947 statuto
638 2890 857 2947 concilii
901 2897 1142 2963 tempore
1201 2910 1361 2965 quam
1410 2894 1527 2949 dies
1577 2893 1887 2966 quindecim

280 2988 629 3035 remorentur
665 2979 927 3052 episcopi.
966 3001 989 3031 »
1024 2980 1175 3050 Quos
1219 2982 1667 3053 metropolitanos
1696 2991 1889 3039 contra

284 3084 410 3123 suos
439 3068 708 3140 primates
730 3085 789 3124 se
833 3068 1082 3125 elevasse
1113 3070 1168 3126 in
1215 3070 1395 3126 Gestis
1425 3071 1886 3128 Chalcedonensis

1987 2264 2247 2321 sanctitas
2277 2274 2540 2339 agnoscat
2558 2275 2820 2338 quantum
2851 2268 2997 2339 apud
3027 2284 3088 2324 se
3115 2276 3335 2337 tumeat,
3361 2286 3485 2341 que
3505 2270 3597 2327 illo

1986 2353 2205 2410 nomine
2255 2355 2443 2410 vocari
2496 2356 2720 2427 appetit,
2771 2371 2878 2428 quo
2918 2356 3101 2413 vocari
3129 2356 3307 2414 nullus
3335 2374 3597 2429 praesum-

1984 2442 2112 2514 psit,
2146 2443 2241 2515 qui
2268 2443 2539 2499 veraciter
2585 2451 2808 2499 sanctus
2839 2444 2956 2501 fuit.
3005 2445 3265 2519 Nunquid
3300 2462 3431 2516 non,
3457 2447 3597 2504 sicut

1986 2538 2167 2587 vestra
2192 2531 2509 2587 fraternitas
2535 2533 2700 2598 novit,
2735 2548 2834 2605 per
2862 2541 3109 2589 sanctum
3139 2541 3193 2590 et
3219 2537 3594 2593 venerandum

1987 2620 2431 2677 Chalcedonense
2454 2621 2745 2679 concilium
2774 2622 2932 2692 hujus
2979 2623 3292 2695 apostolicae
3318 2625 3467 2680 sedis
3498 2641 3595 2681 an-

1985 2708 2200 2775 tistites,
2231 2709 2338 2777 cui,
2369 2709 2487 2765 Deo
2532 2710 2873 2780 disponente,
2929 2712 3203 2781 deservio,
3250 2713 3594 2771 universales

1987 2798 2168 2853 oblato
2198 2798 2408 2853 honore
2428 2798 2605 2854 vocati
2622 2807 2743 2854 sunt
2762 2798 2791 2853 Ὺ
2819 2800 2930 2855 Sed
2950 2808 3132 2856 tamen
3153 2801 3333 2857 nullus
3355 2818 3592 2876 unquam

1987 2886 2080 2941 tali
2099 2886 2367 2942 vocabulo
2400 2886 2660 2959 appellari
2687 2887 2874 2956 voluit,
2905 2888 3087 2944 nullus
3136 2889 3242 2946 sibi
3269 2891 3375 2947 hoc
3412 2899 3592 2948 teme-

1986 2974 2189 3033 rarium
2238 2990 2438 3032 nomen
2487 2976 2748 3047 arripuit,
2793 2993 2862 3032 ne
2909 2978 2956 3033 si
2990 2978 3094 3033 sibi
3135 2977 3191 3034 in
3248 2978 3595 3050 pontificatus

1986 3063 2158 3137 gradu
2192 3063 2422 3137 gloriam
2448 3064 2843 3137 singularitatis
2874 3066 3161 3139 arriperet,
3186 3068 3327 3124 hanc
3342 3069 3594 3125 omnibus

276 3118 471 3229 synodi
497 3157 819 3228 reperimus,
855 3175 1100 3230 quosque
1121 3158 1309 3216 eadem
1342 3161 1585 3232 synodus
1608 3161 1757 3230 juste
1783 3178 1878 3217 re-
1915 3118 1963 3181 Ο
1984 3152 2246 3209 fratribus
2295 3153 2605 3227 denegasse
2655 3155 2948 3212 videretur.
2980 3177 3002 3206 ι
3035 3155 3107 3212 Et
3163 3157 3291 3213 item
3325 3173 3340 3214 :
3378 3180 3400 3208 ‹‹
3450 3158 3595 3228 Quid

276 3246 495 3318 darguit
523 3255 579 3301 et
606 3247 925 3303 auctoritate
955 3248 1235 3320 repressit.

344 3336 689 3393 Patriarchas
738 3352 951 3409 quoque
979 3338 1066 3393 vel
1109 3337 1393 3408 primates,
1430 3337 1522 3410 qui
1553 3337 1764 3394 duobus
1793 3339 1879 3394 his

278 3425 586 3480 nominibus
617 3425 674 3480 in
712 3426 869 3481 unius
909 3425 1181 3498 prioratus
1210 3426 1509 3497 funguntur
1536 3426 1734 3493 oiiicio,
1768 3442 1878 3483 non

277 3513 450 3568 solum
480 3513 750 3569 adversus
778 3514 992 3570 tertiam
1023 3522 1077 3569 et
1105 3515 1402 3571 secundam
1443 3516 1649 3581 sedem,
1686 3532 1878 3571 verum

279 3610 541 3658 etcontra
570 3602 800 3672 primam
828 3610 881 3658 et
910 3603 1267 3674 apostolicam
1298 3605 1485 3660 sedem
1516 3603 1750 3675 legimus
1779 3620 1878 3659 ex-

277 3690 486 3760 tulisse,
523 3691 663 3747 adeo
691 3699 749 3745 ut
770 3691 1061 3763 episcopus
1108 3691 1717 3763 Constantinopolitanae
1747 3692 1879 3748 civi-

276 3779 415 3846 tatis,
462 3779 598 3834 olim
654 3780 989 3836 Heracleotis
1032 3779 1398 3851 suﬂ‘raganae,
1429 3789 1614 3837 contra
1661 3781 1880 3853 regulas

276 3868 448 3924 tertia
475 3867 630 3923 sedis
653 3869 968 3940 epiSCOpum
996 3870 1247 3925 ordinare
1274 3870 1682 3941 praesumpserit
1711 3879 1765 3926 et
1793 3887 1880 3925 se-

274 3958 461 4012 cundae
490 3956 612 4013 sedi
641 3973 701 4012 se
729 3973 760 4012 a
791 3958 998 4029 synodo
1019 3966 1072 4015 et
1086 3958 1155 4013 ab
1171 3959 1715 4030 imperialipotestate
1735 3975 1879 4030 prae-

272 4045 401 4101 ferri
433 4053 632 4102 contra
668 4046 888 4117 regulas
943 4047 1251 4103 obtinuerit.
1294 4049 1362 4102 Et
1421 4047 1545 4119 quia
1573 4064 1729 4103 mens
1775 4063 1879 4119 po-

270 4135 452 4191 tentiae
500 4134 665 4190 avida
726 4150 837 4191 non
888 4142 1068 4207 potest
1124 4137 1405 4192 concessis
1455 4135 1559 4191 sibi
1617 4136 1880 4192 limitibus

271 4238 391 4280 esse
420 4231 702 4291 contenta,
736 4223 806 4279 ad
836 4224 939 4280 hoc
968 4241 1141 4296 usque
1185 4225 1433 4296 prorupit
1457 4232 1516 4281 ut
1544 4233 1735 4281 contra
1763 4224 1879 4296 pri-

270 4327 409 4367 mam
442 4321 495 4368 et
554 4312 913 4383 apostolicam
970 4313 1158 4370 sedem
1208 4313 1574 4370 universalem
1602 4314 1791 4370 vocari
1821 4331 1880 4369 se

267 4399 476 4469 fecerit,
507 4400 651 4458 sicut
705 4402 758 4456 in
808 4402 1055 4472 epistolis
1112 4403 1298 4476 magni
1354 4403 1550 4458 Leonis
1612 4418 1768 4474 papae
1815 4417 1881 4459 ac

1984 3257 2144 3313 ergo,
2176 3241 2348 3298 frater
2375 3243 2717 3310 charissima,
2751 3244 2804 3298 in
2836 3243 2929 3299 illo
2956 3244 3191 3301 terribili
3220 3246 3467 3302 examine
3499 3263 3594 3303 ve-

1979 3330 2149 3387 nienti
2171 3331 2342 3401 judici
2392 3347 2453 3387 es
2498 3331 2769 3398 dicturus,
2797 3332 2894 3405 qui
2922 3348 3031 3389 non
3081 3333 3260 3390 solum
3288 3337 3463 3405 Pater,
3496 3337 3594 3391 sed

1979 3420 2142 3475 etiam
2170 3419 2449 3493 generalis
2479 3421 2640 3476 Pater
2659 3421 2716 3474 in
2744 3422 2947 3477 mundo
2968 3423 3151 3478 vocari
3176 3423 3429 3494 appetis?
3446 3424 3593 3480 Ecce

1981 3525 2047 3564 ex
2075 3510 2180 3564 hoc
2207 3507 2445 3564 nefando
2475 3509 2726 3565 elationis
2757 3510 3022 3566 vocabulo
3042 3510 3293 3567 Ecclesia
3310 3511 3588 3580 scinditur,

1980 3597 2207 3653 fratrum
2235 3597 2479 3652 omnium
2508 3597 2678 3654 corda
2706 3600 2779 3655 ad
2810 3599 3125 3655 scandalum
3146 3609 3526 3671 provocantur.
3563 3622 3587 3653 »

1979 3686 2046 3742 Et
2074 3685 2132 3739 in
2161 3685 2393 3757 epistola
2425 3687 2496 3741 ab
2530 3686 2886 3743 Sabinianum
2915 3687 3207 3743 diaconum
3233 3689 3291 3743 in
3319 3689 3591 3747 Constan-

1979 3774 2205 3846 tinopoli
2250 3775 2588 3845 responsalis
2635 3774 2952 3848 fungentem
2981 3776 3158 3832 oﬁ’icio
3205 3777 3327 3850 (tib.
3356 3793 3435 3849 Iv,
3464 3778 3588 3836 ind.

1982 3867 2069 3931 13,
2102 3864 2267 3933 epist.
2324 3863 2468 3934 39):
2525 3885 2547 3914 α
2599 3865 2684 3921 Ad
2711 3879 2836 3932 noc,
2870 3864 3064 3937 inquit,
3122 3881 3295 3939 usque
3346 3869 3596 3939 pervenit

1983 3950 2136 4024 (quin
2193 3951 2432 4008 Joannes
2500 3952 3135 4025 Constantinopolitanus
3169 3955 3485 4029 episcopus)
3532 3964 3591 4014 ut

1981 4040 2080 4097 sub
2125 4039 2415 4098 occasione
2470 4041 2778 4113 presbyteri
2826 4043 3051 4099 Joannis
3083 4052 3242 4117 gesta
3268 4046 3377 4102 huc
3408 4052 3592 4102 trans—

1980 4128 2236 4195 mitteret,
2267 4129 2323 4184 in
2354 4129 2551 4201 quibus
2570 4146 2632 4187 se
2660 4147 2803 4204 pene
2822 4147 2923 4202 per
2959 4147 3177 4189 omnem
3210 4150 3426 4191 versum
3447 4150 3595 4192 oecu-

1980 4218 2252 4275 menicum
2267 4218 2640 4290 patriarcham
2660 4219 2983 4277 nominaret.
3004 4242 3027 4271 »
3052 4223 3121 4277 Et
3138 4231 3264 4294 post
3282 4222 3557 4296 aliquanta
3577 4242 3591 4278 :

1986 4327 2009 4357 ς
2044 4307 2106 4362 In
2137 4307 2243 4361 isto
2274 4307 2420 4362 enim
2451 4307 2689 4363 scelesto
2717 4308 2988 4364 vocabulo
3017 4310 3329 4366 consentire
3356 4311 3491 4366 nihil
3513 4320 3596 4368 est

1980 4395 2127 4451 aliud
2159 4409 2323 4467 quam
2355 4394 2518 4452 fidem
2554 4397 2825 4466 perdere;
2857 4397 3003 4451 unde
3025 4397 3163 4453 sicut
3183 4398 3277 4453 tibi
3287 4398 3399 4467 jam
3415 4408 3593 4455 trans-

269 4489 409 4546 beati
431 4490 709 4563 Gregorii,
736 4497 788 4546 et
806 4506 979 4561 nuper
991 4490 1205 4547 Nicolai
1223 4491 1539 4564 relegimus.
1567 4489 1731 4559 Cujus
1750 4506 1876 4563 pro-
1905 4479 1957 4539 D
1979 4483 2112 4539 aclis
2157 4483 2402 4555 epistolis
2450 4483 2662 4555 scripSi.
2712 4499 2993 4559 nunquam
3023 4499 3146 4542 cum
3182 4501 3250 4542 ϐο
3289 4487 3591 4557 procedere

266 4577 375 4634 fani
407 4577 669 4634 vocabuli
697 4580 1071 4651 praesumptio,
1095 4580 1287 4652 rapina
1316 4580 1524 4636 scilicet
1555 4579 1874 4649 altitudinis,

268 4668 496 4739 qualiter
539 4667 754 4739 repulsa
797 4668 868 4722 sit
916 4684 948 4723 a
1007 4668 1168 4724 beato
1199 4670 1400 4735 Leone,
1434 4683 1544 4723 una
1574 4685 1696 4725 cum
1727 4683 1881 4724 arro-

268 4756 449 4827 gantia
497 4755 887 4826 appellationis
937 4756 1191 4813 indebitae
1223 4774 1255 4811 a
1285 4757 1880 4827 Constantinopolitano

267 4845 530 4916 episcopo
565 4853 859 4915 usurpatae,
892 4846 1021 4917 quia
1049 4852 1153 4902 tuae
1182 4843 1580 4917 compilationis
1610 4845 1879 4917 perplexi-

268 4942 351 4988 tas
381 4935 503 5002 ejus
534 4934 683 4989 dicta
708 4933 838 4990 alibi
868 4934 1037 5006 exigit
1065 4951 1288 5006 ponere,
1319 4951 1419 4991 suo
1457 4935 1579 4992 loco
1610 4936 1872 4992 invenies.

265 5022 333 5077 Et
353 5023 487 5095 quid
518 5022 588 5076 de
610 5023 806 5077 eodem
833 5024 1101 5081 vocabulo
1130 5025 1324 5081 beatus
1354 5024 1660 5095 Gregorius
1688 5040 1876 5081 sense-

265 5112 334 5166 rit
362 5120 415 5167 et
476 5112 803 5178 decreverit,
844 5112 934 5168 hic
981 5130 1084 5183 pro
1123 5114 1229 5170 loci
1285 5113 1689 5185 opportunitate
1747 5112 1873 5168 duxi

266 5201 606 5271 ponendum,
641 5201 792 5269 cujus
838 5201 1005 5257 verba
1033 5202 1191 5257 latius
1237 5216 1301 5258 ac
1338 5201 1552 5274 plenius
1580 5202 1636 5256 in
1666 5201 1873 5258 eisdem

265 5289 532 5361 epistolis,
567 5290 638 5344 de
667 5289 860 5360 quibus
891 5290 981 5346 hic
1009 5291 1257 5361 quedam
1279 5291 1560 5357 deﬂoravi,
1580 5291 1752 5346 lector
1769 5306 1871 5362 po-

261 5377 388 5432 terit
416 5378 689 5433 invenire.
723 5379 810 5432 Ait
828 5378 976 5435 enim
996 5378 1051 5433 in
1072 5379 1298 5450 epistola
1320 5381 1386 5435 ad
1408 5380 1587 5450 ipsum
1606 5381 1873 5436 Joannem

262 5466 923 5538 Constantinopolitanum
980 5468 1317 5539 episcopum,
1351 5469 1443 5540 qui
1480 5485 1541 5524 se
1581 5469 1870 5524 universa-

264 5554 374 5611 lem
408 5557 728 5628 episcopiun
771 5556 1057 5630 satagebat
1112 5558 1295 5615 vocari
1343 5559 1571 5627 (Iib.1v,
1622 5559 1743 5614 ind.
1780 5560 1867 5623 l3,

886 5669 920 5692 δ

1981 4586 2308 4643 praesumas.
2354 4592 2376 4622 ι»
2410 4572 2478 4628 Et
2505 4573 2576 4627 ad
2597 4573 3004 4630 Constantinam
3033 4576 3337 4647 Augustam
3366 4574 3487 4646 (lib.
3508 4590 3585 4643 rv,

1980 4660 2105 4717 ind.
2130 4664 2215 4727 t3,
2249 4661 2414 4731 epist.
2450 4661 2543 4732 34)
2567 4678 2581 4716 :
2611 4683 2634 4712 ι
2660 4661 2799 4719 Cum
2818 4678 2878 4718 se
2899 4679 3044 4719 nova
3061 4663 3487 4735 praesumptione
3500 4671 3587 4719 at-

1983 4764 2088 4821 que
2118 4749 2374 4819 superbia
2405 4750 2550 4806 idem
2580 4750 2752 4807 frater
2792 4767 2948 4807 meus
2977 4750 3342 4808 universalem
3371 4751 3591 4823 episco-

1980 4853 2109 4908 pum
2141 4838 2402 4910 appellet,
2436 4838 2507 4894 ita
2527 4848 2586 4894 ut
2615 4849 2817 4895 sanctae
2837 4840 3117 4896 memoriae
3144 4839 3455 4897 decessoris
3482 4841 3591 4898 mei

1978 4935 2223 4999 tempore
2251 4928 2453 4984 ascribi
2503 4945 2564 4984 se
2593 4929 2650 4983 in
2679 4929 2889 5000 synodo
2937 4928 3032 4984 tali
3060 4930 3164 4987 hoc
3216 4931 3458 5002 superbo
3485 4948 3589 4989 vo-

1976 5016 2169 5072 cabulo
2218 5014 2443 5081 faceret,
2506 5016 2757 5087 quamvis
2803 5023 3001 5073 cuncta
3044 5025 3165 5075 acta
3196 5018 3342 5076 illius
3394 5021 3590 5093 synodi

1977 5104 2108 5161 sede
2183 5105 2489 5176 apostolica
2547 5105 2952 5162 contradicente
2983 5106 3160 5164 soluta
3206 5108 3315 5164 sint
3362 5127 3378 5163 :
3434 5109 3589 5182 triste

1975 5192 2107 5248 mihi
2136 5193 2341 5265 aliquid
2370 5192 2756 5251 serenissimus
2789 5194 3057 5252 Dominus
3086 5196 3280 5264 innuit,
3303 5197 3450 5269 quod
3475 5212 3586 5254 non

1975 5297 2099 5337 eum
2130 5282 2392 5353 corripuit
2422 5281 2514 5353 qui
2530 5283 2798 5354 superbit,
2832 5285 2932 5341 sed
2971 5302 3059 5341 me
3097 5286 3274 5356 magis
3309 5286 3380 5340 ab
3406 5285 3585 5343 inten-

1973 5370 2117 5426 tione
2145 5385 2267 5425 mea
2294 5370 2569 5426 declinare
2601 5372 2819 5440 studuit,
2855 5374 2948 5445 qui
2986 5374 3039 5429 in
3069 5375 3174 5430 hac
3203 5388 3368 5430 causa
3395 5375 3583 5432 Evan-

1974 5458 2245 5531 geliorum
2269 5466 2321 5514 et
2351 5475 2621 5516 canonum
2650 5470 2850 5519 statuta
2877 5462 3195 5518 humilitatis
3239 5471 3403 5538 atque
3431 5468 3588 5525 recti-

1973 5556 2173 5615 tudinis
2204 5556 2402 5614 virtute
2430 5557 2684 5615 defendo.
2724 5559 2839 5630 Qua
2885 5559 2940 5615 in
2970 5576 3030 5615 re
3058 5575 3092 5616 a
3120 5561 3385 5634 pradicto
3411 5563 3580 5621 fratre
