4054 6180
448 284 553 341 34⁵7

1413 277 1756 336 HINCMABI
1810 271 2214 332 BHEMENSIS
2266 276 2817 335 ARCHIEPISCOPI.

3644 279 3740 333 348

455 417 509 466 et
565 408 952 467 consacerdote
1006 423 1149 476 meo,
1183 413 1370 464 contra
1417 403 1792 478 evangelicum
1835 407 2051 456 senten—
2077 397 2133 458 A
2154 402 2282 472 quia
2311 403 2425 459 scio
2455 405 2547 476 qui
2577 421 2716 471 sum,
2751 402 2844 476 qui
2872 402 3023 458 estis.
3053 402 3199 458 Loco
3227 399 3374 456 enim
3393 399 3525 456 mihi
3553 400 3746 457 fratres

456 501 606 568 tiam,
630 507 822 555 contra
848 498 1070 554 beatum
1118 513 1334 570 quoque
1390 496 1613 550 Petrum
1639 490 1967 563 apostolum,
2002 495 2058 544 et

454 596 644 658 contra
670 603 862 644 omnes
889 586 1188 652 Ecclesias,
1221 592 1519 655 contraque
1563 597 1832 638 canonum
1861 585 2056 633 statuta

455 677 652 749 agitur.
691 696 714 726 ι
747 677 816 732 Et
834 675 994 748 paulo
1022 682 1146 746 post
1179 691 1193 729 :
1229 695 1252 724 ι
1313 671 1492 728 Triste
1548 678 1732 726 tamen
1762 667 1920 724 valde
1952 674 2052 732 est,

457 774 515 822 ut
549 765 816 837 patienter
868 763 1091 830 feratur,
1149 769 1418 834 quatenus
1475 758 1746 830 despectis
1801 755 2057 813 omnibus

456 854 751 926 praedictus
789 852 959 909 frater
985 860 1038 908 et
1077 851 1440 923 coepiscOpus
1465 864 1621 904 meus
1651 846 1801 903 solus
1830 851 2057 902 conetur

455 943 680 1014 apellari
736 941 1050 1014 episcopus.
1109 941 1218 996 Sed
1245 939 1302 994 in
1331 939 1432 995 hac
1489 938 1606 1008 ejus
1638 935 1898 1008 superbia
1925 933 2057 1006 quid

457 1029 604 1087 aliud
648 1030 754 1086 nisi
782 1028 1089 1102 pr0pinqua
1132 1028 1246 1097 jam
1275 1024 1587 1081 Antichristi
1628 1038 1752 1079 esse
1807 1031 2057 1094 tempora

459 1119 866 1192 designantur?
901 1139 924 1168 υ
958 1119 1025 1172 Et
1055 1117 1111 1172 in
1141 1114 1372 1187 epistola
1402 1113 1471 1168 ad
1501 1112 1796 1185 Eulogium
1831 1110 2059 1166 Alexan-

457 1208 675 1264 drinum
722 1215 776 1264 et
822 1205 892 1262 ad
923 1204 1267 1262 Anastasium
1313 1201 1710 1259 Antiochenum
1742 1199 2052 1272 episcopos,

461 1311 495 1352 a
521 1297 643 1367 pari
673 1297 772 1363 (lib
801 1311 878 1361 1v,
908 1294 1029 1350 ind.
1067 1297 1153 1359 13,
1185 1292 1350 1366 epist.
1383 1291 1474 1360 36)
1511 1307 1524 1344 :
1581 1312 1601 1340 α
1654 1289 1828 1358 Sicut,
1860 1287 2052 1360 inquit,

459 1384 774 1441 veneranda
802 1382 934 1437 mihi
969 1389 1150 1438 vestra
1180 1381 1436 1436 sanctitas
1480 1377 1648 1446 novit,
1682 1392 1784 1450 per
1811 1383 2057 1431 sanctam

463 1473 966 1529 Chalcedonensem
996 1469 1261 1542 synodum
1282 1466 1522 1540 pontifici
1545 1465 1692 1523 sedis
1721 1463 2052 1537 apostolicae,

462 1561 548 1618 cui
577 1561 695 1616 Deo
723 1559 1046 1630 disponente
1093 1557 1364 1623 deservio,
1405 1557 1509 1611 hoc
1556 1553 1923 1610 universitatis
1951 1567 2056 1606 no-

459 1665 585 1704 men
623 1647 866 1704 oblatum
908 1655 1009 1702 est.
1045 1646 1153 1703 Sed
1198 1645 1380 1700 nullus
1429 1660 1666 1716 unquam
1705 1643 2057 1700 decessorum

463 1753 712 1794 meorum
744 1737 846 1793 hoc
875 1744 984 1792 tam
1011 1734 1241 1808 profano
1295 1733 1562 1790 vocabulo
1609 1731 1688 1787 uti
1732 1729 2052 1788 consensit:

465 1826 590 1900 quia
603 1825 876 1891 videlicet,
909 1824 958 1879 si
976 1840 1116 1878 unus
1159 1821 1462 1895 patriarcha
1492 1819 1814 1876 universalis
1841 1817 2060 1883 dicitur,

462 1914 894 1988 patriarcharum
943 1929 1143 1970 nomen
1186 1911 1396 1968 caeteris
1425 1911 1740 1982 derogatur.
1792 1907 1902 1964 Sed
1929 1906 2069 1961 absit

462 2005 586 2070 hoc,
619 2003 758 2058 absit
803 2019 836 2057 a
869 2000 1158 2058 Christiani
1184 2007 1366 2056 mente
1421 1998 1480 2055 id
1539 1998 1642 2054 sibi
1685 1996 1828 2053 velle
1883 2010 2074 2068 quem-

464 2093 610 2164 piam
637 2091 900 2163 arripere,
931 2090 1078 2146 unde
1128 2091 1396 2145 honorem
1444 2086 1668 2142 fratrum
1718 2100 1944 2141 suorum
1975 2084 2072 2139 im-

464 2177 713 2232 minuere
769 2192 836 2232 ex
890 2174 1362 2248 quantulacunque
1407 2179 1562 2244 parte
1615 2171 1882 2226 videatur.
1931 2168 2070 2224 Cum

467 2281 603 2339 ergo
631 2280 733 2322 nos
759 2265 906 2321 hunc
933 2265 1199 2319 honorem
1220 2263 1475 2318 nolumus
1493 2259 1736 2316 oblatum
1769 2257 2070 2328 suscipere,

467 2361 697 2427 pensata
745 2368 911 2426 quam
964 2351 1390 2425 ignominiosum
1433 2349 1503 2405 sit
1560 2351 1704 2404 hunc
1741 2347 1843 2402 sibi
1891 2362 2076 2420 quem-

467 2443 613 2515 piam
644 2441 908 2498 violenter
940 2455 1205 2512 usurpare
1234 2438 1498 2495 voluisse.
1550 2437 1842 2508 Propterea
1885 2435 2078 2490 sancti-

468 2539 550 2586 tas
572 2538 810 2588 vestram
829 2530 885 2585 in
907 2529 1021 2585 suis
1041 2529 1286 2601 epistolis
1311 2526 1586 2583 neminem
1602 2539 1842 2597 unquam
1862 2524 2078 2579 univer-

471 2620 640 2676 salem
670 2619 932 2684 nominet,
963 2634 1034 2674 ne
1065 2617 1171 2672 sibi
1189 2616 1431 2672 debitum
1475 2615 1740 2679 detrahat,
1769 2629 1896 2670 cum
1924 2611 2079 2668 alteri

469 2710 736 2766 honorem
767 2707 926 2764 offert
955 2707 1276 2762 indebitum.
1318 2726 1340 2755 »
1366 2705 1434 2761 Et
1463 2704 1590 2760 item
1617 2721 1632 2758 :
1667 2725 1689 2754 ι
1727 2703 1784 2758 Si
1804 2702 1946 2758 enim
1976 2702 2079 2756 hoc

474 2799 582 2856 dici
611 2797 844 2854 licenter
871 2795 1214 2868 permittitur,
1249 2795 1423 2850 honor
1476 2791 1913 2866 patriarcharum
1969 2805 2080 2846 om-

474 2886 625 2941 nium
653 2893 890 2958 negatur
922 2901 938 2940 :
971 2892 1026 2940 et
1055 2899 1180 2939 cum
1209 2881 1448 2938 fortasse
1477 2881 1524 2938 is
1539 2881 1594 2936 in
1615 2895 1806 2937 errore
1825 2879 1970 2952 perit
1988 2879 2079 2950 qui

475 2973 798 3030 universalis
825 2973 1040 3039 dicitur,
1084 2971 1266 3026 nullus
1287 2973 1402 3041 jam
1433 2970 1722 3042 episcopus
1753 2967 2080 3024 remansisse

472 3063 530 3120 in
568 3070 706 3118 statu
734 3061 980 3118 varitatis
1027 3059 1317 3117 invenitur.
1367 3058 1628 3115 Obtestor
1675 3072 1812 3131 ergo
1859 3064 1918 3110 ut
1957 3071 2082 3112 con-

476 3159 682 3208 stanter
737 3166 799 3207 ac
841 3150 958 3206 sine
989 3148 1304 3222 praejudicio
1358 3147 1588 3203 servetis
1619 3147 1756 3203 sicut
1784 3144 2077 3216 accepistis

479 3240 776 3308 Ecclesias,
811 3248 864 3295 et
891 3239 1026 3294 nihil
1053 3238 1155 3294 sibi
1175 3238 1232 3293 in
1263 3237 1416 3294 vobis
1470 3238 1588 3292 haec
1634 3235 1860 3291 tentatio
1888 3235 2080 3290 diabo-

475 3329 596 3387 licae
625 3327 994 3401 usurpationis
1021 3327 1276 3382 ascribat.
1311 3326 1456 3382 State
1483 3325 1670 3391 fortes,
1703 3331 1844 3380 state
1873 3323 2074 3390 securi,

475 3418 788 3490 scriptaque
844 3432 970 3473 cum
1025 3415 1352 3472 universalis
1393 3413 1629 3470 nominis
1666 3412 1931 3477 falsitate,
1977 3425 2078 3466 nec

473 3507 602 3564 dare
657 3521 918 3578 unquam,
981 3521 1083 3562 nec
1122 3504 1404 3577 suscipere
1444 3501 1810 3575 praesumatis.
1871 3498 2079 3555 Omnes

478 3595 766 3668 episcopos
795 3611 943 3650 cura:
962 3603 1159 3650 vestrae
1178 3593 1456 3662 subjectos
1477 3592 1548 3647 ab
1567 3591 1731 3660 hujus
1751 3587 2079 3645 adulationis

474 3684 847 3758 inquinatione
893 3683 1199 3756 prohibete.
1253 3681 1522 3738 Universa
1567 3694 1666 3735 vos
1703 3677 1954 3734 Ecclesia
1980 3691 2080 3747 pa-

477 3773 766 3840 triarchas,
788 3785 900 3828 non
929 3771 1108 3827 solum
1135 3771 1190 3826 in
1221 3769 1379 3825 bonis
1407 3768 1684 3840 operibus,
1717 3767 1816 3822 sed
1845 3765 2080 3822 etiamin

478 3861 725 3920 veritatis
752 3860 1073 3916 auctoritate
1105 3863 1422 3931 cognoscat.
1455 3856 1511 3911 Si
1541 3871 1650 3927 qua
1678 3862 1862 3911 autem
1894 3853 2078 3910 forsan

478 3951 708 4006 adversa
777 3948 1183 4020 subsequantur
1215 3987 1229 4014 ,
1297 3943 1624 4000 unanimiter
1691 3943 2076 4015 persistentes,

478 4038 639 4095 etiam
666 4037 947 4092 moriendo
978 4036 1240 4090 debemus
1271 4033 1580 4098 ostendere,
1603 4031 1732 4105 quia
1763 4033 1817 4087 in
1839 4047 2080 4105 genera-

476 4125 644 4182 litatis
665 4125 865 4180 damno
920 4131 1171 4180 nostrum
1199 4123 1507 4195 specialiter
1563 4121 1770 4194 aliquid
1801 4135 1910 4178 non
1939 4135 2083 4176 ama-

481 4231 624 4270 mus.
658 4214 917 4274 Dicamus
947 4229 1071 4269 cum
1099 4211 1267 4268 Paulo
1293 4229 1305 4266 :
1328 4211 1459 4268 Mihi
1486 4212 1670 4267 vivere
1694 4211 1954 4268 Christus
1975 4213 2078 4276 est,

484 4305 544 4356 et
569 4299 719 4356 mori
762 4300 988 4356 lucrum
1019 4297 1250 4370 (Philip.
1284 4296 1345 4367 ι).
1371 4295 1670 4350 Audiamus
1699 4294 1844 4367 quod
1873 4293 2084 4366 primus

482 4388 728 4444 omnium
757 4395 1038 4459 pastorum
1067 4386 1198 4442 dicit
1231 4402 1244 4440 :
1276 4386 1335 4441 Si
1365 4384 1497 4458 quid
1527 4385 1802 4456 patimini
1846 4387 2083 4456 propter

2155 491 2306 556 estis,
2339 491 2586 548 moribus
2615 500 2818 563 patres.
2850 493 2973 548 Non
3005 506 3142 564 ergo
3163 491 3324 560 jussi,
3343 489 3440 545 sed
3459 506 3582 561 qua;
3600 489 3747 546 utilia

2155 579 2272 635 visa
2305 590 2450 647 sunt,
2484 581 2729 636 indicare
2786 579 2994 636 curavi.
3025 579 3150 635 Non
3193 587 3378 634 tamen
3403 579 3620 634 invenio
3638 595 3745 633 ve-

2156 679 2325 724 stram
2367 670 2761 725 beatitudinem
2788 671 2893 725 hoc
2937 669 3134 739 ipsum,
3171 667 3318 739 quod
3345 667 3622 724 memoria
3649 683 3748 722 ve-

2157 767 2284 814 strae
2313 758 2488 828 intuli,
2523 757 2766 830 perfecte
2807 766 2998 814 tenere
3029 755 3286 814 voluisse.
3318 756 3458 810 Nam
3487 755 3616 824 dixi,
3648 771 3750 813 nec

2154 847 2289 902 mihi
2309 861 2432 915 vos,
2451 863 2554 904 nec
2571 847 2828 920 quiquam
2853 845 3012 902 alteri
3029 846 3138 900 tale
3166 843 3374 917 aliquid
3393 844 3640 901 scribere
3658 843 3752 900 de-

2157 937 2310 1008 bere,
2343 945 2397 992 et
2427 952 2556 993 ecce
2585 936 2640 991 in
2695 935 3017 1008 praefatione
3043 931 3308 1005 epistolae,
3339 948 3502 1005 quam
3534 933 3605 988 ad
3632 947 3751 988 me-

2155 1025 2334 1096 ipsum
2365 1025 2457 1098 qui
2487 1024 2742 1096 prohibui
2771 1023 3064 1090 direxistis,
3099 1022 3351 1092 supersz
3379 1021 3753 1093 appellationis

2155 1114 2404 1181 verbum,
2437 1113 2802 1169 universalem
2820 1129 2908 1167 me
2931 1126 3128 1183 papam
3155 1111 3422 1178 dicentes,
3444 1109 3754 1181 imprimere

2156 1203 2408 1259 curastis.
2433 1201 2590 1271 Quod
2621 1211 2748 1273 peto
2776 1200 3099 1257 dulcissima
3125 1199 3257 1254 mihi
3284 1199 3542 1254 sanctitas
3573 1206 3756 1268 vestra

2155 1291 2296 1346 ultra
2324 1307 2434 1346 non
2462 1290 2643 1358 faciat,
2687 1289 2815 1362 quia
2845 1288 3003 1344 vobis
3034 1287 3371 1344 subtrahitur
3427 1285 3575 1359 quod
3603 1285 3757 1342 alteri

2155 1379 2446 1452 plusquam
2469 1378 2607 1434 ratio
2637 1378 2806 1451 exigit
2833 1377 3126 1448 praebetur.
3164 1378 3286 1448 Ego
3316 1375 3462 1430 enim
3493 1390 3604 1430 non
3630 1389 3758 1430 ver-

2155 1468 2240 1524 bis
2269 1484 2456 1540 quaaro
2515 1467 2850 1539 prosperari,
2884 1465 2981 1521 sed
3037 1464 3284 1520 moribus
3317 1481 3331 1518 :
3363 1479 3466 1519 nec
3494 1463 3758 1519 honorem

2157 1573 2279 1612 esse
2335 1557 2557 1627 deputo,
2594 1556 2650 1610 in
2697 1569 2804 1627 quo
2835 1553 3038 1609 fratres
3081 1567 3237 1608 meos
3291 1553 3557 1607 honorem
3601 1567 3760 1606 suum

2155 1645 2391 1718 perdere
2447 1658 2742 1718 cognosco.
2779 1644 2933 1699 Meus
2981 1657 3214 1714 namque
3243 1641 3422 1696 honor
3449 1649 3553 1707 est,
3585 1639 3760 1695 honor

2091 1755 2147 1816 Β
2167 1732 2494 1790 universalis
2521 1732 2802 1802 Ecclesiae,
2833 1746 2990 1787 meus
3018 1731 3196 1788 honor
3212 1737 3317 1798 est,
3349 1728 3581 1784 fratrum
3606 1743 3764 1784 meo-

2167 1839 2290 1878 rum
2316 1821 2524 1878 solidus
2553 1821 2732 1895 vigor.
2773 1821 2925 1876 Tunc
2977 1833 3084 1892 ego
3113 1833 3245 1876 vere
3288 1817 3590 1874 honoratus
3619 1832 3762 1882 sum,

2169 1927 2295 1968 cum
2324 1909 2556 1984 singulis
2586 1909 2894 1982 quibusque
2924 1907 3101 1964 honor
3128 1905 3342 1964 debitus
3369 1921 3480 1962 non
3506 1914 3761 1978 negatur.

2169 2000 2226 2056 Si
2255 2000 2400 2056 enim
2436 1997 2802 2054 universalem
2821 2012 2910 2053 me
2937 2010 3140 2068 papam
3193 2003 3378 2052 vestra
3406 1994 3670 2052 sanctitas
3698 1993 3771 2050 di-

2170 2090 2260 2158 cit,
2295 2096 2461 2160 negat
2491 2102 2552 2142 se
2581 2088 2684 2143 hoc
2714 2101 2838 2142 esse
2887 2084 3033 2157 quod
3062 2100 3150 2141 me
3204 2083 3406 2139 fatetur
3434 2083 3768 2139 universum.

2174 2177 2284 2234 Sed
2313 2176 2456 2232 absit
2487 2176 2610 2232 hoc.
2641 2173 2921 2231 Recedant
2935 2173 3108 2230 verba
3124 2188 3247 2246 quae
3266 2172 3562 2229 vanitatem
3584 2171 3775 2226 inﬂant

2173 2275 2226 2322 et
2256 2265 2579 2323 charitatem
2608 2262 2920 2319 vulnerant.
2951 2263 3019 2318 Et
3048 2261 3268 2334 quidem
3297 2261 3352 2316 in
3402 2268 3593 2317 sancta
3620 2259 3777 2316 Chal-

2173 2354 2469 2412 cedonensi
2498 2353 2728 2424 synodo,
2761 2358 2923 2424 atque
2950 2357 3074 2422 post
3101 2365 3135 2405 a
3176 2347 3635 2420 subsequentibus
3664 2349 3772 2406 Pa-

2173 2444 2368 2512 tribus,
2402 2443 2504 2498 hoc
2558 2450 2642 2497 est
2671 2439 3057 2496 decessoribus
3105 2439 3262 2506 meis,
3296 2438 3539 2494 oblatum
3593 2443 3776 2494 vestra

2177 2532 2436 2588 sanctitas
2464 2531 2639 2586 novit.
2679 2528 2788 2585 Sed
2817 2537 2998 2584 tamen
3025 2526 3208 2583 nullus
3228 2541 3416 2583 eorum
3436 2525 3514 2582 uti
3537 2525 3644 2582 hoc
3677 2541 3776 2580 un-

2175 2636 2342 2694 quam
2369 2618 2636 2676 vocabulo
2664 2617 2834 2675 voluit
2867 2635 2882 2672 :
2913 2624 2973 2672 ut
2999 2617 3132 2671 dum
3159 2616 3216 2671 in
3242 2616 3348 2671 hoc
3366 2613 3572 2670 mundo
3603 2614 3777 2670 hono-

2175 2723 2293 2766 rem
2309 2708 2653 2765 sacerdotum
2672 2706 2969 2778 diligerent
2983 2704 3246 2772 omnium,
3270 2704 3416 2776 apud
3431 2703 3779 2775 omnipoten-

2177 2807 2289 2854 tem
2308 2797 2480 2853 Deum
2499 2795 2832 2853 custodirent
2862 2809 3038 2850 suum.
3065 2813 3088 2843 ν
3107 2793 3174 2850 Et
3189 2793 3244 2848 in
3273 2791 3506 2864 epistola
3514 2791 3584 2848 ad
3599 2791 3779 2847 diver-

2179 2904 2272 2944 sos
2319 2885 2767 2956 archiepiscopos
2798 2898 2832 2938 a
2860 2882 2982 2954 pari
3001 2882 3122 2952 (lib.
3152 2896 3253 2947 vn,
3283 2881 3490 2939 indici.
3519 2885 3572 2949 2,
3606 2881 3778 2952 epist.

2180 2975 2272 3047 69)
2287 2993 2301 3030 :
2326 2974 2668 3047 «Cognoscat
2681 2971 2994 3028 fraternitas
3006 2978 3209 3036 vestra,
3221 2971 3489 3026 Joannem
3502 2967 3782 3042 quondam

2181 3061 2803 3133 Constantinopolitanm
2813 3059 3046 3116 civitatis
3062 3058 3572 3128 antistitem,contra
3583 3057 3781 3124 Deum,

2176 3160 2365 3210 contra
2386 3165 2579 3224 pacem
2595 3149 2856 3206 Ecclesiae
2871 3149 2926 3204 in
2955 3149 3197 3204 omnium
3221 3147 3483 3219 despectu
3503 3155 3556 3202 et
3586 3145 3787 3216 injuria

2175 3241 2524 3298 sacerdotum
2556 3239 2840 3295 modestiae
2866 3253 2932 3294 ac
2955 3253 3227 3294 mensuras
3250 3251 3364 3293 suae
3396 3235 3661 3292 terminos
3685 3250 3784 3292 ex-

2176 3329 2432 3395 cessisse,
2463 3337 2518 3384 et
2541 3327 2726 3385 illicite
2742 3327 2799 3382 in
2819 3326 3030 3399 synodo
3055 3325 3354 3398 superbum
3374 3339 3441 3381 ac
3463 3322 3787 3396 pestiferum

2177 3417 2592 3482 (acumenicum,
2645 3417 2751 3472 hoc
2784 3424 2868 3470 est
2904 3415 3260 3484 universalis,
3312 3414 3415 3468 sibi
3460 3411 3787 3469 vocabulum

2177 3522 2490 3579 usurpasse.
2524 3504 2879 3574 Quod'beatae
2899 3503 3296 3560 recordationis
3317 3500 3569 3574 Pelagius
3587 3499 3789 3558 deces-

2179 3611 2273 3653 sor
2293 3604 2482 3652 noster
2520 3609 2850 3668 agnoscens,
2883 3591 3066 3648 omnia
3095 3599 3253 3665 gesta
3285 3589 3530 3659 ejusdem
3568 3587 3788 3662 synodi,

2177 3693 2376 3758 praeter
2420 3683 2515 3738 illa
2545 3698 2668 3754 quae
2694 3681 2806 3739 illic
2842 3683 2912 3738 de
2953 3696 3120 3738 causa
3145 3679 3474 3736 veneranda:
3508 3677 3794 3734 memorie

2179 3771 2440 3847 Gregorii
2469 3769 2714 3842 episcopi
2745 3769 3070 3827 Antiocheni
3086 3776 3210 3824 sunt
3241 3767 3448 3837 habita,
3469 3765 3646 3823 valida
3666 3782 3793 3823 om-

2179 3858 2310 3913 nino
2331 3855 2704 3912 destructione
2726 3855 2984 3920 cassavit,
3000 3851 3402 3910 districtissima
3425 3851 3580 3908 illum
3613 3851 3793 3908 incre-

2179 3945 2399 4018 patione
2419 3944 2744 4016 corripiens,
2778 3951 2838 3998 ut
2867 3958 2928 4000 se
2955 3959 2990 3998 a
3019 3959 3163 3998 novo
3191 3948 3245 3998 et
3260 3941 3552 3998 temerario
3572 3955 3776 4010 supers

2178 4033 2384 4091 titionis
2405 4033 2623 4090 nomine
2641 4032 2941 4098 cohiberet,
2965 4032 3105 4088 adeo
3118 4039 3180 4086 ut
3199 4046 3358 4101 suum
3374 4045 3500 4087 cum
3516 4043 3582 4086 eo
3602 4027 3793 4084 diaco-

2181 4140 2312 4180 num
2331 4123 2438 4179 nisi
2467 4130 2674 4178 tantum
2703 4121 2859 4178 nefas
2887 4120 3225 4190 emendaret,
3255 4119 3557 4192 procedere
3588 4117 3784 4189 prohi-

2181 4214 2354 4270 beret.
2381 4212 2549 4281 Cujus
2570 4225 2669 4267 nos
2688 4210 3028 4267 rectitudinis
3047 4209 3163 4266 zelo
3182 4225 3282 4280 per
3302 4207 3486 4264 omnia
3497 4207 3782 4262 iuberen-

2183 4311 2285 4367 tes,
2310 4309 2507 4356 statuta
2544 4299 2716 4372 ipsius
2745 4301 2862 4355 sine
2892 4298 3284 4372 refragatione,
3303 4299 3420 4354 Deo
3437 4303 3791 4369 protegente,

2184 4405 2469 4446 servamus
2501 4407 2516 4445 :
2550 4389 2675 4460 quia
2717 4389 2945 4461 dignum
2995 4394 3081 4444 est
3124 4394 3181 4442 ut
3225 4393 3434 4443 rectam
3475 4383 3798 4441 decessoris

474 4478 790 4552 justitiam,
819 4476 968 4532 θεαιί
997 4476 1164 4532 erit“
1184 4477 1360 4545 (Ρείνο
1395 4474 1499 4542 Ῑιι).
1532 4473 1662 4529 Mihi
1703 4473 1848 4529 enim
1877 4472 2086 4528 credite
2115 4472 2327 4536 Dviam
2359 4477 2645 4551 gressibus
2671 4474 2953 4534 inoffensis
2972 4476 3213 4545 incedat,
3247 4475 3340 4547 qui
3358 4474 3427 4530 de
3443 4473 3637 4529 eodem
3672 4473 3798 4529 loco

483 4567 614 4639 quia
633 4566 899 4622 honorem
930 4580 1094 4636 quem
1121 4578 1223 4634 pro
1269 4561 1620 4633 przedicanda
1655 4561 1881 4616 veritate
1909 4576 2091 4617 susce-

481 4655 695 4726 pimus,
731 4654 776 4708 si
834 4652 1179 4709 necessitatis
1234 4666 1402 4708 causa
1447 4651 1650 4723 exigat,
1682 4650 1928 4706 securius
1959 4665 2088 4721 pro-

484 4744 680 4799 eadem
707 4742 934 4798 veritate
965 4740 1323 4813 relinquimus
1373 4754 1535 4812 quam
1567 4747 1848 4813 tenemus.
1865 4739 1970 4793 Pro
2001 4754 2089 4794 me

485 4838 666 4888 autem
697 4831 836 4886 sicut
882 4837 1119 4886 vestram
1161 4827 1543 4884 charissimam
1571 4827 1964 4882 beatitudinem
1986 4826 2088 4882 de-

483 4926 588 4986 cet,
613 4925 769 4975 orate
801 4926 858 4975 ut
884 4920 989 4976 hoc
1017 4917 1165 4990 quod
1199 4917 1358 4974 vobis
1387 4916 1534 4988 loqui
1593 4914 1792 4982 audeo,
1823 4915 2087 4986 operibus

483 5007 798 5064 ostendam.
843 5028 866 5056 υ

555 5106 626 5163 Et
643 5105 772 5160 item
829 5103 884 5159 in
915 5103 1149 5176 epistola
1193 5103 1262 5158 ad
1319 5101 1614 5174 Eulogium
1664 5100 2088 5156 Alexandrinum

489 5195 812 5267 episcopum
841 5193 958 5263 (lib.
985 5209 1083 5257 vn,
1105 5192 1228 5248 ind.
1252 5195 1300 5260 l,
1325 5193 1490 5266 epist.
1509 5190 1596 5262 4):
1626 5210 1648 5240 α
1684 5190 1934 5246 lndicare
1955 5205 2092 5262 quo-

489 5300 596 5356 que
626 5291 811 5340 vestra
844 5281 1120 5338 beatitudo
1163 5280 1382 5349 studuit,
1397 5280 1509 5349 jam
1546 5294 1604 5334 se
1629 5277 1953 5350 quibusdam
1981 5294 2089 5334 non

488 5372 730 5428 scribere
761 5371 998 5443 superba
1043 5368 1322 5437 vocabula,
1355 5384 1478 5440 quas
1515 5384 1582 5423 ex
1616 5369 1868 5424 vanitatis
1908 5367 2091 5423 radice

487 5459 828 5530 prodierunt,
855 5468 910 5516 et
939 5459 1072 5513 mihi
1093 5457 1331 5529 loquitur
1359 5458 1551 5513 dicens
1577 5474 1591 5512 :
1628 5457 1786 5514 Sicut
1805 5459 2089 5530 jussistis.

443 5570 458 5582 ·
489 5555 652 5630 Quod
680 5557 908 5614 verbum
931 5556 1196 5628 jussionis
1224 5563 1348 5628 peto
1369 5571 1542 5613 ameo
1569 5554 1756 5612 auditu
1792 5563 2090 5612 removete:

2186 4567 2258 4624 ad
2285 4567 2623 4623 reddendam
2643 4565 2912 4622 rationem
2922 4565 3110 4621 aeterni
3119 4563 3317 4634 judicis
3335 4560 3570 4618 tribunal
3591 4577 3801 4632 exspe-

2187 4663 2314 4712 ctat.
2345 4677 2366 4706 ι
2388 4657 2458 4712 Et
2475 4655 2639 4728 paulo
2661 4662 2818 4726 past:
2846 4675 2867 4704 ι
2886 4655 3088 4709 Hortor
3101 4660 3266 4724 atque
3292 4650 3499 4706 suadeo
3527 4657 3586 4704 ut
3611 4648 3803 4705 nullus

2187 4753 2434 4801 vestrum
2463 4745 2568 4801 hoc
2597 4760 2796 4800 nomen
2826 4742 3123 4815 aliquando
3173 4740 3422 4812 recipiat,
3455 4737 3637 4794 nullus
3664 4753 3798 4794 con-

2189 4834 2408 4902 sentiat,
2441 4833 2622 4888 nullus
2653 4832 2980 4897 subscribat,
3009 4829 3193 4886 nullus
3219 4828 3313 4885 ubi
3341 4827 3501 4884 fuerit
3529 4827 3801 4900 scriptum

2188 4921 2467 4987 admittat,
2545 4921 2633 4978 vel
2690 4919 3142 4992 subscriptionem
3193 4933 3348 4974 suam
3395 4915 3649 4986 adjiciat,
3704 4915 3806 4971 sed

2189 5011 2329 5066 sicut
2355 5009 2742 5083 omnipotentis
2769 5009 2871 5066 Dei
2898 5009 3179 5064 ministros
3220 5007 3398 5072 decet,
3431 5005 3710 5076 integrum
3743 5019 3804 5060 se

2188 5107 2258 5162 ab
2286 5105 2597 5176 hujusmodi
2627 5111 2899 5162 venenata
2955 5103 3248 5160 infectione
3274 5101 3563 5166 custodiat,
3597 5107 3650 5156 et
3667 5098 3796 5156 cal-

2189 5197 2300 5252 lido
2328 5195 2631 5252 insidiatori
2661 5195 2716 5251 in
2747 5209 2806 5250 se
2861 5195 3045 5250 locum
3071 5207 3184 5248 non
3236 5191 3496 5264 praebeat,
3530 5187 3798 5261 quoniam

2193 5285 2295 5341 hoc
2323 5293 2376 5340 et
2422 5285 2478 5340 in
2509 5283 2672 5340 totius
2715 5283 2974 5340 Ecclesiae
3016 5281 3216 5351 injuria
3251 5295 3318 5336 ac
3357 5277 3704 5344 discissione,
3752 5281 3809 5333 et

2190 5376 2327 5431 sicut
2347 5373 2600 5440 diximus,
2631 5373 2688 5428 in
2710 5372 2951 5428 omnium
2972 5379 3217 5426 vestrum
3231 5369 3491 5440 despectu
3527 5364 3615 5422 ﬁt.
3654 5365 3805 5421 Nam

2191 5464 2262 5530 si,
2293 5480 2452 5528 unus,
2485 5472 2540 5517 ut
2573 5469 2744 5534 putat,
2767 5461 3094 5517 universalis
3124 5467 3227 5528 est,
3277 5465 3446 5513 restat
3472 5464 3532 5512 ut
3561 5471 3659 5510 vos
3692 5454 3817 5526 epi-

2191 5553 2345 5626 scopi
2375 5568 2484 5607 non
2513 5551 2649 5606 sitis.
2687 5571 2709 5600 »
2754 5551 2822 5606 Et
2842 5558 2964 5622 post
2985 5549 3266 5622 aliquanta
3297 5564 3310 5602 :
3352 5567 3374 5597 α
3406 5546 3546 5601 Nam
3577 5543 3625 5598 si
3653 5542 3807 5615 quis,
