4054 6180
289 324 390 380 349
1109 316 1350 376 OPUSC.
1407 317 1499 374 ΕΤ
1544 316 1766 376 EPIST.
1830 317 1904 373 IN
1939 315 2166 375 CAUSA
2213 314 2570 375 HINCMARI'
2601 317 2906 377 LAUDUN.
3483 323 3588 378 350

293 443 437 516 quod
493 459 606 499 non
659 441 956 511 credimus,
1016 442 1219 514 scripta
1269 443 1562 514 praesentia
1607 442 1783 516 aliqua
1829 442 1886 497 in
1906 443 1963 504 A
1990 443 2217 499 veniens
2247 443 2420 500 Deum
2451 443 2664 511 dixerit,
2717 443 2974 502 frivolum
3004 443 3162 501 valde
3193 443 3339 500 erit?
3381 445 3480 501 sed
3507 453 3593 500 ta-

294 540 447 604 parte
477 531 802 606 neglexerit,
834 549 866 586 a
894 531 1042 588 beati
1089 532 1233 588 Petri
1275 533 1646 603 apostolorum
1679 531 1890 603 princi-
1989 547 2117 587 men
2161 531 2325 606 minis
2371 533 2757 604 perniciosum.
2820 533 2878 589 Si
2925 533 3280 606 quantitatem
3327 535 3594 590 sermonis

293 621 376 693 pis
403 637 540 692 pace
571 638 630 678 se
658 620 872 676 noverit
903 629 1275 694 segregatum.
1309 623 1385 675 Ita
1417 636 1551 694 ergo
1579 628 1763 678 vestra
1789 619 1892 675 fra-

295 709 519 765 ternitas
547 717 692 783 agat,
722 718 781 764 ut
813 705 936 766 cum
967 717 1150 781 pastor
1181 717 1460 781 pastorum
1488 709 1543 764 in
1567 709 1773 779 judicio
1800 723 1892 764 ve-

297 799 456 866 nerit,
506 799 576 854 de
619 797 743 855 loco
777 797 1061 872 regiminis
1088 814 1248 870 quem
1277 799 1506 870 accepit,
1542 806 1752 854 reatum
1793 798 1892 854 ha-

299 887 427 944 bere
453 903 566 944 non
595 889 786 959 possit.
828 912 850 936 η

365 977 436 1032 Ει
462 977 520 1032 in
550 976 782 1048 epistola
808 977 880 1031 ad
907 975 1192 1048 Cyriacum
1237 975 1892 1048 Constantinopolitanum

299 1065 634 1136 episcopum,
687 1064 910 1120 Joannis
959 1064 1201 1136 episcopi
1247 1080 1622 1120 successorem
1663 1063 1780 1134 (lib.
1814 1079 1891 1131 vt,

299 1154 416 1210 ind.
454 1156 542 1220 15,
576 1155 741 1226 epist.
777 1153 830 1224 4)
865 1171 879 1208 :
917 1176 938 1201 ιι
973 1155 1034 1208 In
1063 1154 1188 1220 hoc,
1237 1153 1429 1225 inquit,
1454 1169 1554 1208 vos
1581 1153 1896 1208 medullitus

299 1241 688 1314 amplectimur,
720 1241 776 1296 in
807 1243 909 1298 hoc
939 1242 1250 1298 sacerdotes
1279 1258 1402 1298 esse
1430 1241 1893 1313 recognoscimus,

303 1332 347 1388 si
373 1331 599 1402 repulsa
625 1331 858 1386 vanitate
885 1331 1194 1396 verborum,
1237 1329 1536 1386 sanctitatis
1565 1330 1743 1386 locum
1772 1347 1897 1387 cum

301 1429 485 1477 sancta
513 1419 815 1476 humilitate
845 1420 1089 1476 teneatis.
1125 1420 1270 1476 Ecce
1300 1420 1443 1475 enim
1473 1419 1529 1474 in
1556 1419 1776 1475 nefandi
1805 1436 1900 1492 ap-

301 1510 594 1582 pellatione
618 1508 855 1564 nominis
885 1509 1230 1566 scandalizati
1258 1525 1465 1579 sumus,
1517 1516 1569 1564 et
1596 1524 1706 1564 non
1733 1507 1900 1564 mini-

303 1614 419 1654 mas
447 1597 700 1671 querelas
731 1613 1016 1654 servamus
1043 1599 1099 1652 in
1126 1605 1328 1662 mente,
1349 1596 1650 1669 promimus
1671 1597 1726 1652 in
1745 1613 1898 1656 voce.

305 1687 503 1744 Vestra
546 1695 729 1742 autem
772 1684 1083 1742 fraternitas
1125 1686 1274 1742 novit
1319 1686 1443 1758 quia
1472 1685 1685 1742 Veritas
1723 1686 1897 1747 dicit;

1989 621 2337 688 attendimus,
2382 622 2504 678 duae
2535 629 2660 677 sunt
2687 622 2947 694 syllabae;
2999 623 3046 678 si
3073 639 3208 680 vero
3237 623 3454 694 pondus
3484 623 3594 678 ini-

1993 709 2231 782 quitatis,
2266 709 2521 766 universa
2540 710 2831 781 pernicies.
2855 712 2980 784 Ego
3008 719 3192 767 autem
3213 705 3444 768 ﬁdenter
3472 712 3595 768 dice

1993 797 2122 870 quia
2151 797 2399 870 quisquis
2429 815 2488 854 se
2517 799 2883 856 universalem
2915 789 3250 856 sacerdotem
3282 809 3462 868 vocat,
3509 800 3597 858 vel

1993 887 2178 942 vocari
2207 887 2502 954 desiderat,
2550 887 2605 942 in
2635 887 2871 944 elatione
2902 904 3002 944 sua
3031 889 3425 945 Antichristum
3450 906 3598 962 prae-

1993 975 2180 1043 currit,
2228 975 2355 1048 quia
2403 976 2770 1048 superbiendo
2817 994 2877 1034 se
2919 977 3131 1034 cmteris
3157 980 3444 1050 praeponit,
3495 993 3598 1035 nec

1995 1063 2197 1136 dispari
2226 1065 2482 1136 superbia
2511 1066 2578 1120 ad
2604 1081 2844 1122 errorem
2867 1066 3082 1123 ducitur
3106 1086 3121 1133 ;
3159 1067 3284 1140 quia
3305 1067 3445 1124 sicut
3465 1084 3598 1140 per-

1996 1169 2190 1210 versus
2249 1153 2340 1208 ille
2397 1154 2544 1210 Deus
2601 1154 2776 1210 videri
2832 1155 2944 1210 vult
2999 1171 3167 1227 super
3213 1156 3484 1224 homines,
3525 1155 3601 1212 ita

1997 1241 2247 1316 quisquis
2275 1241 2378 1297 iste
2410 1249 2513 1308 est,
2547 1242 2637 1314 qui
2671 1242 2818 1298 solus
2849 1244 3110 1300 sacerdos
3137 1245 3397 1316 appellari
3424 1260 3599 1316 appe-

1997 1331 2058 1386 tit
2087 1346 2253 1402 super
2284 1330 2521 1403 reliquos
2568 1330 2912 1387 sacerdotes.
2967 1331 3075 1387 Sed
3103 1333 3358 1403 quoniam
3387 1333 3601 1390 Veritas

1997 1419 2128 1475 dicit
2151 1411 2183 1474 ί
2195 1420 2387 1476 Omnis
2405 1421 2500 1491 qui
2527 1436 2586 1475 se
2615 1421 2842 1476 exultat
2863 1421 3262 1476 humiliabitur
3278 1422 3435 1483 (Luc.
3459 1422 3598 1493 xxv),

1998 1508 2114 1566 scio
2173 1507 2300 1581 quia
2361 1508 2616 1579 quaelibet
2673 1508 2833 1564 elatio
2894 1516 3044 1565 tanto
3101 1509 3262 1564 citius
3318 1509 3600 1581 rumpitur,

1999 1604 2202 1669 quanto
2232 1597 2468 1668 amplius
2498 1597 2735 1653 inﬂatur.
2771 1597 2884 1652 Illis
2915 1613 3050 1671 ergo
3069 1597 3243 1669 pietas
3263 1605 3445 1653 vestra
3463 1615 3604 1669 pra:-

2000 1685 2184 1758 cipiat,
2236 1701 2305 1740 ne
2335 1685 2481 1758 quod
2507 1701 2606 1756 per
2661 1685 3081 1757 appellationem
3136 1685 3318 1742 frivoli
3369 1686 3606 1742 nominis

306 1778 362 1834 Si
377 1777 544 1847 offers
563 1790 778 1831 munus
796 1779 958 1831 tuum
974 1775 1047 1831 ad
1066 1777 1271 1842 altare,
1287 1782 1340 1830 et
1355 1773 1562 1847 reliqua
1577 1775 1798 1846 (Matth.
1818 1776 1896 1846 v).
1930 1803 1984 1863 B
2001 1774 2322 1830 scandalum
2351 1774 2602 1848 gignant,
2629 1775 2720 1848 qui
2749 1775 2806 1830 in
2835 1775 3089 1846 superbia
3111 1783 3165 1830 et
3195 1776 3362 1847 typho
3392 1775 3606 1831 cecide-

308 1864 424 1934 Qua
452 1864 508 1918 in
540 1880 604 1920 re
635 1865 979 1936 pensandum
1006 1863 1132 1936 quia
1177 1880 1298 1920 cum
1327 1863 1506 1920 omnis
1533 1864 1693 1936 culpa
1721 1863 1902 1920 oblato

307 1952 580 2009 sacriﬁcio
609 1952 835 2022 deletur,
878 1960 1083 2008 tantum
1113 1961 1197 2008 est
1223 1951 1423 2008 malum
1454 1952 1698 2009 scandali
1725 1952 1903 2008 alieno

305 2042 468 2098 corde
497 2040 766 2113 generati,
815 2049 875 2097 ut
901 2042 969 2095 ab
999 2056 1066 2097 eo
1095 2041 1187 2113 qui
1217 2041 1540 2114 peccaverit,
1593 2056 1694 2097 nec
1724 2041 1904 2112 ipsum

307 2129 635 2188 sacriﬁcium
659 2129 922 2186 Dominus
951 2130 1198 2202 accipiat,
1233 2129 1380 2202 quod
1407 2129 1592 2186 delere
1618 2138 1905 2201 peccatum

308 2219 461 2276 solet.
511 2221 704 2275 Curate
751 2235 882 2290 ergo
930 2219 1112 2276 cordis
1141 2218 1312 2274 nostri
1355 2219 1674 2275 scandalum
1710 2218 1906 2274 festine

313 2309 626 2381 detergere,
658 2316 716 2364 ut
739 2307 914 2380 possit
943 2307 1286 2379 omnipotens
1315 2309 1464 2363 Deus
1495 2307 1784 2364 oblationis
1813 2323 1908 2364 ve-

308 2406 434 2454 strm
453 2395 788 2454 sacriﬁcium
809 2397 1140 2469 acceptabile
1159 2397 1384 2452 habere.
1415 2417 1436 2446 ι)
1470 2397 1540 2452 Et
1567 2397 1698 2451 item
1716 2396 1774 2451 in
1802 2397 1908 2452 alia

310 2486 540 2558 epistola
583 2485 656 2542 ad
689 2486 944 2542 eumdem
981 2485 1100 2556 (lib.
1143 2501 1221 2553 vi,
1273 2486 1392 2542 ind.
1434 2487 1523 2552 15,
1566 2486 1728 2558 epist.
1769 2485 1904 2556 28):

313 2599 334 2622 α
369 2573 623 2646 Oportet,
656 2575 849 2647 inquit,
871 2581 930 2630 ut
955 2575 1088 2630 mihi
1118 2582 1280 2646 atque
1300 2574 1550 2630 omnibus
1579 2573 1833 2629 fratribus
1853 2573 1910 2628 in

311 2664 526 2730 vestris,
578 2664 697 2733 ejus
741 2661 1020 2719 charitatis
1058 2663 1517 2735 pulchritudinem
1555 2662 1613 2718 in
1640 2664 1746 2720 hoc
1793 2663 1908 2734 pri-

309 2769 458 2808 mum
509 2767 677 2824 opere
715 2752 1054 2819 monstratis,
1101 2758 1160 2807 ut
1205 2753 1433 2808 verbum
1476 2751 1764 2824 superbiae,
1810 2767 1912 2822 per

311 2842 455 2914 quod
477 2857 646 2914 grave
669 2841 984 2898 scandalum
1006 2840 1060 2895 in
1081 2840 1344 2897 Ecclesiis
1365 2848 1674 2914 generatur,
1699 2838 1911 2896 auferre

309 2929 601 3000 festinetis,
657 2929 764 2986 hoc
792 2929 972 2986 modis
1000 2929 1254 2985 omnibus
1281 2929 1569 3001 implentes
1599 2929 1744 3001 quod
1772 2928 1912 2985 scri-

320 3027 473 3090 ptum
487 3026 572 3074 est
595 3035 610 3072 :
639 3020 886 3076 Solliciti
896 3035 1118 3075 servare
1135 3019 1420 3075 unitatem
1441 3019 1678 3091 spiritus
1700 3019 1764 3074 in
1785 3019 1912 3074 vin-

313 3109 438 3165 culo
460 3109 624 3180 pacis
653 3108 876 3179 (Ephes.
912 3106 1016 3178 ιν).
1038 3107 1107 3162 Et
1131 3122 1352 3162 rursum
1377 3125 1390 3162 :
1415 3107 1646 3162 Nullam
1673 3107 1914 3164 occasio-

313 3213 442 3252 nem
459 3197 597 3252 dare
614 3196 934 3252 adversario
949 3195 1247 3251 maledicti
1264 3197 1452 3268 gratia
1473 3196 1524 3268 (Ι
1536 3196 1915 3266 Tim.v).Tunc

314 3285 457 3340 enim
487 3293 712 3341 ostensa
731 3284 970 3341 Charitas
999 3299 1130 3340 vera
1153 3291 1257 3350 est,
1282 3284 1328 3339 si
1353 3300 1458 3355 per
1477 3283 1703 3356 typhum
1725 3299 1916 3354 super-

311 3373 415 3430 bia:
443 3373 588 3428 inter
616 3389 719 3428 nos
749 3373 988 3429 scissura
1015 3388 1128 3428 non
1158 3371 1338 3428 fuerit.
1388 3373 1510 3445 Ego
1555 3373 1699 3427 enim
1729 3373 1918 3427 Jesum

313 3469 508 3518 testem
537 3462 734 3518 invoco
780 3463 836 3516 in
871 3463 1053 3516 anima
1107 3477 1251 3531 mea,
1285 3461 1409 3533 quia
1437 3477 1470 3516 a
1501 3477 1714 3516 summo
1743 3476 1916 3532 usque

317 3551 386 3606 ad
421 3550 674 3606 ultimum
715 3549 849 3605 nulli
894 3550 1173 3605 hominum
1215 3549 1348 3605 dare
1393 3549 1632 3606 scandali
1676 3548 1918 3605 occasio-

313 3655 438 3695 nem
467 3639 595 3696 volo
627 3656 641 3693 :
673 3653 864 3704 omnes
883 3655 1007 3694 esse
1029 3654 1262 3712 magnos
1283 3646 1338 3694 et
1357 3637 1714 3694 honorabiles
1735 3637 1915 3709 cupio,

315 3744 544 3800 quorum
574 3737 758 3784 tamen
778 3729 954 3783 honor
973 3727 1169 3782 honori
1188 3743 1297 3782 non
1319 3727 1548 3782 detrahit
1576 3725 1919 3798 omnipoten-

316 3817 382 3872 tis
413 3817 535 3873 Dei.
567 3818 712 3872 Nam
742 3816 988 3889 quisquis
1017 3833 1078 3872 se
1104 3825 1296 3872 contra
1325 3817 1500 3871 Deum
1527 3814 1789 3874 honorari
1817 3832 1918 3887 ap-

318 3908 468 3978 petit,
515 3905 650 3961 mihi
695 3904 1030 3961 honorabilis
1077 3921 1186 3961 non
1230 3912 1331 3960 est.
1371 3929 1392 3953 n
1443 3906 1509 3960 Et
1538 3905 1699 3975 paulo
1745 3912 1916 3976 post:

321 4017 342 4044 ι
379 3994 526 4064 Quia
557 3994 730 4049 hostis
751 3993 1134 4065 omnipotentis
1153 3993 1372 4048 Domini
1391 3993 1756 4050 Antichristus
1775 3994 1922 4063 juxta

318 4092 420 4149 est,
470 4083 719 4138 studiose
748 4083 907 4155 cupio
933 4099 1004 4138 ne
1032 4081 1314 4154 prOprium
1343 4081 1471 4154 quid
1501 4081 1760 4147 inveniat,
1811 4097 1923 4136 non

321 4172 498 4228 solum
528 4173 585 4228 in
615 4172 890 4238 moribus,
942 4171 1038 4226 sed
1066 4187 1245 4242 neque
1274 4171 1330 4224 in
1358 4170 1624 4226 vocabulo
1656 4170 1921 4226 sacerdo-

323 4269 453 4316 tum.
487 4262 572 4316 Ea
602 4276 738 4332 ergo
769 4276 889 4333 quas
917 4275 1060 4316 novo
1087 4260 1250 4315 modo
1279 4259 1582 4314 introducta
1610 4266 1754 4327 sunt,
1802 4259 1923 4329 ipso

323 4350 512 4405 ordine
561 4366 670 4422 quo
715 4349 865 4404 illata
907 4355 1029 4404 sunt
1075 4348 1403 4415 auferantur,
1455 4355 1508 4403 et
1547 4363 1652 4418 pax
1680 4347 1840 4403 nobis
1867 4347 1922 4403 in

321 4439 554 4494 Domino
583 4438 792 4493 illibata
816 4437 1177 4510 permanebit.
1209 4437 1349 4492 Nam
1372 4451 1494 4508 quae
1521 4435 1624 4492 erit
1653 4436 1796 4492 inter
1823 4451 1924 4492 nos

1944 3159 1994 3222 C

2004 1871 2145 1919 runt.
2180 1863 2322 1918 Nam
2350 1870 2610 1936 peccator
2637 1879 2762 1935 ego,
2809 1864 2900 1935 qui
2929 1873 3151 1920 auctore
3177 1864 3296 1920 Deo
3323 1863 3606 1920 humilita-

2003 1961 2112 2008 tem
2143 1959 2320 2022 teneo,
2374 1951 2750 2008 admonendus
2781 1953 2850 2008 ad
2879 1952 3234 2008 humilitatem
3260 1967 3371 2008 non
3398 1969 3540 2008 sum.
3581 1971 3603 2002 ιο

2002 2043 2076 2098 Et
2119 2041 2176 2096 in
2216 2040 2442 2114 epistola
2470 2041 2542 2096 ad
2569 2041 2914 2096 Anastasium
2959 2041 3354 2096 Antiochenum
3385 2040 3607 2112 episco-

2003 2145 2136 2203 pum
2163 2130 2284 2196 (lib.
2317 2145 2394 2196 vr,
2429 2131 2593 2203 epist.
2621 2131 2716 2202 24)
2749 2147 2763 2184 :
2801 2153 2822 2177 α
2859 2129 2920 2184 In
2949 2129 3298 2200 suscipienda
3341 2128 3528 2185 fratris
3555 2137 3609 2184 et

2005 2218 2417 2274 consacerdotis
2463 2218 2639 2274 nostri
2681 2217 2896 2290 Cyriaci
2937 2217 3202 2290 synodica
3251 2216 3480 2290 epistola
3517 2217 3606 2272 di-

2007 2324 2176 2381 gnum
2206 2322 2316 2362 non
2341 2305 2440 2361 fuit
2470 2314 2528 2361 ut
2555 2322 2657 2378 pro
2687 2321 2850 2362 causa
2878 2306 3092 2378 profani
3136 2305 3391 2364 vocabuli
3420 2320 3604 2361 moras

2008 2395 2268 2461 facerem,
2307 2411 2376 2451 ne
2413 2395 2674 2452 unitatem
2713 2403 2914 2451 sanctae
2929 2394 3192 2451 Ecclesiae
3208 2395 3604 2466 perturbarem.

2011 2485 2120 2542 Sed
2149 2492 2330 2540 tamen
2361 2484 2430 2540 de
2459 2484 2653 2540 eodem
2685 2484 3066 2556 superstitioso
3096 2491 3148 2540 et
3178 2483 3418 2556 superbo
3448 2497 3613 2540 voca-

2011 2573 2138 2630 bulo
2173 2589 2296 2630 eum
2331 2573 2629 2629 admonere
2661 2572 2858 2642 studui,
2909 2573 3098 2629 dicens
3127 2573 3256 2645 quia
3283 2589 3474 2644 pacem
3504 2588 3611 2628 no-

2009 2663 2222 2720 biscum
2252 2663 2455 2719 habere
2485 2678 2597 2718 non
2635 2670 2844 2732 posset,
2897 2661 3001 2716 nisi
3046 2661 3338 2718 elationem
3365 2659 3612 2734 pradicti

2012 2751 2165 2809 verbi
2195 2751 2516 2822 corrigeret,
2551 2765 2713 2822 quam
2741 2750 2946 2822 primus
2965 2757 3210 2822 apostata
3240 2749 3464 2805 invenit.
3500 2749 3613 2806 Vos

2013 2848 2193 2896 tamen
2224 2839 2470 2895 eamdem
2498 2853 2722 2896 causam
2742 2837 2944 2894 nullam
2966 2853 3090 2895 esse
3119 2837 3300 2895 dicere
3319 2853 3429 2893 non
3451 2837 3614 2894 debe-

2014 2929 2103 2995 tis,
2156 2929 2281 3001 quia
2311 2928 2358 2984 si
2386 2929 2529 2984 hanc
2575 2927 2954 3000 aequanimiter
2997 2933 3300 2999 portamus,
3343 2925 3616 2983 universae

2013 3016 2281 3074 Ecclesiae
2329 3015 2494 3072 ﬁdem
2543 3016 2964 3088 corrumpimus.
3013 3015 3176 3072 Scitis
3221 3015 3365 3070 enim
3405 3013 3612 3087 quanti,

2015 3121 2126 3162 non
2155 3105 2334 3162 solum
2362 3105 2622 3172 haeretici,
2656 3105 2753 3161 sed
2783 3104 2944 3161 etiam
2963 3103 3345 3160 haeresiarchm
3374 3102 3446 3160 de
3474 3103 3618 3160 Con-

2017 3193 2497 3266 stantinopolitana
2523 3193 2773 3250 Ecclesia
2801 3201 2928 3248 sunt
2957 3192 3168 3264 egressi
3191 3211 3218 3260 ;-
3239 3199 3292 3248 et
3320 3198 3381 3247 ut
3410 3191 3481 3248 de
3508 3192 3616 3247 ho-

2013 3283 2162 3339 noris
2190 3283 2359 3339 vestri
2389 3281 2582 3352 injuria
2612 3290 2840 3352 taceam,
2874 3282 2920 3336 si
2955 3298 3096 3336 unus
3127 3280 3415 3352 episcopus
3442 3295 3617 3337 voca-

2015 3379 2104 3427 tur
2143 3371 2489 3438 universalis,
2539 3371 2798 3427 universa
2840 3369 3091 3426 Ecclesia
3134 3369 3354 3436 corruit,
3399 3367 3446 3424 si
3474 3384 3616 3424 unus

2015 3459 2322 3527 universus,
2373 3458 2535 3515 cadit.
2571 3459 2681 3514 Sed
2709 3459 2850 3514 absit
2877 3459 2997 3514 haec
3025 3457 3278 3524 stultitia,
3331 3456 3472 3512 absit
3499 3457 3618 3514 haec

2014 3548 2206 3604 levitas
2227 3548 2296 3602 ab
2325 3547 2547 3602 auribus
2575 3545 2732 3602 meis.
2791 3547 2852 3601 In
2881 3545 3253 3617 omnipotente
3285 3551 3470 3600 autem
3499 3544 3617 3601 Do-

2015 3636 2164 3692 mino
2194 3634 2430 3702 confido,
2479 3637 2608 3708 quia
2635 3635 2782 3708 quod
2811 3634 3058 3706 promisit
3107 3635 3264 3691 citius
3291 3633 3618 3706 impleturus

2018 3733 2100 3782 est
2131 3743 2144 3782 :
2179 3725 2373 3783 Omnis
2403 3725 2498 3799 qui
2526 3741 2585 3782 se
2614 3725 2858 3792 exultat,
2892 3723 3315 3780 hnmiliabitur.
3351 3745 3374 3773 ι»

2587 3871 2816 3928 CAPUT
2853 3870 3051 3926 XVIII.

2026 3971 2176 4040 Quod
2203 3971 2424 4026 insana:
2444 3971 2656 4025 mentis
2679 3969 2932 4026 homines
2948 3983 3052 4042 per
3071 3967 3536 4026 indiscretionem
3555 3967 3619 4024 in

2341 4059 2653 4130 Scripturis
2683 4059 2902 4114 sanctis
2931 4061 3290 4121 erraverunt.

2092 4173 2245 4230 Hanc
2273 4173 2642 4245 evangelicam
2676 4172 3030 4239 sententiam,
3077 4171 3264 4240 frater,
3307 4171 3624 4244 intelligen-

2022 4270 2106 4318 ter
2131 4263 2348 4318 attende
2379 4269 2431 4317 et
2463 4262 2727 4318 tenaciter
2753 4269 2937 4317 mente
2967 4261 3240 4328 reconde;
3267 4262 3366 4317 sed
3397 4269 3450 4317 et
3477 4260 3626 4317 illam

2024 4351 2170 4406 beati
2217 4350 2492 4423 Gregorii,
2542 4365 2706 4422 quam
2747 4357 2806 4404 ut
2852 4349 3021 4420 paulo
3062 4357 3188 4404 ante
3242 4349 3445 4421 legisti,
3499 4349 3627 4405 huic

2025 4439 2360 4513 evangelica;
2389 4437 2672 4494 sententia:
2701 4437 2976 4506 subjunxit
3001 4436 3191 4493 dicens
3226 4455 3240 4490 :
3275 4458 3298 4487 α
3337 4437 3464 4494 Scio
3497 4436 3628 4509 quia

324 4528 576 4595 dulcedo,
612 4543 734 4599 qua:
759 4527 1014 4593 charitas,
1065 4525 1110 4580 si
1139 4522 1503 4596 nosmetipsos
1532 4541 1668 4581 voce
1697 4523 1914 4580 refove-
1943 4519 2002 4582 D
2026 4527 2280 4601 qualibet
2316 4527 2478 4584 elatio
2527 4535 2678 4582 tanto
2726 4526 2885 4582 citius
2931 4525 3218 4596 rumpitur,
3271 4532 3472 4596 quanto
3501 4541 3624 4580 am-

325 4633 466 4683 mus,
498 4625 553 4672 et
581 4617 751 4670 rebus
779 4615 1074 4687 pungimus
1094 4615 1122 4670 ‘l
1145 4639 1166 4663 »
1191 4616 1258 4670 Et
1286 4614 1338 4668 in
1369 4613 1600 4685 epistola
1629 4614 1699 4668 ad
1727 4611 1922 4668 Mauri-

322 4705 456 4760 tium
484 4707 793 4776 Augustum
823 4705 941 4776 (lib.
974 4719 1051 4773 vr,
1083 4703 1202 4760 ind.
1238 4705 1324 4771 15,
1359 4703 1523 4776 epist.
1557 4704 1646 4773 30)
1679 4720 1692 4756 :
1721 4723 1744 4753 α
1765 4703 1925 4757 Eum-

326 4795 468 4864 dem,
501 4793 698 4866 inquit,
729 4791 952 4848 fratrem
981 4801 1036 4848 et
1074 4791 1521 4848 consacerdotem
1549 4807 1730 4846 meum
1770 4791 1926 4864 (quin

327 4883 618 4954 Cyriacum
649 4881 1307 4954 ConstantinOpolitanum
1326 4880 1665 4952 episcopum)
1686 4879 1924 4936 studiose

326 4972 624 5027 admonere
654 4971 862 5037 curavi,
894 4978 952 5026 ut
983 4970 1028 5026 si
1057 4970 1258 5026 habere
1285 4985 1481 5041 pacem
1515 4968 1756 5025 omnium
1787 4984 1923 5026 con-

327 5061 678 5132 cordiamque
705 5059 1002 5130 desiderat,
1035 5060 1104 5116 ab
1127 5059 1276 5115 stulti
1302 5059 1555 5115 vocabuli
1587 5075 1646 5115 se
1677 5059 1925 5131 appella-

329 5150 472 5206 tione
501 5155 835 5220 compescat.
870 5150 950 5205 De
980 5165 1089 5221 qua
1114 5165 1175 5204 re
1203 5148 1336 5204 mihi
1364 5148 1420 5202 in
1450 5148 1565 5204 suis
1589 5148 1926 5218 jussionibus

330 5239 675 5294 dominorum
712 5237 886 5308 pietas
912 5238 1170 5309 praecepit
1200 5238 1412 5304 dicens,
1464 5245 1522 5292 ut
1547 5253 1648 5308 pro
1677 5235 1926 5308 appella-

331 5328 474 5384 tione
521 5325 700 5382 frivoli
729 5326 968 5382 nominis
1013 5326 1155 5382 inter
1182 5341 1284 5381 nos
1313 5325 1630 5382 scandalum
1675 5325 1927 5397 generari

329 5431 436 5470 non
485 5415 704 5471 debeat.
737 5414 844 5470 Sed
874 5430 1010 5488 rogo
1051 5423 1109 5470 ut
1153 5414 1450 5486 imperialis
1496 5413 1671 5486 pietas
1713 5420 1922 5484 penset,

331 5504 456 5574 quia
486 5503 594 5560 alia
625 5510 750 5558 sunt
779 5502 976 5560 frivola
1005 5503 1163 5560 valde
1191 5503 1432 5570 innoxia,
1457 5510 1620 5574 atque
1639 5501 1745 5558 alia
1763 5502 1927 5557 vehe-

333 5610 546 5660 menter
575 5603 787 5660 nociva.
828 5603 1088 5678 Nunquid
1129 5618 1260 5671 non,
1310 5618 1434 5660 cum
1475 5617 1534 5658 se
1563 5600 1928 5660 Antichristus

2023 4617 2166 4689 plius
2193 4617 2428 4672 inﬂatur.
2468 4637 2490 4666 ν
2543 4613 2899 4689 Recognosce
2930 4613 3097 4688 igitur
3128 4614 3353 4670 modum
3379 4620 3433 4668 et
3461 4628 3622 4668 men-

2025 4723 2212 4762 suram
2241 4715 2406 4774 tuam,
2440 4705 2536 4762 tibi
2581 4721 2615 4762 a
2659 4707 2776 4762 Deo
2801 4721 2902 4776 per
2929 4719 3165 4762 canones
3203 4717 3396 4758 sacros
3425 4703 3623 4758 decre-

2024 4805 2156 4864 tam,
2189 4803 2244 4852 et
2275 4805 2392 4852 esto
2421 4795 2638 4850 humilis
2668 4795 2721 4850 in
2750 4793 2921 4850 oculis
2967 4792 3094 4860 tuis,
3144 4791 3432 4847 attendens
3475 4791 3624 4864 quod

2025 4886 2290 4942 Dominus
2329 4884 2462 4941 dixit
2497 4883 2645 4942 Sauli
2669 4901 2682 4938 :
2707 4884 2901 4940 Nonne
2925 4898 3057 4938 cum
3085 4897 3233 4938 esses
3251 4882 3528 4954 parvulus
3559 4883 3624 4938 in

2026 4977 2204 5034 oculis
2229 4977 2361 5042 tuis,
2376 4978 2548 5048 caput
2567 4976 2631 5030 in
2649 4973 2824 5029 Israel
2840 4971 2953 5043 feci
2974 4974 3067 5027 te?
3087 4969 3137 5042 (Ι
3149 4973 3275 5043 Reg.
3296 4970 3448 5041 xm.)
3467 4971 3625 5026 Nunc

2026 5064 2154 5137 quia
2180 5079 2412 5136 magnus
2441 5079 2500 5118 es
2521 5061 2667 5133 apud
2687 5069 2759 5128 te,
2779 5061 2958 5132 abjeci
2977 5064 3032 5116 te
3051 5076 3124 5116 ne
3148 5061 3226 5116 si:
3249 5076 3374 5116 rem.
3397 5059 3469 5114 Et
3487 5058 3623 5114 istos

2025 5160 2240 5209 veteres
2258 5159 2310 5208 et
2331 5158 2604 5208 emortuos
2619 5149 2886 5216 cineres,a
2905 5149 3077 5206 sacris
3098 5147 3398 5206 canonibus
3418 5146 3623 5202 dudum

2026 5241 2284 5313 sepultos,
2317 5255 2510 5296 eorum
2541 5237 2634 5310 qui
2661 5246 2854 5294 contra
2881 5239 3130 5310 praelatos
3158 5253 3290 5293 suos
3317 5235 3627 5292 rebellave-

2027 5337 2170 5396 runt,
2205 5327 2385 5385 moliri
2415 5326 2618 5383 desiste
2647 5327 2995 5384 resuscitare.
3034 5328 3143 5383 Sed
3171 5327 3336 5380 timeo
3365 5323 3624 5396 quoniam

2026 5434 2093 5474 ea
2119 5433 2238 5489 quae
2268 5431 2402 5472 vera
2430 5424 2482 5472 et
2509 5414 2735 5471 humilia
2763 5409 2886 5470 sunt
2912 5415 3102 5470 videre
3131 5429 3238 5468 non
3267 5412 3491 5484 poteris,
3535 5412 3624 5469 al-

2027 5506 2286 5581 buginem
2333 5505 2545 5561 habens
2590 5505 2645 5560 in
2695 5504 2874 5572 oculo,
2921 5502 2978 5557 id
3021 5507 3107 5557 est
3150 5502 3517 5574 arrogantiam
3565 5501 3622 5558 in

2027 5603 2229 5654 mente.
2260 5595 2416 5653 Unde
2444 5593 2710 5652 Dominus
2726 5591 2797 5648 ad
2815 5592 3060 5664 Moysem
3078 5589 3211 5648 dicit
3241 5606 3255 5644 :
3293 5590 3398 5671 Qui
3423 5589 3620 5655 habue-
