4004 6176
385 273 486 328 381

1347 270 1687 328 HINCMARI
1715 266 2118 326 RHEMENSIS
2146 268 2698 330 ARCHIEPISCOPI.

3591 273 3694 326 352

391 399 475 454 rit
489 397 812 469 albuginem
824 398 888 452 in
904 391 1216 464 oculo,nhn
1232 397 1617 471 o/feratpanes
1628 399 1738 453 Deo
1750 411 1988 460 suo,nec
2016 395 2073 456 A
2094 410 2272 466 neque
2303 412 2469 452 unum
2526 397 2800 453 Christum
2829 397 2886 452 in
2916 397 3095 453 Verbo
3123 396 3224 453 Dei
3251 405 3307 453 et
3333 411 3501 453 carne
3529 405 3696 469 atque

390 486 628 544 accedat
653 485 726 541 ad
743 487 1136 543 ministerium
1157 489 1278 550 eius
1309 487 1506 556 (Leuit.
1530 486 1677 556 xxx).
1703 483 1825 554 Qua
1847 485 1917 540 de
1937 499 2000 539 re

391 574 609 632 inculco
636 573 732 629 tibi
761 574 1082 630 sententiam
1111 575 1254 629 beati
1299 573 1589 646 Augustini
1617 574 1688 629 ad
1723 573 1998 629 lulianum

388 663 704 736 episcopum
711 663 964 733 juvenem
973 671 1046 732 ,et
1057 679 1157 735 per
1167 663 1480 734 superbiam
1492 662 1636 718 male
1649 661 1993 731 sentientem,

392 753 462 810 ab
485 751 732 808 Ecclesia
749 751 1016 808 catholica
1041 759 1416 826 segregatum,
1449 751 1504 806 in
1532 751 1640 807 alio
1666 751 1872 822 scripto
1881 751 1996 820 jam

392 857 426 896 a
456 849 508 897 te
537 841 755 907 lectam,
788 841 887 896 sed
916 841 1122 896 utinam
1151 857 1260 896 non
1290 841 1622 912 neglectam.
1678 864 1699 888 ει
1739 839 1993 908 Quando,

391 929 586 1002 inquit,
619 929 1018 986 animositatem
1049 945 1156 1001 qua
1186 929 1385 986 teneris
1406 929 1624 994 viceris,
1647 937 1775 984 tunc
1803 928 1995 984 verita-

392 1025 502 1074 tem
537 1017 746 1089 poteris
776 1025 962 1075 tenere
991 1033 1096 1090 qua
1127 1017 1386 1074 vinceris.
1436 1017 1609 1086 Quam
1651 1017 1860 1074 scilicet
1891 1033 1993 1072 ve-

395 1105 610 1161 ritatem
653 1106 698 1160 si
746 1106 936 1162 relicta
965 1106 1310 1161 animositate
1339 1122 1446 1162 non
1483 1105 1742 1172 tenueris,
1789 1105 1994 1161 discre-

392 1194 594 1250 tionem
623 1194 681 1249 in
710 1195 912 1251 sanctis
943 1194 1238 1264 Scripturis
1281 1202 1333 1248 et
1370 1194 1425 1248 in
1457 1193 1626 1249 sacris
1655 1194 1861 1265 regulis
1891 1195 1991 1248 ha-

394 1283 527 1338 bere
555 1299 665 1337 non
695 1283 918 1354 poteris,
951 1283 1090 1338 sicut
1113 1297 1218 1338 nec
1236 1281 1314 1336 illi
1335 1283 1426 1354 qui
1458 1298 1552 1338 eas
1582 1281 1814 1338 discrete
1836 1281 1992 1336 intel-

394 1370 566 1444 ligere
596 1371 906 1436 noluerunt,
940 1378 994 1425 et
1020 1371 1146 1425 ideo
1175 1378 1493 1426 erraverunt
1522 1370 1738 1443 quidam
1768 1386 1987 1438 eorum,

391 1474 558 1515 voces
614 1458 926 1514 earumdem
985 1457 1387 1530 Scripturarum
1445 1475 1556 1514 non
1609 1458 1988 1515 discemendo.

395 1543 548 1600 Sicut
577 1543 682 1598 hoc
712 1543 858 1614 quod
888 1543 1153 1600 Dominus
1183 1543 1312 1599 dicit
1343 1560 1355 1598 :
1390 1545 1498 1616 Ego
1525 1547 1583 1599 et
1611 1546 1782 1598 Pater
1809 1559 1992 1600 unum

396 1647 594 1688 sumus
616 1631 799 1702 (Joan.
822 1633 905 1702 χ),
937 1631 1097 1687 Arius
1115 1631 1318 1688 dictum
1349 1631 1418 1688 de
1446 1631 1648 1687 unitate
1679 1631 1990 1687 substantia:

2099 484 2279 540 anima
2323 485 2572 551 credens,
2621 488 2718 543 sed
2749 487 3041 558 separatim
3070 487 3302 542 alterum
3334 485 3525 540 Filium
3564 486 3690 552 Dei,

2098 572 2332 629 alterum
2359 574 2597 630 hominis
2623 575 2950 646 pradicans.
2985 574 3216 644 Quidam
3245 573 3504 629 nimirum
3541 575 3698 645 ipsas

2099 661 2408 733 Scripturas
2435 663 2623 718 verbis
2652 664 2852 719 illicitis
2871 664 3385 735 imposturaverunt,
3419 663 3558 719 sicut
3585 663 3696 718 Ma-

2097 751 2359 807 cedonius
2415 752 3041 825 Constantinopolitanus
3097 752 3414 824 episcOpus,
3475 751 3568 824 qui
3623 752 3699 807 ab

2097 840 2384 896 Anastasio
2413 841 2741 913 imperatore
2770 843 2894 897 ideo
2938 857 2969 896 a
3013 841 3232 897 civitate
3260 840 3518 912 expulsus
3545 841 3702 914 legi-

2094 937 2201 998 tur,
2251 929 2508 1000 quoniam
2552 931 2763 986 falsavit
2803 929 3123 1002 Evangelia,
3169 937 3223 985 et
3251 929 3404 984 illum
3447 929 3704 1000 Apostoli

2095 1015 2275 1073 locum
2292 1019 2383 1073 ubi
2397 1019 2523 1074 dicit
2542 1037 2555 1074 :
2579 1019 2730 1086 Quod
2745 1021 3010 1092 apparuit
3023 1021 3082 1074 in
3103 1035 3294 1084 carne,
3306 1019 3704 1090 justiﬁcatum

2095 1111 2178 1162 est
2195 1109 2257 1162 in
2279 1109 2488 1180 spiritu
2509 1109 2560 1178 (I
2573 1110 2707 1164 Tim.
2732 1110 2837 1178 ιιι),
2860 1123 2958 1178 per
2975 1107 3360 1180 cognationem
3380 1105 3708 1162 Graecarum

2093 1193 2393 1250 litterarum
2421 1219 2454 1258 ο
2485 1204 2536 1252 et
2562 1215 2596 1252 θ
2624 1199 2728 1252 hoc
2775 1197 2941 1252 modo
2987 1195 3248 1252 mutando
3294 1193 3531 1250 falsavit.
3593 1195 3708 1250 Ubi

2094 1284 2240 1339 enim
2269 1283 2454 1340 habuit
2485 1285 2594 1357 qui,
2638 1285 2742 1341 hoc
2771 1293 2871 1352 est,
2901 1306 2935 1344 ο
2968 1307 3020 1348 ε,
3053 1281 3490 1354 monosyllabum
3526 1283 3698 1338 Grae-

2095 1387 2238 1440 cum,
2290 1373 2468 1428 littera
2513 1381 2716 1429 mutata
2743 1393 2776 1431 ο
2815 1373 2870 1428 in
2900 1393 2934 1432 θ
2973 1375 3134 1428 vertit
3179 1379 3234 1426 et
3279 1371 3407 1428 fecit
3469 1393 3504 1432 θ
3534 1395 3588 1440 ε,
3633 1371 3700 1426 id

2093 1469 2194 1527 est,
2227 1470 2284 1516 ut
2314 1469 2460 1518 esset
2489 1463 2636 1518 Deus
2657 1462 2906 1534 apparuit
2931 1476 3031 1532 per
3057 1476 3280 1517 carnem
3308 1477 3321 1514 :
3355 1468 3704 1533 quapropter

2092 1557 2350 1622 tanquam
2377 1550 2737 1605 Nestorianus
2765 1549 2864 1605 fuit
2892 1549 3169 1620 expulsus.

2163 1640 2230 1694 Et
2258 1639 2426 1694 multa
2454 1639 2555 1694 alia
2593 1648 2717 1694 sunt
2747 1639 2800 1694 in
2833 1639 3143 1710 Scripturis,
3186 1639 3255 1696 de
3297 1638 3495 1712 quibus
3541 1639 3699 1694 male

395 1737 579 1809 unum
594 1719 901 1791 intelligere
923 1720 1396 1789 noluit,Sabellius
1411 1721 1478 1776 ad
1494 1735 1850 1809 personarum
1868 1736 1992 1791 pro-
2027 1750 2082 1809 Β
2109 1727 2472 1800 intelligentes
2534 1727 2849 1784 scandalum
2909 1728 3014 1783 sibi
3068 1735 3432 1800 sumpserunt,
3479 1735 3532 1784 et
3577 1727 3712 1800 quia

399 1807 682 1880 prietatem
710 1825 908 1865 sumus
939 1824 1046 1863 non
1078 1809 1272 1874 retulit,
1298 1817 1351 1864 et
1372 1818 1601 1880 uterque
1629 1808 1835 1864 idcirco
1855 1824 1995 1864 erra-

395 1895 489 1953 vit.
523 1898 582 1951 In
613 1896 818 1952 unitate
845 1913 1063 1969 quoque
1091 1897 1249 1952 unius
1281 1897 1630 1969 ejusdemque
1658 1913 1910 1968 personae
1930 1913 1996 1952 ex

395 1984 607 2040 duabus
637 1993 690 2040 et
719 1985 774 2040 in
805 1986 1018 2041 duabus
1047 1985 1380 2054 substantiis,
1405 1985 1460 2040 id
1491 1994 1573 2041 est
1602 1984 1828 2054 naturis,
1862 1985 1994 2041 divi-

397 2073 584 2130 nitatis
631 2073 838 2129 scilicet
877 2081 928 2130 et
974 2074 1338 2141 humanitatis,
1390 2075 1696 2130 subsistens
1734 2074 1998 2130 Dominus

395 2168 588 2218 noster
653 2162 810 2217 Jesus
874 2161 1121 2219 Christus
1147 2207 1159 2226 ,
1228 2163 1335 2218 hoc
1399 2163 1545 2235 quod
1610 2163 1740 2218 item
1803 2162 1992 2217 dixit:

391 2251 568 2308 Pater
596 2252 780 2322 major
807 2267 897 2306 me
925 2256 1009 2306 est
1039 2252 1224 2322 (Joan.
1256 2252 1400 2321 xxv).
1433 2250 1597 2305 Arius
1628 2266 1737 2306 non
1759 2250 1998 2306 humani-

390 2338 514 2405 tati,
550 2338 648 2392 sed
675 2337 944 2394 divinitati
971 2339 1240 2409 ascripsit,
1284 2347 1338 2394 et
1365 2339 1489 2394 ideo
1517 2338 1800 2412 indignam
1830 2339 1996 2395 vitam

393 2425 566 2498 digna
612 2434 785 2481 morte
833 2425 1021 2483 finivit.
1077 2425 1305 2496 Quidam
1352 2442 1486 2482 vero
1536 2442 1722 2484 eorum
1777 2427 1996 2483 easdem

393 2513 702 2584 Scripturas
729 2514 874 2570 male
921 2515 1342 2586 interpretando,
1396 2515 1531 2570 sicut
1579 2516 1773 2572 beatus
1803 2516 1996 2571 Petrus

394 2601 464 2658 de
493 2602 668 2658 sancti
699 2603 850 2658 Pauli
879 2603 1137 2674 Epistolis
1165 2603 1299 2658 dixit
1331 2621 1344 2657 :
1378 2605 1442 2659 In
1473 2605 1689 2676 quibus,
1723 2603 1994 2675 inquiens,

393 2695 536 2748 sunt
565 2691 822 2764 quaedam
841 2693 1096 2763 difﬁcilia
1115 2692 1187 2748 ad
1201 2693 1664 2763 intelligendum,
1700 2709 1822 2765 qua:
1839 2693 1993 2748 indo-

386 2781 467 2838 cti
485 2783 540 2836 et
553 2781 848 2836 instabiles
860 2782 1346 2854 depravant,sicut
1362 2786 1418 2836 et
1429 2786 1663 2836 crateras
1679 2782 1994 2853 scripturas

390 2869 464 2924 ad
483 2885 647 2924 suam
669 2871 922 2940 ipsorum
939 2869 1314 2940 perditionem
1331 2871 1406 2938 (II
1423 2872 1578 2926 Petr.
1603 2870 1706 2939 ιιι).
1739 2867 1998 2924 Ditiicilia

390 2962 572 3010 autem
627 2956 900 3011 intellectu
927 2955 982 3011 in
1011 2956 1271 3026 Epistolis
1300 2956 1468 3026 Pauli,
1514 2973 1636 3029 quae
1665 2957 1732 3012 ab
1763 2957 1996 3012 indoctis

2099 1815 2388 1872 noluerunt
2415 1815 2533 1872 fieri
2561 1816 2811 1888 discipuli
2839 1817 3102 1882 veritatis,
3143 1817 3388 1890 magistri
3417 1824 3543 1870 sunt
3570 1815 3706 1872 facti

2098 1905 2324 1960 erroris.
2362 1905 2511 1960 Sicut
2540 1906 2609 1960 de
2637 1906 2742 1961 hoc
2774 1905 2918 1976 quod
2948 1905 3078 1960 dicit
3107 1904 3400 1976 Apostolus
3432 1919 3446 1960 :
3480 1904 3700 1961 Media-

2101 1997 2190 2051 tor
2209 1995 2309 2049 Dei
2329 1997 2496 2066 atque
2517 1994 2812 2049 hominum
2832 1995 2992 2050 homo
3017 1995 3273 2049 Christus
3293 1994 3454 2049 Iesus
3482 1994 3534 2064 (Ι
3553 1995 3701 2050 Tim.

2098 2081 2182 2152 ιι),
2242 2097 2351 2154 quo
2408 2082 2718 2138 testimonio
2775 2083 2846 2136 ad
2889 2081 3262 2138 auctoritatem
3304 2082 3534 2138 haeresis
3581 2098 3708 2138 sua

2096 2171 2358 2226 Photinus
2385 2179 2468 2226 est
2496 2186 2663 2238 usus;
2711 2179 2764 2226 et
2791 2171 2860 2226 de
2889 2170 3134 2242 Epistola
3161 2169 3230 2224 ad
3273 2169 3655 2241 Philippenses
3687 2211 3705 2239 ,

2099 2260 2294 2315 habitu
2312 2264 2572 2330 repertus
2589 2263 2654 2314 ut
2665 2260 2825 2316 homo
2838 2258 3321 2332 (cap.n),Marcion
3341 2259 3702 2330 phantasiam

2096 2347 2346 2419 corporis
2377 2347 2660 2403 confessus
2691 2355 2775 2403 est
2801 2363 2924 2402 esse
2953 2348 3008 2402 in
3037 2347 3280 2414 Christo,
3327 2363 3438 2402 non
3469 2363 3700 2418 corpus.

2097 2433 2204 2491 Sed
2236 2443 2288 2490 et
2319 2435 2568 2506 Agnoitm
2597 2435 2838 2490 heretici
2867 2435 2971 2490 hoc
2990 2434 3059 2489 ad
3083 2450 3240 2489 suum
3260 2433 3706 2490 conﬁrmandum

2096 2538 2336 2578 errorem
2382 2525 2718 2595 protulerunt
2764 2524 2911 2596 quod
2939 2524 3144 2580 dictum
3171 2531 3254 2580 est
3287 2539 3302 2577 :
3337 2525 3410 2579 De
3453 2525 3545 2580 die
3593 2541 3708 2579 au-

2099 2616 2210 2668 tem
2227 2617 2283 2667 et
2303 2614 2440 2668 hora
2460 2629 2624 2668 nemo
2643 2615 2773 2680 scit,
2795 2629 2974 2686 neque
2997 2613 3187 2684 angeli
3209 2614 3273 2668 in
3293 2613 3469 2675 caelis,
3491 2627 3598 2668 nec
3617 2613 3708 2666 Fi-

2098 2701 2230 2768 lius,
2255 2701 2370 2757 nisi
2389 2704 2561 2757 Pater
2578 2703 2731 2757 solus
2751 2702 2972 2772 (Matth.
3005 2700 3209 2772 xxxv);
3240 2709 3292 2755 et
3313 2701 3383 2755 de
3413 2700 3520 2756 hoc
3549 2701 3705 2772 quod

2095 2789 2152 2844 in
2190 2789 2392 2844 Genesi
2413 2790 2670 2860 scriptum
2699 2797 2800 2858 est,
2846 2794 2971 2860 post
3018 2793 3244 2845 noctem
3271 2789 3422 2844 diem
3450 2794 3708 2860 captum

2094 2877 2256 2946 (Gen.
2298 2887 2360 2946 ι),
2407 2879 2898 2934 tenebrascoaivas
2946 2879 3081 2942 Deo,
3133 2877 3226 2949 qui
3257 2877 3706 2933 inaccessibilem

2095 2965 2274 3022 lucem
2303 2967 2527 3032 habitat,
2561 2967 2810 3022 dixerunt
2839 2966 3101 3042 haeretici.
3147 2967 3220 3022 Et
3247 2981 3313 3021 ex
3344 2981 3410 3022 eo
3439 2965 3588 3038 quod
3617 2965 3699 3020 ibi

393 3049 449 3099 et
485 3043 827 3098 instabilibus
858 3043 988 3100 dicit
1017 3045 1327 3114 depravata,
1377 3044 1470 3100 illa
1517 3053 1640 3099 sunt
1671 3045 1906 3100 maxime
1939 3045 1992 3100 in
2037 3055 2299 3126 “dictum
2329 3062 2410 3110 εει
2444 3073 2458 3110 ε
2489 3057 2786 3112 Faciamus
2815 3056 3102 3113 hominem
3121 3054 3520 3126 adimagingm
3539 3059 3597 3112 ει
3621 3057 3706 3111 εί.

392 3130 591 3204 quibus
619 3132 688 3189 de
719 3131 898 3205 gratia
942 3132 1042 3188 Dei
1068 3105 1456 3205 loquiturque
1481 3133 1740 3202 justiﬁcat
1769 3134 1986 3205 impios,
2035 3105 3515 3216 cstatuissem}at:gignis;3.25.1;
3527 3105 3706 3200 iis}-

395 3220 501 3276 hoc
533 3227 695 3276 estex
719 3220 898 3292 impiis
920 3219 1044 3277 facit
1057 3222 1256 3291 justos.
1280 3221 1420 3276 Dicit
1451 3222 1596 3277 enim
1617 3222 1734 3294 ipse
1755 3223 1950 3278 Paulus
1974 3241 1987 3278 :

399 3309 493 3368 Ubi
503 3313 700 3365 autem
711 3309 1020 3366 abundavit
1033 3313 1351 3383 peccatum,
1374 3311 1855 3383 superabundavit
1869 3329 1992 3383 gra-

401 3398 482 3454 tia
511 3400 689 3469 (Rom.
725 3398 821 3470 v);
855 3398 1000 3470 quod
1032 3397 1235 3455 indocti
1266 3407 1319 3454 et
1349 3399 1628 3456 instabiles
1659 3415 1766 3455 non
1795 3399 1992 3456 intelli-

397 3494 612 3558 gentes,
663 3487 932 3558 putabant
980 3504 1103 3544 eum
1169 3487 1374 3554 dicere,
1426 3489 1710 3544 Faciamus
1759 3489 1906 3544 mala
1931 3497 1990 3544 ut

393 3574 610 3631 veniant
637 3576 803 3631 bona.
837 3576 992 3632 Absit
1021 3585 1202 3634 autem
1233 3585 1288 3632 ut
1318 3577 1518 3634 Paulus
1546 3593 1675 3634 suos
1713 3579 1993 3634 auditores

394 3664 757 3734 promerenda
799 3664 938 3720 bona
977 3665 1170 3722 doceat
1198 3664 1382 3722 facere
1409 3668 1573 3732 mala,
1625 3667 1780 3736 cujus
1818 3667 1994 3722 omnis

393 3751 620 3808 intentio
677 3760 761 3809 est
804 3769 838 3808 a
884 3753 1043 3808 malis
1091 3769 1370 3822 coercere,
1421 3763 1473 3810 et
1510 3755 1579 3809 ad
1609 3755 1755 3810 bona
1783 3755 1995 3826 agenda

391 3856 745 3914 quoscunque
775 3848 956 3910 potest
998 3842 1288 3897 advocare.
1341 3842 1451 3898 Sed
1495 3857 1620 3898 cum
1665 3841 1793 3898 dicit
1841 3861 1855 3897 :
1902 3844 1997 3901 Ubi

393 3933 590 3985 autem
609 3929 919 3984 abundavit
935 3933 1258 4001 peccatum,
1281 3930 1768 4002 superabundavit
1783 3933 1992 4002 gratia,

396 4017 600 4072 donum
626 4015 815 4087 gratiae
844 4033 942 4088 per
959 4017 1065 4074 hoc
1087 4017 1462 4074 vehementius
1483 4019 1849 4085 commendat,
1874 4036 1996 4091 quae

315 4089 326 4102 ’
395 4111 450 4160 et
477 4119 676 4177 magna
709 4103 849 4162 solet
895 4105 1178 4161 conversis
1221 4113 1274 4161 et
1315 4106 1530 4162 minora
1561 4107 1832 4164 dimittere
1860 4089 1996 4179 pec-

394 4199 549 4258 cata;
584 4200 635 4247 et
666 4200 868 4264 quanto
899 4193 1020 4265 quis
1047 4195 1256 4262 majora
1280 4202 1406 4250 ante
1437 4195 1846 4251 conversionem
1875 4213 2000 4268 pec-

396 4289 520 4337 cata
548 4281 841 4349 commisit,
867 4290 1014 4338 tanto
1036 4283 1302 4352 majorem
1321 4283 1513 4356 gratia;
1538 4284 1792 4339 donantis
1821 4285 2000 4340 indul-

395 4369 638 4444 gentiam
697 4385 998 4427 conversus
1051 4371 1267 4444 accipit.
1309 4397 1330 4420 »
1405 4372 1638 4442 Quidam
1693 4379 1875 4430 autem
1931 4390 1997 4430 ex

2088 3249 2216 3289 nem
2240 3233 2602 3288 idololatriam
2647 3234 2829 3290 docuit
2855 3235 3044 3290 dicens
3093 3251 3108 3288 :

3159 3234 3334 3291 Eritis
3391 3236 3542 3289 sicut
3613 3233 3705 3290 dii

2093 3322 2252 3391 (Gen.
2304 3327 2406 3387 ιιι).
2455 3323 2524 3377 Et
2563 3323 2692 3394 quia
2738 3323 3054 3379 Mathusalae
3095 3323 3222 3378 anni
3253 3330 3470 3378 aetatem
3497 3321 3700 3377 diluvii

2091 3411 2380 3478 excedunt,
2413 3426 2522 3466 non
2562 3418 2769 3466 tantum
2808 3418 2931 3466 octo
2979 3411 3173 3467 animai
3220 3419 3516 3467 reservata
3561 3419 3704 3466 sunt

2091 3499 2274 3555 dictae.
2313 3499 2381 3554 Et
2400 3499 2667 3554 clamores
2695 3498 3058 3555 Sodomorum
3077 3499 3296 3570 repletis
3312 3499 3427 3568 jam
3445 3499 3693 3570 peccatis

2095 3589 2242 3643 Deus
2271 3588 2518 3654 audiens,
2550 3595 2803 3660 tanquam
2831 3588 3094 3658 ignorans
3122 3588 3438 3652 clamorem,
3468 3589 3700 3644 descen-

2093 3676 2170 3732 dit
2200 3684 2255 3731 ut
2276 3676 2485 3732 videret
2513 3691 2584 3730 an
2613 3677 2775 3747 plena
2805 3685 3009 3731 essent.
3040 3677 3108 3731 Et
3139 3676 3284 3748 quod
3315 3675 3491 3747 Moysi
3519 3675 3705 3746 sepul-

2093 3780 2248 3822 crum
2276 3781 2438 3820 nemo
2469 3764 2673 3833 scierit,
2708 3781 2808 3820 nec
2838 3765 2998 3820 etiam
3031 3765 3356 3836 sepelientes
3385 3763 3702 3835 sepultum;

2095 3861 2149 3911 et
2187 3853 2274 3908 lex
2319 3853 2541 3909 diversa
2589 3853 2691 3908 sibi
2719 3853 2824 3924 ipsi
2853 3853 2923 3909 sit
2951 3854 3144 3918 hostis,
3194 3861 3246 3910 et
3291 3852 3557 3908 Dominus
3585 3869 3704 3908 non

2094 3943 2311 3998 mittere
2340 3941 2574 4012 potuerit
2605 3941 2872 4014 Spiritum.
2893 3950 3160 4011 sanctum,
3220 3943 3290 3997 de
3321 3956 3430 4012 quo
3459 3941 3580 4012 ipse
3607 3957 3708 3996 na-

2096 4039 2184 4086 tus
2211 4030 2440 4101 legatur,
2473 4045 2575 4087 nec
2605 4040 2835 4086 mortem
2863 4031 3046 4104 gladio
3073 4030 3251 4086 usuris
3271 4029 3694 4097 denuntiaverit,

2097 4119 2190 4192 qui
2218 4119 2457 4191 gladium
2498 4135 2754 4190 passurus
2795 4120 2902 4175 emi
2937 4119 3232 4190 praecepit;
3261 4134 3364 4175 nec
3393 4119 3465 4173 ad
3493 4118 3703 4174 inferos

2097 4207 2400 4277 descendit,
2449 4207 2543 4280 qui
2571 4209 2626 4262 in
2656 4207 2911 4279 paradiso
2941 4224 3068 4264 cum
3112 4207 3320 4264 latrone
3347 4207 3604 4273 intravit;
3645 4215 3704 4262 et

2098 4296 2331 4368 apostoli
2362 4296 2705 4367 reperiuntur
2733 4297 2790 4351 in
2818 4296 3063 4362 crimine,
3096 4297 3189 4367 qui
3217 4295 3494 4366 baptizare
3521 4295 3578 4350 in
3608 4310 3705 4351 no-

2098 4384 2244 4440 mine
2274 4384 2468 4450 Patris,
2502 4392 2556 4440 et
2584 4384 2723 4450 Filii,
2753 4393 2805 4439 et
2838 4384 3072 4456 Spiritus
3101 4384 3274 4440 sancti
3297 4384 3456 4454 jussi,
3489 4393 3706 4439 tantum

394 4457 602 4516 θίεάθῐη
659 4459 942 4531 scripturis
1007 4461 1253 4532 quadam
1310 4470 1612 4531 eraserunt:
1673 4462 1742 4518 de
1796 4461 1993 4535 quibus
2022 4465 2152 4528 Din
2194 4473 2324 4527 Jesu
2368 4473 2586 4529 nomine
2617 4473 3028 4544 baptizaverunt
3060 4491 3073 4526 :
3109 4482 3162 4528 et
3192 4474 3261 4528 de
3289 4473 3394 4528 hoc
3423 4473 3567 4544 quod
3609 4473 3701 4526 di-

394 4548 605 4605 revinci
634 4548 916 4614 timebant,
941 4547 1082 4604 sicut
1103 4557 1316 4604 constat
1337 4550 1567 4606 Arianos
1598 4551 1667 4606 de
1695 4550 2000 4624 Evangelia

2101 4569 2244 4618 ctum
2291 4569 2374 4617 est
2405 4577 2417 4616 :
2453 4563 2564 4634 Ego
2592 4565 2737 4618 Deus
2787 4579 2988 4618 creans
3017 4564 3172 4618 mala
3224 4563 3353 4631 (Lsa.
3385 4562 3562 4630 XLV);
3596 4569 3652 4616 et
3684 4581 3702 4616 :

397 4638 630 4694 erasisse
679 4638 826 4710 quod
874 4637 1119 4694 Salvator
1148 4637 1224 4692 ait
1257 4653 1270 4693 ε
1473 4642 1619 4695 Deus
1651 4641 1888 4712 spiritus
1917 4645 2004 4696 est
2105 4652 2254 4706 Fecit
2284 4651 2501 4714 omnia,
2535 4655 2591 4706 et
2615 4667 2739 4706 ecce
2769 4651 2910 4706 bona,
2941 4650 3099 4706 valde
3129 4651 3295 4722 (Gen,
3328 4652 3390 4719 ι),
3429 4649 3500 4703 Et
3529 4649 3703 4704 multa

399 4725 582 4798 (Joan.
618 4725 720 4797 tv),
755 4726 1015 4798 quoniam
1047 4725 1274 4782 credere
1303 4727 1560 4782 nolebant
1589 4727 1736 4800 quod
1765 4728 2000 4798 Spiritus

399 4822 623 4869 sanctus
647 4815 797 4870 Deus
839 4824 983 4871 esset
1029 4815 1395 4886 omnipotens.
1447 4814 1680 4884 Quidam
1725 4815 1885 4870 etiam
1931 4817 2001 4872 de

395 4901 647 4974 Epistola
673 4902 900 4959 Joannis
930 4912 1210 4961 eraserunt
1245 4920 1258 4958 :
1289 4906 1361 4960 Et
1408 4905 1592 4960 omnis
1623 4905 1862 4977 spiritus
1906 4908 2003 4978 qui

400 4991 570 5047 solvit
599 4991 809 5056 Iesum,
844 5009 917 5047 ex
945 4995 1054 5049 Deo
1080 5009 1197 5050 non
1229 4997 1315 5050 est
1343 4993 1395 5063 (I
1417 4995 1578 5049 Joan.
1613 4996 1732 5063 1v);
1764 5009 1833 5049 ne
1863 4994 2004 5050 scili-

401 5086 489 5136 cet
546 5095 647 5151 per
691 5079 1062 5136 auctoritatem
1107 5081 1252 5137 beati
1301 5081 1524 5137 Joannis
1569 5081 1997 5139 revincerentur.

401 5169 558 5226 Unde
585 5166 873 5225 Nestorius
901 5169 1114 5223 nescire
1142 5186 1202 5225 se
1230 5170 1470 5241 prodidit
1499 5171 1642 5226 hanc
1676 5171 2001 5228 authenticis

406 5257 812 5330 exemplaribus
838 5255 1065 5310 inditam
1094 5256 1264 5313 fuisse
1293 5259 1640 5328 sententiam,
1689 5268 1849 5332 atque
1877 5260 2001 5316 ideo

404 5345 617 5402 solvere
646 5363 755 5402 non
796 5345 970 5400 timuit
1002 5345 1210 5412 Jesum,
1249 5346 1438 5403 dicens
1476 5349 1690 5404 beatam
1733 5348 2002 5422 virginem

404 5441 634 5497 Mariam
681 5459 792 5498 non
839 5443 960 5512 Dei,
993 5443 1092 5499 sed
1119 5441 1355 5499 hominis
1403 5452 1608 5502 tantum
1657 5447 1997 5520 genitricem,

403 5545 464 5596 ut
489 5537 650 5594 aliam
679 5554 968 5610 personam
998 5539 1253 5611 hominis,
1303 5539 1464 5597 aliam
1507 5542 1714 5600 faceret
1741 5543 1953 5601 deitatis
1987 5563 2000 5600 :

2101 4747 2224 4794 sunt
2244 4738 2349 4793 alia
2381 4755 2501 4810 quas
2529 4738 2755 4812 longum
2799 4748 2853 4794 et
2888 4755 2996 4794 non
3026 4739 3396 4795 necessarium
3429 4745 3511 4794 est
3539 4739 3706 4794 nobis

2101 4828 2266 4882 modo
2309 4827 2688 4898 adnumerare,
2737 4828 2805 4883 de
2854 4828 3050 4900 quibus
3096 4827 3492 4898 sapientissime
3536 4835 3705 4900 atque

2103 4915 2446 4972 sanctissime
2491 4915 2652 4972 dictis
2698 4915 2890 4971 insulsi
2950 4925 3004 4972 et
3049 4912 3299 4971 Scelerati
3353 4917 3704 4974 tenebrosis-

2103 5005 2240 5060 sime
2269 5004 2626 5076 perditionem
2655 5019 2810 5060 suam
2840 5005 3249 5061 adinvenerunt.

2699 5151 2924 5208 CAPUT
2960 5150 3113 5205 XIX.

2109 5260 2258 5330 Quod
2297 5261 2360 5315 in
2398 5263 2740 5318 sanctarum
2780 5259 3158 5316 traditionum
3186 5260 3511 5316 sanctiones
3548 5261 3706 5315 male

2511 5349 2901 5420 intelligentes
2941 5349 3281 5404 erraverint.

2173 5453 2242 5509 Et
2269 5453 2413 5526 quia,
2449 5463 2505 5509 ut
2533 5453 2746 5510 Hilarus
2777 5469 2921 5526 papa
2947 5454 3097 5511 dicit.
3131 5454 3256 5510 Non
3283 5453 3468 5510 minus
3498 5455 3554 5510 in
3583 5469 3710 5510 san-

2105 5549 2311 5600 ctarum
2369 5542 2716 5600 traditionum
2774 5543 3084 5602 sanctiones
3127 5541 3479 5617 delinquitur,
3535 5559 3708 5620 quam
