4004 6176
237 268 342 325 353

885 266 1129 324 OPUSC.
1179 268 1269 322 ET
1323 264 1545 322 EPIST.
1606 263 1681 320 IN
1724 260 1956 319 CAUSA
2016 264 2363 325 HINCMARI
2416 269 2727 327 LAUDUN.

3442 275 3547 329 354

239 394 296 449 in
319 392 492 464 ipsius
508 391 727 447 Domini
748 391 1003 461 injuriam
1031 392 1327 464 prosilitur,
1360 392 1429 446 de
1466 387 1850 446 ecclesiasticis
1878 386 1935 447 A
1956 390 2058 446 ctis
2086 390 2325 448 alienum
2355 393 2693 461 doctoribus,
2726 386 2819 466 qui
2847 393 2963 450 sive
2993 393 3196 464 verbis,
3221 393 3337 451 sive
3365 409 3554 451 exem-

244 483 452 555 regulis
483 482 709 553 quidam
737 489 1084 553 sumpserunt
1117 481 1404 547 scandala,
1439 488 1490 535 et
1520 480 1756 534 haereses
1784 492 1850 532 ac

243 571 541 627 schismata
589 571 995 640 condiderunt,
1062 570 1201 625 sicut
1262 569 1510 625 Meletius
1557 584 1591 623 a
1639 566 1849 638 synodo

243 661 463 734 Egypti
492 660 875 732 episcoporum
891 658 1195 731 depositus,
1228 673 1262 713 a
1289 674 1397 729 quo
1427 655 1700 713 Meletiani
1728 662 1851 710 sunt

244 749 393 815 dicti,
428 749 523 821 qui
552 749 623 803 ab
654 764 722 804 eo
752 755 877 820 post
905 747 1299 819 depositionem
1331 762 1487 801 suam
1517 745 1734 800 fuerunt
1754 759 1851 799 or-

244 836 437 904 dinati,
470 852 610 908 quos
634 837 857 893 Nicaeus
886 836 1126 908 synodus
1159 836 1262 890 sub
1290 834 1601 891 conditione
1629 833 1684 888 in
1714 848 1849 905 gra-

243 924 403 980 dibus
435 926 549 980 suis
579 926 826 996 recepit,
878 940 944 980 ea
989 924 1316 981 necessitate
1341 968 1353 990 ,
1387 940 1456 979 ne
1486 938 1611 979 cum
1639 920 1855 977 Arianis

246 1030 369 1071 cum
437 1014 637 1085 quibus
692 1013 868 1083 juncti
934 1012 1148 1069 fuerant
1209 1020 1556 1068 remanentes
1592 1052 1607 1080 ,
1675 1010 1853 1066 acrius

246 1102 556 1159 Ecclesiam
588 1100 911 1158 catholicam
956 1101 1360 1173 impugnarent.
1415 1101 1523 1156 Sed
1568 1107 1621 1155 et
1663 1099 1853 1154 Nova-

245 1191 420 1247 tianos
450 1208 606 1263 aeque
637 1191 737 1246 sub
767 1190 1078 1247 conditione
1109 1191 1351 1261 synodus
1387 1188 1651 1261 praedicta
1698 1202 1855 1244 rece-

245 1280 338 1352 pit.
372 1282 505 1336 Haac
534 1280 681 1335 enim
713 1280 939 1335 haeresis
969 1295 1002 1334 a
1031 1280 1240 1335 Novato
1282 1279 1608 1350 presbytero
1651 1278 1856 1333 Roma-

246 1385 328 1424 na:
356 1376 489 1424 tunc
518 1367 787 1424 Ecclesia:
810 1410 825 1434 ,
872 1376 1066 1439 postea
1108 1376 1287 1423 autem
1336 1374 1531 1423 contra
1574 1364 1797 1438 regulas
1826 1379 1860 1418 a

247 1456 596 1513 consortibus
626 1456 739 1511 suis
768 1454 913 1511 facto
940 1456 1200 1527 episcopo
1226 1504 1238 1522 ,
1273 1454 1503 1526 sumpsit
1550 1452 1856 1510 exordium.

249 1544 350 1614 Qui
378 1546 628 1601 Novatus
658 1561 717 1599 se
748 1544 818 1598 ab
862 1544 1127 1600 Ecclesia:
1169 1544 1430 1601 Romanae
1477 1541 1860 1599 communione

249 1634 557 1705 suspendit,
591 1633 850 1705 quoniam
886 1633 1172 1688 Cornelius
1203 1632 1495 1703 episcopus
1520 1630 1734 1696 fideles,
1768 1628 1861 1701 qui

1946 479 2071 550 plis,
2107 480 2220 537 sive
2251 482 2411 537 etiam
2441 482 2659 554 scriptis
2683 528 2696 549 ,
2749 482 2894 538 viam
2943 482 3067 539 vita:
3108 482 3427 539 mortalibus
3454 497 3556 553 pro

1948 576 2253 638 temporum
2312 571 2576 627 varietate
2624 572 3156 628 demonstraverunt.
3222 572 3380 626 Unde
3425 578 3553 626 sunt

1947 656 2105 727 plura
2132 674 2242 714 non
2270 660 2446 716 solum
2477 660 2533 715 in
2560 661 2862 716 canonibus
2893 668 3055 731 atque
3092 660 3148 715 in
3183 661 3553 715 Romanorum

1951 744 2272 815 pontiﬁcum
2318 748 2587 818 decretis,
2618 749 2716 804 sed
2747 749 2885 804 etin
2916 748 3127 803 Veteris
3172 763 3237 803 ac
3283 748 3425 804 Novi
3453 748 3557 803 Te-

1953 835 2203 891 stamenti
2234 837 2436 893 sanctis
2464 837 2775 908 Scripturis,
2811 837 3008 893 eodem
3042 836 3243 908 Spiritu
3275 835 3558 907 inspiratis

1953 938 2063 995 quo
2092 931 2145 979 et
2174 925 2319 979 sacri
2347 925 2676 998 promulgati
2702 934 2826 980 sunt
2856 941 3097 982 canones
3122 968 3136 993 ,
3169 940 3290 996 quae
3336 925 3558 996 quidem

1954 1011 2095 1068 inter
2123 1029 2183 1069 se
2214 1015 2492 1070 contraria
2521 1030 2643 1070 esse
2673 1016 2943 1083 videntur,
2967 1023 3019 1071 et
3047 1031 3158 1070 non
3190 1014 3407 1069 sibimet
3434 1020 3563 1070 sunt

1954 1101 2230 1157 contraria
2250 1145 2266 1168 ,
2302 1103 2400 1157 sed
2444 1118 2542 1173 pro
2573 1111 2876 1174 temporum
2907 1111 2960 1158 et
2990 1119 3175 1159 rerum
3204 1117 3271 1159 ac
3299 1102 3562 1175 qualitate

1955 1206 2243 1246 causarum
2298 1190 2562 1262 disposita
2610 1192 2698 1247 vel
2741 1192 3116 1263 disponenda;
3182 1200 3239 1247 ut
3301 1190 3560 1248 Salomon

1956 1280 2283 1349 conjunctim
2312 1280 2445 1337 dicit
2476 1298 2490 1334 :
2521 1281 2598 1336 Ne
2626 1282 2963 1353 respondeas
2987 1282 3163 1336 stulto
3168 1284 3345 1352 juxta
3359 1280 3561 1336 stulti-

1960 1370 2102 1423 tiam
2122 1385 2286 1424 suam
2308 1370 2492 1439 (Prov.
2516 1370 2709 1440 xxvr);
2741 1377 2795 1423 et
2826 1386 2840 1423 :
2876 1369 3158 1441 Responde
3185 1370 3360 1425 stulto
3382 1371 3561 1441 juxta

1960 1458 2276 1512 stultitiam
2305 1474 2470 1513 suam
2487 1459 2641 1526 (ibid.
2643 1459 2691 1528 );
2716 1465 2770 1513 et
2791 1457 3056 1512 Dominus
3085 1472 3181 1527 per
3200 1457 3556 1528 praphetam:

1960 1545 2095 1601 Nolo
2124 1550 2364 1603 mortem
2393 1548 2705 1616 peccatoris
2735 1545 2957 1615 (Ezech.
2994 1546 3227 1615 xxxm);
3254 1552 3308 1599 et
3336 1545 3405 1599 de
3443 1543 3565 1599 Heli

1960 1631 2086 1688 ﬁliis
2112 1632 2334 1706 legitur,
2363 1636 2496 1707 quia
2522 1651 2637 1691 non
2667 1626 2934 1704 poterant
2958 1638 3182 1705 patrem
3197 1633 3415 1699 audire,
3437 1648 3564 1705 quo-

250 1723 696 1779 sacriticaverant
723 1730 970 1793 tempore
1000 1721 1159 1777 facta:
1186 1720 1586 1792 persecutionis
1611 1734 1645 1774 a
1662 1716 1852 1785 Decio,
1883 1745 1937 1804 Β
1963 1723 2123 1777 niam
2152 1724 2333 1779 voluit
2346 1739 2437 1779 eos
2455 1726 2600 1779 Deus
2621 1723 2872 1780 occidere
2894 1724 2942 1793 (Ι
2963 1725 3090 1794 Reg.
3111 1722 3195 1793 ιι).
3218 1722 3288 1777 Ει
3309 1721 3364 1777 in
3383 1722 3562 1776 Evan-

249 1812 530 1866 immutata
553 1810 773 1867 concilii
801 1810 1127 1882 episcopalis
1170 1809 1519 1865 acerbissima
1563 1806 1851 1872 sententia,

250 1916 407 1973 quam
439 1899 792 1956 Innocentius
822 1899 878 1953 in
907 1899 1144 1955 decretis
1191 1898 1306 1953 suis
1352 1903 1764 1960 commemorat,
1800 1895 1856 1950 in

251 1988 636 2045 communione
666 1994 971 2059 receperat.
1006 1987 1246 2055 Quorum
1290 1986 1496 2041 scilicet
1524 1984 1856 2040 Novatiano-

251 2094 366 2132 rum
398 2077 665 2148 episcopo
711 2076 931 2131 nomine
972 2075 1169 2131 Acesio
1193 2116 1208 2140 ,
1257 2074 1640 2129 Constantinus
1686 2072 1858 2142 impe-

252 2175 396 2222 rator
415 2174 616 2222 vocato
651 2165 722 2220 ad
750 2165 1035 2221 Niczenum
1076 2163 1367 2220 concilium
1388 2206 1403 2229 ,
1436 2170 1489 2217 et
1518 2162 1573 2216 in
1603 2161 1859 2233 dogmate

252 2252 373 2310 ﬁdei
404 2263 459 2309 ct
492 2253 769 2309 Paschalis
799 2252 1103 2308 festivitatis
1133 2250 1524 2318 consentienti,
1558 2249 1655 2304 sed
1686 2247 1860 2320 poeni-

252 2350 425 2398 tentes
451 2342 524 2396 ad
554 2342 929 2414 paenitentiam
960 2341 1206 2412 recipere
1238 2339 1485 2395 renuenti
1510 2382 1522 2404 ,
1566 2338 1862 2409 imperator

252 2431 520 2486 mirabilis
555 2430 689 2485 dixit
720 2448 734 2484 :
775 2450 798 2480 ι
840 2430 886 2485 Ο
916 2430 1100 2495 Acesi,
1131 2444 1274 2500 pone
1304 2427 1531 2493 scalam,
1568 2434 1621 2481 et
1641 2426 1688 2480 si
1706 2433 1865 2497 potes

252 2520 487 2575 ascende
516 2519 669 2576 solus
697 2519 755 2573 in
785 2518 982 2574 caelum
1012 2518 1131 2590 (lib.
1157 2532 1218 2584 ll,
1240 2519 1382 2573 Hist.
1419 2518 1578 2587 trip.,
1612 2532 1661 2570 c.
1696 2514 1804 2583 13).
1835 2534 1858 2564 ι

254 2608 330 2663 Ex
377 2624 488 2680 qua
538 2606 1003 2663 condescensione
1048 2606 1190 2662 circa
1234 2604 1570 2661 Novatianos
1611 2610 1663 2658 et
1692 2602 1863 2657 Mele-

256 2697 429 2752 tianos
460 2712 632 2752 causa
662 2694 1003 2751 necessitatis
1031 2693 1408 2765 proveniente,
1443 2708 1567 2747 cum
1596 2690 1694 2758 illi,
1728 2705 1865 2762 quos

255 2794 376 2840 ante
424 2785 836 2839 damnationem
884 2799 1041 2839 suam
1081 2784 1327 2838 Bonosus
1372 2780 1757 2847 ordinaverat,
1809 2778 1867 2833 in

256 2873 524 2947 gradibus
555 2873 764 2943 recepti
796 2872 1027 2939 fuerint,
1062 2871 1225 2926 etiam
1253 2887 1349 2926 eos
1378 2869 1471 2941 qui
1520 2884 1553 2923 a
1599 2867 1867 2924 catholica

260 2963 323 3017 ad
354 2962 620 3018 haeresim
651 2961 1000 3029 transierunt,
1035 2967 1086 3015 et
1113 2976 1145 3014 a
1172 2961 1388 3015 Bonoso
1416 2958 1674 3014 damnato
1714 2954 1867 3012 ordi-

263 3052 369 3106 nati
400 3051 646 3117 fuerunt,
669 3050 887 3105 Anisius
906 3049 1122 3121 quidam
1152 3064 1274 3105 cum
1305 3047 1417 3102 suis
1445 3046 1672 3119 collegis
1692 3045 1863 3116 recipi

1958 1810 2104 1882 gelio
2129 1828 2141 1864 :
2165 1812 2348 1866 Bonus
2369 1812 2528 1867 homo
2548 1811 2615 1867 de
2636 1812 2772 1868 bono
2796 1812 3057 1867 thesauro
3093 1810 3273 1867 cordis
3308 1810 3402 1865 sui
3433 1825 3561 1880 pro-

1954 1902 2071 1968 fert
2100 1900 2240 1955 bona
2260 1900 2480 1967 (Matth.
2516 1899 2621 1968 xu)
2648 1920 2666 1966 ,-
2695 1905 2748 1954 et
2777 1915 2789 1954 :
2823 1900 2992 1954 Nemo
3022 1899 3217 1967 bonus,
3256 1899 3376 1953 nisi
3405 1899 3560 1954 solus

1955 1990 2102 2044 Deus
2130 1989 2281 2057 (Luc.
2308 1987 2492 2058 xvm).
2528 1988 2599 2041 Et
2651 1989 2808 2044 Venit
2834 1987 2991 2055 ﬁlius
3020 1987 3268 2043 hominis
3309 2002 3559 2059 qucerere

1958 2079 2015 2132 et
2042 2077 2259 2132 salvere
2279 2076 2423 2148 quod
2452 2076 2708 2146 perierat
2736 2076 2891 2145 (Luc.
2933 2074 3079 2144 xxx),
3112 2074 3206 2146 qui
3234 2073 3365 2129 dicit
3396 2091 3409 2128 :
3442 2074 3564 2130 Non

1957 2182 2087 2221 sum
2112 2165 2322 2220 missus
2339 2165 2455 2219 nisi
2476 2164 2548 2219 ad
2568 2180 2691 2221 oves
2710 2180 2831 2235 quae
2852 2165 3149 2234 perierunt
3170 2164 3366 2218 domus
3385 2162 3567 2219 Israel

1959 2254 2178 2325 (Matth.
2221 2252 2343 2324 xv).
2376 2253 2445 2307 Et
2473 2252 2603 2307 item
2632 2251 2912 2323 discipulis
2939 2250 3070 2307 dicit
3101 2267 3115 2305 :
3150 2253 3215 2307 In
3244 2252 3394 2307 viam
3422 2266 3562 2323 gen-

1963 2343 2111 2398 tium
2152 2357 2225 2398 ne
2262 2341 2516 2397 abieritis
2552 2341 2776 2411 (Matth.
2806 2341 2889 2407 x);
2921 2339 3158 2412 itemque
3191 2356 3207 2393 :
3246 2340 3347 2407 Ite,
3377 2339 3567 2396 docete

1961 2446 2153 2487 omnes
2197 2433 2390 2501 gentes
2427 2430 2648 2499 (Matth.
2681 2429 2913 2500 xxvm.)
2941 2428 3011 2483 Et
3042 2444 3057 2482 :
3091 2430 3238 2484 Deus
3276 2429 3566 2484 neminem

1964 2522 2153 2575 tentat
2183 2518 2389 2588 (Jacob.
2414 2519 2475 2587 1);
2508 2526 2563 2573 et
2594 2534 2609 2573 :
2649 2520 2848 2574 Tentat
2878 2534 2969 2574 vos
3001 2519 3273 2573 Dominus
3292 2519 3441 2573 Deus
3477 2532 3570 2572 ve-

1963 2612 2083 2663 ster
2105 2607 2291 2677 (Deut.
2324 2608 2385 2676 1).
2416 2608 2487 2662 Et
2514 2606 2713 2662 Paulus
2769 2622 2783 2659 :
2824 2607 2886 2662 Si
2913 2606 3230 2663 hominibus
3258 2607 3563 2675 placerem.

1968 2696 2179 2752 Christi
2206 2711 2400 2750 servus
2428 2711 2545 2751 non
2577 2710 2757 2751 essem
2784 2694 2931 2763 (Gal.
2965 2694 3040 2765 1);
3072 2693 3311 2765 itemque
3353 2710 3367 2746 :
3406 2693 3568 2749 Sicut

1964 2800 2058 2855 ego
2087 2799 2187 2854 per
2216 2785 2409 2839 omnia
2438 2783 2697 2839 omnibus
2725 2772 2918 2853 placeo
2948 2782 2999 2854 (ι
3028 2783 3149 2839 Cor.
3174 2784 3258 2852 χ).
3289 2781 3358 2835 Et
3386 2780 3516 2836 item
3548 2796 3563 2834 :

1968 2871 2235 2942 Optabam
2248 2871 2556 2928 anathema
2579 2887 2697 2927 esse
2719 2888 2755 2926 a
2780 2872 3000 2927 Christo
3017 2887 3119 2943 pro
3134 2870 3567 2941 fratribusmeis

1965 2965 2279 3016 secundum
2306 2976 2540 3016 carnem
2568 2960 2745 3031 (Rom.
2766 2960 2871 3029 1x);
2903 2966 2957 3015 et
2982 2959 3112 3014 item
3138 2976 3153 3012 :
3186 2957 3319 3026 Quis
3340 2974 3443 3015 nos
3470 2972 3560 3014 se-

1966 3050 2189 3120 parabit
2217 3066 2251 3104 a
2281 3049 2565 3105 charitate
2597 3049 2823 3114 Christi,
2850 3055 2904 3104 et
2930 3047 3138 3119 reliqua
3171 3063 3185 3102 :
3214 3047 3392 3112 (Rom.
3422 3045 3567 3118 vm).

260 3137 312 3192 in
358 3138 649 3194 ordinibus
694 3137 807 3193 suis
853 3097 1054 3193 debere
1106 3136 1379 3203 decrevit,
1413 3151 1481 3190 ne
1512 3097 1635 3190 cur;
1666 3097 1861 3190 eodem
1891 3097 1941 3161 Ο
1967 3097 2107 3206 διῄει
2134 3139 2370 3208 spiritus
2397 3097 3241 3207 unicusetmul’tiplex,s1tabilis
3254 3140 3309 3192 et
3323 3097 3565 3203 mobilis,

256 3227 471 3283 Bonoso
504 3234 875 3291 remanerent,
895 3241 962 3282 ac
989 3241 1098 3282 non
1118 3225 1397 3280 mediocre
1429 3223 1745 3279 scandalum
1764 3224 1864 3278 Ec-

257 3315 440 3371 clesiae
488 3315 772 3371 catholicae
819 3313 1007 3381 fieret,
1056 3314 1202 3385 quod
1248 3320 1469 3369 sanctus
1516 3311 1863 3368 Innocentius

261 3403 509 3460 dissolvit
538 3410 594 3459 et
620 3402 839 3474 repulit.
872 3404 939 3458 Et
971 3402 1098 3473 quia
1142 3401 1286 3456 idem
1315 3400 1600 3457 concilium
1646 3399 1861 3454 Paulis-

259 3491 426 3547 nistas
468 3491 763 3548 hereticos
808 3491 878 3547 ad
924 3490 1228 3547 Ecclesiam
1274 3490 1556 3546 venientes
1604 3488 1864 3559 baptizari

259 3580 544 3652 praecepit,
578 3580 802 3651 quidam
833 3580 996 3635 etiam
1028 3580 1164 3634 alios
1194 3578 1481 3635 haereticos
1510 3577 1865 3648 baptizandos

261 3685 380 3725 esse
412 3669 712 3739 dixerunt,
748 3668 894 3740 quod
930 3668 1230 3740 apostolica
1276 3666 1435 3722 sedes
1460 3708 1474 3733 ,
1522 3674 1575 3720 et
1620 3665 1867 3736 plenaria

261 3759 489 3815 concilia
527 3757 693 3828 (sicut
722 3758 947 3814 decreta
974 3758 1341 3813 Romanorum
1361 3754 1676 3827 pontiﬁcum
1702 3768 1867 3810 mon-

263 3854 432 3902 strant
455 3887 471 3916 ,
525 3854 581 3901 et
624 3854 843 3903 sanctus
890 3845 1228 3919 Augustinus
1290 3844 1475 3900 verbis
1522 3851 1577 3899 et
1617 3843 1868 3900 sensibus

263 3935 498 4006 cepiosis
529 3933 688 3989 libris
721 3934 1003 4006 ostendit),
1035 3934 1251 4005 penitus
1288 3932 1635 3988 abdicarunt.
1676 3932 1785 3988 Sed
1816 3939 1871 3987 et

262 4023 364 4078 alia
392 4024 527 4080 hinc
551 4023 825 4080 devocare
853 4023 909 4079 in
935 4023 1176 4078 medium
1201 4030 1471 4095 poteram,
1505 4022 1611 4078 nisi
1637 4020 1869 4094 prolixi-

263 4119 424 4168 tatem
455 4111 715 4169 vitarem.

873 4231 1097 4289 CAPUT
1135 4232 1262 4288 XX.

273 4348 416 4417 Quod
446 4351 512 4404 in
544 4348 798 4420 antiquis
840 4348 1092 4420 epistolis
1141 4347 1286 4403 sedis
1330 4347 1684 4420 apostolicae,
1723 4347 1872 4401 sicut

330 4421 393 4501 i_n
426 4418 961 4501 legibus_,'qucedam
987 4422 1113 4501 post
1139 4418 1517 4501 abrogata-pel
1561 4419 1869 4501 immutata

331 4488 580 4560 fuerint.
634 4488 853 4560 [Μίδεω
900 4488 1121 4560 synodis
1149 4488 1523 4560 generalibus,
1554 4492 1609 4543 et
1640 4488 1707 4543 de
1738 4504 1867 4560 sep-

337 4563 481 4615 tima
508 4560 663 4632 apud
709 4559 954 4624 Graecos,
998 4559 1169 4632 deque
1212 4559 1420 4631 synodo
1453 4559 1755 4625 Francica,
1803 4559 1871 4614 et

334 4632 591 4703 epistolis
621 4632 762 4685 Julii
784 4647 945 4702 papae
974 4646 1040 4685 ac
1071 4632 1296 4686 Felicis.

336 4727 423 4782 Ne
468 4726 640 4798 igitur
681 4740 848 4782 causa
892 4724 1203 4783 indiscrete
1247 4726 1618 4798 intelligentiae
1643 4769 1657 4794 ,
1689 4725 1758 4782 de
1787 4726 1873 4782 his

268 4832 389 4887 quin
444 4815 723 4888 collegisti
789 4816 857 4870 ad
917 4824 1064 4870 tuam
1126 4816 1475 4871 intentionem
1524 4815 1869 4882 ﬁrmandam,

270 4904 588 4960 scandalum
609 4920 812 4975 sumas,
836 4904 1273 4961 animadvertere
1289 4904 1480 4975 debes,
1505 4905 1634 4977 quia
1652 4904 1790 4961 sicut
1804 4905 1874 4960 de

268 4993 627 5048 sacramentis
653 4993 903 5049 humanae
934 4992 1125 5049 salutis
1145 5035 1158 5060 ,
1190 5010 1312 5065 quae
1342 4994 1408 5047 ab
1437 4994 1660 5049 exordio
1687 4993 1875 5049 mundi

269 5097 445 5153 usque
469 5082 539 5137 ad
568 5082 866 5137 adventum
897 5082 1120 5138 Domini
1139 5082 1433 5138 Salvatoris
1451 5099 1553 5154 pro
1567 5091 1875 5154 temporum

264 5170 523 5225 varietate
572 5170 796 5226 diversa
821 5214 833 5237 ,
885 5170 957 5224 ad
1010 5170 1271 5226 unitatem
1313 5179 1495 5227 tamen
1539 5171 1700 5226 unius
1747 5170 1875 5227 ﬁdei

267 5259 609 5315 recurrentis
638 5259 992 5326 exstiterunt,
1043 5259 1290 5330 quaedam
1328 5259 1643 5331 spiritaliter
1670 5259 1874 5317 intelli-

271 5348 455 5418 genda
483 5356 610 5403 sunt
642 5348 860 5419 tradita,
894 5347 1142 5419 quaedam
1173 5364 1305 5405 vero
1330 5348 1629 5416 immutata,
1654 5356 1706 5405 et
1734 5365 1875 5421 quat-

269 5434 390 5490 dam
433 5437 654 5507 penitus
684 5436 919 5504 abolita,
953 5437 1201 5508 quaedam
1244 5436 1409 5493 etiam
1456 5445 1774 5509 permanent
1818 5446 1875 5493 ut

268 5521 423 5581 fuere
461 5525 687 5583 decreta
719 5542 733 5579 :
765 5526 839 5582 ita
866 5524 1073 5582 nullum
1102 5525 1202 5583 fuit
1228 5532 1442 5599 tempus
1470 5527 1656 5585 seculi
1682 5542 1714 5583 a
1742 5543 1874 5585 san»

1960 3234 2019 3282 ut
2062 3227 2117 3283 in
2159 3225 2297 3281 libro
2345 3226 2637 3297 Sapientiae
2683 3226 2946 3297 scriptum
2994 3232 3078 3279 est
3127 3225 3273 3294 (cap.
3308 3224 3429 3293 vn),
3460 3238 3563 3293 per

1962 3330 2234 3387 organum
2262 3314 2499 3370 hominis
2529 3314 2633 3369 sibi
2653 3313 3021 3369 arctissimum
3040 3328 3150 3367 non
3173 3311 3334 3367 simul
3354 3319 3408 3366 et
3425 3311 3568 3367 inse-

1959 3403 2069 3459 mel
2096 3403 2275 3459 omnia
2300 3402 2511 3474 profert
2546 3420 2560 3456 :
2595 3410 2647 3458 et
2675 3403 2838 3457 etiam
2866 3400 3001 3471 ipsis
3031 3400 3233 3456 sanctis
3254 3399 3560 3470 discipulis,

1962 3492 2090 3563 quia
2118 3506 2280 3546 nemo
2308 3490 2589 3547 hominum
2617 3505 2789 3561 purus
2817 3496 3043 3561 repente
3076 3487 3135 3543 ﬁt
3163 3503 3406 3544 summus
3425 3529 3440 3557 ,
3473 3487 3568 3559 qui

1962 3580 2301 3636 incessanter
2327 3578 2511 3634 divino
2540 3578 2891 3634 adhaerebant
2909 3577 3244 3648 magisterio,
3267 3592 3369 3648 per
3383 3576 3564 3632 incre-

1963 3675 2145 3723 menta
2190 3675 2498 3738 temporum
2540 3666 2677 3723 ﬁdes
2723 3674 2776 3722 et
2818 3665 3044 3722 scientia
3071 3673 3155 3721 est
3181 3663 3442 3731 adaucia;
3475 3665 3570 3736 qui

1966 3765 2020 3812 et
2046 3756 2327 3813 dixerunt:
2347 3757 2601 3822 Domine,
2624 3756 2837 3828 adauge
2857 3755 3013 3813 nobis
3032 3755 3201 3824 ﬁdem
3216 3753 3370 3825 (Luc.
3395 3753 3564 3825 xvn);

1968 3854 2022 3902 et
2052 3844 2314 3902 Dominus
2343 3844 2508 3915 ipsis:
2532 3844 2747 3910 Adhuc,
2772 3843 2963 3916 inquit,
2995 3844 3182 3899 multa
3210 3842 3377 3898 habeo
3416 3842 3565 3898 vobis

1972 3935 2175 4001 dicere,
2201 3951 2323 4007 quae
2351 3950 2467 3990 non
2495 3935 2730 4004 potestis
2760 3937 2985 4003 portare
3004 3932 3201 3999 modo;
3223 3948 3354 3988 cum
3373 3934 3568 3987 autem

1968 4025 2189 4080 venerit
2218 4024 2317 4079 ille
2348 4023 2593 4093 Spiritus
2622 4023 2912 4087 veritatis,
2945 4021 3158 4078 docebit
3202 4036 3295 4077 vos
3342 4035 3568 4076 omnem

1970 4113 2271 4168 veritatem
2299 4111 2489 4182 (Joan.
2526 4111 2669 4183 xvr).

2045 4201 2155 4257 Sed
2185 4208 2237 4257 et
2265 4208 2390 4273 post
2417 4200 2599 4273 legem
2628 4207 2838 4256 naturae
2866 4199 2995 4256 data
3024 4206 3109 4255 est
3136 4198 3226 4254 lex
3255 4198 3450 4255 litterae
3464 4213 3570 4269 po-

1971 4289 2085 4361 puli
2115 4304 2428 4362 congruens
2447 4288 2677 4355 duritiaa,
2710 4304 2832 4359 quae
2851 4296 3074 4359 propter
3097 4284 3573 4359 transgressiones

1972 4377 2150 4450 posita
2178 4385 2288 4444 est;
2323 4393 2489 4449 quam
2517 4378 2605 4433 lex
2634 4376 2957 4446 Evangelii,
3005 4384 3254 4446 tempore
3300 4373 3574 4445 posterior

1898 4455 1952 4515 D
1975 4467 2072 4523 sed
2102 4466 2271 4539 gratia
2296 4466 2468 4537 prior,
2501 4472 2582 4521 est
2610 4465 2921 4533 subsecuta,
2955 4479 3075 4535 quae
3111 4479 3213 4535 per
3238 4462 3574 4518 incrementa

1973 4565 2279 4627 temporum
2306 4556 2375 4610 ab
2404 4552 2668 4626 apostolis
2696 4568 2997 4626 eorumque
3028 4550 3440 4609 successoribus
3488 4558 3574 4606 est

1970 4651 2294 4717 propagata.
2326 4644 2469 4699 Nam
2496 4643 2637 4700 sicut
2666 4643 2721 4699 in
2752 4642 2972 4698 Actibus
3014 4641 3380 4713 apostolorum
3425 4638 3570 4712 legi-

1972 4749 2096 4788 mus
2125 4734 2271 4804 (cap.
2306 4734 2429 4803 xv),
2462 4733 2698 4804 primum
2726 4732 3013 4788 credentes
3042 4730 3111 4785 de
3140 4727 3575 4796 circumcisione,

1975 4822 2053 4878 sic
2082 4822 2370 4893 Evangelii
2396 4830 2735 4878 sacramenta
2765 4819 3152 4891 suscipiebant,
3170 4826 3229 4873 ut
3248 4834 3282 4873 a
3309 4816 3578 4891 legalibus

1975 4912 2319 4969 caeremoniis
2346 4927 2457 4969 non
2488 4911 2871 4975 discederent;
2907 4916 2960 4963 et
2989 4907 3288 4980 quaestione
3316 4905 3455 4963 facta
3509 4906 3579 4962 de

1976 5001 2265 5073 gestilibus
2287 5044 2300 5069 ,
2334 5000 2381 5055 si
2410 5000 2695 5056 credentes
2724 4998 2864 5071 legis
2895 4995 3252 5054 caeremonias
3279 4996 3578 5053 observare

1973 5089 2260 5158 deberent,
2292 5089 2390 5144 tria
2419 5096 2628 5144 tantum
2676 5086 2913 5158 capitula
2957 5086 3027 5141 ab
3074 5085 3335 5158 apostolis
3384 5098 3578 5139 susce-

1972 5194 2107 5251 pere
2136 5178 2423 5235 servanda.
2456 5177 2667 5234 Deinde
2713 5176 3027 5248 apostolicae
3075 5176 3222 5232 sedis
3269 5172 3574 5246 pontiﬁces,

1976 5276 2100 5324 ante
2131 5266 2569 5324 constitutionem
2600 5280 2886 5323 sacrorum
2915 5265 3269 5322 conciliorum
3292 5304 3308 5333 ,
3340 5261 3443 5319 etsi
3469 5275 3581 5317 non

1974 5355 2083 5412 ﬁde
2112 5356 2216 5411 sibi
2244 5356 2498 5423 adversa,
2530 5364 2712 5412 tamen
2742 5356 2884 5427 stylo
2910 5355 3130 5411 diverso
3155 5397 3168 5421 ,
3220 5353 3278 5409 in
3316 5352 3429 5409 suis
3456 5350 3580 5423 epi-

1975 5444 2129 5501 stolis
2158 5444 2228 5500 ad
2256 5444 2507 5502 diversos
2534 5461 2637 5518 pro
2672 5444 2904 5501 diversis
2952 5442 3131 5500 causis
3174 5441 3579 5515 emergentibus

1974 5534 2116 5591 datis
2134 5578 2149 5607 ,
2180 5535 2250 5593 de
2277 5534 2552 5608 episcopis
2597 5543 2836 5594 statuere
2872 5532 3078 5605 judicia
3101 5573 3116 5603 ,
3164 5531 3577 5590 considerantes
