4004 6176
434 224 542 303 355

1327 222 1670 280 HINCMARI
1706 216 2108 280 RHEMENSIS
2136 221 2687 280 ARCHIEPISCOPI.

3637 229 3743 283 356

437 348 755 423 qualitatem
818 363 1175 420 personarum
1198 388 1213 418 ,
1277 348 1659 405 necessitatem
1708 364 1930 415 rerum,
1982 347 2106 410 etA
2142 347 2346 405 tionem
2370 357 2620 416 aetatum,
2655 357 2748 405 aut
2775 365 2877 420 pro
2906 350 3228 406 necessitate
3271 367 3452 407 rerum
3503 359 3748 423 oporteat

437 437 900 510 opportunitatem
953 446 1279 509 temporum.
1348 437 1503 492 Unde
1551 445 1602 493 et
1644 437 1937 493 Anacletus
1985 439 2041 495 in

439 526 667 599 epistola
705 526 772 580 ad
814 525 1099 582 universos
1130 525 1416 597 episcopos
1443 525 1500 579 in
1538 525 1692 581 Italia
1722 528 2043 585 constitutos

437 616 569 672 dicit
598 616 791 687 (epist.
822 614 879 685 2)
914 631 927 667 :
962 614 1299 684 Ejectionem
1320 658 1333 681 ,
1383 612 1653 686 inquiens,
1707 632 2041 673 summorum

439 705 787 762 sacerdotum
818 702 921 757 sibi
940 703 1205 758 Dominus
1227 702 1543 769 reservavit,
1576 703 1699 759 licet
1721 703 2044 762 electionem

440 811 633 851 eorum
680 792 839 849 bonis
885 791 1261 848 sacerdotibus
1306 800 1360 848 et
1408 791 1781 863 spiritualibus
1827 795 2045 865 pOpulis

440 882 835 946 concessisset;
874 902 896 931 »
932 897 997 936 ex
1029 896 1139 952 quo
1168 881 1326 936 aliter
1351 881 1407 935 in
1437 882 1769 951 praecedenti
1807 883 2045 953 epistola

440 972 757 1043 scripserat.
800 971 868 1025 Et
900 969 1310 1025 Constantinum
1339 969 1719 1039 imperatorem
1748 969 1803 1024 in
1823 971 2044 1026 Nicazna

440 1061 651 1134 synodo
682 1060 783 1114 tale
831 1058 961 1130 quid
990 1058 1194 1113 dixisse
1223 1058 1512 1129 Tripertita
1540 1066 1726 1113 narrat
1755 1059 1995 1115 Historia
2027 1076 2042 1114 :

438 1152 564 1206 Non
593 1150 663 1206 ob
695 1149 749 1203 id
778 1156 961 1203 tamen
990 1146 1198 1201 dimisit
1229 1147 1531 1203 decernere
1552 1147 1774 1203 Nicaena
1802 1147 2045 1219 synodus

440 1240 594 1311 (can.
624 1237 717 1309 2):
747 1258 769 1287 ι
797 1236 852 1291 Si
884 1234 1026 1307 quis,
1060 1235 1253 1306 inquit,
1288 1243 1488 1306 praeter
1516 1236 1632 1291 haec
1656 1234 1863 1304 fecerit,
1886 1237 2044 1309 quasi

441 1336 633 1385 contra
660 1341 919 1398 magnum
950 1322 1241 1379 concilium
1273 1339 1331 1379 se
1361 1323 1618 1391 efferens,
1649 1323 1765 1395 ipse
1795 1325 1863 1379 de
1884 1324 2047 1381 cleri-

441 1424 597 1475 catus
623 1416 834 1470 honore
865 1411 1280 1483 periclitabitur.
1326 1432 1349 1461 ι
1383 1412 1442 1466 In
1472 1427 1579 1483 quo
1610 1411 1891 1468 decretum
1920 1429 2046 1469 cum

441 1505 592 1573 dicit,
623 1505 683 1559 Si
713 1504 856 1575 quis,
889 1500 1164 1556 neminem
1191 1508 1302 1555 tam
1330 1500 1399 1556 de
1427 1500 1694 1571 superiori
1724 1517 1889 1572 quam
1909 1502 2046 1558 infe-

439 1593 572 1650 riori
599 1591 789 1648 ordine
818 1588 1035 1661 excipit,
1072 1588 1217 1661 quod
1246 1596 1299 1643 et
1328 1588 1383 1643 in
1410 1588 1529 1644 aliis
1560 1588 1841 1646 evidenter
1870 1598 2049 1645 osten-

2140 438 2463 507 temperari,
2495 438 2586 493 illa
2617 455 2835 510 semper
2863 438 3173 495 conditione
3203 447 3421 495 servata
3444 483 3457 507 ,
3492 448 3552 495 ut
3579 441 3634 495 in
3661 441 3748 496 his

2144 543 2265 597 qua:
2294 526 2380 581 vel
2410 526 2571 581 dubia
2601 527 2801 583 fuerint
2828 527 2917 583 vel
2946 527 3202 596 obscura,
3235 528 3288 582 id
3319 529 3633 584 noverimus
3650 546 3743 585 se-

2144 615 2437 686 quendum,
2490 616 2637 687 quod
2682 632 2782 671 nec
2827 616 3118 688 praeceptis
3160 616 3496 689 evangelicis
3528 626 3745 674 contra-

2145 704 2315 770 rium,
2366 719 2469 759 nec
2515 704 2750 760 decretis
2798 712 3112 760 sanctorum
3158 705 3377 760 Patrum
3443 704 3750 761 inveniatur

2145 792 2455 848 adversum.
2511 813 2532 842 ι
2598 791 2748 860 Quas
2791 793 3104 865 singillatim
3152 792 3397 866 singulas
3442 793 3655 849 formas
3696 803 3750 850 et

2145 889 2365 937 sanctus
2412 880 2611 936 Paulus
2658 881 2994 937 demonstrat
3035 882 3105 936 ad
3153 882 3461 938 Corinthios
3511 883 3747 939 dicens:

2144 971 2253 1025 Hoc
2274 973 2465 1026 autem
2488 971 2609 1026 dico
2628 971 2941 1026 secundum
2956 971 3396 1042 indulgentiam,
3417 988 3536 1027 non
3551 988 3750 1028 secun-

2145 1060 2281 1114 dum
2309 1059 2613 1128 imperium
2645 1059 2696 1129 (l
2724 1060 2844 1116 Cor.
2880 1060 3002 1128 vn),
3035 1066 3088 1114 et
3117 1059 3355 1130 reliqua.
3410 1061 3509 1116 His
3555 1065 3751 1116 autem

2146 1149 2242 1219 qui
2271 1148 2635 1204 matrimonio
2647 1148 2842 1219 juncti
2862 1152 3019 1216 sunt,
3052 1149 3313 1218 praecipio
3343 1165 3459 1204 non
3491 1164 3618 1221 ego,
3653 1150 3749 1206 sed

2145 1237 2439 1303 Dominus,
2462 1253 2700 1291 uxorem
2720 1254 2755 1291 a
2776 1237 2894 1291 viro
2921 1253 3037 1290 non
3061 1236 3361 1304 discedere,
3392 1246 3444 1293 et
3467 1237 3756 1309 sequentia

2147 1324 2348 1393 (ibid).
2382 1324 2452 1378 Et
2480 1323 2770 1380 concilium
2799 1323 3112 1380 Africanum
3158 1323 3214 1378 in
3258 1341 3368 1381 uno
3417 1325 3657 1397 capitulo
3685 1325 3754 1382 de

2146 1412 2446 1468 Donatistis
2474 1412 2541 1466 ad
2580 1412 2758 1467 locum
2802 1412 2953 1483 (can.
2986 1412 3077 1483 35)
3111 1430 3124 1467 :
3163 1433 3184 1462 «
3226 1411 3456 1484 Propter
3486 1414 3755 1471 Ecclesia:

2146 1516 2338 1572 pacem
2368 1508 2421 1557 et
2448 1500 2727 1555 utilitatem
2746 1542 2761 1567 ,
2796 1507 2853 1555 ut
2881 1516 2946 1555 ex
2975 1499 3109 1572 ipsis
3140 1501 3471 1568 Donatistis,
3508 1502 3758 1573 quicum-

2150 1605 2255 1660 que
2282 1589 2469 1645 clerici
2499 1598 2744 1646 correcto
2774 1588 3001 1644 consilio
3030 1590 3101 1645 ad
3132 1590 3454 1645 catholicam
3493 1592 3757 1646 unitatem

444 1682 547 1738 dit.
588 1680 697 1736 Sed
728 1686 783 1735 et
809 1678 956 1734 idem
987 1676 1370 1733 Constantinus
1394 1720 1408 1743 ,
1441 1685 1494 1732 et
1522 1686 1647 1748 post
1675 1695 1795 1734 eum
1827 1679 1919 1734 alii
1948 1695 2045 1735 or—
2073 1710 2127 1769 B
2150 1678 2386 1734 transire
2414 1677 2700 1743 voluerint,
2726 1678 3023 1733 secundum
3053 1678 3481 1750 uniuscujusque
3508 1679 3758 1751 episcopi

442 1770 665 1827 thodoxi
702 1769 1080 1839 imperatores,
1115 1765 1269 1838 leges
1295 1766 1365 1821 de
1394 1765 1666 1837 episcopis
1694 1768 2045 1839 promulgare

441 1876 553 1916 non
577 1858 729 1915 fuere
760 1856 1013 1913 cunctati.
1061 1855 1168 1911 Sed
1197 1862 1251 1910 et
1278 1862 1402 1925 post
1431 1856 1752 1911 Anacletum
1774 1898 1789 1923 ,
1824 1857 2048 1928 quidam

442 1956 569 2006 ante
595 1947 878 2004 Nicmnum
909 1943 1216 2013 concilium,
1239 1943 1411 1998 Julius
1430 1951 1614 1999 autem
1640 1952 1692 2000 et
1720 1944 1809 1999 alii
1826 1945 2047 2016 quidam

438 2045 565 2113 post
591 2035 872 2092 Nicmnum
900 2031 1191 2089 concilium
1214 2074 1228 2099 ,
1256 2032 1464 2101 judicia
1494 2033 1879 2104 episcoporum
1923 2042 2047 2089 ante

440 2124 817 2182 diﬂinitionem
861 2122 929 2177 ad
976 2121 1165 2177 sedem
1211 2120 1569 2193 apostolicam
1615 2120 1812 2177 referri
1861 2122 2047 2191 jusse-

440 2222 593 2271 runt.
634 2210 983 2268 Innocentius
1013 2226 1160 2276 vero,
1194 2217 1249 2266 et
1278 2224 1629 2265 successores
1657 2209 1826 2281 ipsius
1847 2251 1861 2277 ,
1892 2218 2048 2281 post-

384 2306 387 2309 ’
442 2318 605 2376 quam
633 2318 666 2357 a
694 2299 869 2357 sacris
896 2298 1161 2369 conciliis,
1211 2305 1265 2353 et
1309 2298 1569 2354 Romana:
1598 2297 1744 2353 sedis
1772 2295 2048 2369 pontiﬁci-

443 2393 566 2458 bus,
597 2390 668 2446 de
697 2388 860 2446 certis
905 2386 1158 2459 capitulis
1205 2386 1521 2457 expressius
1558 2384 1781 2442 fuerunt
1827 2386 2051 2444 decreta

435 2479 644 2551 judicia
664 2521 678 2546 ,
723 2478 794 2534 de
842 2475 1021 2532 dubiis
1064 2474 1152 2532 vel
1196 2474 1445 2531 obscuris
1492 2482 1615 2530 ante
1649 2473 1911 2544 judicium
1933 2517 1948 2542 ,
1980 2475 2049 2532 de

442 2569 607 2627 certis
650 2576 832 2624 autem
875 2574 1038 2637 atque
1083 2563 1318 2619 decretis
1364 2563 1642 2635 (quoniam
1691 2572 1745 2619 et
1784 2564 2049 2621 ecclesia-

443 2658 595 2715 sticae
625 2665 678 2713 et
704 2655 940 2729 publica:
968 2654 1122 2726 leges
1151 2651 1465 2708 confessum
1485 2651 1571 2707 vel
1602 2651 1911 2708 convictum
1932 2652 2050 2708 sine

443 2747 701 2803 dilatione
728 2744 816 2801 vel
845 2740 1231 2799 retractatione
1254 2740 1488 2810 judicari
1532 2740 1895 2813 praecipiunt),
1928 2748 2052 2812 post

444 2834 756 2907 episcopale
770 2831 1057 2903 judicium,
1082 2830 1383 2886 secundum
1407 2830 1766 2886 Sardicenses
1786 2845 2046 2898 canones,

448 2925 554 2979 sub
583 2930 868 2996 gestorum
914 2918 1293 2974 testificatione
1339 2918 1407 2972 ad
1456 2918 1647 2973 sedem
1692 2919 2050 2991 apostolicam

443 3011 636 3067 referri
676 3011 959 3080 jusserunt
1006 3024 1019 3060 :
1068 3021 1300 3077 quorum
1327 3004 1547 3061 decreta
1574 3006 1629 3060 in
1659 3022 1759 3062 usu
1789 3006 2050 3062 ecclesia-

443 3101 584 3158 stico
627 3097 788 3155 etiam
817 3112 850 3151 a
876 3103 1122 3166 tempore
1169 3094 1438 3164 majorum
1480 3101 1791 3150 nostrorum
1829 3110 2048 3166 praeva-

443 3190 615 3248 luisse
645 3185 1033 3259 comperimus.
1067 3184 1269 3239 Verum
1296 3189 1351 3238 et
1379 3192 1437 3238 ut
1466 3182 1536 3239 de
1562 3182 1778 3256 legibus
1815 3183 2049 3255 publicis

443 3278 694 3352 quaedam
745 3282 868 3331 sunt
914 3272 1212 3344 abrogata,
1268 3272 1519 3345 quaedam
1560 3287 1690 3328 vero
1746 3271 2045 3340 immutata,

441 3367 696 3442 quaedam
714 3365 878 3421 etiam
896 3362 1292 3434 superadjecta,
1315 3360 1390 3415 ita
1411 3360 1764 3416 nihilominus
1796 3361 2049 3433 quadam

443 3458 666 3514 decreta
696 3453 1087 3512 catholicorum
1114 3466 1217 3522 pro
1245 3458 1486 3521 tempore
1529 3456 1584 3505 et
1628 3450 1843 3506 ratione
1888 3458 2048 3522 atque

440 3546 769 3615 necessitate
798 3543 1014 3615 prolata
1038 3584 1052 3607 ,
1087 3540 1185 3596 sed
1214 3547 1406 3610 postea
1436 3539 1706 3612 abrogata
1732 3539 1821 3595 vel
1848 3539 2048 3594 immu-

442 3639 557 3687 tata
586 3630 805 3687 fuerunt
828 3645 842 3682 :
868 3625 1014 3699 quod
1029 3632 1083 3680 et
1102 3623 1450 3680 Innocentius
1468 3624 1805 3679 demonstrat
1823 3623 2011 3679 dicens
2032 3640 2044 3679 :

446 3741 470 3771 α
492 3720 575 3775 De
595 3719 704 3784 his,
730 3715 1002 3789 inquiens,
1021 3711 1330 3769 observatio
1351 3711 1501 3782 prior
1530 3710 1737 3778 durior,
1754 3711 2043 3783 posterior,

442 3806 837 3865 interveniente
868 3799 1263 3866 misericordia,
1294 3799 1602 3855 inclinatior
1629 3808 1731 3866 est,
1771 3821 1793 3850 ι
1830 3807 1883 3854 et
1912 3799 2049 3856 reli-

444 3912 577 3969 qua.
616 3896 686 3950 Et
714 3893 913 3948 Africae
940 3889 1234 3961 provinciae
1263 3903 1500 3944 canones
1530 3887 1598 3942 de
1628 3888 1896 3944 velatione
1930 3888 2048 3945 vir-

443 3984 668 4059 ginum,
717 3989 773 4037 et
809 3978 1089 4050 baptizatis
1133 3977 1375 4049 parvulis
1422 3992 1457 4032 a
1504 3976 1804 4031 Donatistis
1828 4017 1844 4048 ,
1876 3984 1931 4032 et
1979 3978 2048 4034 de

444 4070 807 4137 dioecesibus,
853 4068 1010 4123 aliter
1046 4081 1208 4138 quam
1257 4065 1493 4137 primum
1554 4065 1831 4121 decretum
1887 4064 2051 4122 fuerit

445 4159 794 4216 ditiinierunt.
828 4158 899 4211 Et
928 4162 1149 4211 sanctus
1180 4153 1432 4209 Gelasius
1464 4171 1478 4208 :
1519 4174 1541 4204 «
1578 4154 1800 4221 Priscis,
1851 4153 2043 4226 inquit,

444 4266 547 4323 pro
576 4248 661 4305 sui
690 4246 997 4304 reverentia
1032 4243 1380 4301 manentibus
1426 4243 1731 4299 constitutis
1757 4286 1770 4310 ,
1805 4260 1926 4315 quae
1953 4242 2048 4298 ubi

442 4340 593 4396 nulla
635 4338 723 4394 vel
769 4352 953 4393 rerum
999 4333 1087 4391 vel
1128 4342 1433 4405 temporum
1476 4340 1738 4405 perurget
1775 4332 2045 4406 angustia,

2147 1766 2398 1823 catholici
2426 1766 2760 1822 voluntatem
2790 1774 2950 1838 atque
2979 1767 3265 1822 consilium
3313 1767 3406 1838 qui
3450 1767 3507 1822 in
3553 1768 3758 1824 eodem

2145 1855 2269 1912 loco
2314 1856 2579 1929 gubernat
2623 1855 2963 1921 Ecclesium,
3015 1855 3062 1910 si
3110 1857 3214 1911 hoc
3258 1855 3381 1926 paci
3429 1856 3758 1915 Christiana

2145 1943 2411 2016 prodesse
2440 1943 2617 2001 visum
2646 1943 2835 2012 fuerit,
2866 1944 2923 1998 in
2952 1942 3065 1998 suis
3096 1944 3395 2000 honoribus
3438 1946 3757 2016 suscipian-

2147 2041 2250 2103 tur,
2284 2034 2423 2089 sicut
2459 2041 2512 2089 et
2550 2032 2826 2105 prioribus
2873 2032 3117 2101 ejusdem
3164 2032 3448 2088 divisionis
3479 2034 3755 2105 tempori-

2148 2121 2251 2177 bus
2278 2121 2478 2178 factum
2506 2137 2630 2177 esse
2670 2120 3021 2176 manifestum
3051 2128 3133 2176 est
3164 2139 3177 2175 :
3210 2137 3323 2177 non
3350 2130 3409 2176 ut
3434 2122 3757 2194 concilium,

2149 2210 2293 2281 quod
2322 2210 2379 2265 in
2404 2209 2783 2265 transmarinis
2809 2209 3057 2280 partibus
3094 2209 3163 2265 de
3189 2210 3296 2265 hac
3324 2226 3384 2266 re
3412 2208 3621 2267 factum
3650 2220 3758 2282 est,

2148 2298 2493 2365 dissolvatur,
2529 2299 2628 2354 sed
2671 2305 2729 2353 ut
2772 2297 2904 2353 illud
2941 2306 3159 2354 maneat
3198 2298 3348 2354 circa
3377 2314 3473 2354 eos
3498 2342 3512 2367 ,
3545 2299 3643 2371 qui
3673 2299 3761 2356 sic

2148 2388 2380 2443 transire
2409 2387 2477 2441 ad
2506 2386 2829 2443 catholicam
2856 2385 3075 2454 volunt,
3107 2395 3167 2442 ut
3186 2386 3332 2442 nulla
3360 2404 3462 2459 per
3494 2404 3591 2444 eos
3622 2389 3758 2443 uni-

2147 2476 2270 2532 tatis
2300 2476 2672 2546 compensatio
2713 2483 3051 2546 procuretur,
3102 2494 3130 2525 ι
3181 2484 3236 2531 et
3282 2475 3493 2548 reliqua
3523 2494 3648 2548 quae
3677 2477 3761 2533 ibi

2147 2564 2508 2638 prosequitur.
2574 2564 2682 2619 Sed
2726 2571 2780 2619 et
2826 2564 2932 2619 Leo
2978 2572 3236 2636 utrasque
3282 2565 3383 2620 has
3428 2565 3637 2621 formas
3687 2566 3762 2623 de

2147 2669 2258 2709 una
2284 2653 2585 2724 eademque
2612 2668 2675 2707 re
2702 2652 2760 2707 in
2786 2669 2895 2707 uno
2924 2652 3157 2723 capitulo
3199 2653 3434 2708 ostendit
3462 2653 3531 2709 ad
3561 2654 3760 2710 Busti-

2148 2758 2271 2799 cum
2300 2742 2710 2801 Narbonensem
2740 2740 3058 2812 episcopum
3085 2741 3274 2798 dicens
3304 2741 3466 2813 (epis.
3500 2745 3590 2810 95,
3623 2758 3756 2815 cap.

2152 2832 2206 2902 1)
2240 2848 2254 2885 :
2292 2852 2314 2881 ι
2348 2829 2532 2896 Nulla,
2562 2829 2764 2902 inquit,
2813 2829 2953 2885 ratio
2999 2829 3127 2884 sinit
3174 2837 3232 2884 ut
3277 2828 3418 2885 inter
3459 2830 3763 2903 episcopos

2148 2919 2471 2986 habeantur,
2506 2918 2597 2989 qui
2623 2934 2727 2975 nec
2754 2934 2786 2973 a
2816 2916 3031 2974 clericis
3059 2925 3182 2974 sunt
3212 2918 3394 2986 electi,
3426 2934 3531 2975 nec
3560 2934 3597 2974 a
3620 2919 3755 2990 ple-

2152 3008 2311 3063 bibus
2358 3007 2609 3079 expetiti,
2660 3023 2761 3063 nec
2803 3021 2839 3061 a
2883 3006 3429 3080 comprovincialibus
3476 3007 3763 3080 episcopis

2150 3112 2273 3154 cum
2322 3094 2721 3166 metropolitani
2768 3094 2973 3165 judicio
3032 3096 3360 3152 consecrati.
3418 3095 3575 3152 Unde
3629 3112 3763 3153 cum

2146 3202 2294 3257 saepe
2323 3184 2549 3256 quaestio
2578 3185 2646 3239 de
2676 3183 2818 3240 male
2839 3192 3065 3255 accepto
3092 3185 3299 3241 honore
3327 3192 3596 3252 nascatur,
3631 3185 3763 3258 quis

2146 3274 2389 3348 ambigat
2429 3288 2777 3345 nequaquam
2822 3273 2940 3328 istis
2999 3288 3122 3329 esse
3168 3273 3560 3341 tribuendum,
3605 3274 3762 3346 quod

2147 3379 2257 3419 non
2286 3362 2514 3418 docetur
2541 3361 2710 3417 fuisse
2758 3361 3060 3418 collatum?
3106 3362 3164 3417 Si
3206 3361 3299 3433 qui
3342 3371 3524 3419 autem
3562 3360 3761 3419 clerici

2148 3453 2218 3508 ab
2265 3451 2381 3507 istis
2426 3450 2913 3525 pseudoepiscopis
2954 3450 3011 3505 in
3068 3449 3147 3505 eis
3193 3450 3459 3507 Ecclesiis
3518 3450 3762 3507 ordinati

2148 3548 2293 3607 sunt,
2326 3556 2448 3612 quae
2476 3539 2547 3595 ad
2575 3539 2827 3611 pr0prios
2859 3537 3147 3611 episcopos
3175 3539 3542 3611 pertinebant,
3578 3546 3634 3596 et
3652 3555 3757 3596 or—

2148 3629 2353 3686 dinatio
2397 3644 2587 3684 eorum
2634 3643 2907 3684 consensu
2969 3635 3022 3683 et
3070 3626 3278 3696 judicio
3337 3627 3758 3699 praesidentium

2147 3718 2288 3776 facta
2318 3725 2419 3784 est,
2453 3724 2633 3788 potest
2660 3724 2781 3772 rata
2807 3716 3021 3786 haberi,
3055 3715 3131 3771 ita
3158 3724 3217 3771 ut
3244 3716 3301 3771 in
3326 3716 3460 3787 ipsis
3486 3716 3761 3773 Ecclesiis

2146 3813 2539 3880 perseverent;
2587 3805 2747 3861 aliter
2782 3813 2961 3862 autem
2989 3820 3134 3861 vana
3160 3805 3412 3861 habenda
3440 3813 3525 3861 est
3547 3820 3757 3862 conse-

2149 3896 2355 3963 cratio,
2409 3911 2530 3967 quae
2576 3911 2678 3950 nec
2716 3894 2836 3950 loco
2880 3893 3105 3973 fundata
3142 3901 3256 3964 est,
3290 3910 3391 3951 nec
3432 3895 3759 3951 auctoritate

2148 3986 2370 4041 munita.
2407 4005 2429 4035 ι
2470 3986 2541 4040 Et
2582 3984 2713 4039 item
2760 3983 2832 4038 ad
2879 3984 3131 4040 eumdem
3176 3984 3232 4039 in
3283 3983 3475 4039 eadem
3520 3984 3759 4055 epistola

2149 4076 2295 4148 (cap.
2331 4074 2419 4143 10)
2454 4091 2467 4128 :
2506 4094 2528 4124 ι
2556 4073 2617 4127 In
2637 4071 3001 4127 adolescentia
3047 4072 3405 4140 constitutus,
3439 4071 3485 4127 si
3516 4082 3757 4144 urgente

2147 4172 2239 4219 aut
2279 4171 2427 4219 metu
2473 4161 2693 4230 mortis,
2746 4168 2839 4215 aut
2879 4160 3206 4231 captivitatis
3252 4161 3535 4232 periculo,
3566 4162 3755 4231 poeni-

2146 4252 2367 4308 tentiam
2397 4251 2536 4322 egit,
2571 4258 2624 4306 et
2652 4257 2842 4321 postea
2871 4249 3068 4304 timens
3098 4249 3313 4321 lapsum
3343 4249 3757 4306 incontinentiae

2140 4341 2393 4411 juvenilis
2422 4339 2675 4409 copulam
2716 4338 2902 4394 uxoris
2934 4338 3124 4411 elegit,
3169 4354 3238 4393 ne
3276 4338 3480 4394 crimen
3509 4337 3755 4396 fornice-

440 4426 767 4502 regulariter
793 4425 1046 4482 convenit
1066 4422 1347 4488 custodiri.
1386 4443 1409 4471 ³
1443 4428 1495 4477 εί
1524 4422 1753 4493 rcliqua-
1787 4422 1853 4477 Εῐ
1874 4422 2042 4477 Ιιωο-
2065 4425 2120 4487 D
2142 4430 2303 4487 tionis
2329 4430 2636 4485 incurreret
2660 4472 2672 4494 ,
2702 4443 2822 4482 rem
2859 4426 3073 4482 videtur
3118 4426 3315 4483 fecisse
3364 4427 3675 4497 venialem,
3708 4428 3756 4483 si

442 4518 654 4576 centius
700 4516 864 4589 longe
907 4523 1032 4569 ante
1078 4512 1149 4568 ad
1194 4511 1484 4583 episcopos
1515 4510 1841 4567 Macedones
1871 4527 2042 4567 excu-

440 4615 626 4663 santes
669 4605 737 4661 de
799 4601 1137 4675 temporibus
1199 4599 1521 4656 necessitate
1586 4599 1733 4670 quod
1795 4609 2039 4673 egerant,

440 4695 576 4751 dixit
604 4696 796 4766 (epist.
829 4694 922 4764 27)
957 4710 971 4747 :
1008 4713 1030 4741 ι
1064 4691 1216 4761 Ergo
1238 4688 1386 4760 quod
1412 4688 1715 4745 necessitas
1742 4705 1842 4760 pro
1872 4705 2043 4746 reme—

442 4782 535 4839 dio
564 4783 782 4854 reperit,
816 4780 1142 4838 necessitate
1170 4785 1421 4834 cessante
1470 4776 1631 4833 debet
1678 4777 1865 4848 utique
1915 4793 2042 4834 ces-

445 4888 565 4927 sare
594 4871 798 4942 pariter
825 4870 972 4942 quod
998 4868 1232 4942 urgebat
1261 4884 1274 4921 :
1307 4866 1432 4939 quia
1461 4865 1599 4920 alius
1628 4874 1711 4921 est
1740 4866 1876 4921 ordo
1906 4866 2043 4939 legi-

442 4961 631 5026 timus,
664 4959 768 5014 alia
796 4958 1077 5029 usurpatio
1108 4972 1272 5029 quam
1303 4956 1372 5011 ad
1400 4970 1647 5026 praesens
1677 4953 1796 5010 fieri
1827 4963 2042 5026 tempus

440 5048 709 5122 impellit;
738 5055 792 5103 et
820 5047 1079 5103 advertite
1110 5046 1255 5118 quod
1281 5044 1495 5116 utique,
1529 5051 1586 5098 ut
1614 5043 1813 5109 dicitis,
1846 5059 2043 5100 neces-

441 5140 578 5197 sitas
615 5136 939 5210 imperavit,
980 5135 1034 5189 in
1083 5151 1221 5207 pace
1255 5134 1369 5204 jam
1416 5132 1693 5189 Ecclesias
1723 5133 2043 5189 constitutas

408 5298 413 5302 π
441 5246 550 5286 non
579 5244 746 5301 posse
773 5240 1123 5298 praesumere.
1149 5245 1170 5274 ι
1195 5224 1265 5278 Ει
1292 5224 1399 5279 Leo
1429 5223 1495 5277 ad
1523 5221 1805 5278 Rusticum
1832 5222 2045 5279 Narbo-

440 5334 669 5374 nensem
714 5315 1034 5390 episc0pum
1080 5314 1265 5385 (epist.
1296 5315 1363 5366 95
1384 5356 1396 5377 ,
1430 5311 1485 5367 in
1514 5310 1750 5383 praefat.)
1785 5327 1799 5365 :
1836 5332 1859 5361 α
1898 5310 2047 5366 Sicut

444 5416 689 5487 quaedam
713 5456 727 5482 ,
777 5412 989 5486 inquit,
1035 5419 1157 5467 sunt
1205 5425 1326 5481 qua
1368 5408 1512 5464 nulla
1559 5416 1789 5481 possunt
1832 5408 2044 5465 ratione

444 5510 678 5570 convelli
696 5552 713 5579 ,
740 5511 816 5568 ita
844 5508 1102 5566 nonnulla
1133 5512 1256 5563 sunt
1288 5522 1410 5577 qua:
1444 5513 1537 5562 aut
1580 5521 1680 5577 pro
1720 5506 2043 5564 considera-

2144 4527 2339 4591 praater
2377 4518 2667 4590 conjugem
2695 4515 2895 4571 nullam
2917 4514 3136 4572 omnino
3166 4516 3522 4587 cognoverit;
3552 4516 3615 4571 in
3646 4531 3755 4589 quo

2143 4616 2327 4665 tamen
2373 4623 2484 4663 non
2529 4605 2778 4678 regulam
2812 4604 3218 4670 constituimus,
3252 4622 3312 4661 se
3342 4604 3470 4677 quid
3502 4605 3574 4659 sit
3606 4606 3753 4661 tole-

2143 4697 2369 4753 rabilius
2414 4695 2768 4751 estimamus.
2815 4694 2955 4748 Nam
3002 4692 3302 4749 secundum
3331 4708 3522 4748 veram
3549 4694 3753 4767 cogni-

2143 4787 2378 4855 tionem,
2430 4784 2563 4840 nihil
2606 4783 2781 4865 magis
2842 4782 2891 4838 ei
2947 4782 3195 4854 congruit
3237 4783 3329 4855 qui
3374 4783 3752 4854 pcnnitentiam

2143 4876 2346 4948 gessit,
2380 4890 2543 4947 quam
2569 4874 2790 4930 castitas
2832 4887 3195 4943 perseverans
3225 4879 3279 4926 et
3307 4871 3504 4927 mentis
3534 4879 3590 4927 et
3622 4888 3752 4928 cor-

2140 4965 2311 5038 poris.
2350 4986 2372 5015 »
2405 4964 2473 5019 Et
2501 4963 2556 5017 in
2586 4961 2817 5034 epistola
2845 4962 2915 5016 ad
2942 4961 3290 5016 Theodorum
3320 4960 3753 5030 Forojuliensem

2144 5054 2462 5126 episcopum
2509 5053 2673 5125 (epis.
2706 5052 2797 5122 59)
2837 5069 2851 5105 :
2888 5073 2910 5102 ι
2947 5052 3014 5107 Ut
3040 5050 3095 5104 in
3127 5058 3372 5120 tempore
3402 5050 3751 5106 necessitatis

2147 5152 2200 5199 et
2226 5144 2282 5198 in
2323 5141 2549 5213 periculi
2594 5140 2844 5213 urgentis
2887 5139 3176 5203 instantia,
3219 5138 3385 5192 nullis
3434 5138 3753 5209 praesidium

2143 5230 2474 5304 poenitentiae
2516 5239 2570 5285 et
2628 5246 2755 5285 mox
2818 5227 3273 5285 reconciliationis
3333 5226 3752 5298 implorantibus

2146 5321 2464 5393 denegetur,
2510 5319 2675 5374 etiam
2706 5318 2752 5372 si
2783 5316 2988 5373 amisso
3032 5316 3184 5373 vocis
3227 5314 3404 5371 ofﬁcio
3435 5332 3500 5369 ea
3530 5331 3633 5386 per
3662 5315 3749 5370 in-

2145 5409 2284 5465 dicia
2313 5409 2513 5481 integri
2546 5424 2741 5462 sensus
2763 5406 3135 5477 expostulent;
3155 5406 3241 5462 vel
3264 5405 3310 5459 si
3337 5404 3439 5458 sub
3454 5403 3751 5475 praesentia

2147 5497 2442 5556 sacerdotis
2474 5495 2784 5569 significare
2813 5511 2922 5552 non
2953 5495 3155 5563 valent,
3180 5493 3491 5549 testimonia
3505 5490 3750 5550 ﬁdelium
