4004 6176
260 268 368 326 257

918 265 1163 323 OPUSC.
1219 265 1311 322 ET
1354 265 1574 323 EPIST.
1623 263 1697 321 IN
1744 263 1967 321 CAUSA
2023 265 2367 323 HINCMARI
2404 265 2711 324 LAUDUN.

3452 269 3561 323 358

264 390 734 447 circumstantium
764 389 846 444 eis
872 391 1136 461 prodesse
1183 391 1477 459 debebunt,
1527 396 1586 445 ut
1613 388 1772 444 simul
1811 396 1863 444 et
1890 388 1946 450 A
1966 405 2104 461 quos
2133 389 2202 446 ad
2239 390 2543 447 accusanda
2586 389 2674 445 vel
2719 388 3026 445 attestanda
3071 389 3289 460 publica
3334 388 3563 446 crimina

234 479 601 551 poenitentia
632 488 685 534 et
712 478 1169 536 reconciliationis
1212 479 1474 535 beneﬁcia
1518 494 1867 549 consequan-

264 577 367 631 tur,
401 576 623 624 servata
645 575 829 623 tamen
842 568 1037 641 regula
1062 583 1328 623 canonum
1349 576 1699 639 paternorum
1720 567 1869 622 circa

263 671 456 713 eorum
498 672 763 728 personas
787 699 801 724 ,
851 656 944 728 qui
985 657 1043 712 in
1078 657 1254 713 Deum
1295 673 1328 712 a
1383 654 1491 711 ﬁde
1537 655 1869 712 discedendo

262 753 660 817 peccaverunt.
706 765 730 795 ι

335 833 449 889 Sed
478 840 533 890 et
562 833 785 905 quidam
830 833 899 888 de
929 832 1014 888 his
1043 848 1109 888 ex
1141 848 1372 905 quorum
1421 832 1667 904 epistolis
1716 847 1868 903 qua-

266 923 393 978 dam
421 930 553 977 sunt
581 938 614 975 a
643 930 697 976 te
725 920 973 988 collecta,
1006 921 1188 992 lapsos
1220 930 1273 976 et
1292 921 1621 992 panitentes
1652 920 1705 975 in
1737 935 1869 993 gra-

266 1010 428 1065 dibus
460 1010 576 1065 suis
622 1026 844 1065 manere
874 1010 1078 1066 debere
1116 1009 1387 1065 dixerunt.
1448 1009 1644 1065 Postea
1689 1016 1871 1063 autem

264 1097 428 1153 aliter
458 1113 527 1153 ex
558 1099 733 1154 sacris
754 1099 1052 1154 canonibus
1082 1113 1114 1153 a
1136 1098 1490 1170 sequentibus
1512 1106 1595 1154 est
1614 1096 1871 1153 constitu-

264 1194 399 1242 tum.
425 1186 588 1242 Unde
618 1186 810 1242 beatus
838 1187 1175 1259 Augustinus
1204 1187 1272 1241 ad
1301 1185 1635 1242 Bonifacium
1653 1184 1873 1255 scripsit

264 1275 456 1330 dicens
484 1275 674 1347 (epist.
709 1276 800 1346 50)
834 1292 849 1329 :
881 1296 903 1325 α
932 1276 1001 1330 Ut
1030 1275 1174 1329 enim
1205 1275 1624 1330 constitueretur
1671 1273 1726 1327 in
1757 1273 1870 1328 Ec-

265 1363 454 1429 clesia,
486 1379 559 1419 ne
587 1363 875 1435 quisquam
902 1371 1026 1435 post
1056 1363 1285 1432 alicujus
1315 1363 1557 1419 criminis
1594 1361 1871 1434 paniten—

264 1452 394 1507 tiam
427 1451 744 1508 clericatum
773 1451 1021 1523 accipiat,
1053 1451 1140 1507 vel
1185 1452 1256 1506 ad
1303 1451 1621 1508 clericatum
1666 1450 1870 1517 redeat,

266 1539 353 1596 vel
409 1540 468 1595 in
526 1539 786 1596 clericatu
831 1546 1068 1605 maneat,
1118 1555 1229 1595 non
1273 1540 1654 1609 desperatione
1697 1539 1876 1594 indul-

268 1628 488 1701 gentia,
517 1628 618 1683 sed
648 1628 830 1700 rigore
874 1627 1076 1684 factum
1123 1636 1206 1682 est
1250 1627 1573 1699 disciplina.
1618 1627 1872 1700 Alioquin

1969 478 2123 552 leges
2153 480 2384 550 publica
2411 495 2520 534 non
2552 478 2859 534 admittunt.
2878 480 2947 534 Et
2964 479 3247 535 Nicanum
3276 478 3565 535 concilium

1968 570 2299 640 neopbytum
2327 568 2645 639 episcopum
2671 584 2703 622 a
2732 567 2945 623 duobus
2987 568 3075 623 vel
3118 567 3293 623 tribus
3334 567 3567 623 testibus

1969 658 2325 729 redargutum
2352 657 2626 712 abstinere
2656 672 2686 711 a
2730 656 2878 713 clero
2923 658 3199 728 pracepit,
3251 656 3296 711 si
3344 656 3567 729 aliquod

1970 745 2224 801 delictum
2261 746 2456 801 anima
2504 746 2651 802 circa
2695 762 2986 816 personam
3031 745 3331 816 reperiatur
3376 746 3568 815 hujus-

1969 834 2137 890 modi.
2171 836 2237 889 Et
2265 834 2558 905 Apostolus
2589 835 2854 889 adversus
2868 834 3245 906 presbyterum
3265 834 3570 891 accusatio-

1970 939 2097 978 nem
2126 938 2237 978 non
2269 923 2460 994 recipi,
2493 923 2598 977 nisi
2625 923 2725 978 sub
2753 923 2962 978 duobus
2992 930 3081 978 aut
3124 923 3295 978 tribus
3343 923 3571 978 testibus

1971 1010 2240 1083 pracipit.
2282 1012 2391 1067 Sed
2419 1020 2472 1066 et
2499 1028 2598 1082 per
2624 1012 2915 1083 pradictos
2934 1011 3132 1067 Africa
3162 1011 3458 1082 provincia
3477 1022 3571 1068 ca-

1972 1115 2166 1166 nones,
2186 1100 2438 1155 omnibus
2462 1100 2659 1170 quibus
2680 1100 2955 1157 accusatio
2972 1100 3296 1173 denegatur,
3319 1100 3373 1155 in
3390 1100 3571 1156 causis

1972 1189 2208 1260 propriis
2237 1189 2528 1245 accusandi
2555 1188 2772 1245 licentia
2801 1203 2909 1245 non
2938 1197 3167 1262 negatur
3185 1189 3336 1259 (can.
3369 1188 3480 1261 96).
3501 1189 3571 1244 Et

1973 1278 2042 1333 de
2068 1278 2391 1351 purgatione
2423 1286 2818 1344 accusatorum,
2839 1277 2936 1333 sed
2953 1293 3061 1333 non
3073 1278 3463 1343 convictorum,
3482 1277 3571 1334 vel

1972 1365 2361 1434 conﬁtentium,
2390 1367 2615 1422 decreta
2645 1366 2793 1423 sedis
2820 1365 3133 1437 apostolica
3165 1383 3289 1438 qua
3324 1374 3570 1422 tenemus

1974 1456 2389 1511 constituerunt.
2421 1455 2655 1524 Quidam
2689 1454 2874 1522 etiam,
2908 1455 3054 1527 quod
3092 1455 3162 1509 de
3206 1455 3477 1512 accusatis
3518 1461 3571 1511 et

1972 1543 2040 1599 de
2070 1543 2296 1599 testibus
2326 1544 2590 1600 Silvester
2633 1544 2926 1609 constituit,
2975 1542 3123 1599 velut
3160 1542 3218 1597 in
3257 1543 3395 1598 libro
3443 1542 3572 1614 Epi-

1974 1632 2429 1705 scopali‘legitur,
2464 1648 2531 1687 ex
2571 1633 2675 1688 hoc
2718 1631 3013 1688 tenendum
3057 1631 3115 1685 in
3152 1631 3466 1687 auctoritate
3492 1629 3575 1685 di-

264 1724 461 1772 contra
486 1715 674 1773 claves
702 1716 855 1771 datas
881 1715 1150 1772 Ecclesia
1178 1716 1560 1786 disputabitur,
1585 1716 1654 1772 de
1674 1716 1873 1789 quibus
1899 1742 1954 1802 Β
1972 1728 2121 1787 cunt,
2154 1722 2278 1792 quia
2309 1721 2558 1777 Gelasius
2590 1720 2644 1775 in
2674 1721 2935 1793 Catalogo
2967 1719 3037 1776 de
3058 1719 3213 1775 libris
3224 1719 3571 1791 recipiendis,

268 1804 476 1861 dictum
508 1812 593 1860 est
624 1822 639 1859 :
668 1802 804 1873 Qua
831 1804 1103 1860 solveritis
1131 1804 1190 1858 in
1218 1811 1386 1871 terra,
1429 1804 1604 1860 soluta
1633 1814 1793 1860 erunt
1822 1813 1875 1860 et

265 1892 319 1947 in
349 1892 531 1949 caelis.
566 1892 674 1949 Sed
720 1909 791 1948 ne
830 1892 1058 1948 forsitan
1086 1893 1249 1949 etiam
1294 1893 1520 1949 detectis
1561 1894 1874 1949 criminibus

268 1997 365 2053 spe
396 1982 626 2037 honoris
673 1980 1031 2038 ecclesiastici
1090 1980 1302 2037 animus
1359 1981 1729 2037 intumescens
1784 1999 1875 2037 su-

263 2071 433 2141 perbe
479 2077 674 2142 ageret
718 2070 1112 2140 paenitentiam,
1159 2070 1505 2126 severissime
1552 2070 1773 2141 placuit,
1816 2079 1875 2127 ut

265 2167 388 2230 post
414 2166 602 2214 actam
629 2158 699 2213 de
730 2157 959 2214 crimine
988 2158 1279 2213 damnabili
1309 2158 1684 2229 paenitentiam
1713 2175 1875 2216 nemo

267 2247 331 2301 sit
378 2246 637 2313 clericus,
670 2253 728 2300 ut
773 2246 1158 2318 desperatione
1205 2246 1515 2317 temporalis
1555 2246 1870 2316 altitudinis,

265 2335 541 2392 medicina
568 2335 744 2404 major
772 2342 826 2397 et
863 2334 1045 2391 verior
1089 2341 1234 2389 esset
1270 2334 1604 2391 humilitatis.
1657 2337 1795 2391 Nam
1823 2345 1877 2392 et

265 2432 493 2480 sanctus
524 2423 704 2479 David
730 2423 800 2478 de
827 2423 1147 2478 criminibus
1192 2422 1491 2479 mortiferis
1535 2424 1648 2495 egit
1692 2424 1875 2496 poeni-

264 2512 517 2579 tentiam,
551 2519 606 2567 et
632 2520 814 2567 tamen
850 2511 909 2566 in
952 2513 1162 2568 honore
1211 2527 1312 2568 suo
1357 2512 1592 2583 perstitit
1627 2513 1705 2582 (II
1744 2516 1870 2585 Reg.

265 2601 391 2670 ιη).
423 2601 497 2655 Et
529 2601 746 2656 beatum
774 2601 1010 2667 Petrum,
1046 2601 1265 2672 quando
1313 2600 1654 2656 amarissime
1698 2601 1875 2673 lacry-

266 2704 386 2744 mas
439 2688 601 2754 fudit,
647 2688 833 2760 utique
882 2688 1175 2743 Dominum
1222 2704 1458 2761 negasse
1505 2688 1773 2760 paenituit,
1821 2696 1877 2745 et

267 2785 451 2832 tamen
476 2776 759 2847 apostolus
786 2776 984 2831 mansit
1015 2777 1238 2847 (Matth.
1270 2778 1456 2845 xxvr).
1491 2777 1599 2832 Sed
1620 2793 1731 2833 non
1750 2777 1874 2833 ideo

267 2880 614 2937 supervacua
642 2866 882 2936 putanda
912 2872 996 2920 est
1020 2865 1394 2936 posteriorum
1420 2865 1722 2937 diligentia,
1747 2865 1877 2938 quia

263 2954 355 3009 ubi
384 2953 553 3009 saluti
582 2954 716 3008 nihil
763 2953 1170 3021 detrahebatur,
1219 2954 1512 3009 humilitati
1548 2954 1748 3025 aliquid
1778 2954 1877 3010 ad-

1973 1812 2139 1864 Actus
2167 1808 2309 1863 illius
2349 1809 2615 1882 legendos
2663 1810 2819 1865 dicit.
2876 1809 2987 1865 Sed
3034 1808 3136 1863 alia
3186 1816 3268 1863 est
3306 1808 3575 1879 scriptura

1972 1899 2206 1953 Actuum
2234 1897 2396 1963 illius,
2420 1898 2475 1952 in
2520 1897 2737 1969 quibus,
2785 1906 2838 1952 et
2881 1897 3285 1969 Scripturarum
3332 1896 3574 1954 auctori-

1975 1993 2102 2051 tate,
2138 1994 2192 2041 et
2220 1985 2605 2042 miraculorum
2653 1986 2874 2053 virtute,
2920 1985 3141 2041 Judaos
3180 1985 3451 2040 Christum
3477 1986 3573 2041 Je-

1974 2090 2095 2130 sum
2122 2075 2299 2130 Deum
2326 2090 2519 2130 verum
2549 2081 2816 2147 negantes
2844 2072 3051 2139 revicit,
3083 2073 3175 2144 qui
3194 2073 3415 2146 legendi
3446 2072 3577 2129 scri-

1973 2163 2175 2218 buntur
2207 2180 2222 2217 :
2253 2162 2356 2218 alia
2383 2163 2454 2218 de
2469 2161 2941 2219 constitutionibus
2958 2160 3102 2216 illius
3118 2161 3175 2215 in
3190 2160 3331 2216 libro
3351 2161 3576 2232 Episco-

1972 2251 2104 2322 pali,
2161 2266 2294 2323 quas
2350 2250 2487 2307 sicut
2542 2258 2595 2307 et
2648 2251 2779 2306 alias
2835 2249 3097 2322 quasdam
3158 2249 3574 2306 constitutiones

1974 2339 2205 2395 aliorum
2234 2338 2550 2411 pontiﬁcum
2581 2355 2702 2411 qua
2729 2339 2787 2394 in
2823 2339 3018 2395 eodem
3059 2338 3203 2394 libro
3238 2338 3511 2411 leguntur,
3542 2353 3574 2393 a

1973 2428 2402 2500 praecedentibus
2454 2428 2786 2500 temporibus
2836 2426 3163 2484 universalis
3222 2442 3334 2483 non
3393 2434 3576 2482 servat

1973 2516 2226 2572 Ecclesia
2256 2533 2271 2571 :
2304 2516 2556 2589 quaedam
2585 2532 2718 2573 vero
2748 2532 2813 2572 ex
2834 2516 3040 2572 eisdem
3073 2515 3570 2583 constitutionibus,

1975 2605 2115 2661 sicut
2144 2612 2198 2661 et
2226 2621 2293 2660 ex
2321 2606 2481 2661 dictis
2509 2604 2861 2676 epistolamm
2890 2605 2959 2659 de
2990 2604 3189 2676 quibus
3205 2604 3407 2676 agitur,
3432 2604 3574 2661 reci-

1972 2693 2053 2764 pit
2079 2701 2133 2748 et
2160 2693 2422 2748 custodit.
2462 2693 2569 2748 Sed
2598 2700 2653 2748 et
2679 2693 2736 2749 in
2767 2692 2975 2748 eisdem
3023 2691 3265 2763 epistolis
3309 2692 3573 2763 scriptum

1975 2788 2074 2847 est,
2104 2795 2214 2836 non
2240 2781 2444 2836 debere
2477 2780 2562 2836 vel
2590 2795 2757 2851 posse
2804 2778 3115 2846 convocari,
3155 2780 3423 2852 synodum
3453 2778 3571 2836 sine

1968 2868 2215 2938 jussione
2261 2869 2350 2925 vel
2398 2884 2669 2925 consensu
2714 2868 2948 2925 Romani
2990 2867 3301 2939 pontiﬁcis;
3331 2875 3385 2924 et
3432 2868 3575 2924 sacri

1972 2956 2180 3014 Nicani
2208 2972 2448 3013 canones
2476 2957 2662 3015 dicunt
2690 2957 2850 3028 (can.
2888 2957 2943 3029 5)
2979 2974 2993 3011 :
3030 2978 3052 3008 ι
3085 2958 3231 3013 Bene
3255 2956 3457 3028 placuit
3485 2972 3576 3012 an-

267 3042 542 3109 didernnt,
576 3057 685 3114 quo
712 3042 861 3098 salus
893 3042 1059 3097 tutius
1104 3041 1428 3111 muniretur,
1462 3042 1672 3114 experti
1708 3042 1874 3099 credo
1896 3094 1943 3118 ﬁ
1973 3045 2060 3100 nis
2085 3044 2320 3116 singulis
2348 3062 2451 3117 per
2478 3060 2916 3118 unamquamque
2933 3045 3276 3117 provinciam
3306 3045 3391 3100 bis
3407 3045 3464 3100 in
3482 3060 3576 3101 an-

267 3131 578 3203 aliquorum
610 3130 763 3186 ﬁctas
789 3130 1132 3202 panitentias
1161 3147 1259 3203 per
1299 3130 1578 3187 aﬁ‘ectatas
1606 3131 1876 3187 honorum

266 3220 561 3292 potentias.
595 3220 811 3293 Cogunt
853 3219 1000 3275 enim
1047 3219 1245 3275 multas
1295 3219 1540 3276 invenire
1578 3219 1875 3277 medicinas

266 3310 565 3365 multorum
595 3308 970 3380 eXperimenta
998 3309 1333 3364 morborum.
1369 3310 1568 3364 Verum
1596 3309 1650 3364 in
1681 3310 1873 3379 hujus-

266 3398 411 3453 modi
439 3397 649 3466 causis,
680 3397 771 3453 ubi
799 3413 898 3470 per
924 3414 1119 3468 graves
1145 3397 1552 3453 dissensionum
1582 3398 1871 3464 scissuras,

268 3501 373 3542 non
400 3487 573 3556 hujus
601 3493 695 3540 aut
721 3484 863 3541 illius
893 3485 1130 3541 hominis
1163 3494 1247 3541 est
1288 3486 1609 3558 periculum,
1643 3487 1741 3541 sed
1766 3500 1872 3557 po-

265 3574 524 3645 pulorum
575 3582 793 3645 strages
818 3574 1037 3643 jacent,
1086 3574 1478 3630 detrahendum
1524 3583 1605 3630 est
1668 3574 1874 3647 aliquid

268 3662 567 3731 severitati,
598 3671 660 3717 ut
682 3662 980 3732 majoribus
1009 3662 1173 3718 malis
1202 3662 1462 3719 sanandis
1490 3662 1726 3719 charitas
1756 3662 1874 3719 sin-

268 3766 395 3809 cera
424 3752 739 3808 subveniat.
781 3775 803 3799 η
837 3752 928 3807 Sic
956 3752 1390 3807 multitudinibus
1438 3768 1537 3824 per
1577 3752 1875 3809 schismata

267 3849 315 3896 et
355 3843 609 3897 hareses
654 3839 1006 3911 pereuntibus
1061 3841 1308 3898 Ecclesia
1350 3841 1623 3897 catholica
1669 3841 1872 3897 subve-

268 3930 381 3986 nire
412 3929 727 3986 consuevit.
777 3930 845 3984 Et
891 3929 961 3985 de
1004 3930 1110 3986 hac
1157 3930 1482 3986 discretione
1528 3930 1781 3987 Gelasius
1817 3930 1875 3985 in

272 4018 511 4089 quadam
556 4033 658 4073 sua
704 4017 949 4089 epistola,
991 4025 1046 4075 et
1092 4018 1283 4074 beatus
1319 4018 1616 4091 Gregorius
1658 4018 1714 4073 in
1760 4018 1875 4073 suis

270 4106 536 4177 epistolis,
581 4114 637 4162 et
682 4106 740 4161 in
784 4105 902 4161 aliis
945 4107 1059 4162 suis
1115 4106 1277 4164 dictis
1331 4108 1653 4164 mirabiliter
1700 4106 1874 4164 disse-

269 4202 519 4251 ruerunt.

336 4284 545 4340 Verum
593 4291 648 4338 et
684 4282 753 4339 de
800 4283 1246 4340 translationibus
1289 4284 1671 4356 episcoporum
1715 4284 1875 4341 aliter

269 4372 471 4443 antiqui
500 4379 835 4427 censuerunt
876 4372 1183 4444 pontiﬁces,
1222 4372 1381 4431 aliter
1422 4382 1602 4429 autem
1646 4372 1875 4429 concilia

1895 3094 1945 3158 Ο

1974 3149 2047 3189 no
2076 3134 2304 3190 concilia
2333 3134 2620 3200 celebrari,
2653 3142 2713 3189 ut
2741 3133 3104 3192 communiter
3130 3134 3383 3190 omnibus
3412 3132 3575 3190 simul

1976 3221 2250 3293 episcopis
2277 3223 2630 3295 congregatis
2656 3222 2974 3293 provincia,
2998 3221 3352 3277 discutiantur
3381 3222 3572 3291 hujus-

1973 3311 2123 3366 modi
2176 3310 2523 3383 quastiones.
2562 3330 2585 3360 ι
2644 3311 2714 3366 Et
2778 3309 3225 3366 Cbalcedonense
3283 3310 3573 3366 concilium

1973 3400 2126 3471 (can.
2173 3400 2309 3469 19):
2364 3422 2385 3446 «
2424 3398 2698 3465 Decrevit,
2758 3398 3028 3469 inquiens,
3090 3405 3279 3454 sancta
3330 3398 3572 3469 synodus

1974 3486 2272 3543 secundum
2300 3501 2541 3543 canones
2571 3488 2810 3553 Patrum,
2844 3485 2928 3541 bis
2957 3486 3012 3540 in
3029 3501 3170 3543 anno
3200 3486 3490 3557 episcOpos
3511 3476 3567 3542 in

1973 3575 2209 3646 idipsum
2238 3575 2294 3630 in
2323 3590 2644 3647 unaquaque
2672 3574 2949 3645 provincia
2976 3575 3290 3641 convenire,
3324 3590 3432 3646 quo
3447 3590 3572 3631 me-

1972 3664 2332 3736 tropolitanus
2360 3663 2583 3719 antistes
2603 3663 2939 3735 probaverit,
2963 3670 3018 3718 et
3035 3663 3312 3735 corrigere
3332 3662 3568 3737 singula,

1975 3754 2022 3809 si
2051 3770 2173 3825 qua
2202 3752 2445 3808 fortassis
2469 3752 2812 3809 emerserint.
2854 3772 2876 3802 ν
2914 3751 3023 3808 Sed
3053 3759 3106 3808 et
3151 3752 3480 3808 Antiocheni
3519 3759 3574 3809 et

1974 3841 2171 3898 Africa
2196 3842 2493 3914 provincia
2517 3856 2755 3897 canones
2801 3840 2888 3896 bis
2933 3841 3225 3899 concinunt
3271 3840 3573 3898 constitutis

1975 3931 2156 4003 (conc.
2187 3930 2485 3996 Antioch.,
2508 3934 2753 4000 can.20;
2782 3947 2939 3988 conc.
2964 3930 3169 4002 Afric.,
3200 3945 3324 3986 can.
3362 3930 3475 4002 62).
3506 3931 3574 3986 Et

1975 4020 2322 4076 Innocentius
2353 4019 2423 4075 ad
2452 4019 2767 4076 Victricium
2798 4036 2814 4074 :
2852 4040 2875 4070 ι
2910 4019 2967 4075 Si
2998 4036 3121 4090 qua
3136 4035 3316 4075 causa
3335 4019 3423 4074 vel
3441 4034 3573 4076 con-

1974 4108 2245 4165 tentiones
2273 4108 2414 4163 inter
2439 4108 2674 4165 clericos
2704 4115 2815 4164 tam
2844 4107 3143 4179 superioris
3170 4108 3379 4164 ordinis
3408 4124 3573 4180 quam

1975 4197 2137 4252 etiam
2161 4196 2433 4254 inferioris
2453 4196 2655 4252 fuerint
2669 4204 2892 4263 exorta,
2917 4204 2976 4251 ut
2993 4197 3290 4253 secundum
3305 4197 3573 4269 synodum

1972 4286 2272 4351 Nicanam,
2303 4286 2654 4357 congregatis
2684 4284 2929 4354 ejusdem
2956 4284 3257 4355 provincia
3277 4285 3569 4357 episcopis,

1970 4374 2211 4447 jurgium
2240 4374 2581 4438 terminetur,
2626 4379 2876 4443 patenter
2916 4373 3168 4428 ostendit.
3211 4397 3233 4421 »
3264 4374 3332 4427 Et
3362 4373 3471 4428 Leo
3501 4373 3572 4429 ad

271 4460 622 4532 episcopalia,
656 4468 710 4514 et
731 4477 798 4516 ex
823 4461 910 4516 his
941 4468 1233 4534 sequentes
1254 4462 1514 4518 Romana
1531 4462 1678 4518 sedis
1698 4462 1877 4533 ponti-
1900 4451 1956 4513 D
1978 4463 2324 4519 Anastasium
2356 4462 2574 4533 scripsit
2606 4478 2621 4516 :
2656 4484 2678 4510 α
2714 4463 2794 4517 De
2833 4460 3095 4526 conciliis,
3143 4461 3414 4532 inquiens,
3449 4461 3570 4533 epi—

271 4546 397 4604 ﬁces
434 4565 562 4622 qua
600 4550 835 4604 tenenda
874 4557 1000 4605 sunt
1045 4550 1422 4607 decreverunt.
1475 4550 1748 4623 Scriptum
1787 4558 1870 4606 est

272 4637 431 4692 etiam
460 4637 520 4692 in
559 4636 797 4707 prafatis
836 4638 1100 4709 epistolis,
1142 4646 1202 4694 ut
1228 4639 1604 4695 accusationes
1650 4640 1868 4710 episco-

272 4740 458 4795 porum
487 4742 603 4781 non
630 4726 982 4797 recipiantur,
1016 4735 1067 4783 et
1095 4728 1150 4783 in
1180 4728 1387 4783 eisdem
1428 4728 1661 4784 habetur
1689 4728 1868 4800 quali-

274 4821 353 4868 ter
378 4813 733 4885 recipiantur,
768 4824 820 4870 et
852 4824 910 4871 ut
936 4830 970 4871 a
1001 4816 1114 4872 suis
1135 4816 1330 4872 ovibus
1360 4816 1601 4889 episcopi
1619 4819 1868 4875 accusari

272 4916 379 4957 non
408 4903 640 4958 valeant.
674 4904 743 4959 Et
769 4903 826 4958 in
855 4905 1329 4961 constitutionibus
1364 4907 1534 4961 sancti
1570 4906 1817 4963 Silvestri
1850 4924 1863 4962 :

276 5010 303 5039 ι
334 4990 400 5046 Ut
428 4991 611 5046 nullus
637 4992 811 5047 laicus
842 4993 1045 5049 crimen
1074 4993 1275 5049 clerico
1319 4993 1517 5050 audeat
1556 4994 1779 5061 inferre,
1815 5003 1868 5052 et

269 5085 331 5134 ut
353 5080 642 5152 presbyter
670 5095 781 5136 non
807 5081 1067 5137 adversus
1097 5082 1435 5154 episcopum,
1466 5098 1577 5138 non
1604 5083 1865 5139 diaconus

268 5166 538 5223 adversus
563 5169 984 5241 presbyterum;
1023 5190 1044 5220 ι
1081 5178 1134 5226 et
1161 5171 1377 5237 iterum,
1413 5186 1447 5226 a
1477 5172 1693 5243 quantis
1711 5188 1867 5229 accu-

269 5256 379 5311 sari
407 5256 628 5312 valeant
647 5257 718 5313 ab
746 5274 812 5314 eo
841 5259 1210 5315 constitutum.
1238 5261 1307 5315 Et
1326 5260 1525 5317 Africa
1542 5262 1860 5333 provincia,

266 5359 505 5402 canones
534 5360 658 5410 cum
705 5347 901 5419 legatis
943 5348 1256 5420 apostolica
1302 5349 1468 5416 sedis,
1519 5365 1614 5405 eos
1658 5358 1864 5407 tantum

268 5443 617 5492 accusatores
644 5435 731 5491 vel
761 5445 943 5493 vestes
972 5451 1007 5493 a
1025 5437 1347 5495 clericorum
1382 5439 1743 5506 accusatione,
1777 5440 1866 5497 vel

270 5530 457 5581 contra
481 5523 718 5584 clericos
758 5524 1161 5597 testiﬁcatione,
1213 5527 1482 5587 removeri
1522 5527 1862 5601 praecipiunt,

1971 4551 2279 4622 scopalibus
2307 4566 2419 4607 non
2447 4549 2591 4605 aliud
2622 4549 2932 4621 indicimus,
2965 4565 3128 4623 quam
3169 4549 3343 4605 sancti
3380 4551 3571 4605 Patres

1970 4639 2259 4695 salubriter
2284 4639 2618 4707 ordinarunt,
2651 4648 2711 4694 ut
2739 4638 2944 4696 scilicet
2991 4638 3103 4693 bini
3131 4644 3431 4694 conventus
3468 4653 3571 4709 per

1968 4744 2145 4795 annos
2176 4728 2423 4802 singulos
2470 4729 2787 4795 habeantur,
2831 4727 2886 4782 in
2940 4726 3136 4799 quibus
3192 4727 3262 4781 de
3316 4725 3571 4782 omnibus

1969 4817 2204 4890 querelis
2235 4834 2357 4890 qua
2386 4818 2529 4873 inter
2567 4818 2814 4874 diversos
2859 4815 3121 4871 Ecclesia
3165 4814 3391 4871 ordines
3419 4814 3574 4872 nasci

1968 4907 2209 4963 assolent
2230 4906 2521 4975 judicetur.
2560 4927 2582 4957 ι
2617 4907 2688 4961 Et
2716 4911 2934 4959 sanctus
2974 4904 3272 4975 Gregorius
3302 4904 3373 4960 ad
3404 4902 3573 4960 Galli-

1966 5011 2133 5052 canos
2161 4976 2451 5067 episcopos
2473 4994 2658 5051 scribit
2686 4994 2806 5065 (lib.
2840 5008 2941 5061 vn,
2972 4993 3094 5049 ind.
3133 4997 3188 5061 2,
3239 5009 3325 5065 ep.
3360 4996 3482 5062 112,
3515 4993 3574 5049 in

1967 5084 2099 5157 ﬁne)
2133 5101 2147 5140 :
2184 5107 2205 5131 α
2242 5084 2358 5141 Nec
2375 5099 2496 5150 nos,
2518 5082 2790 5154 inquiens,
2814 5081 2871 5136 in
2892 5082 2996 5139 hac
3017 5082 3398 5139 sollicitudinis
3416 5088 3574 5154 parte

1964 5173 2341 5246 relinquimus,
2369 5173 2515 5245 quod
2545 5172 2613 5226 de
2643 5170 2912 5227 habendis
2941 5187 3044 5243 per
3067 5172 3352 5244 parochias
3381 5169 3572 5227 conci-

1963 5261 2052 5319 liis
2082 5264 2305 5318 Patrum
2330 5259 2675 5333 providentia
2702 5258 2948 5317 utilitatis
2977 5276 3144 5317 causa
3171 5259 3441 5316 sancitum
3461 5267 3565 5317 est.

1966 5350 2123 5407 Unde
2151 5366 2220 5405 ne
2261 5364 2373 5421 qua
2411 5349 2551 5405 inter
2589 5347 2790 5404 fratres
2839 5348 3130 5415 dissensio,
3161 5365 3233 5404 ne
3274 5362 3385 5420 qua
3428 5348 3571 5405 inter

1962 5439 2288 5511 prapositos
2319 5446 2374 5495 et
2412 5439 2690 5508 subjectos
2737 5438 2847 5494 sint
2891 5437 3128 5494 fomenta
3171 5437 3483 5509 discordia,
3512 5438 3568 5494 in

1962 5544 2131 5587 unum
2157 5528 2472 5588 sacerdotes
2487 5526 2782 5589 convenire
2797 5542 3028 5587 necesse
3045 5534 3149 5598 est,
3166 5534 3227 5586 ut
3242 5526 3316 5588 de
3327 5527 3573 5588 inciden-
