4054 6180
440 246 543 300 359

1407 242 1748 298 HINCMARI
1775 241 2174 298 RHEMENSIS
2201 243 2751 300 ARCIIIEPISCOPI.

3631 252 3734 305 360

438 367 582 421 tibus
609 363 792 422 causis
823 364 1166 436 disceptatio,
1201 374 1254 421 et
1302 366 1371 421 sit
1415 367 1647 422 salubris
1685 367 1754 422 de
1784 365 2042 422 ecclesia-
2070 367 2126 428 A
2145 367 2392 438 publicas
2423 367 2478 422 in
2505 369 2736 424 ecclesia
2765 375 2966 424 sancta:
2996 369 3212 440 Sophia:
3255 384 3443 426 coram
3489 370 3738 442 principe

439 455 574 510 stica
603 454 981 510 observatione
1010 454 1246 510 collatio.
1288 476 1310 504 ν

507 543 630 598 Non
660 543 825 614 igitur
851 544 1060 614 absque
1093 543 1238 600 sedis
1255 543 1570 614 apostolicae
1591 543 1912 600 auctoritate
1931 561 2042 601 me-

437 631 746 702 tr0politani
767 632 1012 703 episcopi
1032 639 1082 686 et
1099 632 1357 702 primates
1374 633 1778 702 provinciarum
1800 634 2040 704 synodos

441 736 826 790 convocamus,
862 743 883 768 α
919 729 1204 792 quatenus,
1237 729 1294 775 ut
1327 722 1513 775 beatus
1557 721 1688 776 dicit
1716 721 2036 792 Gregorius,

443 809 572 863 dum
599 823 696 879 per
733 810 854 874 hoc,
889 817 942 863 et
969 809 1243 880 przeterita
1287 810 1656 882 corriguntur,
1695 819 1746 866 et
1793 811 2041 883 regulam

443 897 622 952 futura
635 897 952 968 suscipiunt,
974 899 1317 969 omnipotens
1329 898 1530 969 ubique
1543 901 1806 955 Dominus
1819 901 2042 955 fratrum

441 986 736 1042 concordia
755 987 1109 1052 collaudetur,
1133 987 1289 1055 cujus
1309 987 1466 1042 nobis
1486 987 1680 1042 adesse
1695 989 2042 1059 presentiam

438 1073 484 1128 si
513 1075 628 1129 haec
659 1075 1013 1131 observamus
1043 1075 1264 1140 scimus,
1317 1076 1444 1146 quia
1487 1077 1746 1146 scriptum
1777 1085 1861 1131 est
1898 1094 1910 1132 :
1948 1079 2044 1134 Ubi

439 1163 546 1219 duo
573 1165 655 1219 uel
707 1168 818 1219 tres
841 1167 1164 1236 congregati
1195 1167 1419 1234 fuerint
1449 1167 1512 1219 in
1537 1167 1767 1221 nomine
1793 1183 1934 1235 meo,
1967 1167 2044 1222 ibi

443 1269 570 1307 sum
599 1254 662 1307 in
693 1253 876 1308 medio
905 1269 1098 1308 eorum
1129 1253 1348 1322 (Matth.
1383 1255 1573 1322 xvm).
1607 1253 1664 1308 Si
1689 1269 1823 1326 ergo
1845 1255 2042 1310 adesse

441 1340 762 1412 dignabitur
781 1339 873 1394 ubi
905 1341 1012 1394 duo
1029 1341 1114 1396 vel
1136 1348 1249 1394 tres
1271 1340 1490 1410 fuerint,
1517 1350 1719 1412 quanto
1739 1343 1913 1413 magis
1935 1359 2043 1398 non

445 1429 618 1484 deerit
647 1429 740 1482 ubi
768 1428 984 1498 plurimi
1015 1429 1370 1485 convenerint
1392 1431 1748 1485 sacerdotes?
1777 1452 1798 1481 υ
1821 1431 2044 1486 Constat

443 1531 575 1586 ergo
605 1517 674 1570 de
704 1516 948 1587 generali
978 1516 1105 1572 ﬁdei
1135 1533 1302 1572 causa
1331 1518 1436 1573 hoc
1467 1519 1671 1574 dixisse
1688 1519 2043 1590 apostolicam

441 1605 648 1659 sedem.
685 1605 839 1660 Unde
870 1621 994 1661 cum
1038 1605 1198 1675 plura
1235 1606 1502 1662 catholica
1531 1607 1827 1662 habeantur
1856 1608 2042 1664 conci-

443 1692 536 1761 lia,
571 1709 666 1748 sex
699 1694 892 1764 synodi
937 1702 1142 1749 tantum
1173 1695 1458 1765 generales
1505 1697 1816 1766 specialiter
1859 1697 2044 1768 appel-

446 1781 646 1848 lantur,
676 1781 803 1852 quia
827 1797 928 1853 pro
960 1783 1202 1853 generali
1233 1784 1300 1838 ad
1333 1799 1522 1838 omnes
1555 1785 1894 1840 Christianos
1915 1800 2045 1840 cau—

445 1885 504 1924 sa
533 1870 840 1940 pertinente
870 1879 994 1924 sunt
1027 1881 1356 1938 convocatae,
1391 1889 1512 1942 qua:
1542 1873 1659 1927 sine
1693 1873 1916 1944 speciali
1931 1875 2046 1942 jus-

442 1958 594 2013 sione
641 1959 788 2014 sedis
834 1961 1150 2030 apostolicae
1199 1961 1524 2033 regulariter
1566 1962 1894 2035 congregari
1937 1979 2045 2018 non

444 2053 712 2118 poterant,
757 2064 934 2119 neque
987 2059 1234 2118 possunt.
1286 2049 1526 2118 Quarum
1558 2051 1890 2120 synodorum
1919 2050 2046 2106 uni-

441 2135 766 2202 versalium,
819 2151 852 2191 a
909 2135 1173 2192 catholica
1227 2137 1478 2192 Ecclesia
1515 2139 2042 2210 reccptissimarum,

445 2224 626 2295 prima
655 2231 738 2279 est
767 2240 888 2294 qua
917 2224 970 2278 in
1001 2225 1222 2280 Nicaana
1253 2234 1586 2297 congregata
1617 2228 1818 2282 exstitit
1855 2235 2048 2283 contra

439 2313 635 2367 Arium
665 2320 1032 2368 trecentorum
1065 2314 1257 2369 decem
1286 2323 1338 2368 et
1367 2323 1490 2370 octo
1521 2317 1755 2382 Patrum,
1791 2316 2047 2388 tempori-

446 2399 550 2454 bus
605 2400 851 2457 Silvestri
907 2417 1083 2472 papae,
1123 2401 1225 2456 sub
1272 2403 1626 2458 Constantino
1648 2405 1930 2476 principe;
1964 2421 2050 2461 se-

443 2488 625 2543 cunda
685 2489 742 2543 in
799 2489 1266 2562 Constantinopoli
1327 2499 1542 2546 centum
1601 2493 1762 2547 unius
1805 2495 2045 2559 Patrum,

441 2585 630 2632 contra
669 2578 1045 2634 Macedonium
1095 2586 1148 2634 et
1193 2579 1518 2646 Eudoxium,
1557 2583 1895 2652 temporibus
1943 2583 2048 2636 Da-

443 2665 581 2720 masi
609 2681 788 2736 papae,
821 2674 875 2720 et
906 2666 1152 2721 Gratiani
1183 2668 1466 2739 principis,
1507 2669 1720 2740 quando
1765 2669 2050 2726 Nectarius

443 2753 621 2810 eidem
651 2753 770 2809 urbi
793 2763 876 2810 est
904 2755 1183 2810 ordinatus
1212 2757 1502 2827 episcopus
1527 2777 1541 2824 ;
1573 2759 1730 2813 tertia
1755 2758 1809 2813 in
1829 2759 2049 2830 Epheso

444 2842 802 2897 ducentorum
831 2844 1068 2911 Patrum,
1103 2853 1293 2900 contra
1316 2846 1626 2900 Nestorium
1663 2849 1921 2917 Augustae
1951 2864 2048 2902 ur-

441 2930 526 2984 bis
555 2931 898 3000 episcopum,
959 2932 1060 2985 sub
1091 2933 1398 2988 Theodosio
1435 2950 1637 3006 magno
1679 2935 1946 3006 principe,
1998 2943 2050 2990 et

441 3034 582 3089 papa
627 3019 958 3086 Caelestino;
1007 3028 1200 3091 quarta
1241 3021 1605 3086 Chalcedone,
1659 3024 1874 3078 Patrum
1920 3039 2048 3079 sex-

443 3115 729 3162 centorum
760 3107 1003 3177 triginta,
1039 3109 1139 3162 sub
1171 3110 1352 3165 Leone
1385 3126 1544 3181 papa,
1564 3111 1899 3182 temporibus
1915 3113 2050 3166 Mar-

446 3195 588 3251 ciani
641 3195 927 3266 principis,
985 3206 1178 3252 contra
1237 3199 1536 3268 Eutychem
1591 3199 2050 3258 nefandissimum

445 3283 742 3354 prmsulem
785 3286 1214 3350 monachorum;
1257 3287 1441 3358 quinta
1467 3287 1596 3343 item
1645 3289 1700 3343 in
1739 3289 2049 3345 Constanti-

443 3372 630 3444 nOpoli
662 3374 1002 3444 temporibus
1035 3374 1216 3447 Vigilii
1243 3392 1420 3448 papae,
1453 3377 1552 3431 sub
1581 3377 1880 3434 Iustiniano
1901 3380 2052 3450 prin-

443 3461 582 3531 cipe,
615 3470 816 3517 contra
843 3463 1190 3519 Theodorum
1229 3472 1283 3520 et
1329 3481 1521 3520 omnes
1547 3467 1868 3535 hareticos;
1901 3476 2052 3524 sexta

445 3549 576 3605 item
609 3551 664 3604 in
695 3552 1162 3624 Constantinopoli
1204 3553 1306 3608 sub
1343 3555 1629 3626 Agathone
1673 3572 1834 3627 papa,
1866 3557 1956 3628 qui
1985 3573 2052 3612 ex

445 3647 642 3710 rogatu
685 3640 1055 3706 Constantini,
1109 3641 1342 3696 Heraclii
1402 3651 1453 3697 et
1497 3643 1702 3700 Tiberii
1747 3645 2052 3716 principum

445 3726 837 3798 piissimorum,
869 3729 1016 3782 misit
1044 3728 1100 3782 in
1149 3730 1359 3801 regiam
1405 3731 1596 3785 urbem
1639 3732 1853 3802 legatos
1899 3750 2047 3804 suos,

445 3815 501 3869 in
531 3816 728 3886 quibus
757 3825 872 3872 erat
901 3817 1142 3871 Joannes
1171 3817 1428 3872 Romanae
1465 3819 1732 3874 Ecclesiae
1779 3827 1906 3875 tunc
1936 3821 2051 3876 dia-

441 3917 632 3968 conus,
665 3918 776 3957 non
805 3903 970 3974 longe
986 3912 1108 3973 post
1143 3905 1454 3975 episcopus,
1476 3923 1578 3976 pro
1609 3906 1935 3964 adunatione
1967 3908 2052 3964 fa-

450 3990 648 4046 cienda
693 3999 1002 4046 sanctarum
1045 3992 1146 4048 Dei
1185 3993 1554 4049 Ecclesiarum
1588 4012 1602 4048 :
1635 3995 1729 4066 qui
1765 3996 2052 4068 benignis-

446 4078 585 4134 sime
615 4080 856 4150 suscepti
877 4095 910 4134 a
939 4081 1384 4137 reverentissimo
1403 4082 1530 4137 ﬁdei
1561 4083 1843 4141 catholicae
1865 4085 2052 4141 defen-

446 4181 574 4222 sore
590 4166 966 4234 Constantino,
987 4169 1128 4237 jussi
1147 4177 1289 4240 sunt,
1311 4171 1555 4226 remissis
1571 4173 2048 4244 disputationibus,

444 4255 673 4327 paciﬁco
702 4255 974 4328 colloquio
1006 4257 1075 4313 de
1117 4259 1240 4314 vide
1271 4276 1405 4316 vera
1432 4261 1771 4332 perquirere,
1806 4263 1943 4317 datis
1973 4263 2053 4318 eis

447 4344 518 4400 de
547 4344 880 4402 bibliotheca
909 4347 1510 4420 Constantinopolitana
1550 4352 1756 4406 cunctis
1797 4352 2052 4424 antiquo-

2075 3074 2129 3137 C

2143 463 2195 510 et
2224 457 2536 526 patriarcha
2565 458 2752 512 Latine
2781 459 3103 513 celebraret.
3135 459 3371 530 Septima
3392 468 3573 514 autem
3592 461 3738 531 apud

2151 545 2370 600 Graecos
2400 553 2592 601 vocata
2609 547 2926 602 universalis
2959 547 3410 618 pseudosynodus
3439 549 3506 602 de
3539 549 3740 620 imagi-

2143 633 2322 698 nibus,
2370 649 2506 705 quas
2553 635 2769 706 quidam
2817 635 3256 708 confringendas,
3301 637 3516 708 quidam
3563 644 3744 692 autem

2144 721 2452 776 adorandas
2481 723 2754 790 dicebant,
2787 733 2975 779 neutra
3003 741 3135 780 vero
3163 740 3290 794 pars
3311 725 3587 780 intellectu
3603 741 3742 780 sano

2143 809 2438 880 ditﬁniens,
2499 811 2614 866 sine
2671 813 2988 867 auctoritate
3047 813 3361 883 apostolicae
3404 813 3572 878 sedis,
3629 829 3740 870 non

2145 898 2311 970 longe
2362 907 2484 954 ante
2543 908 2730 955 nostra
2777 909 3044 972 tempora,
3094 901 3562 972 Constantinopoli
3593 910 3676 956 est
3705 915 3743 956 a

2143 986 2557 1058 quampluribus
2607 988 2877 1060 episcOpis
2921 989 3122 1056 habita,
3171 997 3225 1043 et
3269 990 3497 1044 Romam
3545 990 3736 1058 missa,

2144 1091 2305 1146 quam
2335 1077 2498 1130 etiam
2519 1092 2660 1147 papa
2683 1079 2955 1132 Romanus
2970 1077 3024 1130 in
3047 1077 3331 1132 Franciam
3349 1078 3564 1133 direxit.
3583 1078 3742 1134 Unde

2142 1171 2383 1234 tempore
2412 1165 2590 1219 Caroli
2621 1165 2804 1235 magni
2833 1166 3192 1236 imperatoris,
3229 1166 3476 1235 jussione
3519 1176 3742 1237 aposto-

2143 1251 2260 1307 licae
2291 1253 2458 1318 sedis,
2487 1253 2760 1324 generalis
2789 1262 2872 1308 est
2901 1254 3143 1324 synodus
3173 1253 3228 1308 in
3259 1255 3504 1320 Francia,
3531 1271 3742 1312 convo-

2143 1348 2297 1395 cante
2327 1340 2555 1411 prwfato
2599 1341 2950 1412 imperatore,
3001 1343 3296 1412 celebrata,
3343 1351 3398 1397 et
3443 1343 3745 1398 secundum

2145 1429 2538 1498 Scripturarum
2611 1431 2878 1484 tramitem
2935 1431 3387 1502 traditionemque
3447 1432 3738 1500 majorum,

2109 1539 2122 1550 -
2144 1517 2260 1588 ipsa
2292 1517 2604 1573 Graecorum
2633 1519 3089 1590 pseudosynodus
3118 1521 3386 1574 destructa
3429 1528 3480 1574 et
3525 1521 3744 1591 penitus

2144 1605 2411 1660 abdicata.
2433 1607 2512 1660 De
2537 1607 2693 1676 cujus
2722 1607 3089 1663 destructione
3135 1623 3244 1663 non
3281 1607 3556 1663 modicum
3583 1608 3745 1664 volu-

2145 1710 2291 1760 men,
2327 1695 2470 1765 quod
2500 1695 2554 1748 in
2585 1696 2782 1765 palatio
2815 1697 3254 1751 adolescentulus
3283 1695 3412 1769 legi,
3447 1697 3516 1751 ab
3547 1697 3747 1752 eodem

2145 1783 2478 1853 imperatore
2505 1784 2736 1839 Romam
2765 1791 2848 1838 est
2876 1801 2976 1854 per
3007 1785 3271 1855 quosdam
3293 1785 3582 1855 episcopos
3609 1786 3746 1840 mis—

2149 1887 2288 1926 sum.
2325 1872 2384 1926 In
2415 1873 2569 1940 cujus
2609 1872 2898 1927 voluminis
2930 1881 3124 1943 quarto
3161 1873 3302 1928 libro
3331 1875 3474 1945 (cap.
3506 1877 3596 1943 28)
3628 1875 3752 1930 haec

2148 1960 2216 2014 de
2245 1959 2538 2014 universali
2566 1961 2784 2016 nomine
2815 1949 3168 2031 scripta‘sunt
3201 1979 3213 2014 :
3253 1982 3276 2012 at
3313 1961 3646 2016 Universitas
3673 1961 3748 2016 ab

2147 2063 2254 2104 uno
2283 2048 2718 2120 cognominatur,
2752 2050 2898 2120 quod
2927 2064 3037 2104 uno
3064 2049 3339 2104 multoties
3368 2065 3528 2105 verso
3557 2065 3752 2121 prapa-

2147 2145 2326 2208 gatur.
2367 2138 2508 2192 Nam
2547 2137 2833 2192 multitudo
2881 2138 3146 2193 unitatum
3193 2145 3436 2194 vertente
3481 2138 3536 2192 in
3579 2155 3750 2193 unum

2149 2224 2394 2291 collecta,
2445 2225 2772 2282 universitas
2821 2225 3068 2280 eﬁicitur.
3119 2227 3270 2281 Sicut
3313 2227 3458 2280 enim
3495 2225 3752 2282 Ecclesia.

2149 2313 2470 2368 universalis
2501 2321 2600 2380 est,
2619 2331 2737 2385 quae
2763 2315 2953 2368 Graeco
2987 2315 3202 2385 eloquio
3235 2315 3498 2370 catholica
3527 2315 3748 2385 dicitur,

2149 2401 2221 2455 ita
2250 2401 2506 2456 nimirum
2536 2417 2698 2457 omne
2729 2403 2988 2473 quidquid
3020 2403 3090 2456 ab
3112 2403 3226 2472 ejus
3255 2403 3461 2458 unitate
3489 2419 3598 2458 non
3626 2403 3750 2458 dis-

2149 2491 2334 2556 cessit,
2393 2489 2714 2546 catholicum
2759 2491 3060 2561 nuncupari
3117 2499 3314 2561 potest.
3367 2491 3555 2546 Omnis
3601 2491 3752 2546 enim

2149 2578 2400 2633 doctrina
2449 2578 2774 2645 Christiana,
2825 2579 2912 2634 vel
2959 2579 3210 2650 quaelibet
3275 2579 3585 2636 constitutio
3631 2581 3753 2635 sive

2151 2667 2368 2722 traditio
2397 2666 2519 2720 talis
2550 2683 2672 2722 esse
2705 2667 2888 2736 debet,
2923 2675 2980 2721 ut
3007 2667 3306 2722 universali
3337 2669 3624 2723 conveniat
3641 2669 3753 2723 Ec-

2151 2753 2334 2810 clesiae
2365 2771 2378 2808 :
2413 2754 2558 2826 quod
2607 2771 2953 2826 nequaquam
3009 2755 3246 2811 haeretici
3298 2755 3748 2822 observaverunt,

2152 2843 2244 2914 qui
2273 2858 2373 2913 per
2403 2843 2646 2898 diversas
2677 2843 2862 2898 mundi
2893 2851 3098 2914 partes,
3146 2843 3415 2914 aliquibus
3463 2845 3755 2915 regionum

2149 2931 2396 3001 partibus
2425 2931 2700 2996 coarctati,
2734 2932 3107 2988 conventicula
3135 2933 3384 3002 quaedam
3425 2941 3747 3001 statuerunt,

2149 3019 2346 3089 quibus
2375 3027 2428 3074 et
2459 3035 2519 3073 se
2549 3028 2602 3075 et
2627 3019 2976 3092 quamplures
3007 3021 3077 3074 ab
3117 3021 3499 3076 ecclesiasticae
3527 3019 3752 3075 unitatis

2151 3107 2429 3162 consortio
2459 3115 2910 3180 segregaverunt,
2945 3108 3082 3163 Cum
3110 3125 3241 3181 ergo
3263 3109 3487 3164 duarum
3516 3117 3568 3164 et.
3587 3109 3756 3164 trium

2149 3195 2568 3266 provinciarum
2587 3196 2853 3266 praesules
2881 3197 2936 3250 in
2966 3213 3133 3252 unum
3153 3197 3501 3268 conveniunt,
3535 3197 3582 3250 si
3607 3197 3754 3252 anti-

2153 3299 2380 3354 quorum
2409 3299 2680 3340 canonum
2709 3285 3039 3340 institutione
3083 3286 3276 3340 muniti
3321 3286 3524 3357 aliquid
3551 3285 3754 3356 praedi-

2151 3372 2382 3428 cationis
2411 3381 2502 3427 aut
2529 3373 2798 3445 dogmatis
2829 3373 3130 3440 instituunt,
3167 3375 3310 3444 quod
3341 3382 3520 3429 tamen
3548 3374 3616 3428 ab
3643 3389 3752 3428 an—

2151 3459 2426 3532 tiquorum
2441 3461 2674 3516 Patrum
2707 3461 3054 3534 dogmatibus
3079 3477 3189 3518 non
3225 3463 3517 3533 discrepat,
3552 3462 3749 3517 catho-

2151 3548 2317 3605 licum
2349 3557 2432 3604 est
2457 3551 2602 3621 quod
2643 3549 2868 3620 faciunt,
2917 3559 2971 3606 et
3013 3550 3246 3606 fortasse
3289 3551 3396 3610 dici
3423 3559 3600 3622 potest
3625 3551 3754 3606 uni-

2152 3638 2364 3694 versale
2395 3654 2407 3692 :
2443 3639 2696 3708 quoniam
2727 3639 2971 3710 quamvis
2998 3655 3108 3695 non
3137 3639 3207 3694 sit
3235 3639 3302 3693 ab
3330 3639 3568 3695 universi
3595 3639 3752 3695 orbis

2153 3725 2482 3798 praesulibus
2529 3735 2728 3794 actum,
2760 3735 2940 3782 tamen
2995 3728 3064 3782 ab
3115 3729 3488 3783 universorum
3545 3727 3652 3782 ﬁde
3693 3735 3752 3782 et

2151 3814 2436 3870 traditione
2467 3831 2576 3871 non
2607 3815 2896 3888 discrepat,
2932 3817 3076 3887 quod
3107 3816 3296 3872 crebro
3317 3815 3513 3872 factum
3541 3815 3596 3870 in
3625 3815 3750 3886 ple-

2155 3903 2337 3974 risque
2367 3904 2557 3958 mundi
2584 3905 2828 3976 partibus
2859 3905 3181 3976 quibusdam
3219 3905 3629 3960 necessitatibus
3657 3905 3750 3959 in-

2153 3992 2528 4047 cumbentibus
2561 3993 2778 4048 scimus.
2811 3993 2974 4048 Multa
3004 3995 3150 4048 enim
3177 3993 3404 4049 concilia
3429 4000 3582 4064 gesta
3599 4001 3748 4056 sunt,

2154 4095 2380 4151 quorum
2409 4081 2835 4137 institutionibus
2865 4090 3052 4136 sancta
3095 4082 3336 4136 munitur
3379 4090 3434 4137 et
3477 4081 3748 4136 corrobo-

2153 4176 2298 4223 ratur
2327 4169 2592 4225 Ecclesia.
2629 4170 2688 4224 Si
2713 4186 2845 4226 vero
2871 4171 3101 4224 duarum
3129 4179 3218 4225 aut
3245 4170 3404 4224 trium
3433 4168 3752 4241 provincia-

2153 4272 2270 4310 rum
2299 4258 2562 4328 praasules
2591 4258 2648 4312 in
2675 4275 2841 4314 unum
2871 4259 3276 4324 convenientes,
3318 4273 3462 4314 nova
3501 4257 3754 4329 quaedam

2154 4352 2394 4401 statuere
2439 4346 2738 4418 cupientes,
2799 4347 3175 4404 conventicula
3233 4347 3478 4418 qumdam
3523 4345 3748 4415 faciunt,

445 4449 567 4488 rum
595 4435 814 4489 Patrum
845 4451 982 4507 quos
1009 4437 1262 4508 petebant
1294 4438 1513 4494 libellis.
1543 4439 1844 4495 Adfuerunt
1865 4448 2045 4495 autem
2073 4434 2126 4494 D
2157 4450 2280 4506 quae
2309 4450 2418 4491 non
2448 4451 2570 4491 cum
2599 4436 2840 4491 universi
2875 4436 3027 4492 orbis
3071 4435 3314 4492 Ecclesia
3360 4435 3616 4503 sentiunt,
3649 4435 3754 4490 sed

447 4531 498 4578 et
528 4523 772 4594 episcopi
801 4531 1022 4580 centum
1041 4526 1453 4598 quinquaginta,
1471 4529 1794 4598 praesidente
1808 4529 2050 4602 Georgio

445 4611 750 4682 patriarcha
805 4613 976 4685 regiae
1027 4613 1197 4680 urbis,
1258 4623 1312 4669 et
1369 4615 1666 4672 Antiochia;
1710 4618 1965 4682 Macario,
1999 4625 2052 4674 et

447 4700 677 4756 convicti
707 4709 831 4756 sunt
872 4702 964 4773 qui
1011 4719 1174 4758 unam
1217 4703 1550 4768 voluntatem
1581 4713 1634 4760 et
1675 4706 2048 4776 operationem

447 4789 761 4844 astruebant
790 4790 847 4844 in
881 4791 1116 4858 Christo,
1153 4791 1383 4847 falsasse
1414 4793 1634 4848 Patrum
1664 4794 2052 4850 catholicorum

449 4874 590 4930 dicta
627 4877 978 4947 perplurima.
1027 4880 1200 4936 Finito
1239 4889 1418 4936 autem
1461 4882 1730 4949 conﬂictu,
1779 4883 2051 4955 Georgius

451 4972 752 5031 correctus,
787 4967 1056 5023 Macarius
1085 4985 1220 5025 vero
1242 4985 1368 5025 cum
1389 4970 1502 5025 suis
1519 4970 1868 5041 sequacibus,
1892 4971 2052 5026 simul

448 5059 502 5107 et
541 5055 968 5124 praacessoribus
1011 5057 1174 5127 Cyro,
1236 5059 1450 5130 Sergio,
1509 5059 1768 5124 Honorio,
1821 5060 2048 5129 Pyrrho,

451 5140 638 5208 Paulo,
689 5150 742 5197 et
789 5143 953 5198 Petro
1009 5147 1463 5212 anathematizati,
1511 5154 1565 5201 et
1607 5147 1663 5201 in
1709 5147 1892 5202 locum
1935 5147 2052 5216 ejus

447 5229 831 5302 TheOpbanius
876 5232 1019 5288 abba
1070 5235 1140 5289 de
1179 5236 1365 5292 Cilicia
1431 5235 1714 5291 Antiochea
1761 5235 2051 5307 episcopus

449 5317 645 5374 factus.
677 5321 952 5393 Tantaque
1001 5325 1173 5394 gratia
1215 5326 1426 5395 legatos
1475 5325 1752 5380 catholicae
1781 5325 1931 5396 pacis
1961 5339 2051 5380 co-

447 5406 636 5461 mitata
661 5417 765 5478 est,
797 5417 854 5464 ut
880 5411 1082 5468 Joanes
1115 5413 1429 5468 Portuensis
1461 5413 1774 5484 episcOpus,
1817 5414 1909 5486 qui
1937 5421 2054 5468 erat

449 5519 590 5561 unus
619 5521 686 5563 ex
714 5506 868 5580 ipsis,
912 5510 1200 5569 Dominica
1237 5517 1554 5568 octavarum
1583 5511 1808 5568 Paschae
1855 5512 2052 5570 missas

2149 4523 2216 4577 ab
2237 4539 2304 4579 ea
2333 4525 2570 4596 quadam
2599 4542 2664 4580 ex
2689 4535 2843 4595 parte
2873 4525 3219 4592 dissentiunt,
3254 4540 3362 4578 non
3403 4532 3485 4579 est
3509 4523 3750 4580 catholi-

2151 4626 2276 4667 cum
2303 4613 2448 4684 quod
2474 4613 2696 4680 faciunt,
2729 4621 2782 4668 et
2811 4613 2932 4670 ideo
2969 4614 3276 4672 universale
3307 4613 3607 4684 nuncupari
3637 4627 3752 4668 non

2149 4707 2348 4771 potest.
2383 4699 2556 4757 Omne
2595 4702 2742 4774 quod
2791 4701 3224 4758 ecclesiasticum
3265 4711 3366 4768 est,
3419 4701 3750 4757 catholicum

2153 4796 2253 4856 est,
2287 4796 2340 4843 et
2367 4804 2526 4844 omne
2548 4790 2694 4860 quod
2740 4789 3068 4845 catholicum
3114 4800 3214 4858 est,
3260 4791 3569 4846 universale
3609 4797 3696 4845 est
3730 4807 3744 4843 :

2153 4891 2314 4932 omne
2362 4885 2541 4931 autem
2585 4877 2730 4948 quod
2773 4877 3078 4934 universale
3123 4887 3223 4945 est,
3273 4877 3511 4949 profanis
3555 4892 3750 4933 vocum

2152 4965 2478 5020 novitatibus
2515 4972 2680 5031 caret,
2713 4981 2873 5022 omne
2915 4967 3081 5039 igitur
3127 4967 3272 5037 quod
3319 4966 3752 5023 ecclesiasticum

2153 5059 2253 5120 est,
2285 5051 2530 5122 profanis
2559 5069 2754 5109 vocum
2784 5056 3110 5110 novitatibus
3139 5063 3307 5111 caret.
3339 5056 3408 5109 Et
3445 5055 3492 5109 si
3520 5056 3637 5110 haec
3665 5072 3752 5124 sy-

2151 5139 2328 5195 nodus
2383 5156 2579 5198 vocum
2627 5142 2954 5198 novitatibus
3001 5153 3234 5210 careret,
3263 5144 3606 5214 antiquorum
3637 5143 3748 5196 Pa-

2153 5235 2292 5283 trum
2319 5229 2665 5302 dogmatibus
2692 5239 2962 5298 contenta,
2995 5232 3311 5288 universalis
3339 5231 3446 5288 dici
3483 5238 3700 5303 poterat
3733 5248 3746 5284 :

2153 5332 2264 5372 non
2291 5325 2468 5373 autem
2496 5320 2840 5391 antiquorum
2871 5322 3091 5375 Patrum
3121 5321 3466 5390 dogmatibus
3497 5327 3754 5375 contenta

2155 5414 2256 5474 est,
2289 5422 2397 5461 non
2425 5407 2589 5479 igitur
2617 5408 2940 5464 universalis
2987 5409 3094 5464 dici
3147 5416 3342 5479 potest.
3377 5409 3756 5464 Universalem

2153 5505 2316 5577 plane
2343 5505 2594 5565 eamdem
2622 5507 2890 5578 synodum
2935 5521 3048 5564 non
3075 5513 3456 5566 cunctaremur
3483 5505 3754 5578 proﬁteri:
