4020 6182
209 265 298 317 361
920 259 1162 315 OPUSC.
1213 252 1304 308 ET
1359 256 1576 310 EPIST.
1626 256 1694 308 IN
1745 254 1968 309 CAUSA
2029 254 2368 310 HINCMARI
2424 255 2726 312 LAUDUN.

3398 257 3502 311 362

208 385 304 440 nisi
333 400 460 438 eam
479 383 804 438 universalis
824 381 1088 438 Ecclesize
1111 382 1456 453 dogmatibus
1479 380 1802 435 sentiremus
1832 380 1888 439 Α
1909 380 2028 445 bus,
2065 397 2172 452 quo
2204 389 2256 435 et
2285 381 2566 435 Nicaenum
2595 377 2883 434 concilium
2913 376 3110 432 factum
3139 385 3240 446 est,
3290 391 3504 433 memo-

211 472 494 542 refragari.
545 496 566 518 ιι
1270 514 1282 524 .

277 561 461 616 Claret
493 560 658 616 etiam
682 560 783 614 hac
805 560 873 613 de
893 575 1077 626 causa,
1103 567 1160 612 ut
1181 557 1445 628 praedixit,
1472 556 1810 611 universales

209 667 264 705 ac
295 648 592 721 generales
624 648 863 718 synodos
885 646 1170 710 nominari,
1198 664 1322 701 cum
1339 647 1522 716 plures
1545 644 1806 715 episcopi,

212 755 364 810 quam
399 739 454 790 in
485 737 814 808 quibusdam
845 735 1076 805 przefatis
1107 735 1329 805 synodis
1362 734 1552 788 fuerint
1589 749 1810 804 congre-

212 825 335 897 gati,
371 825 692 896 apostolicae
723 825 873 878 sedis
897 824 1162 891 jussione,
1186 833 1238 876 et
1260 822 1528 892 imperiali
1549 837 1812 876 convoca-

213 915 351 968 tione
376 931 390 966 :
417 915 556 968 sicut
587 912 928 970 Sardicensis
958 912 1216 981 synodus,
1242 911 1294 964 in
1320 928 1422 980 qua
1443 912 1512 964 ab
1534 910 1813 979 Hesperiis

213 1003 453 1073 partibus
503 1001 789 1071 plusquam
841 999 1068 1054 trecenti
1119 1007 1488 1054 convenerunt
1547 998 1807 1068 episcopi.

212 1092 271 1145 Et
297 1091 348 1142 in
383 1089 658 1144 Africanis
689 1087 930 1157 synodis,
956 1104 1078 1142 cum
1111 1087 1302 1156 legatis
1325 1087 1635 1156 apostolicae
1667 1087 1812 1140 sedis

213 1178 514 1242 celebratis,
551 1177 820 1230 interdum
851 1176 1083 1245 amplius
1121 1192 1285 1246 quam
1333 1176 1548 1229 ducenti
1596 1175 1812 1228 fuerunt

213 1265 537 1338 congregati
569 1264 848 1334 episcopi;
889 1280 998 1318 non
1030 1272 1208 1317 tamen
1259 1263 1398 1317 inter
1447 1264 1538 1317 illa
1589 1264 1811 1318 univer-

213 1355 334 1410 salia
366 1353 603 1409 concilia
633 1361 1033 1422 computantur,
1067 1368 1190 1406 cum
1221 1361 1430 1408 constet
1475 1369 1596 1406 esse
1629 1353 1812 1406 catho-

213 1444 305 1500 lica
344 1452 398 1498 et
428 1459 458 1496 a
493 1442 626 1496 sede
675 1441 972 1512 apostolica
1015 1450 1178 1511 atque
1219 1441 1517 1495 universali
1565 1441 1814 1495 Ecclesia

215 1533 605 1602 receptissima.
642 1531 798 1585 Unde
829 1537 1048 1583 sanctus
1099 1529 1398 1600 Gregorius
1449 1531 1502 1583 in
1551 1530 1813 1600 synodica

213 1621 436 1692 epistola
465 1620 536 1674 ad
568 1619 856 1690 Cyriacum
895 1617 1548 1687 ConstantinOpolitanum
1595 1619 1810 1688 episco-

1909 478 2062 522 rante
2095 469 2246 538 Osio,
2281 470 2350 522 ad
2381 469 2758 522 auctoritatem
2786 467 3209 521 devocaverunt.
3260 465 3325 520 Et
3367 465 3502 520 Car-

1910 558 2246 628 thaginensis
2304 558 2496 628 synodi
2545 557 2822 610 decretam
2871 554 3308 610 constitutionem
3351 555 3508 625 quasi

1909 646 2206 716 prOpriam,
2241 647 2536 715 apostolica
2569 645 2728 700 sedes
2757 661 2857 715 per
2883 643 3259 699 Innocentium
3296 651 3350 698 et
3379 643 3536 698 (ἰαὶ--

1911 735 2160 788 lestinum
2189 736 2551 804 amplectitur.
3453 726 3462 735 ’

1983 824 2071 877 Sic
2104 825 2267 894 igitur
2293 823 2630 877 universales
2660 822 2853 892 synodi
2875 821 3182 892 specialiter
3201 821 3512 892 apostolica

1913 912 2059 964 sedis
2090 914 2405 966 auctoritate
2437 921 2819 974 convoeantur,
2865 919 2916 963 et
2944 927 3099 980 aeque
3149 909 3512 980 provinciales

1913 1003 2190 1055 canonicte
2227 1003 2437 1073 synodi,
2473 1003 2692 1055 decreto
2725 1000 2869 1054 sedis
2899 999 3228 1069 apostolicae,
3262 1013 3292 1052 a
3319 1005 3516 1053 metro-

1913 1091 2168 1160 politanis
2217 1101 2267 1144 et
2313 1091 2708 1160 provinciarum
2756 1089 3076 1159 primatibus
3123 1095 3510 1143 convocantur.

1917 1178 2063 1231 Sicut
2095 1179 2161 1231 de
2192 1180 2401 1232 collatis
2433 1178 2678 1232 clavibus
2711 1178 2867 1247 regni
2897 1177 3178 1241 cmlorum,
3232 1176 3288 1230 id
3332 1183 3414 1231 est
3444 1175 3514 1230 li-

1914 1267 2078 1338 gandi
2113 1275 2162 1319 et
2195 1267 2460 1331 solvendi,
2495 1265 2794 1336 pontiticio,
2821 1265 3128 1335 specialiter
3149 1272 3336 1318 sancto
3355 1265 3516 1318 Petro

1914 1355 2038 1407 dato
2071 1363 2121 1406 et
2153 1355 2314 1407 simul
2345 1355 2596 1408 omnibus
2628 1353 2910 1423 apostolis,
2958 1361 3008 1406 et
3042 1352 3096 1405 in
3129 1352 3208 1406 eis
3236 1350 3515 1407 catholicis

1914 1443 2183 1512 episcopis
2216 1443 2432 1506 collato,
2468 1452 2654 1496 sancta
2685 1451 2736 1496 et
2761 1441 3084 1495 universalis
3133 1448 3276 1493 tenet
3324 1439 3517 1495 Eccle-

1914 1531 2014 1584 sia.
2049 1531 2203 1585 Unde
2235 1531 2422 1584 beatus
2454 1532 2561 1584 Leo
2605 1531 2658 1583 in
2705 1546 2957 1584 sermone
3003 1529 3085 1582 sui
3132 1527 3327 1582 natalis
3374 1529 3516 1584 inter

1915 1628 2109 1672 caetera
2158 1619 2285 1671 dicit
2337 1637 2350 1671 :
2403 1643 2424 1664 ‹‹
2476 1619 2635 1686 Quod
2683 1619 2880 1672 dicitur
2927 1617 3241 1672 beatissimo
3285 1618 3444 1671 Petro
3496 1634 3510 1670 :

214 1726 330 1780 pum
365 1709 438 1762 de
468 1707 720 1763 Eudoxio
769 1708 887 1772 (lib.
922 1722 996 1771 v1,
1029 1706 1148 1761 ind.
1187 1710 1269 1768 15,
1305 1723 1388 1777 ep.
1423 1709 1474 1774 4,
1528 1709 1586 1761 in
1627 1708 1763 1775 fine)
1795 1724 1883 1795 :B
1920 1708 2179 1762 ’I‘lbidab.)
2202 1709 2385 1761 CllIUt'S
2409 1706 3520 1778 regniewlorum,etquwcunqueligave-

215 1823 234 1843 «
268 1799 322 1853 Si
355 1797 482 1870 quis
513 1813 638 1851 eum
671 1797 936 1850 veraciter
965 1795 1033 1848 de
1063 1795 1346 1850 catholicis
1383 1796 1627 1849 Patribus
1658 1796 1809 1848 dam-

214 1895 311 1948 nat,
367 1886 487 1954 ejus
549 1883 737 1954 procul
782 1883 948 1937 dubio
999 1883 1317 1938 sententiam
1362 1885 1672 1953 sequimur;
1714 1899 1813 1938 vos

213 1985 384 2030 tamen
416 1973 465 2027 si
494 1973 552 2026 in
583 1971 844 2042 synodica
875 1980 1054 2026 vestra
1083 1971 1312 2041 epistola
1343 1988 1438 2025 eos
1469 1988 1680 2042 quoque
1708 1988 1810 2026 no-

214 2063 454 2117 minatim
485 2061 752 2114 damnare
785 2059 1050 2125 voluistis,
1085 2059 1175 2130 qui
1205 2068 1359 2114 extra
1399 2069 1612 2114 sanctas
1642 2075 1811 2130 syno-

215 2151 305 2206 dos
332 2167 440 2221 per
465 2150 686 2204 Patrum
718 2149 917 2218 scripta
961 2149 1300 2215 damnantur,
1347 2149 1546 2202 multos
1595 2148 1812 2216 scriptis

217 2240 404 2294 vestris
438 2246 622 2292 vestra
654 2237 957 2292 fraternitas
988 2237 1169 2290 minus
1196 2237 1414 2306 posuit;
1451 2237 1496 2290 si
1516 2246 1695 2290 autem
1718 2253 1813 2290 eos

215 2344 341 2400 quos
371 2325 668 2397 generales
717 2325 910 2396 synodi
960 2334 1239 2394 respuunt,
1291 2326 1434 2378 hunc
1482 2341 1644 2378 unum
1692 2342 1812 2376 am-

215 2415 365 2486 plius.
410 2441 432 2464 ιε
469 2416 539 2469 Et
566 2415 622 2468 in
653 2413 910 2468 Africano
941 2413 1170 2468 concilio
1202 2413 1433 2482 legimus
1478 2425 1627 2470 (cun.
1673 2418 1763 2476 62)
1797 2429 1809 2466 :

219 2525 237 2546 α
269 2499 576 2555 Concilium
607 2498 918 2552 universale
948 2513 1056 2552 non
1088 2497 1193 2550 nisi
1235 2497 1553 2552 necessitate
1603 2497 1811 2550 faeten-

214 2589 350 2644 dum.
405 2587 618 2642 Placuit
668 2595 724 2640 ut
765 2601 874 2640 non
921 2586 991 2638 sit
1041 2587 1178 2640 ultra
1219 2585 1510 2656 fatigandis
1555 2585 1812 2639 fratribus

215 2676 588 2731 anniversaria
627 2662 964 2740 necessitas;
999 2683 1052 2728 et
1099 2675 1310 2744 quoties
1357 2675 1600 2745 exegerit
1647 2689 1814 2728 causa

216 2765 539 2828 communis,
573 2764 630 2818 id
665 2771 748 2818 est
779 2763 942 2817 totius
971 2762 1182 2825 Africae,
1209 2763 1566 2833 undecunque
1589 2763 1654 2815 ad
1676 2763 1815 2816 hanc

217 2855 392 2909 sedem
425 2855 496 2908 de
527 2853 633 2908 hac
663 2869 722 2906 re
764 2851 903 2906 data:
951 2851 1144 2906 littera:
1195 2851 1411 2915 fuerint,
1463 2867 1813 2922 congregan-

215 2944 329 2998 dam
360 2959 488 2998 esse
521 2942 794 3013 synodum
816 2941 869 2995 in
888 2956 982 2995 eas
1001 2940 1310 3010 provincias
1329 2939 1419 2992 tibi
1441 2940 1815 3010 Opportunitas

214 3031 570 3102 persuaserit.
604 3031 794 3084 Causae
822 3038 998 3083 autem
1031 3045 1152 3100 qua)
1180 3045 1498 3082 communes
1544 3044 1652 3082 non
1692 3036 1814 3082 sunt

212 3090 265 3174 in
289 3121 404 3174 suis
435 3119 737 3190 provinciis
761 3090 1090 3186 judicentur.
1133 3141 1152 3163 η
1189 3119 1252 3170 Ει
1284 3118 1390 3170 Leo
1414 3133 1550 3186 papa
1567 3117 1634 3170 ad
1657 3117 1816 3171 )laxi-
1845 3090 1894 3153 Ο

214 3224 350 3262 muni
384 3208 788 3262 Antiochenam
819 3205 1035 3276 scripsit
1069 3222 1081 3259 :
1121 3228 1140 3252 ιι
1193 3203 1489 3275 Quidquid,
1539 3205 1808 3276 inquiens,

213 3306 432 3368 prOpter
459 3295 732 3367 speciales
761 3310 958 3351 causas
989 3293 1325 3364 synodalium
1356 3294 1713 3348 conciliorum
1745 3295 1816 3348 ad

213 3401 439 3442 examen
470 3383 818 3456 episcopales
846 3382 1100 3445 defertur,
1134 3390 1310 3452 potest
1339 3382 1573 3452 aliquam
1619 3383 1815 3450 dijudi-

213 3475 366 3530 candi
399 3473 610 3528 habere
642 3472 929 3537 rationem,
981 3471 1027 3525 si
1071 3471 1147 3524 nil
1175 3471 1243 3525 de
1290 3488 1356 3525 eo
1404 3480 1484 3525 est
1531 3487 1565 3525 θ,
1613 3471 1816 3526 sanctis

212 3563 465 3618 Patribus
498 3562 646 3632 apud
674 3561 916 3617 Nicaeam
946 3559 1250 3614 diﬁinitum.
1274 3561 1413 3614 Nam
1445 3561 1586 3631 quod
1616 3561 1683 3614 ab
1705 3560 1815 3614 illo-

215 3667 324 3708 rum
373 3651 588 3725 regulis
637 3659 690 3706 et
736 3649 1116 3706 constitutione
1165 3649 1454 3716 discordat,
1505 3649 1816 3719 apostolica:

215 3741 354 3796 sedis
405 3755 694 3810 nunquam
742 3738 936 3809 poterit
983 3737 1228 3793 obtinere
1275 3754 1622 3792 consensum.
1681 3762 1700 3784 ››
1750 3738 1817 3792 Et

213 3830 556 3885 Antiochena
587 3827 827 3898 synodus
857 3826 984 3882 dicit
1007 3826 1159 3890 (can.
1187 3830 1274 3894 16)
1310 3849 1329 3871 α
1366 3825 1817 3896 perfectumillud

212 3933 328 3973 esse
359 3916 679 3982 concilium,
731 3915 822 3970 ubi
865 3915 1167 3969 interfuerit
1196 3915 1640 3984 metropolitanus
1672 3913 1816 3967 anti-

215 4015 338 4061 stes.
381 4031 404 4052 »
440 4008 508 4060 Et
537 4004 784 4059 Zosimus
813 4020 954 4074 papa
985 4003 1207 4058 Aurelio
1234 4011 1286 4057 et
1316 4003 1584 4056 universis
1611 4002 1821 4071 episco-

212 4095 290 4163 pis
317 4112 425 4166 per
453 4093 694 4149 Africam
727 4092 1048 4158 constitutis,
1091 4092 1186 4146 sed
1219 4099 1270 4145 et
1303 4091 1572 4145 universis
1605 4090 1818 4159 episco-

213 4182 291 4252 pis
319 4199 429 4254 per
459 4182 674 4238 Gallias
703 4189 755 4235 et
783 4189 989 4251 septem
1030 4179 1340 4250 provincias
1389 4179 1716 4242 constitutis,
1768 4187 1820 4232 et

213 4271 488 4326 universis
519 4270 796 4341 episcopis
823 4285 922 4339 per
951 4267 1263 4338 Hispaniam
1294 4267 1616 4331 constitutis,
1643 4283 1672 4320 a
1701 4266 1818 4336 pari

209 4357 346 4416 inter
411 4368 612 4416 caetera
660 4359 924 4420 scribens,
977 4356 1362 4428 provincialem
1412 4356 1816 4410 Gallicanorum

1912 1798 1990 1874 ri§
2008 1813 2174 1866 super
2190 1800 2421 1859 terram,
2440 1800 2610 1850 erunt
2637 1797 2810 1865 ligata
2829 1799 2882 1848 et
2903 1795 2960 1848 in
2983 1795 3170 1861 ctclis;
3190 1799 3244 1850 et
3260 1810 3518 1866 quaecun-

1912 1901 2013 1951 que
2043 1886 2273 1938 solveris
2303 1899 2472 1954 super
2504 1887 2737 1948 terram,
2760 1887 2932 1936 erunt
2961 1885 3148 1938 soluta
3181 1887 3238 1937 et
3268 1884 3329 1937 in
3359 1883 3514 1939 caelis

1913 1972 1929 2027 (
1941 1973 2132 2026 Matth.
2169 1981 2308 2036 xvi),
2343 1971 2590 2024 transivit
2625 1971 2842 2042 quidem
2869 1971 3028 2024 etiam
3053 1972 3106 2024 in
3131 1971 3267 2026 alios
3295 1981 3514 2041 aposto-

1911 2059 1993 2114 los
2027 2062 2143 2127 ejus
2172 2060 2323 2112 istius
2354 2061 2655 2129 potestatis,
2690 2068 2741 2114 et
2773 2060 2841 2114 ad
2873 2075 3064 2113 omnes
3087 2059 3347 2114 Ecclesiae
3365 2060 3514 2130 prin-

1912 2149 2061 2218 cipes
2092 2149 2298 2203 decreti
2329 2149 2484 2215 huius
2517 2147 2829 2203 constitutio
2868 2147 3210 2216 commeavit,
3260 2148 3356 2202 sed
3404 2164 3516 2204 non

1912 2237 2111 2290 frustra
2144 2238 2235 2290 uni
2267 2238 2681 2292 commendatur
2721 2237 2866 2307 quod
2915 2236 3168 2290 omnibus
3215 2235 3508 2291 intimatur.

1911 2327 2072 2380 Petro
2103 2326 2246 2379 enim
2279 2328 2402 2380 ideo
2434 2329 2538 2380 hoc
2570 2326 2920 2398 singulariter
2952 2325 3206 2389 creditur,
3241 2327 3369 2395 quia
3390 2341 3517 2380 cun-

1913 2414 2011 2468 ctis
2077 2415 2335 2468 Ecclesiae
2393 2415 2696 2469 rectoribus
2757 2414 2895 2467 Petri
2949 2413 3122 2467 forma
3179 2414 3512 2483 pr0ponitur.

1913 2503 2092 2556 Manet
2121 2520 2255 2574 ergo
2289 2504 2427 2557 Petri
2459 2503 2825 2574 privilegium,
2873 2501 3181 2572 ubicunque
3229 2517 3294 2556 ex
3341 2501 3514 2572 ipsius

1913 2590 2086 2644 fertur
2115 2593 2366 2661 {equitate
2390 2593 2650 2660 judicium
2676 2611 2690 2658 ;
2723 2608 2823 2646 nec
2853 2591 3015 2644 nimia
3033 2599 3114 2644 est
3137 2590 3222 2645 vel
3253 2590 3514 2645 severitas

1913 2679 1999 2732 vel
2030 2681 2296 2744 remissio,
2329 2681 2421 2732 ubi
2470 2681 2602 2732 nihil
2652 2689 2733 2732 est
2781 2680 3028 2751 ligatum,
3077 2678 3208 2732 nihil
3252 2679 3510 2745 solutum,

1913 2767 2017 2820 nisi
2049 2769 2192 2838 quod
2232 2769 2418 2821 beatus
2468 2769 2659 2821 Petrus
2705 2777 2792 2822 aut
2840 2767 3040 2840 ligarit,
3091 2775 3184 2821 aut
3229 2767 3446 2822 solveri.
3488 2791 3511 2814 υ

1915 2854 2020 2923 Qui
2050 2873 2237 2928 regem
2269 2857 2552 2923 caelorum,
2589 2865 2645 2909 ut
2675 2855 3008 2925 Augustinus
3027 2863 3078 2908 et
3095 2855 3278 2910 centeri
3333 2856 3520 2910 docto-

1918 2960 2006 2998 res
2038 2954 2330 3013 exponunt,
2366 2945 2561 3014 majori
2592 2961 2706 3014 pra:
2735 2945 2947 2998 caeteris
2979 2943 3265 2998 devotione
3299 2943 3512 2998 confes-

1917 3049 2010 3086 sus
2069 3042 2170 3094 est,
2225 3035 2416 3088 merito
2463 3049 2576 3103 prae
2628 3033 2838 3088 caeteris
2884 3033 3000 3102 ipse
3029 3031 3237 3086 collatis
3269 3032 3517 3087 clavibus

1917 3122 2068 3190 regni
2099 3121 2338 3176 cmlestis
2368 3138 2595 3175 munere
2625 3123 2856 3175 donatus
2887 3129 2988 3185 est,
3021 3128 3079 3174 ut
3109 3129 3380 3176 constaret
3408 3137 3522 3176 om-

1915 3211 2074 3263 nibus
2107 3211 2232 3280 quia
2262 3211 2468 3280 absque
2512 3227 2574 3263 ea
2619 3209 2964 3265 confessione
3013 3224 3079 3263 ac
3127 3209 3234 3262 fide
3283 3225 3517 3281 regnum

1917 3299 2179 3352 caelorum
2209 3299 2392 3352 nullus
2422 3299 2593 3368 possit
2639 3298 2860 3352 intrare.
2913 3297 3108 3351 Claves
3137 3305 3316 3351 autem
3359 3297 3518 3370 regni

1917 3387 2178 3440 cmlorum
2209 3386 2380 3455 ipsam
2415 3387 2758 3440 discernendi
2788 3385 3068 3440 scientiam
3110 3385 3518 3456 potentiamque

1916 3474 2174 3541 nominat,
2208 3490 2316 3544 qua
2345 3474 2544 3545 dignos
2574 3474 2822 3542 recipere
2865 3473 2922 3526 in
2965 3489 3216 3542 regnum,
3262 3473 3519 3545 indignos

1918 3562 2196 3615 secludere
2228 3562 2456 3615 deberet
2483 3578 2512 3614 a
2543 3578 2758 3634 regno;
2794 3561 2938 3615 unde
2973 3559 3257 3615 manifeste
3286 3561 3518 3628 subjun-

1917 3650 1996 3722 git
2021 3666 2033 3702 :
2061 3651 2126 3704 Et
2146 3651 2510 3722 quodcunque
2530 3652 2791 3721 ligaveris
2811 3665 2982 3722 super
2999 3653 3234 3717 terram,
3249 3651 3360 3704 erit
3381 3651 3523 3722 liga-

1919 3742 2038 3792 tum
2061 3743 2114 3792 et
2137 3739 2198 3792 in
2221 3740 2405 3802 caelis;
2431 3743 2485 3793 et
2503 3740 2864 3810 quodcunque
2877 3739 3109 3794 solveris
3121 3754 3292 3809 super
3308 3742 3523 3794 terram

1918 3828 2028 3880 erit
2048 3829 2297 3881 solutum
2317 3832 2370 3881 et
2393 3827 2455 3880 in
2479 3828 2650 3882 aclis.
2677 3826 2810 3894 Quae
2840 3825 3084 3882 solvendi
3114 3841 3179 3882 ac
3207 3826 3413 3899 ligandi
3431 3842 3526 3897 po-

1917 3923 2106 3978 testas,
2141 3915 2388 3984 quamvis
2419 3915 2521 3969 soli
2553 3916 2706 3969 Petro
2738 3915 2868 3969 data
2897 3915 3146 3970 videatur
3188 3930 3222 3969 a
3265 3915 3521 3982 Domino,

1919 4004 2125 4072 absque
2153 4003 2258 4056 ulla
2291 4012 2471 4056 tamen
2504 4004 2780 4058 dubietate
2814 4005 3150 4058 noscendum
3183 4011 3265 4058 est
3300 4003 3428 4074 quia
3473 4012 3528 4059 et

1919 4092 2131 4146 ca-teris
2163 4093 2426 4161 apostolis
2456 4093 2631 4158 datur,
2668 4093 2786 4162 ipso
2818 4102 2953 4147 teste
2985 4093 3076 4164 qui
3107 4101 3228 4162 post
3257 4093 3528 4162 passionis

1921 4181 2445 4251 resurrectionisque
2475 4197 2587 4234 sum
2611 4181 2945 4250 triumphum
2961 4197 3234 4251 apparens
3256 4181 3334 4236 eis
3356 4181 3525 4236 insuf-

1921 4267 2086 4332 ﬂavit,
2121 4277 2172 4320 et
2191 4269 2323 4322 dixit
2341 4269 2592 4322 omnibus
2618 4286 2630 4320 :
2655 4271 2908 4339 Accipite
2931 4270 3208 4339 Spiritum
3228 4274 3523 4336 sanctum;

1921 4374 2158 4427 quorum
2179 4359 2514 4412 rcmiscritis
2529 4360 2785 4427 peccata,
2807 4357 3179 4410 remittentur
3199 4359 3299 4423 eis,
3315 4361 3372 4410 et
3391 4373 3524 4428 quo-

209 4449 598 4519 episcoporum
628 4447 896 4517 synodum
927 4445 1190 4516 approbat
1220 4445 1294 4499 ita
1325 4445 1510 4498 dicens
1543 4463 1554 4498 :
1593 4469 1613 4490 ‹‹
1651 4446 1808 4498 Laza-
1837 4443 1889 4503 D
1923 4462 2050 4499 rum
2084 4447 2458 4511 retinucritis,
2491 4448 2716 4498 retenta
2748 4448 2886 4498 sunt
2916 4445 3096 4511 (Joan.
3131 4445 3253 4512 xx).
3279 4445 3393 4498 Nec
3413 4460 3524 4499 non

207 4553 316 4601 rus,
351 4537 554 4608 inquit,
586 4537 794 4590 dudum
822 4535 875 4588 in
903 4535 1219 4588 Taurinensi
1275 4533 1507 4588 concilio
1554 4533 1819 4604 gravissi-

207 4641 428 4680 morum
489 4625 870 4696 episcoporum
933 4622 1216 4677 sententiis
1271 4638 1368 4692 pro
1435 4622 1818 4675 calumniatore

208 4714 529 4782 damnatus,
587 4729 712 4768 cum
771 4711 960 4766 Briccii
1015 4711 1316 4766 innocentis
1367 4699 1608 4779 episcopi
1657 4710 1818 4762 vitam

203 4799 356 4858 falsis
389 4801 794 4870 objectionibus
821 4800 1130 4870 appetisset,
1184 4807 1306 4868 post
1343 4815 1471 4852 vero
1523 4798 1758 4852 indebite
1789 4814 1819 4851 a

203 4889 466 4951 Proculo,
519 4890 610 4963 qui
661 4891 804 4943 inter
851 4897 1074 4962 caeteros
1122 4887 1175 4941 in
1229 4888 1438 4958 synodo
1486 4886 1820 4941 damnationi

203 4979 322 5048 ejus
354 4987 702 5043 assenserat,
737 4977 1100 5032 sacerdotium
1133 4986 1456 5030 consecutus
1486 4986 1586 5040 est,
1637 4993 1666 5028 a
1711 4991 1818 5046 quo

205 5084 262 5122 se
295 5069 449 5138 ipse,
483 5069 606 5122 vitae
641 5083 752 5121 sua:
779 5065 1048 5128 conscius,
1089 5064 1227 5117 datis
1255 5064 1448 5117 litteris
1493 5064 1547 5117 in
1591 5064 1818 5117 abdica-

203 5156 418 5212 tionem
452 5157 532 5211 sui
570 5163 764 5226 sponte
808 5153 1098 5207 submovit.
1140 5177 1160 5200 υ
1211 5153 1318 5206 Sed
1366 5161 1418 5205 et.
1467 5153 1817 5207 Sardicenses

200 5260 457 5301 canones
487 5245 542 5298 in
569 5243 809 5313 capitulo
839 5241 1050 5296 decimo
1082 5249 1293 5312 quarto,
1347 5259 1654 5312 quanquam
1710 5259 1818 5296 non

200 5334 503 5408 designato
535 5332 779 5395 nomine,
806 5331 902 5386 sed
932 5330 1104 5400 posita
1151 5329 1532 5384 constitutione
1580 5330 1816 5384 Eliberi-

199 5425 312 5478 tani
344 5422 572 5478 concilii
614 5421 770 5490 (can.
802 5423 914 5489 21),
967 5418 1112 5490 quod
1161 5419 1355 5473 eodem
1398 5426 1662 5488 tempore,
1716 5420 1817 5474 sub

200 5519 572 5576 Constantino
603 5517 954 5590 imperatore,
987 5511 1208 5571 Paulino
1239 5522 1290 5570 et
1319 5515 1526 5570 Juliano
1583 5516 1818 5571 consuli-

501 5630 746 5684 Pnnon.
791 5623 1035 5680 CXXVI.

1919 4534 2074 4587 etiam
2106 4549 2248 4586 nunc
2278 4533 2330 4584 in
2361 4532 2634 4602 episcopis
2650 4549 2715 4588 ac
2737 4533 3070 4604 presbyteris
3089 4532 3236 4586 omni
3256 4531 3521 4587 Ecclesiae

1918 4621 2152 4674 oﬂicium
2184 4621 2326 4674 idem
2362 4621 2749 4688 committitur;
2790 4629 2846 4676 ut
2876 4621 3126 4676 videlicet
3155 4619 3354 4692 agnitis
3384 4635 3518 4690 pec-

1919 4711 2155 4764 cantium
2185 4711 2382 4774 causis,
2419 4727 2772 4781 quoscunque
2823 4710 3052 4763 humiles
3081 4724 3146 4763 ac
3175 4724 3305 4762 vere
3337 4707 3516 4778 pmni-

1917 4807 2089 4853 tentes
2121 4801 2414 4869 aspexerit,
2450 4801 2548 4853 hos
2576 4801 2688 4868 jam
2721 4816 2752 4852 a
2785 4799 2974 4852 timore
3005 4806 3284 4867 perpetua:
3324 4797 3518 4852 mortis

1917 4887 2186 4940 miserans
2219 4890 2500 4950 absolvat;
2537 4905 2672 4958 quos
2704 4903 2831 4940 vero
2864 4887 2916 4938 in
2947 4886 3185 4955 peccatis
3235 4903 3357 4957 quae
3387 4903 3516 4958 ege-

1922 4985 2044 5029 runt
2078 4979 2370 5045 persistere
2404 4976 2738 5046 cognoverit,
2773 4975 2894 5028 illos
2925 4975 3254 5043 perennibus
3301 4975 3513 5046 suppli—

1918 5065 2016 5118 ciis
2060 5067 2383 5135 obligandus
2432 5064 2686 5116 insinuet.
2752 5063 2907 5116 Unde
2953 5063 3083 5116 alias
3133 5065 3396 5118 Dominus
3445 5064 3514 5118 de

1919 5164 2169 5222 correpto
2201 5155 2367 5206 semel
2399 5161 2449 5205 et
2478 5153 2666 5206 iterum
2701 5167 2764 5205 ac
2807 5151 2980 5215 tertio,
3033 5153 3128 5206 sed
3175 5169 3282 5206 non
3333 5151 3512 5221 poeni-

1920 5250 2062 5296 tente
2097 5242 2256 5295 fratre
2304 5240 2545 5311 prmeipit
2591 5241 2825 5294 dicens:
2859 5241 2917 5296 Si
2963 5246 3154 5296 autem
3204 5241 3515 5296 Ecclesium

1918 5349 2031 5386 non
2060 5333 2324 5395 mrdierit,
2360 5333 2432 5384 sit
2467 5331 2567 5383 tibi
2597 5333 2748 5384 sicut
2799 5333 3059 5386 ethnicus
3090 5333 3142 5384 et
3173 5330 3512 5400 publicanus

1919 5419 2136 5488 (Matth.
2171 5424 2356 5489 xvm).
2387 5419 2454 5471 Et
2485 5435 2554 5472 ne
2581 5419 2701 5476 leve
2733 5435 2962 5490 quisque
2991 5425 3202 5488 putaret
3247 5419 3512 5476 Ecclesiae

1919 5534 1976 5571 se
2009 5517 2210 5585 judicio
2259 5517 2640 5584 condemnari,
2689 5533 2818 5574 mox
2863 5515 3172 5574 terribiliter
3217 5517 3458 5588 adiunxit
3495 5535 3508 5570 :

3091 5628 3157 5681 12
