4020 6182
553 255 656 310 363
1481 247 1822 304 HINCMARI
1879 237 2279 302 RHEMENSIS
2325 243 2862 303 ARCHIEPISCOPI
2875 286 2888 300 .
3693 262 3770 316 35‘

569 379 750 434 Amen
767 376 888 432 dico
911 371 1057 432 vobis
1081 391 1096 430 :
1118 387 1462 448 quaecunque
1477 373 1852 444 alltgaveritis
1873 384 2044 443 super
2063 374 2176 425 ter-
2197 368 2253 429 A
2271 386 2390 441 quae
2419 387 2485 426 ex
2514 369 2738 427 Nicaeno
2768 369 2999 427 concilio
3045 379 3250 441 sumpta
3293 375 3510 430 servavit
3549 379 3775 451 antiquitas

571 484 719 534 ram,
743 463 1103 536 eruntligata
1119 464 1254 518 etin
1274 464 1444 531 caelo;
1473 465 1886 534 etqua’c-unque
1901 460 2181 516 solveritis
2282 467 2334 514 et
2362 461 2624 515 hactenus
2655 469 2799 516 tenet
2828 476 2894 516 ac
2921 467 3211 515 veneratur
3240 461 3484 517 Ecclesia.
3516 466 3583 520 De
3608 467 3690 524 hoc
3712 487 3776 525 au-

570 571 742 626 δίιμεν
773 557 1009 622 terram,
1044 557 1216 610 erant
1243 553 1431 608 soluta
1459 556 1518 606 et
1545 551 1608 606 in
1639 551 1791 606 casio.
1828 548 1989 604 Omni
2019 548 2185 620 igitur
2283 556 2390 602 tem
2447 549 2592 620 quod
2648 549 3120 607 reverentissimus
3172 548 3334 603 Julius
3385 550 3434 604 in
3483 553 3671 622 epistola
3707 574 3777 614 sua

571 645 874 701 electorum
905 641 1190 709 Ecclesiae,
1217 640 1371 710 juxta
1397 640 1620 695 modum
1653 637 1936 710 culparum
1965 636 2052 693 vel
2071 653 2182 708 pce-
2281 635 2412 692 dicit
2458 653 2470 692 :
2528 662 2549 683 α
2598 637 2756 692 Plura
2812 637 2881 692 de
2937 637 3042 702 his,
3095 637 3296 692 scilicet
3335 639 3558 709 capitulis
3595 643 3774 700 Nicena:

565 728 828 802 nitentia.
864 726 1073 800 ligandi
1099 742 1163 782 ac
1195 724 1443 781 εοῘνθῐιάί
1490 724 1653 778 datur
1699 723 2012 778 auctoritaS-
2072 721 2181 776 Sed
2281 725 2492 796 synodi,
2525 726 2650 781 ideo
2679 726 2767 782 hic
2795 742 2903 781 non
2933 725 3272 793 inservimus,
3295 741 3362 781 ne
3380 743 3584 783 vacuare
3601 731 3776 788 vilemve

567 817 694 874 ideo
724 817 916 873 beatus
949 815 1161 881 Petrus,
1194 813 1287 887 qui
1317 812 1589 868 Christum
1613 827 1744 866 vera
1766 810 1872 865 ﬁde
1894 809 2180 866 confessus

569 921 702 964 vero
732 911 815 962 est
844 919 1029 962 amore
1061 909 1302 969 secutus,
1338 901 1644 974 specialiter
1672 900 1855 956 claves
1885 899 2044 971 regni
2075 913 2180 954 coe-

568 995 745 1052 lorum
775 1003 828 1050 et
869 993 1232 1066 principatum
1274 990 1576 1060 iudiciariae
1621 987 1904 1060 potestatis
1945 987 2171 1058 accepit,

563 1092 625 1140 ut
653 1100 843 1141 omnes
872 1099 974 1154 per
1001 1083 1193 1138 orbem
1223 1080 1510 1136 credentes
1539 1077 1846 1150 intelligant
1896 1076 2020 1148 quia
2050 1075 2174 1147 qui-

567 1191 782 1247 cunque
807 1173 875 1228 ab
905 1171 1107 1226 unitate
1135 1164 1264 1224 ﬁdei
1296 1168 1379 1223 vel
1423 1167 1700 1223 societatis
1743 1165 1888 1220 illius
1933 1164 2176 1236 quolibet

567 1263 733 1319 modo
763 1261 1089 1331 semetipsos
1119 1263 1434 1330 segregant,
1470 1255 1607 1310 tales
1634 1270 1738 1310 nec
1777 1253 2008 1310 vinculis
2037 1269 2172 1324 pec-

567 1359 810 1408 catorum
841 1347 1071 1417 absolvi,
1104 1359 1207 1404 nec
1229 1347 1456 1416 januam
1486 1344 1696 1416 possint
1735 1341 1888 1414 regni
1933 1341 2172 1398 caelestis

567 1439 806 1512 ingredi.

638 1527 709 1584 Et
739 1525 868 1598 quia
895 1524 1144 1580 devitans
1177 1522 1544 1596 prolixitatem
1591 1519 1852 1592 epistola,
1905 1535 2004 1591 per
2053 1518 2169 1572 sin-

565 1615 694 1691 gula
723 1614 860 1672 sicut
889 1619 1154 1686 poteram,
1203 1611 1249 1666 si
1279 1618 1492 1682 tempus
1538 1608 1730 1664 fuisset
1781 1616 1833 1664 et
1875 1607 2066 1674 otium,
2119 1615 2170 1662 et

2277 815 2458 870 facere
2488 815 2799 885 prmdictam
2832 815 3098 886 synodum
3119 814 3430 882 videremur,
3461 825 3542 870 aut
3566 817 3774 875 fastidium

2276 903 2588 977 legentibus
2618 904 3069 974 audientibusque
3110 903 3316 973 prolixa
3359 903 3520 960 facere
3561 907 3772 976 epistola:

2277 993 2323 1046 si
2353 993 2474 1064 quis
2501 1000 2678 1047 autem
2726 993 2794 1047 de
2841 992 2925 1046 his
2968 992 3226 1062 ampliora
3272 999 3419 1064 atque
3462 993 3776 1050 abundantior».

2277 1081 2414 1136 scire
2445 1081 2692 1146 voluerit,
2732 1081 2787 1134 in
2818 1097 2972 1136 sacro
3002 1088 3202 1135 nostrae
3219 1080 3359 1134 sedis
3376 1081 3606 1136 Ecclesiae
3625 1084 3774 1138 scrinio

2275 1177 2327 1222 et
2360 1185 2423 1223 ea
2454 1186 2575 1242 qua:
2604 1169 2952 1241 prmdiximus
2993 1168 3232 1223 invenire
3275 1169 3477 1240 poterit,
3523 1186 3681 1224 verum
3713 1187 3776 1226 me

2273 1258 2459 1313 dicere
2487 1258 2640 1312 testis
2669 1267 2751 1312 est
2782 1258 2903 1329 ipsa
2933 1257 3216 1320 Divinitas,
3260 1273 3292 1311 a
3320 1257 3457 1312 nullo
3501 1267 3572 1312 est
3609 1267 3775 1313 contra-

2273 1346 2566 1402 dicendum
2599 1365 2612 1401 :
2646 1346 2775 1418 quia
2805 1347 2909 1400 nisi
2937 1346 3057 1417 ipsa
3103 1363 3222 1418 quae
3266 1345 3404 1400 misit
3444 1347 3653 1412 haberet,
3688 1347 3775 1401 mit-

2272 1445 2385 1491 tere
2417 1435 2562 1490 nullo
2593 1435 2756 1490 modo
2783 1443 3010 1506 poterat,
3045 1443 3097 1490 et
3127 1435 3251 1506 quia
3278 1435 3421 1505 plura
3447 1435 3663 1498 habebat,
3689 1452 3775 1490 esse

2269 1523 2453 1596 utique
2485 1541 2672 1579 verum
2703 1533 2915 1580 constat
2948 1542 2960 1578 :
2995 1523 3120 1596 quia
3149 1531 3202 1578 et
3234 1523 3322 1578 illa
3351 1540 3465 1595 qua:
3484 1539 3668 1579 sacrum
3684 1539 3776 1578 con-

2270 1612 2453 1668 cilium
2509 1613 2793 1668 Nicaenum
2834 1612 3134 1678 constituit,
3170 1620 3373 1668 certum
3401 1620 3477 1666 est
3508 1613 3556 1665 in
3585 1613 3774 1666 Romano

565 1721 677 1762 non
719 1719 939 1760 vererer
981 1700 1286 1788 legentium,
1327 1699 1564 1766 taedium,
1614 1698 1710 1752 tibi
1759 1696 2050 1752 ostendere
2097 1697 2165 1750 de
2185 1726 2240 1788 Β
2274 1701 2476 1756 scrinio
2500 1702 2838 1772 conservari,
2873 1703 2942 1757 de
2975 1702 3170 1774 quibus
3201 1709 3253 1756 et
3283 1700 3444 1772 ipsius
3473 1709 3646 1756 sancta
3670 1699 3776 1754 sedis

566 1793 652 1851 his
685 1807 806 1868 qua
833 1790 1124 1859 collegisti,
1157 1788 1248 1844 illa
1275 1787 1392 1860 ipsa
1423 1795 1476 1843 te
1506 1787 1858 1859 redarguere,
1911 1801 2031 1856 quae
2069 1801 2168 1854 pu-

566 1885 650 1934 tas
676 1867 971 1950 plurimum
997 1883 1180 1930 tecum
1211 1870 1412 1941 facere,
1446 1867 1515 1926 de
1548 1869 1869 1942 quibusdam
1899 1869 1996 1922 tibi
2045 1876 2170 1922 tan-

567 1975 682 2022 tum
712 1981 778 2022 ex
805 1963 894 2020 bis
935 1977 1058 2036 qua:
1103 1959 1394 2034 collegisti,
1445 1958 1753 2030 specialiter
1799 1957 2166 2028 respondebo,

567 2053 776 2112 scilicet
805 2054 874 2109 de
905 2050 1150 2124 epistolis
1177 2049 1303 2104 Julii
1347 2057 1399 2104 et
1445 2047 1658 2115 Felicis,
1705 2047 1857 2119 quasi
1906 2046 1974 2100 de
2022 2045 2172 2116 capi-

562 2143 689 2202 tulis
721 2141 916 2216 synodi
945 2140 1184 2197 Nicaenaa
1213 2137 1498 2206 confectis,
1531 2145 1654 2192 ante
1687 2135 2009 2191 Sardicense
2043 2134 2169 2205 qui-

562 2233 690 2288 dem
720 2229 1031 2298 concilium,
1062 2227 1151 2284 cui
1177 2225 1506 2282 Athanasius
1535 2240 1678 2279 anno
1710 2224 1921 2278 decimo
1953 2229 2165 2288 octavo,

561 2318 920 2377 ordinationis
951 2331 1065 2371 suae
1098 2329 1223 2372 cum
1255 2313 1445 2369 litteris
1471 2312 1781 2367 Constantis
1808 2312 1876 2365 ab
1908 2310 2169 2366 Occiden-

559 2407 758 2464 talibus
781 2405 1053 2480 partibus,
1086 2403 1143 2458 in
1171 2402 1370 2475 quibus
1400 2401 1761 2467 exsulaverat,
1787 2399 2167 2454 Alexandriam

560 2497 779 2555 rediens
808 2494 1010 2568 legitur
1038 2491 1370 2559 interfuisse,
1420 2489 1671 2562 quodque
1701 2489 1851 2558 juxta
1881 2487 2169 2544 chronico-

556 2604 681 2642 rum
713 2593 768 2642 et
794 2585 1096 2640 litterarum
1126 2579 1620 2637 ecclesiasticarum
1662 2576 1844 2644 ﬁdem,
1879 2576 2166 2632 undecimo

554 2676 746 2733 mortis
776 2670 1132 2738 Constantini,
1166 2669 1339 2742 patris
1368 2671 1742 2740 Augustorum
1786 2665 2084 2721 Constantii
2114 2674 2167 2720 et

555 2763 885 2828 Constantis,
908 2761 1050 2818 Rufo
1080 2768 1134 2815 et
1159 2754 1402 2814 Eusebio
1423 2757 1761 2822 consulibus,
1785 2771 1928 2810 anno
1950 2753 2164 2810 decimo

557 2862 713 2910 sexto
769 2850 896 2906 Julii
949 2862 1130 2920 papae,
1178 2846 1271 2919 qui
1315 2845 1578 2901 successit
1627 2843 1810 2899 Marco
1858 2843 2163 2899 successori

557 2939 828 3010 Silvestri,
863 2939 1017 3007 cujus
1050 2945 1294 3006 tempore
1323 2934 1599 2989 celebrata
1629 2941 1717 2987 est
1758 2947 1909 2986 sacra
1938 2932 2163 2987 Nicaena

553 3029 817 3102 synodus,
879 3026 1078 3098 cuique
1134 3023 1203 3078 ad
1260 3022 1435 3078 vicem
1487 3020 1731 3078 Silvestri
1788 3019 2164 3091 praesederunt

556 3083 726 3175 (isius
755 3083 1128 3172 cordubensis
1167 3111 1475 3183 episcopus,
1529 3110 1714 3165 Victor
1747 3083 1806 3162 et
1847 3083 2234 3163 VincentiusC

551 3204 866 3282 presbyteri
895 3202 1048 3259 urbis
1077 3202 1282 3257 Romae.
1309 3203 1468 3254 Anno
1498 3213 1632 3254 vero
1663 3196 1876 3253 circiter
1905 3197 2162 3252 vicesimo

553 3295 714 3352 tertio
743 3299 868 3368 post
897 3291 1177 3348 Nicaenam
1223 3287 1488 3360 synodum
1534 3287 1876 3342 Antiochena
1923 3285 2164 3357 synodus

551 3385 738 3441 habita
769 3390 872 3449 est,
928 3387 982 3437 et
1010 3379 1205 3436 eadem
1235 3376 1466 3449 epistola
1493 3373 1619 3430 Julii
1647 3391 1748 3446 per
1776 3375 1921 3430 idem
1953 3383 2163 3445 tempus

552 3473 699 3532 facta
727 3489 852 3528 esse
880 3460 1242 3542 dignoscitur,
1276 3467 1333 3521 in
1362 3480 1470 3538 qua
1521 3464 1673 3536 plura
1717 3463 1954 3534 capitula
1999 3463 2163 3518 modo

553 3563 773 3620 diverso
819 3559 1049 3617 collecta
1095 3561 1362 3621 tenentur,
1413 3569 1536 3627 quae
1586 3553 1631 3607 si
1679 3552 1747 3608 de
1795 3568 1906 3608 una
1952 3552 2162 3623 synodo

553 3641 785 3708 fuissent
811 3654 1107 3719 assumpta,
1137 3658 1250 3701 non
1280 3643 1455 3698 taliter
1483 3641 1846 3696 dissonarent.
1893 3642 1961 3696 Et
2009 3641 2055 3694 si
2093 3640 2162 3694 de

555 3738 941 3814 appellatione,
974 3736 1114 3791 sicut
1161 3733 1216 3788 in
1261 3729 1579 3786 Sardicensi
1626 3728 1856 3786 concilio
1902 3728 2162 3784 constitu-

553 3838 669 3884 tum
702 3833 806 3893 est,
839 3825 896 3880 in
923 3822 1148 3880 Nicaeno
1177 3819 1409 3876 concilio
1442 3815 1634 3872 fuisset
1677 3826 1834 3872 antea
1883 3824 2158 3887 statutum,

557 3910 706 3973 nulla
733 3913 878 3970 foret
908 3909 1208 3966 necessitas
1237 3913 1296 3962 ut
1322 3906 1515 3962 iterum
1545 3905 1600 3959 in
1629 3905 1735 3960 hoc
1773 3905 2004 3961 concilio
2034 3905 2160 3960 inde

559 4003 1002 4065 constitueretur,
1061 3995 1160 4053 sed
1209 3990 1346 4052 sicut
1395 3995 1450 4050 in
1499 3992 1619 4048 aliis
1671 3992 1916 4050 conciliis
1966 3993 2163 4066 legitur

558 4091 889 4150 scriberetur
916 4085 1188 4156 videlicet,
1219 4091 1277 4141 ut
1309 4098 1372 4139 ea
1403 4097 1524 4156 quae
1555 4090 1678 4138 sunt
1708 4081 1762 4136 in
1792 4081 2016 4138 Nicaano
2037 4098 2162 4136 con-

561 4179 688 4238 cilio
719 4176 1025 4243 constituta,
1057 4171 1126 4230 ab
1154 4171 1406 4228 omnibus
1449 4178 1866 4227 conserventur.
1918 4167 2162 4240 Epistola

557 4275 696 4328 'ver'o
723 4257 922 4326 Felicis
949 4271 1016 4322 ex
1045 4259 1278 4335 epistola
1305 4259 1430 4316 Julii
1464 4259 1685 4332 pendet.
1739 4259 1838 4314 Hic
1885 4259 2032 4313 enim
2080 4267 2162 4314 est

562 4365 684 4416 mos
711 4351 1022 4431 apostolicae
1053 4351 1200 4408 sedis
1227 4347 1574 4422 pontiﬁcibus
1604 4356 1662 4403 ut
1690 4347 1860 4404 verba
1897 4347 2160 4404 decesso-

2270 1790 2556 1861 pontiﬁces
2585 1808 2680 1844 sua
2710 1792 2935 1846 decreta
2964 1791 3451 1864 promulgaverunt,
3498 1798 3544 1845 et
3583 1788 3676 1843 suis
3707 1804 3776 1859 po-

2271 1881 2432 1935 steris
2461 1879 2694 1934 tenenda
2726 1889 2777 1935 et
2808 1881 3074 1936 servanda
3103 1880 3452 1951 reliquerunt.
3499 1877 3603 1934 Fuit
3643 1883 3777 1931 autem

2269 1969 2454 2040 opinio
2501 1969 2648 2039 apud
2701 1969 2942 2038 majores
2997 1977 3214 2024 nostros
3258 1968 3412 2023 etiam
3463 1982 3561 2022 non
3607 1965 3778 2028 incerta,

2269 2058 2395 2129 quia
2425 2057 2588 2112 Osius
2610 2058 2858 2128 quaedam
2877 2058 2945 2112 de
2977 2057 3229 2127 capitulis
3260 2073 3288 2110 a
3317 2072 3373 2111 se
3403 2054 3578 2127 synodi
3602 2053 3779 2108 Nicena

2269 2146 2482 2212 delatis,
2517 2145 2670 2200 aliter
2698 2146 2851 2216 prius
2885 2146 3292 2212 renuntiaverit,
3334 2160 3488 2217 quam
3531 2149 3688 2215 postea
3716 2140 3778 2193 in-

2268 2243 2489 2290 ventum
2553 2235 2851 2301 exstiterit;
2898 2234 2988 2306 qui
3046 2243 3097 2289 et
3153 2235 3296 2306 apud
3342 2232 3589 2296 Simiam,
3637 2227 3781 2285 contra

2267 2321 2430 2377 ﬁdem
2458 2322 2666 2378 Nicaeni
2695 2323 2910 2378 concilii
2938 2323 3024 2377 cui
3065 2322 3475 2393 subscripserat,
3521 2318 3777 2388 sacrilegam

2266 2410 2665 2482 professionem
2694 2419 2854 2483 atque
2887 2411 3342 2482 subscriptionem
3370 2408 3594 2482 proferre
3612 2415 3654 2460 et
3667 2403 3779 2459 exhi~

2267 2499 2394 2555 bere
2427 2501 2790 2571 praesumpsit,
2827 2501 2963 2555 sicut
2992 2501 3060 2555 de
3093 2517 3160 2556 eo
3195 2501 3426 2555 historia:
3467 2493 3778 2553 ecclesiastica

2265 2589 2574 2659 perhibent,
2609 2598 2658 2643 et
2691 2597 2911 2644 sanctus
2942 2589 3182 2643 Hilarius
3230 2589 3283 2642 in
3331 2587 3463 2642 libro
3502 2585 3562 2640 de
3599 2580 3776 2654 Synodis

2264 2676 2395 2733 dicit
2428 2694 2440 2732 :
2472 2678 2649 2748 Apud-
2684 2678 2960 2742 Sirmium,
3021 2677 3295 2748 inquiens,
3343 2693 3439 2748 per
3477 2675 3778 2728 immemorem

2263 2775 2544 2840 gestorum
2575 2783 2798 2821 suorum
2829 2766 3208 2838 dictorumque
3253 2765 3454 2829 Osium,
3500 2777 3632 2817 nova:
3655 2767 3696 2814 et
3717 2765 3779 2810 ta-

2263 2871 2388 2910 men
2419 2864 2731 2926 suppuratae
2755 2855 2964 2924 jamdiu
2997 2855 3290 2926 impietatis
3320 2852 3550 2909 doctrina
3574 2861 3783 2921 prorupe-

2261 2951 2344 2997 rat
2377 2961 2388 2997 :
2422 2945 2520 2998 sed
2553 2943 2620 2998 de
2649 2959 2715 2998 eo
2744 2943 2818 2997 nil
2843 2944 3056 3014 loquor,
3081 2943 3174 3016 qui
3196 2944 3398 2999 idcirco
3419 2949 3496 2996 est
3513 2943 3781 2997 reservatus,

2261 3048 2330 3086 ne
2357 3031 2560 3101 judicio
2589 3033 2828 3086 humano
2857 3031 3202 3104 ignoraretur
3239 3031 3407 3104 qualis
3425 3037 3540 3085 ante
3558 3025 3781 3081 vixisset.»

2263 3121 2430 3190 Cujus
2461 3120 2670 3176 scilicet
2710 3121 2855 3175 beati
2900 3121 3086 3174 Hilarii
3132 3120 3442 3176 testimonio
3486 3117 3549 3172 de
3585 3110 3782 3184 Synodis.

2264 3209 2361 3264 sed
2389 3217 2440 3264 et
2469 3209 2538 3264 de
2569 3209 2720 3276 Osio,
2752 3208 2916 3264 fidem
2947 3209 3311 3265 accomodare
3341 3209 3600 3270 debemus,
3644 3199 3717 3273 qui
3744 3197 3786 3251 in

2262 3297 2490 3370 praefato
2519 3297 2654 3352 libro
2685 3299 2754 3352 de
2784 3298 3017 3369 Synodis
3046 3287 3230 3354 dicit:
3267 3323 3288 3346 «
3327 3299 3663 3370 Regeneratus
3703 3285 3783 3357 pri-

2262 3387 2408 3453 dem,
2439 3396 2492 3441 et
2524 3387 2578 3441 in
2608 3387 2924 3458 episc0patu
2955 3387 3354 3459 aliquantisper
3396 3397 3622 3445 manens,
3664 3375 3786 3430 ﬁdem

2260 3475 2539 3532 Niczenam
2595 3491 2873 3547 nunquam
2929 3475 3033 3530 nisi
3089 3476 3435 3531 exsulaturus
3483 3467 3660 3526 audivi.
3706 3460 3783 3519 Sed

2261 3564 2397 3618 mihi
2428 3565 2704 3621 homousi-i
2735 3572 2786 3619 et
2817 3564 3142 3619 ho-maeousii
3170 3560 3572 3636 intelligentiam
3598 3557 3787 3623 Evange-

2259 3653 2335 3708 lia
2364 3661 2417 3709 et
2453 3653 2684 3724 apostoli
2731 3651 3135 3707 intimaverunt.
3185 3652 3260 3708 Et
3309 3668 3408 3724 per
3449 3649 3534 3703 illa
3578 3653 3783 3712 tempora,

2263 3741 2480 3814 quando
2519 3741 2770 3804 concilia,
2831 3741 3039 3797 scilicet
3085 3741 3392 3807 Nicaenum,
3437 3733 3784 3793 Antiochenam,

2262 3829 2606 3892 Sardicense,
2641 3837 2693 3884 et
2722 3828 2826 3884 alia
2857 3829 3102 3900 quaedam
3133 3830 3434 3901 posteriora
3455 3823 3690 3882 celebrata
3708 3815 3789 3870 fue-

2261 3925 2402 3985 runt,
2435 3918 2610 3973 isdem
2654 3926 2870 3972 sanctus
2915 3925 2967 3973 et
3013 3919 3204 3974 doctor
3248 3915 3535 3976 catholicus
3577 3911 3628 3966 in
3665 3916 3787 3962 came

2261 4006 2468 4080 deguit,
2503 4015 2555 4062 et
2585 4023 2744 4061 verus
2773 4007 2841 4061 de
2872 4006 2952 4061 eis
2983 4005 3188 4062 relator
3219 4006 3438 4072 exstitit,
3485 4011 3535 4058 et
3571 3990 3789 4056 credenda

2261 4095 2419 4150 nobis
2449 4095 2502 4149 in
2535 4095 2647 4150 suis
2679 4095 2895 4166 scriptis
2926 4095 3162 4166 reliquit.
3214 4093 3514 4152 Refutanda
3558 4097 3631 4145 est
3665 4082 3790 4157 igitur

2261 4182 2398 4238 falsa
2436 4183 2618 4256 opinio
2663 4184 2731 4239 dc
2780 4185 3141 4255 quorumdam
3189 4184 3406 4256 scriptis
3449 4185 3637 4243 exorta,
3680 4166 3790 4244 quod

2259 4271 2544 4328 Nicaenum
2575 4272 2862 4330 concilium
2889 4280 3131 4344 tempore
3151 4273 3278 4328 Julii
3310 4271 3468 4327 fuerit
3495 4265 3789 4344 celebratum-

2261 4377 2385 4416 cum
2415 4369 2623 4418 constet
2653 4361 2904 4416 eamdem
2928 4342 3144 4416 sacram
3176 4361 3446 4432 synodum
3476 4356 3648 4412 fuisset
3671 4342 3793 4404 habi—

561 4464 686 4506 rum
717 4461 938 4504 suorum
969 4436 1121 4516 quasi
1152 4439 1368 4512 propria
1397 4438 1451 4492 in
1481 4437 1592 4492 suis
1637 4444 1843 4508 ponant
1894 4434 2155 4508 epistolis,

2265 4457 2371 4505 tarn
2399 4466 2542 4506 anno
2579 4458 2703 4521 post
2748 4449 3112 4504 Alexandrum
3159 4431 3548 4506 sexcentesimo
3575 4435 3794 4496 tricesimo

559 4538 702 4595 sicut
729 4534 822 4608 qui
849 4529 984 4606 legit
1012 4525 1285 4602 intelligit.
1339 4527 1606 4582 Caeterum
1649 4525 1795 4596 quod
1831 4524 1889 4579 in
1936 4524 2164 4596 epistola

2263 4547 2434 4605 sexto,
2467 4539 2568 4594 sub
2599 4537 2952 4594 Constantino
2983 4538 3334 4609 imperatore,
3385 4537 3471 4592 die
3514 4527 3696 4588 mensis
3730 4537 3794 4576 se-

557 4642 628 4683 εκ
656 4623 875 4680 nomine
905 4616 1186 4676 AlbanaSii
1234 4623 1287 4670 ει
1333 4613 1713 4686 episcoporum
1762 4610 2158 4686 ᾸῧέΥΡῐίοΓυωι
2261 4627 2496 4684 cundum
2529 4627 2752 4682 Graecos
2781 4625 2930 4680 Desii
2951 4641 3115 4692 xvm,
3140 4627 3287 4698 quod
3308 4635 3390 4682 est
3419 4641 3457 4680 ι
3487 4615 3794 4676 Kalendarum

559 4713 632 4770 ad
659 4703 907 4768 Marcum
936 4719 1312 4764 successorem
1344 4701 1589 4757 Silvestri
1618 4701 1850 4756 habetur
1887 4702 2161 4774 octOginta
2258 4715 2542 4780 Juliarum’
2578 4714 2859 4770 consulam
2889 4714 3093 4769 Ρευιίηί
3123 4695 3176 4768 εξ
3202 4713 3425 4779 hmani,
3457 4720 3681 4780 tempore
3713 4695 3796 4754 sil-

557 4799 729 4856 fuisse
761 4797 993 4870 capitula
1026 4813 1039 4852 :
1074 4791 1436 4868 quadraginta
1467 4789 1722 4846 sciliceta
1742 4789 1950 4845 Graecis
1970 4789 2162 4845 Grmca
2259 4804 2429 4858 vestri
2457 4819 2630 4874 papae,
2665 4803 2802 4857 sicut
2831 4803 3086 4858 veridicm
3116 4803 3388 4859 chronica
3403 4809 3456 4856 ει
3476 4787 3797 4854 ecclesiastica

735 4887 940 4959 lingua,
971 4891 1025 4942 Εἴ
1053 4883 1300 4940 similiter
1328 4879 1691 4954 quadraginta
1736 4895 1767 4933 ἃ
1805 4877 2008 4934 Latinis
2049 4880 2158 4934 La-
2259 4872 2497 4946 historia—9
2529 4872 2804 4961 _produnt.
2863 4891 3065 4945 Verum
3111 4891 3284 4946 Julms
3334 4901 3608 4946 successor
3645 4872 3796 4939 Marci,

561 4976 676 5034 tina
703 4974 848 5031 edita
875 4973 1097 5046 lingua;
1127 4979 1182 5028 et
1210 4972 1281 5027 ab
1319 4969 1590 5042 episcopis
1634 4967 1888 5023 trecentis
1937 4968 2158 5024 octode-

2263 4978 2351 5052 qui
2381 4979 2644 5035 Silvestro
2683 4977 2964 5035 successit.
3011 4979 3196 5034 Romae
3236 4978 3505 5051 synodum
3552 4961 3800 5030 celebravit

558 5065 670 5124 cim
698 5063 755 5119 in
794 5061 1132 5134 septuaginta
1176 5059 1397 5115 redacta
1443 5055 1609 5113 fuisse
1657 5056 1913 5127 capitula,
1965 5055 2011 5110 si
2051 5072 2156 5110 nu-

2263 5069 2360 5123 sub
2390 5067 2704 5124 Constantio
2737 5075 2788 5123 et
2819 5069 3114 5123 Constante
3144 5068 3428 5141 Augustis,
3471 5077 3606 5120 anno
3647 5059 3800 5129 qua?to

557 5161 842 5212 morantur
869 5147 960 5206 illa
988 5161 1108 5222 qua
1135 5147 1191 5202 in
1221 5146 1448 5220 epistola
1475 5145 1600 5200 Julii
1628 5143 1916 5218 designata
1932 5153 2157 5216 praeter-

2263 5158 2356 5212 sub
2384 5157 2471 5213 die
2501 5165 2691 5212 octava
2721 5156 3089 5211 Kalendarum
3120 5155 3392 5222 Octobris,
3439 5152 3616 5216 indict,
3661 5148 3798 5200 sexta,

554 5245 878 5311 mittuntur;
912 5237 1012 5296 sed
1043 5243 1096 5293 et
1125 5251 1246 5310 quae
1272 5236 1329 5290 in
1358 5235 1586 5306 epistola
1633 5233 1828 5291 Felicis
1877 5233 2153 5307 leguntur,
2255 5237 2538 5302 consulatu
2569 5243 2829 5301 Feliciani
2860 5253 2912 5299 et
2941 5244 3269 5313 Maximiani,
3305 5253 3360 5299 et
3390 5241 3629 5298 eamdem
3653 5231 3801 5288 Nicae-

555 5329 718 5402 plura
757 5341 923 5404 quam
965 5323 1314 5400 septuaginta
1365 5331 1418 5378 et
1461 5323 1601 5379 inter
1644 5337 1704 5378 se
1746 5321 1963 5379 diversa
2002 5321 2154 5377 inve-

2263 5350 2380 5392 nam
2409 5333 2676 5406 synodum
2705 5333 3022 5404 apostolicae
3065 5333 3212 5389 sedis
3257 5327 3572 5406 auctoritate
3613 5337 3703 5396 per
3739 5330 3802 5376 se,

557 5403 813 5486 ιιὶθοῑιιίς
845 5426 897 5474 οἱ
927 5418 981 5472 in
1011 5412 1219 5472 θίεάθῐΐι
1249 5411 1493 5485 θρίδῑοῙίε
1525 5427 1634 5468 non
1665 5410 2012 5467 ίηνεηίιιηῐῑιτ
2038 5426 2152 5466 ηιθ-
2216 5475 2228 5484 _
2256 5423 2395 5479 sicut
2423 5403 2799 5496 praedecessor
2827 5421 2989 5488 illius,
3022 5421 3282 5478 Silvester
3325 5403 3426 5493 per
3471 5419 3670 5491 legatos
3701 5416 3802 5462 suos

555 5517 774 5584 morari,
823 5514 1044 5572 minime
1079 5520 1272 5569 "autem
1323 5510 1726 5574 connumerari,
1781 5509 1869 5564 illa
1919 5507 2156 5580 capitula
2255 5492 2505 5568 ﬁrmavit.
2541 5511 2791 5582 Capitula
2821 5527 3036 5583 quoque
3066 5511 3120 5567 in
3151 5492 3344 5568 eodem
3373 5505 3599 5566 concilio
3630 5492 3802 5558 consti-
