4020 6182
199 311 296 378 363

944 325 1192 382 OPUSC.
1253 327 1344 381 ET
1393 326 1616 382 EPIST.
1688 327 1758 380 IN
1814 327 2038 385 CAUSA
2098 333 2440 390 HINCMAIII
2497 337 2807 400 LAUDUN.

3382 341 3486 394 366

205 453 310 502 tuta
339 445 462 516 ipse
491 446 748 502 omnibus
779 447 1008 504 validior
1033 450 1366 522 antiquitatis
1389 466 1539 518 usus,
1573 459 1624 506 et
1652 450 1796 504 anti-
1819 451 1876 512 A
1907 453 2034 510 tidei
2078 465 2130 512 et
2177 465 2375 514 statuta
2415 458 2652 516 Nicaeus:
2698 461 2924 534 synodi,
2977 473 3098 532 qua:
3146 462 3212 516 ad
3262 470 3500 524 nostrum

206 549 310 607 qua
333 534 612 604 majorum
640 536 879 604 traditio,
905 539 1338 595 reverentissimo
1359 540 1548 613 vigore
1569 540 1804 595 tenenda

207 622 602 680 corroboravit.

793 741 1018 798 CAPUT
1065 743 1219 797 XXI.

211 829 358 898 Quod
386 845 504 886 non
533 829 649 886 nisi
678 831 889 900 vigenti
929 831 1186 902 capitula
1214 833 1276 887 in
1303 831 1539 887 concilio
1578 832 1804 886 Niceno

703 902 930 972 fuerint
973 903 1307 956 constituta.
1587 923 1590 927 ’

267 989 340 1043 Et
388 1004 499 1060 qua
545 987 754 1044 ratione
805 989 1053 1060 quaedam
1092 1006 1157 1044 ex
1201 989 1284 1043 his
1326 1006 1448 1061 qua
1478 989 1532 1045 in
1565 989 1807 1060 epistolis

205 1076 552 1148 antiquorum
581 1076 728 1131 sedis
759 1077 1016 1132 Romanae
1057 1076 1370 1148 pontiﬁcum
1416 1078 1618 1148 scripta
1650 1077 1806 1132 inve-

205 1164 446 1232 niuntur,
477 1181 510 1219 a
539 1164 954 1221 successoribus
996 1182 1182 1221 eorum
1225 1183 1326 1221 usa
1354 1182 1463 1221 non
1493 1165 1712 1232 fuerint,
1744 1165 1810 1220 li-

205 1262 288 1309 cet
335 1253 406 1309 ad
456 1253 870 1310 instructionem
928 1254 1145 1310 valeant
1198 1255 1510 1325 plurimum,
1561 1255 1809 1327 quaedam

208 1358 338 1398 vero
383 1341 444 1396 in
488 1342 722 1398 decretis
771 1359 960 1398 eorum
1004 1343 1198 1414 posita,
1231 1351 1284 1398 et
1311 1361 1341 1397 a
1378 1343 1622 1399 conciliis
1668 1343 1810 1397 inter

207 1447 444 1488 canones
475 1447 666 1488 sacros
697 1431 1042 1488 inveniantur
1089 1441 1396 1504 assumpta,
1429 1442 1482 1487 et
1511 1433 1654 1486 unde
1685 1431 1810 1502 opi-

208 1519 296 1576 nio
343 1527 537 1577 exorta
583 1520 865 1589 exstiterit,
907 1520 1067 1591 plura
1115 1537 1278 1592 quam
1309 1521 1361 1575 in
1406 1537 1614 1576 canone
1660 1521 1811 1576 inve-

208 1608 424 1666 niantur
453 1608 511 1663 in
538 1607 764 1664 Nicaana
811 1609 1020 1680 synodo
1067 1610 1291 1665 decreta
1334 1608 1501 1665 fuisse
1545 1609 1809 1680 capitula,

209 1697 349 1770 quod
401 1713 472 1755 ex
523 1696 720 1751 litteris
767 1697 1144 1769 antiquitatum
1191 1697 1392 1753 seriem
1439 1696 1811 1753 deferentibus

1905 545 2194 600 concilium
2217 563 2318 618 per
2349 547 2520 604 beatae
2549 549 2944 606 recordationis
2993 549 3340 606 Caecilianum
3370 551 3500 606 Car-

1904 635 2278 705 thagmensem
2329 635 2662 708 episcOpum,
2706 638 2799 709 qui
2842 638 3100 703 interfuit,
3146 639 3310 694 allata
3351 648 3496 711 sunt,

1905 721 2002 776 sed
2032 729 2085 778 et
2109 739 2232 794 quae
2261 732 2445 794 patres
2490 726 2818 797 exemplaria
2857 734 3148 798 sequentes
3178 727 3266 783 hic
3297 729 3500 784 consti-

1907 819 2150 877 tuerunt,
2194 813 2280 866 vel
2325 830 2468 869 nunc
2513 815 2785 870 communi
2833 822 3005 870 tractu
3051 815 3366 884 statuimus,
3416 816 3502 872 his

1907 900 2078 972 gestis
2108 900 2491 958 ecclesiasticis
2538 902 2735 958 inserta
2782 904 3094 958 manebunt.
3134 925 3156 953 ν
3191 903 3332 958 Nam
3379 904 3503 978 quia

1908 988 2226 1044 Caecilianus
2255 990 2491 1045 Nicaeum
2519 991 2729 1062 synodo
2757 991 3080 1056 interfuerit,
3105 1000 3157 1045 et
3178 992 3506 1065 subscriptio

1907 1075 2053 1130 illius
2095 1085 2341 1143 testatur,
2375 1087 2428 1132 et
2455 1079 2690 1134 historia:
2719 1095 2782 1135 ac
2811 1081 3079 1136 chronica:
3121 1080 3507 1136 ecclesiastica:

1910 1173 2180 1232 astruunt,
2237 1166 2294 1220 in
2355 1166 2550 1238 quibus
2608 1167 2866 1238 scriptum
2915 1177 3044 1223 est:
3089 1191 3111 1220 α
3148 1167 3290 1237 Quia
3343 1169 3506 1225 tertio

1909 1271 2052 1309 anno
2106 1263 2230 1326 post
2285 1255 2565 1310 Nic-uenam
2615 1256 2903 1327 synodum,
2952 1257 3209 1312 Junuario
3257 1265 3308 1312 et
3355 1258 3508 1312 Justo

1911 1344 2245 1409 consulibus,
2293 1344 2537 1398 Donatus
2585 1344 2916 1418 agnoscitur,
2947 1361 2978 1400 a
3006 1361 3112 1417 quo
3142 1362 3240 1416 per
3269 1345 3510 1402 Africam

1913 1432 2228 1498 Donatistae,
2280 1432 2372 1504 qui
2417 1432 2653 1503 primum
2699 1440 2923 1504 propter
2970 1433 3276 1488 ordinatum
3321 1441 3510 1493 contra

1914 1521 2240 1576 voluntatem
2257 1537 2411 1577 suam
2430 1521 2777 1577 Caecilianum
2797 1521 3046 1578 ecclesiae
3065 1521 3514 1596 Carthaginensis

1913 1609 2258 1680 episcopum,
2293 1609 2524 1665 schisma
2555 1608 2834 1677 fecerunt,
2865 1609 3184 1680 objicientes
3215 1609 3265 1668 ei
3294 1609 3515 1670 crimina

1915 1714 2024 1753 non
2053 1699 2302 1768 probata,
2333 1705 2385 1752 et
2414 1697 2649 1752 maxime
2683 1699 2828 1768 quod
2857 1713 2890 1752 a
2919 1698 3260 1753 traditoribus
3310 1699 3517 1756 divina-

210 1784 543 1858 accepimus,
577 1784 672 1840 tibi
699 1801 766 1840 ex
791 1793 948 1856 parte
995 1785 1197 1850 scribo,
1231 1802 1341 1841 non
1369 1786 1576 1840 veritus
1605 1802 1674 1840 ne
1703 1785 1810 1839 mi—
1843 1804 1898 1865 Β
1916 1803 2032 1840 rum
2065 1787 2470 1858 Scripturarum
2491 1785 2652 1840 fuerit
2673 1786 2954 1841 ordinatus
2979 1802 2992 1840 :
3020 1787 3118 1842 sed
3148 1795 3272 1858 post
3300 1802 3518 1847 causam

212 1873 261 1932 hi
285 1873 594 1932 calumnias
642 1881 842 1940 struas,
891 1873 1030 1930 sicut
1068 1874 1182 1944 jam
1221 1873 1398 1930 fecisti
1443 1875 1512 1930 de
1561 1873 1646 1929 his
1692 1890 1814 1945 qua:
1916 1872 2204 1931 confictam
2271 1882 2431 1944 atque
2497 1872 2741 1944 finitam,
2807 1873 3073 1944 pertinaci
3136 1874 3409 1930 discordia
3465 1875 3520 1940 in

210 1961 394 2032 scripsi
421 1962 495 2020 de
525 1961 820 2033 Stephano,
854 1978 1076 2017 sensum
1101 1963 1370 2019 dictorum
1399 1979 1643 2018 meorum
1681 1979 1813 2033 per-

211 2059 440 2121 vertens,
473 2059 529 2106 et
559 2051 768 2122 scripta
811 2067 935 2106 mea
981 2052 1273 2109 decurtans
1315 2052 1371 2106 in
1414 2050 1619 2122 scripto
1669 2051 1816 2122 quod

212 2139 334 2197 mihi
362 2139 436 2196 de
465 2137 788 2196 Amalberto
818 2139 1035 2205 dedisti,
1067 2139 1258 2196 volens
1281 2155 1368 2195 me
1389 2156 1456 2194 ex
1477 2139 1658 2195 verbis
1678 2139 1816 2194 meis

211 2227 505 2295 revincere,
538 2235 593 2282 et
617 2243 707 2283 me
749 2227 818 2283 ad
866 2228 1234 2284 tortitudinem
1265 2227 1341 2282 tui
1367 2227 1556 2297 judicii
1598 2236 1817 2283 contor-

213 2331 394 2388 quere,
433 2324 489 2372 et
517 2315 567 2370 si
593 2315 817 2372 easdem
847 2316 1148 2372 calumnias
1193 2315 1391 2385 sciero,
1427 2333 1654 2372 necesse
1683 2314 1816 2370 mihi

213 2403 275 2459 sit
298 2404 432 2460 inde
460 2404 794 2470 rescribere,
828 2413 882 2459 et
907 2413 1120 2475 tempus
1165 2404 1439 2458 inutilitati
1467 2404 1812 2475 expendere;

212 2491 254 2548 si
295 2501 483 2548 autem
534 2509 628 2547 eas
675 2507 944 2562 nesciero,
994 2493 1064 2547 ad
1111 2492 1521 2564 derogationem
1568 2492 1674 2548 mei
1721 2491 1816 2546 tibi

214 2580 498 2638 credentes
521 2579 706 2654 aliquo
727 2581 888 2636 modo
908 2581 1087 2652 possis
1104 2581 1396 2636 adducere.
1421 2580 1614 2636 Dicam
1639 2588 1817 2635 autem

214 2685 274 2728 ex
301 2669 493 2726 verbis
523 2678 768 2724 veterum
799 2685 920 2741 qua;
949 2669 1237 2726 didicimus
1267 2669 1336 2724 de
1365 2669 1611 2739 capitulis
1639 2669 1818 2725 Nica—

213 2774 290 2815 ΜΞ
317 2757 542 2830 synodi,
575 2765 635 2812 ut
663 2758 710 2812 si
737 2765 789 2812 te
821 2758 1054 2814 delectat
1094 2758 1318 2826 bellare,
1353 2773 1474 2814 cum
1514 2757 1592 2812 eis
1638 2757 1818 2828 possis

213 2845 408 2902 bellum
441 2861 760 2912 conserere,
793 2854 846 2902 et
876 2863 982 2919 ego
1001 2846 1210 2902 valeam
1235 2861 1554 2916 repausare.
1578 2845 1820 2900 Historia

215 2935 257 2990 si
287 2935 514 3008 quidem
543 2935 807 3006 tripertita
837 2935 956 3006 (lib.
990 2951 1049 3001 ll,
1074 2953 1122 2992 ο.
1148 2937 1203 3005 7)
1234 2934 1586 2990 Athanasium
1617 2934 1820 2989 dixisse

217 3024 401 3080 scribit
431 3023 505 3078 ita
539 3041 554 3077 :
589 3045 618 3077 α
645 3024 706 3078 In
733 3023 1016 3079 Niczenutn
1065 3023 1357 3079 concilium
1387 3023 1668 3078 venientes
1706 3023 1820 3093 epi—

217 3113 365 3184 scopi
393 3111 590 3186 viginti
619 3112 1062 3184 conscripserunt
1093 3112 1162 3166 de
1188 3111 1603 3168 conversatione
1644 3111 1818 3167 eccle-

213 3201 432 3258 siastica
459 3200 796 3257 sanctiones.
837 3223 858 3247 »
893 3201 960 3254 Et
987 3200 1115 3255 item
1150 3216 1162 3255 :
1202 3224 1222 3248 α
1259 3199 1500 3255 Meminit
1528 3207 1705 3255 vestra
1735 3217 1825 3271 pa-

215 3289 401 3346 tientia
449 3287 653 3345 factum
701 3288 755 3342 in
800 3288 987 3344 Nicaea
1032 3288 1251 3344 civitate
1295 3288 1603 3354 concilium,
1635 3288 1722 3343 cui
1771 3296 1824 3343 et

214 3393 316 3451 ego
337 3377 465 3449 ipse
495 3377 846 3434 conscientiae
863 3393 1000 3432 mea
1020 3377 1223 3432 cultum
1251 3376 1509 3432 decenter
1529 3376 1766 3432 exhibui.
1797 3397 1819 3426 υ

211 3466 276 3524 Et
303 3466 438 3522 item
467 3466 526 3520 in
557 3465 752 3522 eadem
782 3464 1022 3520 Historia
1054 3466 1315 3536 scriptum
1343 3473 1427 3520 est
1462 3483 1475 3519 :
1513 3487 1534 3515 α
1571 3464 1822 3536 Synodus

213 3555 495 3627 corrigere
526 3555 720 3610 volens
741 3553 1021 3610 hominum
1045 3554 1210 3610 vitam
1239 3563 1292 3609 et
1320 3554 1377 3608 in
1403 3553 1656 3610 Ecclesia
1678 3569 1826 3608 com-

211 3643 565 3710 morantium,
597 3642 780 3714 posuit
802 3642 957 3715 leges
979 3658 1118 3715 quas
1137 3659 1377 3698 canones
1407 3641 1762 3714 appellamus.
1796 3662 1817 3690 ιι

207 3731 277 3790 Bt
302 3731 557 3788 decimus
587 3730 830 3786 historiae
874 3730 1258 3788 ecclesiasticae
1307 3729 1446 3786 liber
1496 3729 1697 3794 Ruﬁni,
1730 3729 1823 3801 qui

214 3817 266 3877 in
293 3819 556 3894 catalogo
586 3818 902 3894 apostolicae
932 3818 1081 3874 sedis
1109 3819 1250 3874 inter
1280 3819 1620 3888 recipiendos
1649 3818 1820 3872 libros

215 3907 558 3974 describitur,
593 3915 782 3978 aperte
813 3907 1070 3976 ostendit,
1092 3916 1216 3979 post
1243 3906 1642 3964 confessionem
1673 3905 1819 3971 tidei,

214 3996 402 4074 viginti
458 3996 570 4054 duo
625 4003 829 4054 tantum
888 3995 1124 4068 capitula
1188 4011 1457 4052 canonum
1518 3995 1572 4050 in
1631 3995 1824 4049 eodem

215 4078 466 4154 concilii),
498 4085 654 4145 etde
683 4084 936 4144 Paschali
983 4084 1321 4144 solemnitate
1369 4083 1538 4141 fuisse
1579 4084 1820 4139 decreta.

213 4173 328 4234 Duo
357 4182 567 4240 autem,
603 4189 726 4246 quae
755 4190 921 4244 super
948 4172 1154 4248 vigenti
1196 4181 1320 4232 sunt
1363 4172 1474 4230 illic
1504 4172 1820 4237 constituta,

216 4261 267 4318 in
295 4262 493 4337 viginti
522 4261 642 4318 aliis
671 4261 921 4333 capitulis
951 4262 1093 4332 apud
1122 4277 1224 4318 nos
1255 4261 1522 4318 habentur
1547 4261 1820 4318 conclusa.

214 4350 366 4408 Unde
394 4359 450 4408 et
478 4351 538 4406 in
566 4351 763 4408 eodem
802 4349 946 4405 libro
975 4349 1049 4405 ita
1079 4351 1342 4421 scriptum
1372 4349 1598 4405 habetur
1631 4367 1644 4402 :
1681 4370 1703 4400 α
1741 4349 1822 4403 De

212 4438 444 4513 singulis
500 4439 811 4512 quibusque
884 4438 1274 4495 ecclesiasticis
1347 4437 1823 4493 observationibus

211 4511 362 4582 certa
389 4511 601 4583 statuta
627 4526 942 4600 ﬁgentibus,
975 4527 1268 4583 concilium
1297 4527 1628 4598 diremptum
1657 4534 1766 4592 est;
1796 4549 1818 4575 η
1855 4511 1910 4573 Ῑ)

205 4623 264 4674 α
317 4623 446 4687 post
491 4615 742 4687 capitula
767 4632 835 4672 ex
864 4615 1058 4672 ordine
1105 4624 1156 4671 et
1197 4631 1426 4671 numero
1483 4615 1772 4670 constituta
1801 4634 1822 4672 :

209 4703 388 4776 Igitur
431 4719 565 4762 cum
593 4705 666 4761 de
693 4704 800 4771 his,
833 4703 1022 4776 inquit,
1070 4711 1236 4774 prout
1283 4704 1592 4760 divinarum
1636 4703 1821 4776 legum

213 4793 523 4848 reverentia
551 4801 876 4865 poposcerat
905 4793 1294 4858 decrevissent,
1328 4793 1426 4847 sed
1455 4801 1506 4848 et
1533 4793 1602 4848 de
1629 4793 1822 4848 obser-

214 4881 428 4937 vatione
457 4881 685 4937 Pascha:
714 4880 993 4954 antiquum
1037 4896 1326 4950 canonem,
1358 4896 1456 4952 per
1485 4897 1646 4952 quem
1674 4880 1822 4935 nulla

213 4967 281 5024 de
305 4969 524 5042 reliquo
573 4969 810 5025 varietas
855 4971 1108 5036 oriretur,
1143 4969 1392 5026 ecclesiis
1442 4969 1814 5034 tradidissent,

213 5058 469 5112 omnibus
514 5057 620 5114 rite
659 5057 959 5130 dispositis,
1002 5057 1356 5114 ecclesiarum
1384 5074 1492 5128 pax
1521 5065 1574 5112 et
1603 5056 1739 5112 fides
1768 5057 1824 5111 in

213 5145 456 5202 Oriean
482 5155 647 5219 atque
677 5145 991 5202 Occidentis
1029 5147 1275 5217 partibus
1305 5163 1412 5201 una
1441 5155 1601 5217 atque
1631 5146 1824 5201 eadem

214 5235 554 5291 servabatur.
591 5234 758 5304 Cujus
786 5235 1216 5308 historiographi
1245 5234 1404 5290 dictis
1433 5233 1611 5294 (salva
1637 5242 1826 5290 aucto-

213 5323 373 5380 ritate
403 5323 720 5396 apostolica:
752 5323 918 5389 sedis,
961 5340 1084 5395 quae
1129 5339 1229 5378 suo
1279 5322 1581 5394 principatu
1612 5322 1827 5378 Domini

213 5427 307 5469 ore
361 5420 644 5487 percepto,
685 5420 740 5468 et
777 5412 1040 5469 Ecclesiae
1093 5411 1378 5484 profutura
1431 5411 1724 5478 constituit,
1776 5419 1828 5468 et

215 5503 506 5562 constituta
535 5502 930 5564 conservando
973 5500 1282 5571 conﬁrmat)
1314 5509 1368 5557 et
1398 5500 1830 5576 Carthaginense

212 5589 532 5663 astipulatur
591 5589 905 5660 concilium,
970 5589 1118 5663 quod
1175 5589 1306 5646 dicit
1350 5607 1364 5644 :
1412 5611 1434 5640 α
1477 5588 1830 5660 Exemplaria

1850 3156 1900 3220 C

1913 1962 2168 2018 haeresim
2215 1961 2562 2016 transierunt.
2603 1984 2623 2010 »
2659 1963 2767 2018 Sed
2798 1970 2849 2016 et
2879 1962 3109 2032 epistola
3159 1963 3345 2034 Cyrilli
3393 1964 3517 2019 Ale-

1915 2049 2164 2106 xandrini
2204 2050 2463 2121 episcopi,
2485 2050 2636 2120 cujus
2656 2049 3032 2121 praedecessor
3047 2051 3376 2117 Alexander,
3397 2067 3520 2107 cum

1915 2139 2112 2212 legatis
2157 2139 2470 2210 apostolica:
2519 2138 2685 2205 sedis,
2721 2139 2853 2195 Osio
2891 2138 3144 2195 videlicet
3175 2139 3521 2196 Cordubense

1916 2227 2196 2298 episcOpo,
2229 2235 2282 2282 et
2311 2227 2596 2283 Vincentio
2625 2243 2691 2284 ac
2721 2227 2939 2283 Victore
2986 2227 3247 2282 Romanis
3293 2229 3523 2300 presby-

1914 2316 2082 2386 teris,
2115 2315 2387 2370 mediante
2432 2316 2784 2371 Constantino
2842 2315 3175 2387 imperatore
3228 2317 3522 2387 praesedit,

1917 2421 2039 2460 cum
2095 2404 2400 2475 integritate
2458 2404 2629 2475 ipsius
2683 2404 2937 2474 concilii,
2997 2421 3096 2476 per
3151 2405 3524 2460 Innocentium

1917 2493 2298 2565 presbyterum
2326 2492 2514 2548 missa.
2545 2495 2787 2564 Itemque
2817 2493 3048 2564 epistola
3069 2494 3232 2550 Attici
3261 2494 3526 2550 Constan-

1918 2569 2259 2653 tinopolitani
2315 2581 2593 2653 episc0pi,
2653 2597 2776 2636 cum
2821 2581 3126 2655 integritate
3175 2581 3526 2638 nihilominus

1917 2670 2087 2742 ipsius
2137 2669 2352 2726 concilii
2381 2687 2480 2741 per
2507 2671 2821 2725 Marcellum
2869 2671 3261 2726 subdiaconum
3305 2671 3530 2726 Cartha-

1919 2759 2136 2832 ginensi
2184 2759 2393 2829 synodo
2432 2758 2667 2828 directa,
2701 2766 2752 2813 et
2782 2758 2946 2813 verba
2995 2758 3240 2814 Faustini
3289 2759 3532 2832 episcopi

1919 2863 1984 2902 ac
2014 2846 2180 2920 legati
2209 2847 2358 2903 sedis
2387 2846 2702 2917 apostolicae
2743 2847 2951 2918 prolata
2980 2847 3036 2901 in
3066 2847 3276 2919 synodo
3303 2847 3527 2902 Cartha-

1920 2934 2136 3007 ginensi
2156 2935 2400 3007 Epistola
2421 2951 2636 3007 quoque
2657 2934 2827 3006 ipsius
2849 2934 3064 2992 concilii
3081 2935 3152 2991 ad
3171 2935 3527 2991 Caelestinum

1921 3040 2118 3096 papam
2166 3023 2576 3090 honorabiliter,
2611 3032 2799 3094 utpar
2828 3031 2930 3092 est,
2981 3024 3269 3079 destinata.
3325 3025 3435 3080 Sed
3483 3030 3539 3080 et

1925 3113 2066 3168 actio
2121 3112 2445 3168 duodecima
2501 3112 2964 3168 Chalcedonensis
3024 3112 3274 3179 concilii,
3322 3113 3386 3167 in‘
3429 3130 3538 3186 qua

1926 3201 2186 3272 scriptum
2233 3201 2462 3256 habetur
2518 3201 2708 3272 regula
2777 3201 3134 3272 nonagesima
3190 3201 3406 3274 quinta,
3461 3202 3532 3257 de

1925 3297 2148 3345 vacante
2180 3289 2472 3359 episcopo;
2505 3297 2557 3342 et
2586 3289 2745 3359 paulo
2791 3295 2914 3359 post
2958 3289 3212 3343 Leontius
3241 3305 3306 3344 ex
3337 3289 3532 3344 eodem

1922 3378 2110 3434 codice
2149 3377 2276 3448 legit
2313 3377 2560 3449 regulam
2607 3376 3016 3448 nonagesimam
3063 3386 3289 3432 sextam.
3323 3378 3403 3432 De
3447 3377 3536 3432 his

1923 3466 2014 3538 qui
2040 3465 2109 3520 ad
2158 3465 2528 3536 episcopatum
2576 3465 2750 3520 vocati
2803 3466 3023 3520 evitant.
3077 3463 3226 3534 Quas
3274 3465 3525 3536 regulas,

1923 3553 2330 3610 connumeratis
2355 3571 2385 3606 a
2413 3553 2587 3624 capite
2618 3552 2804 3625 viginti
2854 3553 3106 3624 capitulis
3155 3553 3361 3608 Nicaeni
3393 3569 3538 3610 con-

1922 3642 2049 3706 cilii,
2103 3641 2148 3696 si
2195 3641 2317 3712 quis
2359 3658 2460 3712 per
2505 3640 2721 3713 singula
2768 3641 3159 3714 consequentia
3203 3641 3437 3698 concilia
3463 3657 3532 3698 ex

1922 3729 2114 3786 ordine
2171 3729 2568 3795 numeraverit,
2622 3729 2676 3782 in
2725 3729 3063 3784 Antiocheno
3121 3730 3352 3786 concilio
3410 3730 3530 3786 loca

1923 3817 2270 3890 praefatorum
2313 3833 2664 3873 numerorum
2714 3825 2900 3872 tenere
2931 3816 3188 3872 inveniet.
3218 3817 3376 3874 Unde
3405 3834 3532 3873 ma-

1924 3906 2178 3962 nifestum
2205 3915 2308 3972 est,
2339 3923 2450 3962 non
2481 3905 2584 3960 nisi
2616 3914 2820 3961 tantum
2867 3905 3072 3978 vigenti
3102 3923 3224 3978 qua:
3263 3905 3530 3970 habemus

1924 3994 2160 4066 capitula
2188 3993 2356 4050 fuisse
2386 3994 2440 4049 in
2471 3994 2693 4050 Niczeno
2722 3994 2953 4050 concilio
2984 3994 3294 4058 constituta.
3327 3996 3529 4052 Verum

1925 4092 1977 4145 et
2008 4080 2449 4156 longissimarum
2477 4091 2693 4140 aetatum
2749 4099 2814 4138 ex
2871 4083 3092 4155 antiqua
3139 4083 3532 4144 consuetudine

1923 4172 2134 4243 prolixa
2163 4181 2427 4242 tempora,
2453 4189 2552 4242 per
2583 4189 2706 4243 qua
2733 4171 2905 4242 ipsius
2933 4171 3147 4228 concilii
3181 4173 3297 4228 haec
3326 4181 3534 4228 tantum

1925 4259 2118 4332 viginti
2148 4259 2384 4331 capitula
2413 4259 2564 4315 fuere
2595 4268 2867 4330 suscepta,
2903 4259 3091 4314 verbis
3119 4259 3335 4332 praefati
3364 4261 3539 4326 hist0~

1925 4347 2205 4420 riographi
2235 4347 2647 4402 indubitabilem
2675 4345 2878 4402 faciunt
2906 4344 3088 4402 ﬁdem.

2502 4495 2726 4554 CAPUT
2763 4497 2940 4552 XXII.

1923 4613 1999 4670 De
2019 4616 2262 4686 quatuor
2290 4613 2557 4686 capitulis
2588 4631 2623 4668 ιι
2651 4613 2809 4686 beato
2836 4613 3088 4686 Gregorio
3110 4609 3174 4668 in
3194 4611 3434 4686 cpistola
3454 4609 3526 4670 ad

2177 4681 2550 4740 Theoctistam
2578 4681 2903 4740 Patriciam‘
2923 4681 3271 4740 inemoratis.

1997 4791 2105 4846 Sed
2152 4798 2206 4846 et
2248 4791 2395 4862 quod
2441 4791 2511 4846 de
2558 4792 2934 4859 anathemate,
2995 4805 3061 4844 ex
3114 4788 3298 4845 verbis
3353 4791 3524 4852 sancti

1925 4877 2180 4950 Gregorii
2219 4880 2287 4934 ad
2333 4879 2694 4936 Theoctistam
2743 4876 3052 4942 Patriciam,
3105 4876 3161 4932 in
3208 4879 3521 4950 supradicta

1923 4966 2308 5038 compilatione
2339 4976 2430 5022 tua
2459 4967 2753 5038 improprie
2782 4964 3030 5036 posuisti,
3055 4965 3195 5028 bene
3215 4977 3269 5022 et
3291 4967 3525 5023 rationa-

1921 5055 2105 5114 biliter
2133 5057 2276 5112 dicta
2297 5055 2438 5110 male
2462 5054 2691 5126 intelligi
2711 5052 3000 5122 tradidisti,
3023 5062 3078 5110 et
3092 5070 3203 5112 non
3220 5057 3519 5112 secundum

1921 5143 2076 5202 illum
2104 5161 2344 5212 sensum,
2377 5159 2539 5214 quem
2561 5143 2752 5196 beatus
2774 5143 3077 5215 Gregorius
3104 5143 3235 5198 illud
3256 5144 3310 5198 in
3331 5144 3521 5199 eadem

1927 5231 2158 5302 epistola
2183 5231 2381 5302 posuit,
2412 5230 2752 5300 interpretari
2799 5231 3067 5287 studuisti.
3111 5231 3268 5302 Apud
3299 5231 3521 5286 Graecos

1929 5319 2196 5394 siquidem
2225 5319 2460 5374 novitate
2490 5333 2684 5373 vocum
2725 5318 3077 5388 delectantes,
3127 5326 3322 5390 quator
3346 5319 3522 5374 hazre-

1929 5407 2031 5467 tica
2059 5406 2286 5478 capitula
2332 5405 2673 5476 invenerunt,
2707 5407 2776 5461 de
2805 5407 3000 5479 quibus
3046 5414 3280 5462 sanctus-
3311 5407 3525 5484 Grego-

1931 5495 2038 5559 rius
2087 5495 2155 5550 ad
2207 5494 2567 5558 Theoctistam
2635 5494 2912 5556 Patriciam
2977 5493 3206 5567 scripsit.
3277 5485 3518 5574 Quorum

1930 5583 2164 5654 primum
2193 5591 2294 5648 est,
2328 5581 2451 5654 quia
2497 5584 2596 5639 sub
2625 5583 2845 5640 obtentu
2867 5582 3147 5654 religionis
3195 5583 3356 5641 etiam
3410 5599 3518 5662 non
