4054 6180
425 279 531 335 367

1331 280 1674 335 HINCMARI
1729 277 2130 334 RHEMENSIS
2188 273 2740 336 ARCHIEPISCOPI.

3617 281 3784 334 368'

425 417 492 461 ex
509 402 788 459 amborum
812 417 1086 460 consensu
1107 404 1359 476 conjugia
1379 403 1733 459 dissocianda
1749 403 2022 469 dicebant,
2051 402 2105 460 A
2129 408 2243 455 tum
2273 403 2570 474 principem
2600 420 2702 474 per
2727 403 2910 460 oblata
2957 405 3030 459 ab
3059 419 3128 460 eo
3156 404 3367 460 codicis
3400 422 3414 457 :
3457 405 3554 459 sed
3585 413 3638 460 et
3688 420 3728 460 a

425 489 834 548 contradicente
865 492 1096 548 Domino
1121 510 1134 547 :
1173 492 1322 561 Quod
1351 495 1498 548 Deus
1529 493 1836 563 conjunxit
1861 491 2020 547 homo

421 595 538 636 non
566 584 791 652 separet
811 579 1032 651 (Matth.
1057 587 1204 650 xxx).
1231 579 1392 635 Aliud
1415 596 1563 648 vero,
1584 580 1727 651 quod
1751 579 2021 649 baptisma

419 677 644 740 peccata
673 667 886 739 penitus
921 684 1031 724 non
1059 668 1316 732 auferret,
1352 681 1477 724 cum
1517 669 1778 723 Dominus
1827 667 1971 722 dicat
2003 683 2016 721 :

431 757 536 826 Qui
567 758 712 813 lotus
733 761 838 822 est,
861 773 977 812 non
991 757 1204 826 indiget
1225 759 1338 812 nisi
1360 761 1425 812 ut
1443 757 1607 827 pedes
1631 759 1796 821 lavet,
1820 756 1916 810 sed
1938 759 2025 810 est

424 845 670 901 mundus
693 848 843 901 totus
855 844 1038 915 (Joan.
1059 848 1206 912 xm).
1221 845 1461 900 Tertium
1474 861 1624 911 vero,
1647 845 1768 916 quia
1783 845 1827 898 si
1840 843 2022 898 deini-

427 933 718 1005 quitatibus
746 933 860 986 suis
891 933 1012 1004 quis
1037 933 1410 1004 paenitentiam
1432 933 1488 986 in
1503 933 1790 987 triennium
1809 940 2019 1004 ageret,

424 1021 771 1092 postmodum
802 1037 1062 1092 perverse
1094 1021 1278 1076 vivere
1309 1021 1358 1076 ei
1388 1021 1594 1084 liceret,
1619 1037 1740 1076 cum
1763 1021 2024 1090 scriptum

426 1109 533 1167 sit:
560 1110 664 1178 Qui
679 1111 1046 1180 baptizatum
1069 1113 1306 1173 mortuo,
1324 1111 1601 1164 etiterum
1631 1111 1815 1180 tangit
1870 1125 2018 1172 eum,

423 1197 556 1272 quid
571 1198 792 1269 proﬁcit
811 1199 1018 1253 lavatio
1031 1199 1153 1268 ejus
1179 1198 1416 1266 ?(Eccli.
1465 1200 1690 1265 xxxrv).
1719 1196 2026 1266 Baptizatur

425 1301 563 1360 ergo
595 1302 629 1342 a
657 1294 894 1352 mortuo,
917 1293 970 1340 et
989 1285 1182 1340 iterum
1206 1285 1378 1357 tangit
1401 1301 1524 1338 eum
1545 1284 1636 1356 qui
1658 1301 1820 1354 prava
1857 1300 2025 1354 opera

431 1391 553 1447 quas
573 1390 633 1429 se
651 1375 834 1447 egisse
855 1373 1096 1428 meminit
1127 1373 1389 1443 deplorat,
1405 1374 1502 1428 sed
1520 1373 1727 1428 eisdem
1750 1390 1808 1428 se
1828 1373 2025 1427 iterum

429 1470 556 1534 post
583 1463 858 1533 lacrymas
887 1461 1148 1532 implicat.
1186 1462 1453 1530 Quartum
1481 1478 1612 1516 vero
1633 1470 1736 1529 est,
1757 1461 1902 1532 quod
1917 1477 2025 1515 non

429 1565 531 1606 suo
559 1565 725 1604 sensu
755 1550 1002 1620 posuisti,
1028 1549 1156 1621 quia
1184 1549 1230 1604 si
1245 1549 1510 1619 compulsi
1529 1550 1714 1620 aliqui,
1739 1550 1807 1604 de
1830 1549 2025 1619 quibus

430 1637 962 1709 reprehendebantur
988 1646 1180 1693 contra
1211 1637 1532 1692 catholicam
1564 1638 1804 1692 sensisse
1835 1637 2026 1692 Eccle-

2123 489 2254 544 solis
2279 499 2402 546 ortu
2436 507 2607 563 usque
2661 493 2728 546 ad
2760 508 3034 562 occasum,
3081 509 3182 564 per
3224 492 3436 547 litteras
3479 507 3623 562 suas,
3669 500 3729 548 et

2119 593 2219 647 per
2251 579 2498 634 homines
2529 597 2666 652 quos
2698 581 2960 650 mittebat,
2979 581 3264 636 universos
3287 581 3729 652 perturbantem,

2123 674 2174 721 et
2203 681 2236 721 a
2264 664 2371 722 ﬁde
2403 683 2529 722 vera
2561 678 2962 742 segregantem,
2998 677 3050 724 et
3064 670 3212 739 juste
3243 678 3407 740 atque
3439 669 3730 724 rationabi-

2123 747 2245 805 liter
2272 769 2305 806 a
2334 751 2628 822 pontiﬁcali
2655 755 2840 809 habitu
2877 755 3229 820 denudatum,
3280 754 3586 809 nullatenus
3633 755 3729 810 di-

2122 838 2245 893 vina
2301 841 2494 914 regula
2543 841 2611 896 de
2677 851 2876 898 caetero
2924 843 3148 914 suscipit
3195 843 3249 897 in
3300 842 3540 899 doctoris
3595 843 3733 898 sede

2124 926 2391 994 residere,
2436 945 2504 984 ne
2537 946 2601 984 ex
2645 931 2751 986 hoc
2799 931 3040 1001 propriae
3079 947 3190 986 suae
3237 931 3513 986 haereseos
3557 931 3735 986 multo

2116 1015 2226 1083 jam
2259 1017 2647 1073 recrudeseere
2678 1018 2839 1074 faciat
2874 1019 3307 1089 intelligentiam,
3331 1027 3383 1074 et
3406 1017 3550 1084 ﬁant,
3572 1020 3736 1087 juxta

2125 1103 2270 1174 quod
2289 1104 2554 1176 scriptum
2577 1115 2679 1174 est,
2703 1107 3002 1162 novissima
3025 1107 3170 1161 illius
3208 1107 3442 1162 hominis
3458 1107 3737 1162 deteriora

2125 1191 2418 1260 prioribus.
2489 1215 2511 1242 ι
2577 1195 2646 1248 Et
2701 1196 3049 1251 Macedonius
3107 1195 3740 1266 Constantinopolitanus

2125 1280 2433 1352 epiSCOpus,
2469 1291 2526 1336 ut
2583 1300 2743 1354 supra
2773 1285 2903 1350 dixi,
2955 1285 3026 1338 ab
3074 1284 3398 1354 imperatore
3440 1284 3738 1339 Anastasio

2128 1368 2329 1441 legitur
2373 1371 2651 1440 expulsus,
2703 1374 2959 1444 quoniam
3002 1373 3305 1446 Evangelia
3363 1373 3628 1440 falsasset,
3682 1382 3738 1427 et

2126 1457 2360 1512 maxime
2415 1459 2546 1513 illud
2587 1461 2830 1530 Apostoli
2859 1462 3060 1517 dictum
3102 1479 3117 1516 :
3151 1461 3303 1528 Quod
3354 1464 3621 1534 apparuit
3669 1463 3734 1516 in

2127 1547 2706 1616 carne,justi/icatum
2727 1554 2811 1604 est
2829 1551 2890 1604 in
2913 1551 3120 1621 spiritu
3150 1547 3200 1620 (I
3229 1551 3371 1607 Tim.
3398 1552 3514 1618 Ill);
3540 1557 3591 1603 et
3613 1565 3737 1619 per-

2128 1633 2381 1700 vertisse,
2416 1643 2472 1688 ut
2501 1635 2798 1708 legeretur,
2835 1642 2900 1693 ut
2931 1642 3078 1694 esset
3103 1640 3270 1704 Deus,
3317 1639 3588 1711 apparuit
3629 1653 3737 1710 per

428 1726 585 1794 siam,
616 1726 1076 1782 anathematizare
1109 1741 1168 1780 se
1197 1725 1457 1791 dicerent,
1492 1725 1852 1780 anathematis
1900 1725 2024 1779 vin-
2061 1737 2382 1811 Boarnem.
2423 1720 2509 1790 Qu
2523 1723 2640 1778 ales
2671 1725 2950 1798 redarguit
2979 1725 3174 1782 Paulus
3194 1727 3490 1797 apostolus,
3514 1725 3584 1780 de
3602 1741 3660 1780 se
3683 1733 3740 1780 et

433 1813 557 1870 culo
605 1813 755 1869 nullo
797 1814 960 1868 modo
1004 1813 1193 1868 teneri.
1242 1815 1322 1868 De
1371 1814 1570 1885 quibus
1617 1821 1840 1869 sanctus
1902 1813 2035 1868 dicit
2061 1808 2102 1811 _
2135 1808 2250 1862 suis
2282 1809 2446 1864 sociis
2477 1811 2673 1867 dicens
2710 1830 2724 1866 ε
2761 1814 2880 1869 Non
2912 1815 3066 1869 enim
3094 1832 3312 1884 sumus,
3344 1814 3536 1885 inquit,
3584 1815 3740 1869 sicut

437 1902 742 1976 Gregorius
774 1921 788 1957 :
825 1925 846 1949 «ι
884 1901 1022 1971 Quia
1053 1901 1156 1972 ipsi
1185 1901 1288 1957 sibi
1338 1909 1506 1956 testes
1547 1910 1671 1956 sunt
1701 1902 1826 1972 quia
1871 1901 2033 1956 Chri-

435 1991 598 2050 stiani
624 2007 734 2046 non
763 1999 886 2046 sunt
920 2007 932 2045 :
959 1990 1214 2062 quoniam
1237 1990 1533 2061 ligamenta
1551 1999 1751 2046 sanctae
1775 1990 2032 2045 Ecclesiae

434 2080 586 2136 vanis
615 2095 675 2134 se
704 2079 976 2136 estimant
1005 2079 1290 2135 conatibus
1321 2079 1532 2134 solvere
1563 2094 1628 2134 ac
1659 2095 1760 2150 per
1789 2079 1892 2134 hoc
1929 2093 2032 2134 nec

435 2169 833 2224 absolutionem
853 2175 1058 2224 sanctae
1078 2167 1340 2223 Ecclesiae
1361 2183 1519 2238 quam
1542 2175 1766 2238 praestat
1783 2165 2035 2222 ﬁdelibus

435 2272 622 2313 veram
641 2263 851 2327 putant,
877 2256 923 2310 si
940 2256 1226 2326 ligaturam
1245 2256 1362 2323 ejus
1380 2255 1564 2310 valere
1581 2271 1690 2310 non
1701 2255 1986 2309 aestimant.
2007 2277 2028 2303 ι

433 2345 590 2400 Unde
619 2345 674 2398 in
703 2343 1130 2399 orthodoxorum
1161 2342 1378 2413 scriptis
1421 2342 1756 2413 legimus,ex
1774 2343 1906 2412 ipsis
1943 2342 2035 2414 qui

436 2431 493 2486 in
519 2431 740 2487 Nicaeua
771 2439 955 2486 sancta
985 2431 1196 2501 synodo
1227 2439 1616 2494 convenerunt,
1667 2439 1719 2485 et
1776 2425 2036 2500 exposita:

437 2519 506 2574 ab
535 2535 602 2576 ea
637 2517 762 2574 ﬁdei
805 2517 1108 2574 diﬁinitioni
1151 2519 1236 2573 vel
1277 2518 1526 2590 symbolo
1575 2518 2032 2588 subscripserunt.

435 2615 489 2664 et
516 2609 590 2663 ab
617 2607 810 2664 eadem
841 2606 1242 2678 subscriptione
1284 2615 1740 2676 apostataverunt,
1774 2615 1826 2660 et
1840 2607 2036 2661 iterum

435 2711 538 2768 per
617 2695 940 2752 catholicam
1009 2694 1466 2766 subscriptionem
1527 2695 1598 2750 ad
1675 2695 2035 2750 universalem

437 2784 745 2841 Ecclesiam
801 2784 1095 2846 redierunt,
1156 2783 1427 2855 quosdam
1481 2783 1649 2839 fuisse
1729 2793 2032 2854 susceptos,

438 2873 576 2928 sicut
605 2881 659 2927 et
687 2872 742 2926 in
763 2871 886 2927 aliis
910 2871 1153 2943 synodis,
1189 2880 1260 2936 et,
1296 2872 1349 2925 in
1397 2871 1641 2942 epistolis
1683 2873 1899 2938 Leonis,
1952 2880 2036 2926 at-

439 2976 547 3032 que
577 2959 830 3031 Gregorii
859 2959 1112 3031 legimus.
1148 2959 1370 3014 Constat
1398 2959 1584 3032 igitur,
1620 2959 1743 3031 quia
1774 2975 1883 3014 non
1911 2967 2037 3013 sunt

440 3047 740 3120 tigamenta
770 3045 856 3102 vel
891 3046 1191 3102 solutiones
1221 3056 1426 3103 sancta:
1456 3047 1738 3110 Ecclesiae,
1772 3063 2036 3119 quaacon-

439 3145 524 3192 tra
554 3144 800 3191 sanctam
827 3135 1131 3191 Ecclesiam
1161 3129 1313 3200 ﬁunt,
1346 3135 1431 3190 vel
1481 3152 1604 3207 quas
1635 3136 1704 3190 ab
1749 3135 1833 3190 his
1882 3134 2035 3201 ﬁunt,

443 3225 538 3298 qui
566 3231 760 3281 contra
787 3223 1047 3296 dogmata
1076 3223 1357 3280 catholicae
1417 3224 1679 3279 Ecclesiae
1723 3225 2036 3279 sentientes.

448 3311 722 3370 contraria
768 3311 873 3384 ipsi
916 3320 1119 3368 sancta:
1167 3311 1430 3368 Ecclesia:
1468 3311 1639 3384 ligant
1685 3313 1769 3367 vel
1802 3312 2036 3367 solvunt.

445 3402 645 3458 Sancta
675 3400 874 3473 quippe
905 3400 1156 3456 Ecclesia
1181 3401 1310 3456 dicit
1341 3421 1358 3456 :
1390 3422 1411 3450 α
1447 3401 1571 3456 Non
1601 3399 1718 3456 sedi
1751 3416 1874 3456 cum
1904 3416 2041 3456 con-

443 3489 570 3547 cilio
599 3489 872 3557 vanitatis,
897 3497 952 3542 et
971 3503 1092 3544 cum
1109 3489 1296 3560 iniqua
1317 3489 1636 3561 gerentibus
1658 3503 1764 3542 non
1783 3488 2042 3544 introibo.

445 3577 612 3636 Odivi
636 3577 930 3634 ecclesiam
959 3576 1385 3650 malignantium,
1422 3586 1476 3632 et
1507 3592 1633 3632 cum
1681 3576 1885 3647 impiiis
1935 3593 2046 3633 non

449 3666 674 3722 sedebo.
705 3665 916 3722 Lavabo
945 3667 1099 3721 inter
1118 3666 1450 3722 innocentes
1467 3682 1672 3720 manus
1693 3679 1846 3720 meas
1865 3665 2044 3734 (Psal.

445 3769 586 3822 xxv,
619 3753 693 3824 6).
732 3774 754 3801 ιι
790 3753 1035 3823 Denique
1065 3752 1273 3808 eisdem
1305 3753 1487 3807 verbis
1532 3752 1678 3807 beati
1727 3751 1984 3823 Gregorii
2032 3769 2044 3804 :

449 3843 646 3914 quibus
676 3840 808 3895 dicit
839 3857 852 3893 :
903 3862 924 3887 α
961 3839 1016 3893 Si
1074 3840 1167 3910 qui
1222 3855 1354 3893 vero
1407 3847 1530 3893 sunt
1562 3840 1655 3909 qui
1684 3840 1888 3901 dicunt,
1921 3839 2050 3910 quia

448 3927 765 3998 compulsus
791 3925 1058 3997 quispiam
1089 3927 1414 3982 necessitate
1446 3943 1505 3980 se
1556 3927 2050 3982 anathematizave—

452 4017 544 4084 rit,
575 4013 936 4070 anathematis
966 4014 1182 4069 vinculo
1213 4030 1322 4069 non
1352 4023 1586 4079 tenetur,
1647 4041 1667 4063 υ
1714 4015 1898 4069 verbis
1943 4015 2050 4070 tuis

458 4101 756 4175 imposuiti,
801 4101 1073 4157 immitens
1115 4111 1169 4156 et
1217 4103 1664 4173 superadjiciens,
1726 4112 1815 4157 aut
1862 4111 2052 4158 contra

457 4209 521 4249 ea
550 4207 672 4263 qua:
701 4189 804 4245 sub
833 4191 1177 4246 anathemate
1206 4191 1472 4262 prohibita
1513 4200 1635 4246 sunt
1681 4207 2050 4262 prmsumpse-

455 4282 542 4339 rit.
575 4281 636 4335 In
665 4294 732 4335 eo
763 4287 943 4334 autem
973 4277 1093 4334 loco
1123 4279 1215 4333 ubi
1245 4279 1378 4334 dixit
1409 4297 1422 4333 :
1451 4301 1472 4328 α
1510 4279 1565 4334 Si
1597 4280 1686 4351 qui
1717 4289 1841 4334 sunt
1871 4280 2054 4352 igitur,

457 4371 551 4444 qui
581 4369 682 4425 sub
725 4367 946 4422 nomine
987 4367 1316 4432 Christiano,
1366 4369 1483 4423 haec
1533 4385 1654 4438 quae
1699 4368 2052 4438 prmdiximus

457 4472 713 4516 errorum
741 4454 992 4526 capitula,
1025 4463 1114 4510 aut
1157 4456 1461 4526 praedicare
1504 4456 1721 4523 audent,
1769 4465 1859 4510 aut
1903 4453 2120 4512 tacitiD

457 4547 601 4619 apud
630 4544 954 4614 semetipsos
985 4551 1188 4608 tenere,
1227 4567 1249 4592 »
1283 4545 1615 4600 detruncasti
1659 4553 1711 4598 et
1749 4543 2057 4615 pervertisti

462 4637 652 4692 dicens
684 4651 697 4686 :
739 4656 760 4680 α
796 4631 853 4686 Si
882 4631 974 4702 qui
1003 4640 1129 4686 sunt
1157 4632 1341 4704 igitur,
1374 4633 1462 4704 qui
1496 4633 1595 4686 sub
1625 4633 1842 4688 nomine
1891 4632 2054 4687 Chri-

456 4724 635 4780 stiano
663 4721 781 4776 bzec
809 4727 896 4774 aut
925 4721 1224 4790 praedicare
1253 4721 1474 4789 audent,
1522 4736 1630 4775 non
1660 4721 1874 4775 -timens
1931 4737 2056 4775 sen-

458 4811 682 4867 tentiam
710 4815 910 4864 sancta
939 4817 1107 4864 sexta:
1137 4808 1332 4880 synodi
1361 4807 1416 4862 in
1472 4809 1793 4863 duodecima
1842 4808 2054 4864 actione

461 4898 730 4971 prolatam
760 4897 864 4951 hoc
894 4897 1057 4952 modo
1089 4915 1103 4950 :
1138 4898 1498 4952 lnveteratum
1529 4898 1819 4951 Macarium
1850 4897 1903 4950 in
1948 4897 2054 4950 im-

461 4985 680 5060 pietatis
708 4985 1074 5056 dogmatibus,
1111 4994 1301 5041 etnon
1332 4985 1504 5040 solum
1537 4985 1845 5039 universam
1893 4985 2054 5039 Chri-

463 5084 548 5132 sto
577 5072 864 5129 amabilem
893 5073 1127 5142 plebem,
1159 5091 1281 5146 quae
1310 5075 1450 5129 hanc
1479 5089 1512 5127 a
1560 5074 1674 5127 Deo
1733 5088 2062 5128 conservan-

463 5166 589 5220 dam
615 5161 824 5236 regiam
870 5163 1058 5217 urbem
1096 5161 1379 5227 inbabitat,
1427 5161 1714 5216 eversione
1752 5161 2057 5214 turbulenta

463 5260 763 5325 potantem,
793 5250 1209 5321 testimoniaque
1241 5257 1550 5305 sanctorum
1599 5257 1651 5303 et
1697 5249 2057 5318 probabilium

463 5350 678 5412 patrum
709 5340 1016 5405 falsantem,
1052 5346 1104 5394 et
1136 5339 1381 5410 quaedam
1405 5337 1624 5408 quidem
1658 5337 2054 5403 abscidentem,

463 5429 712 5501 quaedam
733 5445 864 5487 vero
883 5429 1194 5490 addentem,
1220 5433 1272 5480 et
1285 5427 1586 5482 secundum
1600 5425 1746 5498 quod
1759 5425 1810 5480 ei
1830 5426 2056 5482 videba-

464 5531 558 5580 tur
580 5525 636 5582 in
665 5524 826 5582 devia
852 5525 1154 5580 mittentem
1185 5521 1487 5592 piissimum
1520 5529 1574 5576 et
1600 5537 1630 5574 a
1680 5522 1794 5576 Deo
1833 5535 2059 5576 corona-

2129 1898 2376 1968 plurimi
2386 1899 2781 1956 adulterantes
2804 1905 3030 1958 verbum
3049 1903 3149 1958 Dei
3171 1905 3243 1971 (ΙΙ
3260 1904 3379 1959 Cor.
3405 1905 3487 1972 ιι).
3511 1927 3531 1949 ιι
3559 1900 3742 1956 Adul-

2131 1993 2316 2040 terare
2347 1994 2450 2052 est,
2485 1987 2655 2059 inquit
2686 1989 2879 2044 beatus
2906 1991 3228 2064 Gregorius,
3253 1991 3479 2046 verbum
3503 1989 3622 2056 Dei,
3646 1997 3746 2045 aut

2133 2072 2292 2128 aliter
2324 2075 2526 2130 sentire
2557 2093 2719 2146 quam
2749 2079 2817 2133 de
2848 2078 2943 2134 illo
2971 2087 3073 2146 est,
3106 2088 3199 2134 aut
3228 2096 3293 2134 ex
3322 2095 3388 2134 eo
3418 2094 3526 2134 non
3567 2077 3742 2148 spiri-

2134 2161 2269 2216 tales
2299 2161 2527 2228 fruclus,
2563 2165 2661 2219 sed
2691 2166 3028 2222 adulterinos
3079 2166 3221 2222 fetus
3264 2183 3510 2239 quaerere
3551 2166 3738 2220 laudis

2132 2248 2404 2306 humanas.
2447 2276 2467 2298 τι
2501 2253 2654 2309 Unde
2685 2255 2939 2310 Gelasius
2970 2256 3040 2310 ad
3073 2256 3360 2328 episcopos
3389 2271 3487 2328 per
3517 2255 3739 2310 Darda-

2134 2337 2282 2392 niam
2312 2339 2652 2410 constitutos,
2686 2343 2742 2396 in
2771 2343 3012 2399 decretis
3040 2343 3153 2398 suis
3183 2343 3402 2415 scripsit
3433 2345 3619 2416 (epist.
3647 2347 3740 2408 Η,

2133 2426 2187 2480 in
2216 2427 2502 2499 principio)
2541 2447 2554 2484 :
2592 2454 2614 2478 «ι
2652 2430 2790 2500 Quia
2819 2432 3051 2500 majores
3079 2433 3250 2488 nostri
3269 2432 3580 2488 necessario
3599 2447 3748 2502 prae-

2136 2525 2414 2582 caverunt,
2453 2527 2509 2572 ut
2559 2528 2750 2574 contra
2788 2508 3225 2593 unamquamque
3269 2521 3542 2590 haeresim,
3593 2519 3748 2591 quod

2135 2611 2252 2658 acta
2284 2605 2454 2660 semel
2483 2608 2725 2677 synodus
2755 2625 2856 2679 pro
2885 2607 3010 2674 ﬁde,
3044 2610 3444 2676 communione,
3477 2618 3529 2664 et
3588 2608 3746 2663 veri-

2135 2704 2242 2751 tate
2292 2693 2555 2751 catholica
2603 2704 2764 2766 atque
2813 2697 3117 2766 apostolica
3161 2697 3577 2768 promulgasset,
3627 2711 3748 2750 non

2137 2786 2380 2842 sinerent
2409 2784 2564 2840 novis
2593 2793 2719 2854 post
2746 2785 2864 2841 hinc
2895 2785 3366 2841 retraetationibus
3385 2783 3642 2849 mutilari,
3668 2799 3748 2839 ne

2134 2875 2318 2945 pravis
2359 2873 2577 2929 occasio
2625 2872 2970 2943 praeberetur
2999 2890 3122 2946 quae
3166 2873 3561 2930 medicinaliter
3623 2871 3750 2927 fue—

2137 2972 2258 3017 rant
2287 2971 2485 3018 statuta
2515 2961 2767 3032 pulsandi
2807 2979 2819 3015 :
2856 2962 2953 3017 sed
2991 2971 3210 3019 auctore
3250 2962 3537 3032 cujuslibet
3583 2961 3750 3016 insa-

2141 3051 2262 3118 nite,
2296 3067 2361 3106 ac
2389 3050 2598 3120 pariter
2627 3066 2814 3105 errore
2843 3050 3119 3115 damnato,
3144 3049 3390 3107 suﬁicere
3404 3051 3743 3120 judicarunt,

2141 3147 2197 3194 ut
2229 3139 2475 3211 quisquis
2504 3138 2801 3210 aliquando
2850 3139 3011 3209 hujus
3065 3140 3270 3196 erroris
3311 3138 3748 3196 communicator

2139 3229 2416 3292 existeret,
2448 3227 2737 3298 principali
2769 3227 3040 3282 sententia
3068 3228 3435 3284 damnationis
3459 3228 3576 3296 ejus
3593 3235 3750 3283 esset

2139 3316 2452 3380 obstrictus,
2490 3315 2747 3387 quoniam
2778 3315 3066 3373 manifeste
3104 3317 3330 3390 quilibet
3375 3316 3460 3372 vel
3511 3314 3744 3387 profes-

2143 3405 2296 3460 sione
2328 3419 2428 3460 sua
2457 3404 2544 3459 vel
2575 3404 2954 3460 communione
2985 3413 3170 3476 posset
3199 3406 3444 3477 agnosci.
3482 3426 3504 3454 ι
3541 3406 3753 3476 Etpost

2143 3493 2418 3564 aliquanta
2453 3510 2466 3546 :
2504 3513 2526 3542 «
2564 3492 2834 3561 Quoniam
2864 3492 3010 3548 idem
3049 3493 3166 3565 ipse
3209 3509 3386 3559 error,
3431 3493 3523 3565 qui
3569 3493 3749 3548 semel

2144 3589 2228 3636 est
2256 3597 2378 3636 cum
2409 3595 2507 3636 suo
2539 3589 2762 3636 auctore
2791 3581 3095 3647 damnatus,
3131 3582 3187 3636 in
3212 3582 3478 3653 participe
3502 3569 3752 3653 quolibet

2144 3685 2326 3740 prava:
2358 3668 2754 3724 communionis
2784 3667 2980 3725 eﬂ'ecto
2999 3671 3428 3726 exsecrationem
3446 3669 3529 3725 sui
3565 3676 3753 3742 gestat

2147 3765 2198 3812 et
2229 3773 2464 3828 pmnam.
2504 3780 2526 3804 ιι
2561 3757 2691 3811 Haec
2720 3755 2908 3828 igitur,
2943 3757 3036 3828 qui
3079 3758 3224 3814 beati
3267 3756 3524 3830 Gregorii
3571 3756 3754 3812 verba

2147 3844 2534 3915 imposturasti,
2569 3845 2854 3900 attendens
2884 3861 3006 3916 quae
3050 3846 3242 3901 beatus
3291 3846 3422 3903 dicit
3465 3843 3748 3910 Gelasius,

2149 3940 2200 3986 et
2230 3941 2356 3987 ante
2385 3932 2577 3987 oculos
2608 3933 2804 3988 mentis
2836 3950 3065 4004 ponens,
3097 3934 3222 4007 quia
3252 3933 3521 3990 Macarius
3548 3942 3601 3988 et
3630 3933 3752 3988 ﬂa-

2149 4020 2411 4076 cedonius
2441 4020 2646 4076 ideirco
2677 4037 2709 4075 a
2740 4023 3069 4086 sacerdotio,
3101 4023 3265 4079 etiam
3307 4031 3432 4078 ante
3477 4023 3754 4080 humanos

2149 4109 2356 4178 oculos,
2385 4109 2589 4178 judicio
2619 4109 2866 4180 synodali
2899 4119 2951 4166 et
2979 4119 3248 4181 potestate
3289 4111 3573 4183 principali
3622 4111 3754 4170 fue-

2149 4205 2274 4252 runt
2302 4197 2498 4265 dejecti
2553 4198 2798 4254 accelera
2844 4198 3159 4256 satisfacere
3207 4199 3430 4256 terribili
3472 4199 3528 4255 in
3569 4202 3758 4258 consi-

2152 4285 2238 4340 liis
2267 4302 2436 4356 super
2465 4283 2604 4341 ﬁlios
2662 4287 2964 4341 hominum.

2723 4463 2947 4520 CAPUT
2975 4463 3177 4519 XXIII.

2157 4605 2306 4670 Quod
2333 4606 2640 4676 apostolica
2667 4604 2824 4660 sedes
2850 4610 3074 4678 partem
3105 4609 3247 4662 noni
3261 4609 3506 4680 capituli
3528 4608 3760 4666 Chalce-

2225 4692 2489 4748 donensis
2517 4709 2631 4748 non
2657 4694 2918 4764 recipiat,
2942 4694 3094 4750 sicut
3114 4695 3326 4752 beatus
3347 4697 3452 4752 Leo
3469 4711 3621 4768 papa
3648 4697 3758 4753 de-

2224 4783 2525 4836 monstrat.

2227 4913 2555 4968 Sententiam
2577 4913 2811 4985 denique
2839 4913 3299 4971 Chalcedonensis
3328 4917 3564 4986 concilii,
3588 4934 3760 4991 quam

2155 5009 2260 5056 tua:
2287 5001 2654 5072 compilationi
2683 5003 3003 5073 apposuisti,
3033 5019 3066 5058 a
3098 5020 3422 5077 quocunque
3451 5007 3761 5076 expositam

2154 5089 2248 5160 qui
2274 5089 2550 5144 adinvenit
2579 5090 2647 5144 de
2677 5107 2743 5144 ea
2771 5091 2900 5162 quid
2929 5091 3134 5147 diceret
3169 5110 3184 5148 :
3217 5094 3285 5148 Ut
3329 5094 3375 5148 si
3398 5095 3630 5150 clericus
3652 5094 3762 5150 ba-

2155 5178 2244 5232 bet
2274 5194 2489 5234 causam
2517 5179 2784 5234 adversus
2814 5179 3134 5250 episcopum
3165 5181 3469 5253 proprium,
3518 5183 3607 5238 vel
3647 5183 3763 5239 ad-

2156 5282 2347 5322 versus
2374 5267 2624 5332 alterum,
2660 5268 2800 5338 apud
2831 5269 3098 5340 synodum
3126 5270 3712 5340 provinciaejudicetur
3745 5289 3760 5326 :
3797 5257 3806 5263 ’

2156 5355 2300 5426 quod
2330 5354 2374 5408 si
2403 5355 2664 5412 adversus
2695 5356 2940 5425 ejusdem
2969 5357 3266 5428 provincia:
3286 5360 3767 5430 metropolitanum

2155 5443 2416 5515 epicopus
2443 5443 2529 5500 vel
2559 5443 2791 5500 clericus
2813 5445 2975 5501 habet
3013 5445 3317 5518 querelam,
3355 5455 3503 5519 petat
3549 5448 3766 5518 prima-

2156 5539 2262 5586 tem
2287 5532 2608 5597 dioeceseos,
2643 5539 2737 5588 aut
2765 5533 2952 5588 sedem
2981 5533 3148 5604 regite
3175 5534 3328 5590 urbis
3369 5535 3764 5594 Constantino-
