4020 6182
213 248 312 302 310

838 246 1078 303 OPUSC.
1124 246 1215 302 ΕΤ
1271 246 1487 302 EPIST.
1549 247 1622 301 ΙΝ
1673 245 1898 301 CAUSA
1955 244 2297 305 HINCMARI
2346 248 2648 305 LAUDUN.

3414 253 3518 306 πυ

209 369 468 442 politam:
487 412 502 436 ,
535 377 592 424 et
619 370 765 441 apud
793 369 980 441 ipsum
1003 369 1298 439 iudicetur,
1331 371 1476 442 quod
1505 378 1557 425 et
1585 370 1640 424 in
1671 369 1824 439 capi—
1847 367 1904 428 A
1931 367 2208 424 Juvenalis
2252 371 2542 441 episcOpns
2573 372 2642 426 ad
2673 372 3028 427 obtinendum
3067 371 3368 428 Palestina)
3408 385 3538 444 pro-

222 457 338 514 tulo
390 457 609 514 decimo
655 458 887 529 septimo
935 458 1329 530 recapitulavit.
1383 459 1528 530 Lege
1558 466 1714 531 gesta
1739 474 1834 529 sy-

213 547 350 603 nodi
396 546 864 602 Chalcedonensis
886 589 901 612 ,
933 555 986 602 et
1014 547 1346 602 Breviarium
1379 547 1448 602 de
1477 547 1688 602 duabus
1717 547 1834 601 hae-

219 635 442 692 resibus
472 635 926 691 Nestorianorum
957 644 1006 690 et
1031 637 1513 707 Eutychianorum,
1546 635 1834 691 collectum

216 740 250 778 a
279 733 478 779 sancto
506 723 760 779 Liberato
791 724 1181 780 archidiacono
1209 725 1471 780 Ecclesiae
1494 723 1834 791 Carthaginis

220 813 473 886 regionis
503 820 690 879 sextae,
724 813 821 868 sed
853 822 906 867 et
935 813 1193 884 epistolas
1227 813 1397 868 sancti
1427 813 1624 867 Leonis
1654 827 1830 882 papae,

216 910 271 957 et
301 901 554 956 invenies
583 901 686 956 hoc
713 901 887 972 ipsius
909 901 1123 958 concilii
1167 917 1367 956 nonum
1417 901 1710 972 capitulum
1731 943 1745 966 ,
1777 901 1832 954 in

217 989 376 1058 cujus
403 988 516 1044 ﬁne
546 989 744 1045 dicitur
773 1007 787 1043 :
822 991 970 1044 Petat
1014 990 1303 1060 primatem
1349 990 1654 1044 dioeceseos
1679 1032 1691 1055 ,
1743 998 1833 1043 aut

223 1078 416 1134 sedem
463 1077 634 1150 regia:
681 1077 835 1132 urbis
897 1078 1539 1148 Constantinopolitanae,
1593 1085 1644 1131 et
1689 1078 1834 1148 apud

217 1165 400 1237 ipsum
423 1165 716 1234 judicetur,
751 1174 802 1221 et
833 1167 976 1238 quod
1005 1167 1074 1220 de
1102 1166 1369 1222 divisione
1409 1166 1663 1221 dioecesis
1693 1165 1833 1219 inter

221 1253 630 1310 Antiochenum
661 1262 714 1308 et
745 1253 1285 1324 Hierosolymitanum
1317 1254 1606 1324 episcopos
1638 1269 1834 1308 conve—

218 1343 316 1408 nit,
351 1343 421 1395 ab
451 1341 755 1410 apostolica
785 1342 916 1396 sede
938 1357 1047 1397 non
1093 1341 1261 1396 fuisse
1302 1350 1541 1413 recepta.
1591 1341 1699 1396 Sed
1729 1357 1831 1396 nec

217 1429 352 1485 illud
399 1429 697 1500 capitulum
742 1429 1315 1500 Constantinopolitani
1362 1429 1606 1494 concilii,
1637 1429 1692 1483 in
1723 1445 1831 1500 quo

222 1517 470 1588 synodus
499 1517 618 1587 ipsa
649 1517 922 1573 constituit
951 1517 1347 1589 praeferendam
1379 1519 1832 1588 Constantinopo-

221 1605 314 1660 lim
345 1605 610 1660 secundm
639 1613 694 1660 et
721 1605 896 1661 tertiae
924 1606 1062 1671 sedi,
1095 1614 1148 1662 et
1177 1615 1299 1676 post
1328 1606 1629 1662 Romanum
1659 1605 1832 1676 ponti-

1933 455 2126 512 vinciae
2174 459 2536 529 principatum
2583 459 2815 516 credidit
2859 477 2918 516 se
2966 477 3131 533 posse
3174 459 3442 528 sufﬁcere,
3484 469 3540 518 et

1932 545 2232 601 insolentes
2281 563 2447 602 ausus
2489 565 2591 618 per
2637 549 3002 604 commentitia
3045 549 3246 621 scripta
3295 547 3536 616 ﬁrmare.

1933 631 2091 702 Quod
2136 643 2335 690 sanctae
2383 637 2662 692 memoria:
2710 637 2944 708 Cyrillus
2987 637 3388 694 Alexandrinus
3417 637 3539 708 epi-

1933 737 2132 792 scopus
2161 723 2350 778 merito
2381 726 2827 794 perhorrescens,
2861 725 3081 796 scriptis
3112 726 3224 781 suis
3255 725 3386 781 mihi
3408 725 3539 798 quid

1931 811 2176 881 praedicti
2207 811 2470 882 cupiditas
2499 829 2631 866 ausa
2669 822 2815 870 esset
2863 814 3160 882 indicavit,
3212 821 3265 870 et
3311 813 3540 870 sollicita

1931 914 2093 969 prece
2124 900 2352 953 multum
2380 901 2664 970 poposcit,
2716 910 2774 956 ut
2822 902 2971 957 nulla
2999 902 3205 958 illicitis
3253 901 3540 959 conatibus

1931 987 2266 1058 praeberetur
2313 989 2578 1043 assensio.
2631 990 2772 1043 Nam
2835 991 2986 1059 cujus
3037 991 3281 1062 epistolae
3319 989 3390 1046 ad
3432 977 3575 1046 nos,

1932 1076 2265 1144 exemplaria
2296 1076 2536 1130 direxisti
2568 1085 2768 1132 sanctae
2795 1078 3076 1133 memoriae
3105 1078 3312 1150 Cyrilli,
3337 1093 3458 1134 eam
3478 1079 3536 1135 in

1931 1172 2121 1218 nostro
2167 1165 2363 1220 scrinio
2407 1165 2720 1236 requisitam
2763 1181 2864 1220 nos
2909 1167 3271 1222 authenticam
3317 1167 3538 1223 noveris

1930 1254 2226 1322 reperisse.
2262 1253 2377 1307 Hoc
2394 1261 2589 1327 tamen
2610 1253 2888 1324 pr0prium
2908 1253 3247 1310 difﬁnitionis
3267 1271 3402 1312 mete
3429 1263 3533 1312 est.

1931 1349 1989 1395 ut
2020 1341 2415 1411 quantumlibet
2463 1341 2696 1413 amplior
2741 1357 2998 1397 numerus
3047 1342 3390 1398 sacerdotum
3431 1341 3536 1413 ali-

1931 1406 2059 1500 quid
2091 1445 2187 1499 per
2218 1406 2580 1499 quorumdam
2611 1430 3018 1500 subreptionem
3061 1431 3320 1486 decernat
3343 1475 3356 1495 ,
3391 1406 3536 1502 ςδοὰ

1930 1516 2035 1571 illis
2063 1525 2432 1572 trecentorum
2463 1518 2656 1573 decem
2686 1526 2738 1572 et
2767 1527 2892 1573 octo
2921 1517 3397 1574 constitutionibus
3443 1519 3533 1573 in-

1931 1605 2180 1660 veniatur
2206 1605 2518 1672 adversum,
2550 1607 2606 1663 id
2631 1607 2850 1676 iustitia:
2879 1607 3316 1662 consideratione
3343 1621 3535 1663 casse-

221 1691 380 1750 ﬁcern
425 1693 633 1748 habere
673 1693 962 1764 primatum
987 1735 1001 1762 ,
1049 1695 1196 1766 quod
1226 1703 1279 1749 et
1307 1711 1408 1765 per
1434 1695 1829 1766 pragmaticam
1850 1721 1903 1778 B
1934 1699 2020 1746 tur
2047 1710 2061 1746 :
2096 1693 2346 1764 quoniam
2376 1694 2647 1748 universae
2675 1695 2825 1764 pacis
2854 1694 3212 1766 tranquillitas
3243 1709 3351 1751 non
3380 1694 3541 1751 aliter
3564 1759 3580 1768 _

221 1781 456 1838 formam
502 1782 807 1853 imperialis
836 1783 1121 1854 potestatis
1149 1783 1411 1850 obtinuit,
1445 1791 1497 1838 et
1527 1782 1825 1838 Chalcedo-

222 1871 407 1927 nensis
438 1871 708 1940 synodus,
741 1870 796 1926 in
827 1871 1074 1926 absentia
1102 1871 1408 1943 legatorum
1438 1871 1586 1926 sedis
1614 1879 1826 1941 aposto-

222 1958 354 2026 licae,
406 1957 788 2015 conﬁrmando
837 1959 1158 2031 quibusdam
1206 1975 1314 2014 non
1359 1959 1826 2015 consentientibus

223 2047 524 2112 renovavit,
559 2056 613 2102 et
641 2055 786 2118 post,
819 2047 1239 2104 reclamantibus
1284 2048 1352 2102 de
1403 2063 1684 2103 sacrorum
1729 2061 1824 2103 ca-

225 2151 422 2192 nonum
493 2143 548 2190 et
615 2135 888 2208 privilegii
956 2135 1270 2207 apostolicae
1333 2152 1398 2191 ac
1461 2135 1651 2206 primae
1733 2151 1825 2189 se-

221 2223 300 2279 dis
359 2223 563 2292 injuria
623 2232 676 2278 et
740 2223 1052 2294 praejudicio
1126 2223 1333 2280 eisdem
1399 2223 1594 2296 legatis
1658 2223 1828 2294 ipsius

223 2312 539 2384 apostolica
578 2311 728 2367 sedis
750 2353 765 2380 ,
807 2312 1048 2383 synodus
1112 2313 1168 2366 in
1233 2312 1502 2368 sententia
1566 2328 1660 2366 sua
1725 2327 1828 2382 pa-

225 2402 524 2456 trocinante
563 2401 892 2471 imperatore
937 2400 1258 2471 permansit.
1317 2401 1442 2471 Egit
1489 2400 1634 2455 enim
1680 2404 1828 2455 Ana-

223 2484 380 2540 tolius
439 2493 574 2539 tunc
639 2484 1266 2557 Constantinopolitanus
1331 2484 1620 2555 episcopus
1685 2484 1832 2554 apud

225 2573 529 2644 syonodum
581 2574 754 2643 (Leo,
825 2589 916 2645 ep.
995 2576 1063 2628 53
1126 2573 1198 2628 ad
1257 2571 1544 2642 Anatol.),
1591 2580 1644 2626 et
1686 2572 1831 2642 apud

223 2662 648 2733 imperatorem,
682 2669 846 2718 nacta
871 2660 1156 2717 occasione
1196 2661 1266 2716 de
1313 2661 1659 2716 damnatione
1698 2660 1833 2715 Dio-

225 2751 364 2806 scori
444 2750 706 2806 secunda:
770 2750 918 2805 sedis
974 2748 1356 2805 Alexandrina;
1405 2749 1682 2820 episcopi,
1733 2749 1835 2804 hac

224 2838 551 2904 calliditate,
587 2838 847 2910 quoniam
875 2853 1032 2894 mens
1060 2838 1318 2908 potentia;
1345 2837 1502 2892 avida
1530 2852 1631 2891 nec
1662 2836 1834 2891 absti-

225 2935 313 2982 net
341 2927 550 2992 vetitis,
581 2941 686 2982 nec
714 2926 917 2998 gaudet
941 2925 1241 2990 concessis,
1258 2934 1314 2980 ut
1334 2925 1463 2997 quia
1494 2925 1548 2979 in
1577 2925 1838 2980 Constan-

225 3014 592 3086 tinopolitana
618 3030 702 3080 cc,
736 3013 1114 3085 episcoporum
1144 3013 1353 3085 synodo
1382 3013 1673 3068 Nectarius
1703 3013 1839 3066 obti-

223 3073 419 3158 nuerat
466 3073 734 3174 quatenus
769 3073 1267 3172 honsiantinopolis
1307 3101 1528 3171 praelata
1575 3102 1831 3156 secundae
1859 3073 1908 3135 Ο

225 3200 277 3244 et
305 3191 485 3247 tertia
514 3190 684 3256 sedis,
718 3199 842 3261 post
869 3187 1512 3260 Romanumpontificem
1545 3189 1840 3260 primatum

223 3279 477 3343 haberet,
511 3279 656 3334 istud
685 3277 978 3349 capitulum
1025 3277 1148 3333 aliis
1196 3277 1522 3332 necessariis
1551 3277 1840 3348 interposi-

224 3375 335 3422 tum
367 3368 442 3422 de
471 3366 841 3438 appellatione
871 3365 1253 3437 episcoporum
1301 3375 1354 3420 et
1400 3365 1723 3422 clericorum
1771 3365 1841 3420 ad

224 3455 416 3511 sedem
450 3455 624 3526 regiae
652 3455 804 3510 urbis
831 3453 1436 3525 Constantinopolitanae
1456 3453 1596 3509 foret
1619 3471 1633 3508 :
1657 3461 1844 3524 quate-

223 3560 326 3599 nus
353 3543 807 3602 constitutionem
836 3542 1180 3598 Sardicensis
1211 3541 1428 3598 concilii
1479 3542 1548 3598 de
1591 3540 1838 3612 appella-

224 3633 370 3690 tione
400 3633 736 3690 clericorum
764 3631 908 3703 apud
935 3630 1194 3687 ﬁnitimos
1224 3631 1536 3702 episcOpos,
1572 3639 1624 3685 et
1650 3629 1842 3700 appel-

224 3721 486 3778 lationem
508 3721 894 3792 episcoporum
917 3720 988 3775 de
1008 3718 1278 3792 regionali
1307 3719 1540 3776 concilio
1561 3719 1631 3774 ad
1657 3719 1845 3773 sedem

225 3810 608 3881 apostolicam,
640 3808 818 3864 eidem
851 3808 1164 3880 apostolicae
1194 3807 1311 3863 sedi
1339 3807 1630 3878 abriperet,
1667 3815 1720 3862 et
1742 3807 1845 3877 sibi

225 3899 427 3954 ascribi
457 3897 665 3952 faceret
697 3913 711 3951 :
746 3911 854 3968 quo
875 3937 888 3960 ,
922 3896 1062 3952 sicut
1107 3912 1232 3950 mox
1276 3896 1502 3960 claruit,
1557 3895 1846 3966 primatum

227 3986 374 4041 sedis
403 3985 728 4058 apostolica:
774 3984 1002 4039 liberius
1044 3991 1236 4040 contra
1285 4000 1468 4040 sacros
1515 3999 1755 4040 canones
1794 3995 1848 4040 et

225 4075 510 4147 antiquam
541 4073 993 4128 consuetudinem
1038 4080 1368 4143 usurparet,
1418 4081 1470 4127 et
1519 4072 1847 4126 universalis

227 4163 602 4232 appellaretur
629 4167 683 4215 et
710 4169 876 4215 esset.
899 4160 1056 4216 Unde
1089 4168 1309 4216 sanctus
1341 4161 1468 4222 Leo,
1493 4160 1562 4214 de
1593 4160 1675 4214 his
1705 4159 1847 4230 apud

225 4249 554 4322 synodalem
585 4257 914 4304 conventum
946 4249 1181 4303 obtentis
1211 4249 1281 4304 ad
1311 4247 1598 4302 Maximum
1652 4247 1848 4302 Antio-

224 4337 464 4392 chenum
494 4337 814 4406 episcopum
840 4335 1089 4390 scribens
1118 4335 1246 4390 dicit
1268 4335 1456 4406 (epist.
1483 4337 1550 4388 65
1556 4350 1573 4404 )
1599 4351 1611 4388 :
1643 4355 1664 4384 α
1690 4335 1849 4389 Nunc

1936 1781 2130 1852 poterit
2169 1781 2448 1843 custodiri.
2475 1782 2578 1836 nisi
2610 1797 2704 1836 sua
2735 1783 3033 1838 canonibus
3062 1782 3367 1839 reverentia
3394 1783 3540 1840 inte-

1935 1876 2139 1923 merata
2169 1877 2429 1924 servetur.
2465 1869 2520 1924 Si
2547 1869 2670 1940 quid
2705 1885 2838 1924 sane
2866 1871 2937 1926 ab
2968 1870 3052 1924 his
3083 1869 3354 1937 fratribus,
3402 1885 3542 1944 quos

1936 1956 2005 2010 ad
2033 1964 2278 2012 sanctam
2312 1957 2577 2027 synodum
2606 1957 2725 2012 vice
2753 1973 2875 2014 mea
2903 1957 3046 2023 misi,
3078 1966 3279 2028 praeter
3307 1957 3362 2014 id
3393 1957 3540 2030 quod

1935 2045 2006 2098 ad
2035 2059 2258 2100 causam
2290 2042 2414 2099 ﬁdei
2444 2045 2777 2114 pertinebat,
2809 2054 3026 2118 gestum
3054 2061 3179 2100 esse
3203 2046 3536 2117 perhibetur,

1935 2131 2136 2186 nullius
2180 2133 2283 2187 erit
2327 2133 2543 2202 penitus
2591 2132 2861 2188 ﬁrmitatis
2895 2151 2908 2187 :
2943 2133 3069 2206 quia
3097 2133 3166 2188 ad
3195 2134 3303 2190 hoc
3329 2140 3540 2189 tantum

1934 2220 2004 2273 ab
2033 2220 2332 2290 apostolica
2362 2229 2486 2275 sunt
2516 2221 2648 2276 sede
2675 2221 2898 2286 directi,
2933 2229 2989 2276 ut
3018 2221 3214 2278 excisis
3242 2221 3542 2278 heresibus

1935 2308 2214 2363 catholicae
2261 2316 2445 2363 essent
2491 2307 2618 2364 ﬁdei
2663 2309 3008 2364 defensores.
3073 2308 3352 2381 Quidquid
3393 2309 3540 2366 enim

1935 2404 2135 2466 praeter
2163 2397 2432 2467 speciales
2463 2413 2662 2453 causas
2691 2397 3030 2470 synodalium
3062 2397 3416 2454 conciliorum
3471 2397 3541 2454 ad

1936 2499 2162 2539 examen
2207 2485 2517 2556 episcopale
2546 2485 2809 2554 defertur,
2841 2494 3022 2556 potest
3063 2485 3300 2558 aliquam
3345 2484 3540 2556 dijudi-

1937 2571 2098 2628 candi
2146 2573 2351 2628 habere
2399 2573 2663 2628 rationem
2688 2617 2701 2638 ,
2731 2574 2777 2628 si
2807 2573 2938 2627 nihil
2967 2573 3038 2628 de
3071 2589 3136 2630 eo
3163 2581 3247 2628 est
3272 2588 3306 2628 a
3335 2572 3540 2629 sanctis

1936 2660 2182 2715 Patribus
2211 2661 2352 2730 apud
2384 2661 2623 2716 Nicaeam
2654 2659 2958 2715 difﬁnitum.
2985 2661 3125 2716 Nam
3154 2661 3300 2734 quod
3329 2661 3398 2716 ab
3421 2660 3539 2718 illo-

1936 2763 2057 2803 rum
2088 2747 2294 2820 regulis
2323 2755 2375 2802 et
2406 2749 2786 2804 constitutione
2806 2748 3100 2816 discordat,
3120 2749 3434 2820 apostolicae
3453 2765 3541 2805 se-

1937 2836 2022 2890 dis
2051 2851 2327 2908 nunquam
2348 2837 2540 2907 poterit
2559 2837 2804 2893 obtinere
2824 2853 3171 2893 consensum.
3201 2858 3224 2887 »
3251 2837 3318 2893 Et
3335 2837 3406 2892 ad
3421 2836 3541 2893 Pul-

1937 2924 2178 2980 cheriam
2201 2927 2502 2996 Augustam
2525 2942 2540 2979 :
2569 2947 2590 2976 ι
2608 2925 2818 2989 Frater,
2839 2925 3011 2998 inquit
3030 2926 3219 2998 (epist.
3241 2928 3352 2996 58),
3377 2933 3430 2980 et
3450 2940 3543 2982 co-

1939 3012 2229 3082 episcopus
2257 3029 2412 3067 meus
2441 3013 2740 3076 Anatolius,
2770 3029 2968 3084 parum
2988 3013 3346 3070 considerans
3374 3028 3544 3086 quan-

1942 3109 2074 3165 tum,
2120 3101 2333 3171 pietatis
2383 3109 2580 3156 vestrae
2627 3100 2931 3168 beneﬁcio,
2971 3110 3024 3156 et
3071 3101 3181 3158 mei
3213 3100 3416 3157 favoris
3445 3115 3544 3156 as-

1941 3203 2104 3244 sensu
2113 3231 2126 3254 ,
2149 3189 2758 3260 Constantinopolitanae
2769 3189 3032 3245 Ecclesia;
3043 3189 3410 3245 sacerdotium
3431 3188 3543 3244 fue-

1941 3277 2009 3331 rit
2040 3285 2384 3343 consecutus,
2407 3286 2642 3333 nontam
2663 3278 2732 3332 de
2753 3277 2966 3348 adeptis
2993 3278 3262 3347 gravisus,
3285 3291 3450 3348 quam
3469 3277 3540 3332 de

1943 3364 2246 3419 immodicis
2277 3365 2596 3435 appetendis
2626 3381 2791 3436 supra
2831 3379 3144 3419 mensuram
3191 3363 3276 3418 sui
3312 3364 3538 3420 honoris

1943 3467 2206 3508 accensus
2235 3461 2336 3521 est,
2371 3453 2604 3507 credens
2635 3452 2760 3507 huic
2786 3459 2898 3507 tam
2923 3451 3308 3523 intemperanti
3336 3451 3541 3524 cupidi-

1943 3540 2037 3594 tati
2065 3555 2226 3610 posse
2254 3539 2538 3609 prodesse.
2571 3540 2718 3612 quod
2744 3539 2795 3594 ei
2825 3541 3180 3611 quorumdam
3210 3555 3540 3596 consensum

1946 3645 2099 3682 suum
2131 3628 2430 3698 praebuisse
2489 3628 2682 3684 dicitur
2737 3636 2948 3684 extorta
2997 3627 3364 3700 subscriptio;
3415 3645 3538 3686 cum

1945 3724 2122 3771 tamen
2153 3716 2494 3770 destruendis
2531 3732 2657 3772 mox
2701 3717 2983 3774 conatibus
3025 3717 3380 3774 contradictio
3427 3715 3540 3772 fra-

1945 3813 2086 3860 trum
2159 3805 2716 3876 coepiscoporumque
2789 3822 3038 3862 meorum
3061 3849 3074 3872 ,
3133 3804 3310 3861 vicem
3363 3819 3540 3861 meam

1946 3893 2240 3966 agentium.
2267 3891 2498 3948 fideliter
2517 3901 2570 3948 et
2589 3894 2935 3949 laudabiliter
2963 3895 3250 3960 obviaret;
3281 3893 3540 3966 quoniam

1948 3990 2136 4037 contra
2166 3989 2360 4036 statuta
2391 3998 2660 4037 canonum
2701 3991 3048 4052 paternorum
3073 4025 3085 4047 ,
3121 3997 3243 4054 quae
3271 3989 3394 4037 ante
3423 3981 3544 4036 lon-

1949 4070 2189 4142 gissima:
2236 4070 2407 4124 aetatis
2454 4086 2625 4124 annos
2667 4070 2724 4123 in
2767 4071 2898 4125 urbe
2943 4071 3162 4126 Nicazna
3209 4068 3540 4140 spiritalibus

1948 4165 2072 4212 sunt
2094 4157 2312 4212 fundata
2333 4158 2588 4224 decretis,
2610 4157 2744 4212 nihil
2765 4159 3017 4229 cuiquam
3045 4157 3248 4212 audere
3279 4155 3540 4214 concedi-

1947 4253 2070 4299 tur:
2095 4245 2166 4300 ita
2195 4253 2252 4299 ut
2281 4246 2326 4299 si
2356 4246 2477 4316 quis
2506 4245 2784 4300 diversum
2813 4244 3014 4316 aliquid
3043 4244 3342 4301 decernere
3390 4244 3538 4311 velit,

1950 4349 2009 4388 se
2039 4334 2218 4404 potius
2245 4334 2487 4402 minuat,
2538 4348 2699 4403 quam
2747 4333 2842 4386 illa
2879 4341 3206 4402 corrumpat.
3241 4331 3376 4400 Quae
3405 4331 3450 4385 si
3480 4339 3541 4385 ut

223 4429 410 4480 autem
457 4425 532 4479 ad
576 4423 760 4478 omnia
808 4423 1144 4495 generaliter
1194 4423 1548 4492 pronuntiare
1598 4421 1843 4488 sufficiat,
1873 4425 2156 4493 Doportet
2186 4438 2219 4476 a
2245 4422 2454 4477 cunctis
2483 4419 2830 4490 pontificibus
2867 4421 3184 4476 intemerata
3228 4427 3536 4488 serventur,

225 4513 372 4584 quod
405 4513 454 4567 si
487 4511 621 4583 quid
649 4526 682 4565 a
712 4526 986 4582 quoquam
1015 4518 1206 4565 contra
1253 4519 1448 4564 statuta
1493 4510 1836 4564 Nicaeuorum

219 4615 504 4656 canonum
533 4599 588 4652 in
621 4613 946 4670 quacunque
978 4598 1187 4670 synodo
1215 4598 1303 4653 vel
1335 4606 1594 4652 tentatum
1621 4606 1722 4663 est,
1756 4597 1843 4652 vel

220 4689 289 4742 ad
320 4698 544 4758 tempus
573 4686 791 4742 videtur
818 4693 1087 4742 extortum
1112 4729 1125 4749 ,
1158 4685 1292 4740 nihil
1321 4685 1618 4756 prauudicii
1667 4694 1844 4756 potest

217 4775 634 4832 inviolabilibus
666 4773 870 4828 inferre
915 4773 1151 4829 decretis
1173 4814 1186 4840 ,
1235 4781 1285 4827 et
1333 4773 1543 4829 facilius
1574 4773 1672 4828 erit
1703 4789 1841 4844 qua-

219 4865 482 4919 rumlibet
507 4863 936 4918 consensionum
969 4869 1129 4933 pacta
1161 4860 1422 4927 dissolvi,
1457 4877 1618 4933 quam
1649 4861 1843 4931 praedi-

223 4962 444 5010 ctorum
489 4967 764 5007 canonum
811 4950 1032 5021 regulas
1080 4967 1145 5006 ex
1192 4950 1301 5004 ulla
1349 4958 1500 5020 parte
1542 4949 1838 5020 corrumpi.

222 5040 588 5111 Subripiendi
621 5039 1118 5094 enim-occasiones
1150 5054 1256 5093 non
1287 5037 1644 5108 praetermittit
1671 5037 1842 5092 ambi-

221 5129 320 5192 tio,
357 5137 416 5183 et
465 5127 684 5200 quoties
730 5127 801 5181 ob
849 5127 1271 5182 intercurrentes
1318 5141 1515 5181 causas
1564 5125 1842 5198 generalis

222 5217 600 5290 congregatio
631 5213 775 5271 facta
802 5213 966 5269 fuerit
995 5215 1342 5269 sacerdotum
1369 5257 1381 5278 ,
1415 5213 1632 5268 difﬁcile
1662 5221 1743 5268 est
1787 5223 1845 5267 ut

220 5305 503 5376 cupiditas
546 5302 925 5374 improborum
955 5317 1064 5358 non
1098 5302 1300 5372 aliquid
1332 5317 1496 5372 supra
1527 5317 1842 5356 mensuram

222 5393 489 5449 moliatur
537 5399 824 5464 appetere.
859 5391 1008 5448 Sicut
1037 5390 1196 5445 etiam
1218 5390 1287 5444 de
1306 5389 1580 5460 Ephesina
1608 5390 1840 5460 synodo,

223 5505 352 5564 quc
379 5489 612 5561 impium
642 5487 956 5544 Nestorium
987 5504 1110 5543 cum
1138 5487 1395 5558 dogmate
1443 5503 1541 5542 suo
1588 5487 1840 5557 perculit.

1944 4527 2044 4582 per
2071 4511 2355 4565 universas
2386 4509 2658 4564 Ecclesias
2687 4508 2980 4580 tranquilla
3008 4509 3110 4563 erit
3137 4523 3241 4578 pax
3287 4515 3342 4562 et
3385 4505 3538 4560 ﬁrma

1943 4598 2256 4661 concordia,
2290 4597 2452 4652 nullae
2479 4597 2548 4650 de
2578 4613 2834 4652 mensura
2853 4597 3121 4652 honorum
3141 4595 3533 4660 dissensiones,

1945 4685 2106 4740 nulla:
2135 4685 2203 4740 de
2231 4685 2665 4740 ordinationibus
2713 4684 2864 4749 lites,
2914 4683 3074 4739 nullae
3121 4683 3190 4738 de
3231 4681 3536 4754 privilegiis

1945 4773 2328 4843 ambiguitates
2349 4817 2361 4836 ,
2394 4773 2540 4828 nulla
2571 4781 2724 4828 erunt
2751 4773 2820 4827 de
2849 4771 3013 4827 alieni
3038 4771 3390 4842 usurpatione
3419 4785 3538 4826 cer-

1944 4863 2142 4917 tamina
2167 4879 2180 4915 :
2203 4863 2298 4916 sed
2328 4878 2486 4933 aequo
2509 4863 2632 4932 jure
2662 4860 2938 4917 charitatis
2970 4859 3311 4914 rationabilis
3341 4868 3394 4915 et
3421 4874 3540 4916 mo-

1943 4967 2064 5005 rum
2094 4950 2504 5021 ofﬁciorumque
2534 4950 2667 5006 ordo
2697 4948 3020 5010 servabitur,
3053 4955 3107 5002 et
3134 4947 3226 5003 ille
3266 4964 3397 5004 vere
3443 4948 3544 5002 erit

1942 5055 2194 5112 magnus,
2221 5039 2309 5110 qui
2340 5038 2498 5094 fuerit
2526 5037 2687 5093 totius
2717 5035 3024 5090 ambitionis
3053 5035 3292 5103 alienus,
3325 5036 3539 5092 dicente

1943 5128 2178 5182 Domino
2210 5145 2224 5182 :
2258 5127 2576 5197 Quicunque
2605 5121 2833 5179 voluerit
2875 5124 3017 5180 inter
3059 5139 3158 5178 vos
3196 5125 3369 5194 major
3395 5123 3539 5190 ﬁeri,

1945 5217 2014 5270 sit
2043 5225 2221 5270 vester
2251 5215 2514 5269 minister.
2547 5215 2615 5268 Et
2643 5211 2954 5284 quicunque
2991 5213 3225 5268 voluerit
3260 5212 3400 5266 inter
3441 5227 3544 5267 vos

1944 5305 2152 5376 primus
2195 5320 2338 5371 esse,
2372 5303 2475 5356 erit
2502 5309 2684 5356 vester
2712 5317 2926 5369 servus,
2961 5301 3098 5356 sicut
3129 5298 3272 5355 ﬁlius
3302 5299 3538 5355 hominis

1943 5408 2052 5447 non
2097 5391 2239 5446 venit
2286 5389 2619 5455 ministrari,
2667 5390 2765 5445 sed
2807 5389 3112 5444 ministrare
3156 5389 3378 5459 (Matth.
3411 5388 3538 5457 xx).

1943 5491 2010 5544 Et
2038 5498 2220 5544 tamen
2249 5490 2365 5544 haec
2384 5487 2492 5542 illis
2513 5497 2642 5544 tunc
2661 5487 3098 5554 insinuabantur,
3123 5485 3216 5558 qui
3250 5487 3318 5543 de
3347 5485 3545 5558 pusillo
