4020 6182
597 235 695 292 3Ἷ1

1488 231 1832 293 HINCMARI
1891 225 2291 292 RHEMENSIS
2344 229 2896 290 ARCHIEPISCOPI.

3713 241 3797 300 372

595 356 856 420 volebant
884 375 1151 427 crescere,
1183 368 1237 417 et
1267 361 1336 416 de
1363 359 1565 416 inﬁmis
1591 360 1664 415 ad
1694 373 1906 416 summa
1932 355 2182 414 transire.
2203 353 2260 416 Α
2288 355 2460 424 major
2490 356 2601 412 suis
2630 357 2762 413 velit
2790 373 2916 414 esse
2937 357 3230 428 prioribus,
3277 356 3592 432 liberumque
3627 358 3693 418 illi
3728 364 3796 434 sit,

598 449 1216 521 Constantinopolitanae
1234 465 1367 505 vero
1394 449 1594 520 praesul
1614 447 1897 514 Ecclesiae,
1923 445 2052 518 quid
2073 461 2187 500 am-

596 539 742 612 plius
771 553 936 611 quam
963 546 1249 594 assecutus
1278 546 1360 593 est
1388 537 1722 608 concupiscit
1742 536 1769 590 9
1815 544 1907 590 aut
1953 534 2084 606 quid
2111 532 2189 587 illi

599 627 932 694 satisfaciet,
964 627 1012 682 si
1041 635 1204 682 tanta:
1231 627 1382 682 urbis
1410 625 1816 697 magniﬁcentia
1843 633 1894 680 et
1923 621 2188 680 claritudo

594 731 707 772 non
749 713 988 771 sufﬁcit?
1033 715 1340 785 Superbum
1372 714 1532 769 nimis
1561 722 1644 769 est
1671 721 1721 768 et
1747 712 2184 773 immoderatum,

592 803 740 860 ultra
767 803 1018 874 praprios
1049 803 1312 860 terminos
1341 803 1588 866 tendere,
1623 810 1678 858 et
1723 799 2041 871 antiquitate
2069 798 2187 854 cal-

594 898 738 958 cata,
768 890 1006 947 alienum
1027 891 1116 959 jus
1145 890 1285 946 velle
1333 890 1672 963 praeripere,
1721 896 1882 960 atque
1926 894 1984 941 ut
2029 885 2188 940 unius

595 987 811 1036 crescat
839 979 1101 1050 dignitas,
1152 987 1232 1034 tot
1281 978 1823 1048 metropolitanorum
1869 975 2186 1048 impugnare

595 1067 856 1140 primatus
880 1109 895 1134 ,
927 1067 1232 1140 quietisque
1259 1066 1556 1137 provinciis
1579 1109 1592 1130 ,
1627 1074 1681 1121 et
1707 1065 1838 1119 olim
1868 1072 2070 1119 sanctae
2099 1080 2188 1132 sy-

595 1156 725 1212 nodi
751 1155 988 1212 Nicaznae
1035 1155 1404 1210 moderatione
1452 1153 1728 1225 dispositis
1749 1196 1764 1219 ,
1800 1152 2004 1208 bellum
2032 1166 2188 1207 novm

595 1243 1019 1316 perturbationis
1046 1241 1268 1308 inferre,
1293 1250 1452 1313 atque
1482 1250 1539 1296 ut
1561 1241 1948 1296 venerabilium
1968 1241 2186 1295 Patrum

595 1332 818 1388 decreta
839 1331 1134 1396 solvantur,
1159 1331 1520 1402 quorumdam
1540 1329 1919 1400 episcoporum
1939 1327 2186 1398 proferre

594 1426 946 1488 consensum,
968 1418 1057 1474 cui
1087 1425 1163 1472 tot
1191 1433 1456 1473 annorum
1477 1418 1646 1472 series
1676 1417 1891 1488 negavit
1912 1415 2182 1471 effectum.

593 1507 734 1562 Nam
773 1505 1147 1578 sexagesimus
1209 1507 1321 1560 fere
1376 1521 1552 1560 annus
1611 1507 1773 1574 hujus
1827 1503 2190 1561 conhibentiaa

597 1609 720 1651 esse
741 1595 996 1665 jactatur,
1043 1609 1150 1666 qua
1199 1610 1260 1648 se
1303 1593 1595 1665 praedictus
1642 1593 1929 1664 episcopus
1956 1593 2189 1648 mstimat

595 1681 876 1751 adjuvari,
931 1681 1130 1738 frustra
1177 1683 1407 1753 cupiens
1455 1682 1509 1736 id
1555 1681 1658 1736 sibi
1704 1681 1972 1752 prodesse
1995 1725 2008 1747 ,
2043 1680 2188 1752 quod

529 1779 542 1788 '
595 1775 762 1826 etiam
807 1770 854 1826 si
899 1770 1189 1842 quisquam
1237 1787 1400 1825 ausus
1444 1779 1524 1825 est
1571 1769 1750 1840 velle,
1797 1769 1974 1824 nullus
2003 1777 2186 1824 tamen

586 1859 759 1931 potuit
777 1859 1042 1916 obtinere.
1082 1880 1104 1910 ι
1140 1860 1220 1914 De
1251 1860 1356 1915 hoc
1383 1859 1654 1931 siquidem
1678 1901 1691 1925 ,
1746 1858 1871 1929 quia
1937 1857 2185 1929 appella-

590 1947 794 2004 tionem
824 1947 1146 2004 clericorum
1179 1963 1245 2002 ex
1276 1947 1588 2003 Sardicensi
1622 1947 1854 2002 concilio
1901 1947 1971 2000 ad
2017 1945 2184 2000 ﬁniti-

589 2052 710 2094 mos
756 2035 1075 2106 episcopos,
1125 2044 1180 2090 et
1227 2035 1646 2106 appellationem
1691 2035 2073 2106 episcoporum
2115 2034 2184 2089 ad

591 2123 780 2180 sedem
809 2123 1223 2196 apostololicam
1274 2124 1377 2179 sibi
1423 2124 1590 2179 voluit
1635 2139 1898 2196 arrogare
1921 2165 1936 2188 ,
1968 2132 2021 2178 et
2058 2123 2183 2177 uni-

591 2211 818 2268 versalis
847 2220 902 2267 et
929 2212 1192 2284 appellari
1207 2219 1260 2267 et
1279 2228 1423 2280 esse,
1440 2220 1492 2268 et
1518 2213 1687 2283 legati
1706 2213 1852 2266 sedis
1873 2211 2186 2283 apostolicae

589 2301 648 2356 in
678 2300 887 2370 synodo
915 2300 1368 2367 reclamaverunt,
1403 2300 1574 2354 isdem
1598 2302 1788 2354 beatus
1816 2300 1924 2354 Leo
1954 2299 2024 2354 ad
2043 2301 2187 2353 Mar-

593 2388 801 2442 tianum
830 2390 1136 2459 Augustum
1167 2387 1356 2442 scribit
1383 2388 1572 2442 dicens
1603 2389 1788 2460 (epist.
1823 2387 1947 2458 57):
1977 2409 1999 2436 α
2027 2387 2185 2457 Apud

591 2475 958 2531 Christianum
982 2517 996 2541 ,
1043 2484 1096 2530 et
1143 2492 1268 2532 vere
1315 2475 1629 2547 religiosum
1654 2519 1666 2543 ,
1719 2491 1952 2546 vereque
1994 2475 2183 2530 ortho-

593 2564 793 2620 doxam
822 2564 1124 2636 principem
1145 2564 1359 2636 loquor,
1392 2564 1620 2619 multum
1656 2564 1937 2620 Anatolius
1965 2563 2166 2634 episco-

589 2668 694 2724 pus
722 2652 948 2724 proprio
977 2652 1210 2708 detrahit
1239 2652 1452 2718 merito,
1484 2653 1531 2707 si
1556 2653 1742 2708 illicito
1763 2668 2016 2708 crescere
2035 2658 2185 2722 optat

588 2748 901 2814 augmento.
935 2741 1145 2796 Habeat
1165 2741 1303 2797 sicut
1323 2749 1575 2812 optamus
1597 2741 2184 2811 Constantinopolitana

591 2829 786 2885 civitas
814 2827 1052 2901 gloriam
1074 2845 1250 2894 suam,
1274 2837 1326 2883 et
1348 2838 1664 2900 protegente
1685 2829 1786 2883 Dei
1805 2829 2048 2892 dextera,
2072 2829 2186 2883 diu-

589 2924 752 2971 turno
782 2916 1086 2972 clementia.-
1115 2924 1312 2970 vestrm
1341 2915 1551 2971 fruatur
1579 2917 1808 2987 imperio
1832 2933 1844 2972 :
1878 2917 1983 2971 alia
2002 2924 2184 2971 tamen

587 3003 729 3058 ratio
776 3012 857 3058 est
898 3019 1079 3058 rerum
1126 3003 1465 3058 saecularium
1489 3047 1503 3071 ,
1553 3005 1656 3059 alia
1697 3005 2003 3059 divinarum
2037 3021 2048 3060 :
2081 3021 2184 3060 nec

587 3099 784 3164 praeter
811 3091 956 3146 illam
984 3100 1194 3164 petram
1219 3134 1233 3161 ,
1265 3109 1426 3164 quam
1457 3093 1720 3147 Dominus
1749 3093 1802 3146 in
1833 3093 2184 3148 fundamento

591 3180 728 3236 mire
757 3180 970 3252 posuit,
1020 3180 1228 3235 stabilis
1272 3181 1376 3236 erit
1415 3181 1526 3236 ulla
1569 3182 1931 3246 constructio;
1965 3182 2185 3252 propria

589 3269 788 3341 perdit,
821 3269 915 3341 qui
944 3269 1183 3324 indebita
1211 3269 1568 3340 concupiscit.
1600 3270 1740 3325 Satis
1791 3270 1858 3324 sit
1900 3271 2178 3341 praedicto,

589 3357 738 3428 quod
759 3365 958 3413 vestra)
986 3357 1206 3428 pietatis
1233 3357 1452 3426 auxilio,
1487 3367 1540 3413 et
1569 3357 1678 3412 mei
1708 3357 1911 3414 favoris
1929 3374 2178 3426 assensu,

587 3445 958 3518 episcopatum
985 3453 1152 3501 tantae
1181 3446 1333 3501 urbis
1377 3446 1631 3502 obtinuit.
1689 3448 1813 3502 Non
1859 3447 2185 3518 dedignetur

585 3533 791 3607 regiam
820 3533 1093 3590 civitatem
1113 3577 1127 3600 ,
1160 3551 1321 3606 quam
1350 3535 1701 3608 apostolicam
1731 3534 1912 3591 facere
1941 3551 2051 3590 non
2078 3551 2182 3605 po-

586 3623 690 3673 test
719 3618 927 3688 sedem,
959 3635 1060 3673 nec
1091 3617 1202 3673 ullo
1232 3619 1396 3674 modo
1427 3627 1629 3689 speret,
1663 3619 1810 3690 quod
1839 3635 1938 3689 per
1952 3619 2181 3673 aliorum

587 3703 918 3762 offensiones
931 3706 1104 3776 possit
1121 3706 1326 3778 augeri.
1343 3706 1636 3777 Privilegia
1647 3707 1792 3761 enim
1807 3707 2178 3772 ecclesiarum,

587 3801 899 3850 sanctorum
927 3795 1146 3848 Patrum
1174 3794 1472 3850 canonibus
1505 3794 1741 3849 instituta
1761 3836 1774 3860 ,
1809 3803 1863 3849 et
1887 3795 2180 3850 venerabi-

589 3881 656 3936 lis
685 3881 922 3936 Nicaenm
951 3880 1144 3951 synodi
1173 3880 1281 3934 ﬁxa
1311 3881 1546 3936 decretis
1571 3923 1585 3948 ,
1635 3881 1779 3936 nulla
1819 3890 2046 3952 possunt
2075 3882 2181 3937 im-

586 3967 858 4038 probitate
906 3967 1179 4035 convelli,
1230 3968 1380 4023 nulla
1422 3969 1658 4024 novitate
1709 3969 1925 4025 violari.
1983 3972 2044 4024 In
2074 3987 2181 4041 quo

587 4071 757 4126 opere
785 4056 1077 4112 auxiliante
1107 4057 1322 4112 Christo
1366 4056 1598 4113 ﬁdeliter
1642 4059 1992 4129 exsequendo
2017 4103 2030 4124 ,
2079 4075 2180 4113 ne-

588 4159 745 4200 cesse
775 4153 859 4200 est
885 4160 974 4202 me
1002 4153 1448 4215 perseverantem
1505 4146 1762 4200 exhibere
1819 4145 2132 4202 famulatum
2164 4164 2176 4203 :

587 4231 842 4304 quoniam
879 4232 1216 4304 dispensatio
1261 4233 1395 4288 mihi
1442 4235 1643 4290 credita
1671 4243 1786 4300 est,
1820 4243 1873 4290 et
1901 4237 1972 4290 ad
1999 4252 2180 4291 meum

583 4329 770 4386 tendet
815 4337 1060 4400 reatum,
1093 4330 1139 4385 si
1166 4338 1516 4401 paternarum
1565 4331 1771 4403 regulae
1814 4333 2176 4403 sanctionum,

2288 443 2503 514 quantis
2540 445 2775 516 potuerit
2816 445 3106 516 splendere
3152 446 3432 502 virtutibus
3453 489 3466 512 ,
3495 462 3690 518 qurum
3713 466 3794 510 non

2287 531 2443 587 aliter
2470 533 2746 605 particeps
2776 535 2898 600 erit,
2918 534 3023 589 nisi
3052 534 3310 590 charitate
3338 535 3503 607 magis
3525 535 3720 596 voluerit
3733 555 3799 598 or-

2287 621 2426 687 nari,
2459 637 2622 692 quam
2651 623 2944 678 ambitione
2972 622 3226 678 distendi.
3259 624 3408 680 Hanc
3431 631 3590 679 autem
3614 625 3795 696 improbi

2287 709 2545 764 desiderii
2602 712 3011 782 conceptionem
3075 727 3346 783 nunquam
3407 712 3606 784 quidem
3655 714 3798 772 debuit

2286 797 2423 852 intra
2451 799 2632 854 cordis
2663 800 2743 854 sui
2773 800 3020 870 recipere
3050 809 3316 855 secretum
3350 817 3364 855 :
3395 801 3488 856 sed
3513 817 3621 858 cum
3642 801 3796 860 illifra-

2286 893 2400 941 tres
2436 895 2490 941 et
2517 888 2826 959 coepiscOpi
2855 887 2962 942 mei
2991 887 3081 960 qui
3111 887 3229 944 vice
3252 903 3374 944 mea
3402 889 3612 946 aderant
3648 891 3796 948 obvia-

2286 983 2426 1041 rcnt,
2459 975 2528 1030 ab
2556 975 2742 1030 illicito
2787 975 3028 1048 appetitu
3071 992 3137 1031 ex
3184 991 3369 1032 eorum
3417 975 3592 1033 saltem
3626 986 3796 1038 contra-

2285 1062 2520 1118 dictione
2551 1073 2842 1120 cessasset.
2899 1065 3040 1121 Nam
3086 1072 3139 1119 et
3184 1071 3380 1120 vestrae
3421 1065 3614 1135 pietatis
3638 1067 3796 1137 apices,

2285 1158 2339 1205 et
2365 1151 2538 1221 ipsius
2565 1152 2768 1223 scripta
2793 1153 3070 1208 declarant
3088 1194 3102 1219 ,
3133 1153 3343 1224 legatos
3369 1153 3508 1208 sedis
3533 1154 3796 1224 apostolica,

2286 1238 2425 1294 sicut
2452 1241 2705 1311 oportuit,
2755 1241 3185 1296 contradictione
3233 1241 3523 1310 justissima
3570 1242 3796 1308 restitisse,

2286 1334 2344 1381 ut
2373 1327 2796 1384 inexcusabilior
2824 1337 2971 1384 esset
2997 1329 3348 1401 praesumptio
3369 1370 3384 1394 ,
3413 1346 3527 1401 qua:
3552 1345 3607 1388 se
3629 1344 3713 1386 nec
3733 1330 3797 1386 in-

2286 1424 2506 1486 crepata
2534 1417 2800 1472 cohibuit.
2840 1418 2996 1473 Unde
3045 1417 3169 1489 quia
3212 1417 3458 1474 convenit
3503 1415 3618 1472 ﬁdei
3651 1427 3798 1474 vestra

2287 1503 2374 1558 vel
2402 1505 2608 1577 gloriae,
2641 1513 2700 1560 ut
2727 1505 2866 1562 sicut
2894 1505 3122 1562 haeresis
3149 1507 3265 1562 Deo
3293 1521 3390 1576 per
3417 1520 3511 1562 vos
3535 1514 3704 1578 agente
3723 1505 3797 1560 de-

2285 1601 2487 1649 structa
2533 1602 2650 1660 est,
2697 1594 2770 1649 ita
2817 1594 2976 1649 etiam
3019 1594 3199 1650 omnis
3243 1593 3470 1650 ambitus
3525 1593 3796 1657 retundatur,

2213 1711 2267 1771 Β
2289 1681 2450 1771 agite
2473 1682 2617 1753 quod
2646 1691 2698 1771 et
2722 1682 3039 1738 Christianae
3077 1690 3162 1738 est
3189 1681 3469 1754 probitatis
3497 1689 3548 1738 et
3572 1681 3738 1771 regis,

2287 1769 2896 1842 prmdictus'episcOpus
2925 1779 3111 1842 parcat
3140 1771 3386 1842 patribus
3403 1812 3417 1838 ,
3463 1769 3680 1828 consulat
3711 1769 3800 1839 paci

2285 1875 2462 1928 neque
2490 1859 2593 1912 sibi
2622 1859 2850 1914 aestimet
2879 1859 3118 1926 licuisse,
3145 1859 3291 1931 quod
3320 1857 3802 1916 Antiocth

2287 1946 2382 2002 sise
2406 1989 2419 2012 ,
2465 1947 2581 2002 sine
2625 1948 2735 2002 ullo
2769 1948 3020 2018 exemplo
3043 1989 3058 2014 ,
3104 1955 3295 2005 contra
3336 1955 3523 2004 statuta
3573 1961 3798 2006 canonum.

2287 2035 2603 2106 episcopum
2635 2036 2887 2092 ordinare
2915 2036 3266 2107 praesumpsit
3296 2053 3310 2090 :
3345 2035 3484 2108 quod
3526 2049 3616 2092 nos
3655 2048 3797 2092 amore

2286 2124 2599 2193 reparanda;
2627 2123 2754 2180 ﬁdei
2779 2167 2791 2191 ,
2842 2133 2896 2181 et
2940 2125 3094 2196 pacis
3126 2125 3306 2181 studio
3328 2167 3342 2192 ,
3373 2131 3640 2181 retractare
3660 2137 3800 2180 cessa-

2285 2211 2482 2266 vimus.
2533 2212 2815 2268 Abstineat
2855 2229 2991 2285 ergo
3038 2213 3106 2268 ab
3155 2213 3627 2270 ecclesiasticarum
3660 2209 3800 2278 injuria

2286 2300 2602 2372 regularum
2623 2343 2636 2366 ,
2669 2310 2723 2356 et
2761 2301 2978 2356 illicitos
3007 2301 3245 2357 declinet
3287 2317 3549 2366 excessus,
3589 2315 3650 2356 ne
3679 2315 3726 2354 se
3750 2297 3800 2352 ab

2285 2388 2577 2444 universali
2606 2389 2852 2444 Ecclesia
2873 2431 2888 2456 ,
2921 2390 3051 2444 dum
3079 2389 3307 2446 inimica
3344 2391 3460 2461 paci
3499 2396 3643 2445 tentat
3663 2385 3800 2442 absci-

2285 2477 2376 2531 dat
2409 2494 2422 2530 :
2455 2493 2616 2548 quem
2643 2485 2772 2547 opto
2801 2478 2976 2550 magis
3006 2478 3547 2549 irreprehensibiliter
3599 2483 3798 2548 agentem

2287 2560 2537 2632 diligere,
2567 2576 2729 2632 quam
2762 2561 2818 2616 in
2847 2563 2948 2618 hac
2978 2563 3408 2633 praesumptione
3430 2606 3444 2628 ,
3473 2576 3582 2634 quae
3607 2559 3728 2616 illum
3747 2557 3798 2612 ab

2285 2648 2539 2704 omnibus
2569 2663 2826 2719 separare
2855 2651 3074 2720 poterit,
3105 2651 3429 2721 perdurare.
3477 2671 3499 2700 ι
3530 2650 3592 2705 Ει
3616 2647 3718 2720 quia
3738 2645 3798 2702 vi-

2284 2736 2422 2791 dens
2453 2736 2913 2794 Anatolius-nullo
2941 2739 3106 2794 modo
3136 2756 3200 2795 se
3227 2754 3388 2810 posse
3422 2739 3502 2795 vel
3527 2753 3614 2808 per
3635 2751 3714 2800 se,
3739 2732 3801 2788 vel

2285 2841 2382 2895 per
2408 2824 2820 2896 imperatorem,
2855 2827 3100 2883 obtinere
3129 2829 3279 2899 quod
3308 2827 3505 2895 voluit,
3534 2842 3587 2882 se
3611 2824 3714 2880 inde
3734 2836 3800 2876 re-

2285 2913 2596 2978 crediderit,
2632 2913 2778 2969 idem
2807 2922 3028 2970 sanctus
3069 2915 3182 2972 Leo
3227 2917 3587 2980 demonstrat,
3613 2910 3802 2968 scribens

2285 3002 2352 3056 ad
2382 3002 2632 3056 eumdem
2662 3003 2969 3058 Anatolium
3009 3005 3198 3075 (epist.
3251 3004 3459 3074 Lxxvn)
3489 3021 3504 3058 :
3544 3023 3564 3053 ι
3595 3001 3642 3057 Si
3666 2999 3802 3059 ﬁrmo.

2205 3067 2255 3130 Ο
2283 3089 2476 3160 inquit,
2509 3067 3374 3164 incommutabilique'pr0posito
3417 3067 3612 3148 dilectio
3636 3098 3706 3144 tua
3728 3101 3803 3141 cu-

2287 3195 2401 3233 ram
2429 3178 2615 3249 gratim
2643 3181 2946 3235 communis
2975 3181 3278 3248 habuisset,
3302 3181 3430 3236 nihil
3458 3178 3672 3252 profecto
3695 3172 3802 3246 quod

2283 3267 2451 3320 ullam
2479 3267 2808 3324 anxietatem
2835 3269 2930 3322 tibi
2957 3269 3237 3339 ingereret
3259 3269 3556 3326 exstitisset.
3575 3261 3803 3324 Nonenim

2283 3355 2495 3409 sinebat
2524 3355 2662 3411 ratio
2684 3395 2700 3424 ,
2729 3364 2787 3410 ut
2816 3357 2932 3425 ejus
2963 3357 3288 3413 charitatem
3331 3371 3650 3429 spernerem,
3681 3365 3802 3423 quem

2282 3459 2467 3499 amore
2497 3442 2646 3514 pacis
2670 3485 2685 3510 ,
2719 3452 2772 3498 et
2801 3445 2980 3500 studio
3010 3447 3338 3516 reparandae
3392 3443 3643 3502 catholicae
3687 3437 3799 3502 ﬁdei.

2280 3531 2423 3588 inter
2450 3532 2570 3602 ipsa
2602 3533 2944 3603 episcopatus
2974 3534 3284 3590 rudimenta
3306 3525 3802 3605 juvissem,optansin

2282 3621 2666 3677 ecclesiasticis
2692 3622 2839 3677 curis
2871 3623 3032 3677 talem
3061 3624 3270 3680 habere
3290 3632 3608 3688 consortem,
3634 3627 3682 3676 ut
3705 3612 3802 3671 mihi

2280 3709 2349 3765 de
2381 3709 2581 3764 sanctis
2609 3711 3044 3780 praecursoribus
3064 3712 3188 3779 tuis,
3210 3729 3314 3770 nec
3328 3711 3540 3769 Joannis
3565 3704 3802 3779 spiritalem

2279 3797 2664 3880 copiosamque
2721 3799 3018 3854 doctrinam
3051 3843 3063 3866 ,
3114 3816 3220 3858 nec
3265 3800 3620 3858 auctoritatem
3661 3790 3800 3854 Attici.

2280 3900 2381 3940 nec
2402 3885 2722 3942 industriam
2743 3887 2940 3953 Procli,
2960 3905 3061 3943 nec
3077 3888 3242 3944 ﬁdem
3263 3890 3408 3946 beati
3426 3883 3801 3944 Flavianideesse

2280 3973 2557 4038 sentirem,
2591 3983 2644 4030 et
2671 3975 2744 4030 ita
2773 3976 2966 4030 studiis
2997 3977 3103 4031 tuis
3141 3985 3346 4045 uterer,
3370 3985 3427 4032 ut
3453 3970 3803 4033 nullusauderat

2279 4061 2365 4116 vel
2395 4059 2522 4117 ﬁdei
2550 4063 2830 4120 catholicae
2859 4064 3130 4120 resultare
3151 4109 3164 4132 ,
3197 4067 3288 4121 vel
3315 4064 3543 4122 Nicienis
3568 4053 3800 4118 venerabi-

2278 4148 2406 4204 lium
2435 4151 2656 4206 Patrum
2688 4152 2891 4224 regulis
2921 4153 3212 4209 contraire.
3246 4154 3355 4210 Sed
3383 4169 3502 4210 cum
3529 4151 3580 4208 in
3604 4145 3801 4217 iniuriam

2279 4253 2566 4307 canonum,
2600 4249 2658 4296 ut
2685 4241 2960 4310 agnoscis,
2993 4241 3088 4296 illa
3117 4249 3323 4299 tentata
3342 4243 3466 4311 sint,
3495 4255 3607 4312 quin
3634 4233 3801 4292 omibtls

2277 4328 2539 4384 Ecclesiis
2557 4329 2878 4385 scandalum
2905 4330 3201 4386 maximum
3229 4336 3564 4403 generarent,
3591 4323 3701 4398 quid
3723 4334 3800 4390 ap-

583 4433 706 4490 quaa
734 4417 790 4474 in
819 4418 1031 4489 synodo
1060 4419 1281 4474 Nicazna
1309 4420 1378 4474 ad
1425 4421 1586 4474 totius
1637 4420 1900 4476 Ecclesiae
1930 4422 2174 4493 regimen
2201 4416 2254 4476 D
2273 4415 2378 4470 tius
2407 4431 2467 4471 ac
2496 4417 2796 4472 modestius
2843 4416 3080 4473 facerem
3105 4461 3119 4484 ,
3165 4436 3325 4490 quam
3354 4427 3412 4475 ut
3440 4427 3490 4475 te
3516 4415 3737 4488 primum.
3757 4412 3801 4461 ιιι

580 4505 786 4578 Spiritu
813 4507 914 4562 Dei
944 4506 1264 4572 instruente,
1287 4516 1411 4562 sunt
1431 4509 1682 4573 conditae,
1706 4525 1814 4576 me,
1835 4511 1982 4581 quod
2011 4511 2170 4576 absit,

577 4594 905 4650 conhibente
933 4594 1240 4662 violentur;
1291 4604 1344 4650 et
1389 4597 1565 4664 major
1613 4596 1682 4651 sit
1724 4599 1866 4667 apud
1899 4615 1985 4652 me
2014 4599 2174 4653 unius

576 4681 758 4739 fratris
788 4683 1058 4748 voluntas,
1077 4699 1240 4754 quam
1272 4684 1540 4739 universae
1561 4685 1753 4740 domus
1781 4686 1996 4740 Domini
2025 4703 2173 4742 com-

577 4770 758 4826 munis
785 4770 1008 4826 utilitas.
1039 4772 1106 4826 Et
1134 4771 1259 4828 ideo
1289 4772 1469 4828 sciens
1499 4773 1799 4844 gloriosam
1829 4775 2171 4830 clementiam

580 4865 818 4913 vestram
847 4859 1232 4916 ecclesiasticae
1251 4861 1465 4916 studere
1495 4862 1821 4926 concordiae,
1856 4871 1908 4917 et
1936 4863 2020 4917 bis
2050 4880 2173 4934 qua:

574 4943 817 5018 paciﬁca.-
855 4957 1156 5017 congruunt
1187 4949 1374 5004 unitati
1411 4949 1715 5020 piissimum
1741 4959 2006 5021 prmstare
2033 4967 2169 5006 con-

577 5049 820 5100 sensum,
854 5050 1055 5106 precor
1084 5045 1138 5091 et
1167 5038 1356 5093 sedula
1403 5039 1756 5110 suggestione
1785 5056 1883 5096 vos
1913 5040 2165 5109 obsecro,

573 5131 634 5178 ut
663 5138 830 5178 ausus
859 5123 1140 5194 improbos
1165 5167 1178 5190 ,
1211 5127 1402 5182 unitati
1430 5127 1746 5182 Christianae
1778 5129 2003 5200 pacique
2031 5144 2166 5184 con-

569 5211 783 5278 trarios,
813 5211 883 5266 ab
913 5211 1064 5266 omni
1109 5212 1321 5282 pietatis
1371 5224 1566 5271 vestrae
1607 5215 1868 5272 abdicatis
1915 5233 2164 5284 assensu,

569 5307 624 5356 et
653 5298 838 5354 fratris
867 5299 975 5355 mei
1004 5299 1234 5354 Anatolii
1264 5302 1564 5358 nocituram
1591 5304 1728 5374 ipsi,
1769 5305 1813 5359 si
1849 5305 2162 5375 perstiterit,

565 5385 915 5456 cupiditatem
981 5388 1271 5444 salubriter
1338 5393 1708 5460 comprimatis
1757 5410 1770 5448 :
1817 5410 1885 5448 ne
1932 5410 1998 5448 ea
2044 5410 2166 5465 quae

565 5481 762 5528 vestrae
791 5475 980 5544 gloria:
1001 5485 1161 5548 atque
1184 5477 1518 5549 temporibus
1537 5481 1756 5537 inimica
1773 5490 1897 5538 sunt
1917 5481 2160 5552 cupiens,

2275 4505 2343 4560 ab
2374 4505 2475 4560 hac
2503 4505 2799 4561 intentione
2826 4506 3142 4562 discederes
3165 4549 3178 4574 ,
3209 4507 3448 4565 fraterno
3474 4505 3638 4561 animo
3660 4494 3801 4555 missis

2275 4592 2471 4648 litteris
2499 4594 2853 4649 admonerem
2873 4595 2900 4648 ‘i
2928 4595 2999 4650 ad
3029 4611 3167 4666 quas
3196 4613 3322 4652 cum
3348 4613 3456 4652 non
3504 4589 3798 4648 rescribat-ea

2273 4680 2390 4752 ipse
2422 4691 2472 4736 te
2501 4698 2530 4735 a
2559 4683 2815 4754 colloquii
2844 4683 2950 4738 mei
2981 4684 3256 4741 consortio
3287 4682 3564 4755 separasti.
3605 4675 3800 4742 Denique

2272 4769 2398 4825 inde
2410 4772 2523 4838 jam
2542 4771 2704 4836 tacui,
2721 4773 2818 4826 sed
2829 4772 3256 4828 clementissimo
3266 4771 3494 4844 principi
3507 4764 3695 4827 custodi
3706 4756 3803 4816 ﬁdei

2271 4857 2542 4930 frequenti
2571 4859 2874 4916 litterarum
2902 4861 3161 4931 petitione
3191 4861 3445 4935 suggessi
3465 4902 3479 4929 ,
3509 4866 3562 4913 ut
3588 4869 3674 4927 pro
3697 4859 3800 4920 Pa“

2271 4947 2647 5016 ecclesiarum,
2683 4964 2846 5019 quam
2874 4949 2971 5004 tibi
2999 4950 3230 5006 maxime
3259 4950 3519 5021 prodesse
3544 4935 3799 5016 cognoscisa

2269 5035 2387 5090 haec
2417 5051 2537 5106 qua:
2566 5051 2710 5092 nunc
2741 5052 2773 5091 a
2805 5045 2895 5092 tua
2931 5037 3222 5095 dilectione
3249 5038 3387 5094 facta
3415 5043 3532 5092 sunt
3558 5029 3800 5100 implereno

2269 5131 2375 5178 tur.
2423 5123 2518 5178 Cui
2567 5124 2865 5180 ineffabiles
2906 5127 3116 5197 gratias
3160 5143 3266 5198 ago
3301 5170 3315 5190 ,
3360 5125 3502 5198 quod
3553 5113 3800 5176 secundum

2269 5211 2629 5268 eruditionem
2661 5213 2892 5283 Spiritus
2932 5215 3140 5281 sancti,
3193 5216 3346 5284 cujus
3389 5219 3472 5269 est
3510 5210 3683 5268 virtute
3705 5200 3800 5272 1⁷1⁸⁸

2266 5299 2544 5366 nissimus,
2595 5301 2919 5357 sacerdotali
2965 5302 3221 5374 dignatur
3265 5303 3482 5358 studere
3524 5287 3798 5354 concorditi.

2266 5387 2443 5444 sciens
2473 5389 2576 5444 sibi
2604 5390 2876 5445 orationes
2906 5392 3321 5462 supplicantium
3363 5386 3621 5460 copiosius
3645 5374 3798 5452 pmlu‘

2265 5493 2436 5550 turas,
2479 5487 2526 5540 si
2553 5485 2735 5540 famuli
2783 5488 2943 5542 unius
2986 5489 3202 5546 Domini
3239 5489 3294 5544 in
3340 5486 3485 5543 nullo
3511 5484 3656 5540 sint!
3681 5483 3798 5530 νεα
