4020 6182
245 243 347 298 373

895 241 1133 298 OPUSC.
1181 239 1272 296 ET
1314 239 1538 297 EPIST.
1597 239 1670 296 IN
1722 237 1948 295 CAUSA
1998 238 2338 296 HINCMARI
2393 237 2697 297 LAUDUN.

3438 243 3472 296 3
3483 241 3546 298 ﬂ

239 367 389 440 pacis
415 367 626 421 unitate
671 366 854 421 divisi.
893 387 914 416 ι
946 367 1015 421 Et
1041 374 1164 438 post
1193 365 1468 438 aliquanta
1498 384 1512 420 :
1545 366 1718 431 Illam,
1754 366 1836 420 in-
1864 365 1921 432 Α
1946 365 2087 437 cipe,
2135 364 2448 422 nullatenus
2491 364 2832 436 approbavit,
2863 379 2990 437 quo
3029 364 3231 438 promi
3277 361 3544 424 m

247 457 380 528 quit,
437 454 676 526 culpam,
709 469 876 526 quam
923 455 993 510 de
1045 454 1296 525 augenda
1351 461 1621 526 potestate
1679 455 1855 512 aliena

243 553 302 600 ut
338 544 547 599 asseris
582 543 960 599 adhortatione
988 551 1354 609 contraxeras,
1387 542 1662 600 efficacius
1692 553 1854 616 atque

243 633 517 689 sincerius
550 640 638 687 tua
667 633 906 688 charitas
946 632 1214 698 diluisset,
1265 632 1312 686 si
1341 633 1485 703 quod
1514 633 1707 687 tentari
1736 635 1854 690 sine

241 730 338 776 tua
384 721 670 776 voluntate
699 736 809 775 non
853 720 1044 791 potuit,
1085 735 1195 775 non
1223 720 1294 775 ad
1349 721 1467 775 sola
1524 721 1854 777 clericorum

243 809 474 866 consilia
504 809 886 865 transtulisses
933 827 946 863 :
983 809 1107 880 quia
1139 809 1278 864 sicut
1319 809 1375 862 in
1417 809 1558 863 mala
1602 811 1854 866 suasione

241 897 616 970 delinquitur,
650 898 721 952 ita
765 905 818 952 et
861 899 916 952 in
957 897 1102 952 mala
1147 897 1509 953 consensione
1559 907 1845 969 peccatur.

243 987 351 1042 Sed
382 995 605 1060 gratum
653 987 808 1052 mihi,
856 986 1027 1041 frater
1055 986 1396 1051 charissime,
1447 995 1549 1052 est,
1587 988 1733 1058 quod
1762 988 1853 1042 di—

240 1075 399 1131 lectio
429 1083 524 1129 tua
563 1073 850 1146 proﬁtetur
879 1075 982 1128 sibi
1013 1075 1324 1146 displicere,
1359 1075 1507 1146 quod
1530 1083 1659 1130 tunc
1688 1076 1852 1131 etiam

241 1164 466 1236 placere
497 1179 609 1219 non
638 1163 844 1218 debuit.
889 1162 1094 1218 Suﬁicit
1123 1163 1176 1217 in
1207 1164 1398 1236 gratia;
1425 1164 1731 1219 communis
1763 1181 1853 1219 re-

243 1269 504 1324 gressum
537 1251 811 1322 professio
829 1251 1137 1307 dilectionis
1164 1259 1290 1320 tusa,
1325 1260 1377 1306 et
1405 1252 1681 1308 attestatio
1709 1253 1855 1324 prin-

239 1341 379 1412 cipis
427 1340 760 1395 Christiani:
815 1355 920 1396 nec
967 1339 1180 1395 videtur
1227 1341 1382 1394 tarda
1412 1341 1711 1406 correctio,
1764 1341 1852 1396 cui

240 1437 353 1483 tam
381 1427 718 1484 venerabilis
747 1435 989 1482 assertor
1017 1427 1275 1483 accessit.
1315 1427 1610 1497 Abjiciatur
1635 1429 1851 1499 penitus

241 1516 556 1572 inconcessi
588 1515 731 1586 juris
768 1516 860 1588 qui
889 1515 1286 1571 dissensionem
1330 1515 1533 1570 fecerat
1559 1517 1846 1586 appetitus.

237 1604 525 1660 Suﬁiciant
546 1604 764 1668 limites,
798 1620 937 1676 quos
971 1613 1286 1660 sanctorum
1319 1604 1538 1659 Patrum
1561 1605 1852 1675 providen-

1953 453 2564 525 Constantinopolitanm
2591 462 2722 510 tunc
2747 453 3044 520 ωηιξη,
3065 469 3172 511 nec
3193 469 3262 511 se
3287 467 3556 527 presum-

1953 543 2131 613 psisse
2171 542 2482 614 professus,
2513 542 2569 597 in
2615 541 2930 614 apostolicus
2974 543 3126 599 sedis
3161 543 3416 600 antistitis
3443 557 3557 599 non

1953 631 2173 701 negavit
2201 632 2379 701 posita
2405 637 2696 702 potestate,
2719 648 2842 702 qua
2867 631 3016 698 ideo,
3035 631 3190 706 sicut
3215 632 3418 690 dicaam
3445 639 3551 702 est,

1955 720 2118 774 sedes
2145 719 2442 789 apostolica
2495 735 2608 775 non
2661 719 2889 791 recepit,
2921 721 3046 791 quia
3095 737 3218 792 qua
3249 719 3555 794 privilegiis

1954 808 2279 863 universalis
2307 807 2572 865 Ecclesia:
2617 809 2886 864 contraria
2932 809 3251 880 probantur,
3282 808 3433 866 nulla
3457 822 3555 865 ra-

1955 896 2102 951 tione
2134 896 2450 951 subsistunt.
2501 895 2644 964 Quid
2690 897 2836 953 enim
2869 897 2999 969 quia
3027 897 3086 952 in
3117 897 3276 953 libris
3314 897 3558 965 sanctis,

1955 1000 2096 1056 quos
2151 985 2338 1056 utique
2367 1001 2694 1040 veneramur
2720 995 2774 1040 et
2794 986 3098 1058 sequimur,
3130 985 3391 1058 quoniam
3419 1001 3563 1058 quo-

1956 1073 2209 1128 rumdam
2230 1073 2342 1128 illic
2367 1081 2419 1127 et
2449 1072 2804 1144 profanitates
2831 1090 2958 1131 esse
3001 1074 3250 1131 fenmtur
3278 1083 3332 1130 et
3353 1073 3566 1130 scelera

1955 1170 2114 1234 gesta
2141 1169 2452 1226 narrantur,
2494 1162 2619 1217 ideo
2663 1163 2825 1218 nobis
2865 1164 3076 1234 pariter
3109 1171 3202 1219 aut
3245 1163 3565 1220 veneranda

1957 1257 2083 1305 sunt
2112 1258 2200 1306 aut
2233 1250 2530 1322 sequenda,
2564 1251 2691 1322 quia
2718 1250 2774 1305 in
2805 1250 2913 1306 illis
2951 1251 3154 1308 sanctis
3182 1251 3335 1306 libris
3371 1258 3427 1307 et
3457 1266 3558 1306 ve-

1954 1338 2292 1393 nerabilibus
2311 1338 2660 1394 continentur
2672 1339 2702 1394 2
2731 1338 2964 1396 Sanctus
2991 1340 3184 1395 Petrus
3201 1339 3410 1410 primus
3427 1352 3561 1410 epo-

1955 1426 2220 1482 stolorum
2243 1469 2257 1494 ,
2293 1428 2374 1482 sic
2436 1428 2712 1482 estimans
2750 1427 2894 1484 Novi
2947 1428 3278 1484 Testamenti
3327 1426 3562 1500 gratiam

1953 1515 2382 1588 praedicandam,
2415 1524 2472 1570 ut
2501 1531 2537 1570 ι
2563 1516 2704 1589 legis
2731 1515 2936 1572 veteris
2961 1531 3075 1573 non
3099 1515 3386 1574 recederet
3397 1513 3562 1574 inﬂi-

1951 1603 2100 1670 tutis,
2135 1605 2382 1676 quaedam
2413 1621 2515 1676 per
2540 1604 2942 1662 simulationem
2969 1605 3167 1679 legitur
3183 1605 3328 1660 inter
3343 1601 3562 1660 Iudaee

237 1694 451 1747 tissima
480 1693 709 1748 decreta
739 1699 1058 1763 posuerunt,
1093 1700 1152 1746 ut
1181 1692 1362 1764 quieta
1391 1692 1458 1746 sit
1487 1694 1600 1747 suis
1641 1693 1849 1748 meritis
1871 1721 1928 1781 Β
1955 1692 2298 1766 gentilesque
2327 1693 2601 1765 gessisse;
2632 1693 2878 1765 nunquid
2903 1693 3032 1749 ideo
3059 1701 3152 1748 aut
3198 1691 3293 1748 illa
3319 1693 3440 1762 ejus
3466 1706 3562 1748 se-

239 1789 288 1836 et
317 1781 565 1852 antiquis
593 1780 897 1852 privilegiis
940 1781 1179 1854 dignitas
1208 1781 1449 1836 omnium
1481 1783 1842 1838 sacerdotum.

237 1870 554 1925 Renovetur
583 1877 638 1924 et
667 1876 880 1924 maneat
909 1869 966 1922 in
995 1877 1049 1924 te
1079 1869 1378 1924 Dominicze
1411 1870 1692 1925 charitatis
1723 1869 1856 1925 affe-

239 1959 342 2012 ctio
367 2002 381 2023 ,
418 1957 492 2012 ad
520 1972 688 2028 quam
718 1957 1065 2012 dilectionem
1103 1964 1252 2012 tuam
1301 1958 1499 2028 saepius
1548 1960 1855 2014 cohortatus

240 2061 352 2099 sum
378 2089 392 2111 ,
430 2061 562 2100 cum
609 2043 776 2099 fratre
823 2053 876 2099 et
919 2045 1236 2116 coepiscopo
1277 2053 1463 2101 nostro
1492 2046 1727 2111 Iuliano,
1764 2047 1854 2118 qui

238 2150 591 2190 communem
621 2133 854 2206 gratiam
885 2149 1103 2204 semper
1139 2134 1364 2204 optavit,
1400 2135 1556 2203 cujus
1589 2135 1852 2190 industria

237 2231 286 2277 et
312 2222 721 2278 sollicitudines
750 2229 856 2278 tuae
886 2222 1291 2291 relevabuntur,
1327 2231 1380 2278 et
1408 2221 1546 2277 ﬁdes
1586 2224 1852 2279 catholica

235 2311 532 2366 munietur.
573 2310 750 2382 Super
767 2310 950 2365 omnia
977 2319 1158 2366 autem
1187 2311 1419 2366 fraterna
1439 2310 1704 2366 charitaté
1724 2313 1851 2366 hor-

237 2409 318 2454 tor
345 2407 400 2454 et
431 2414 656 2463 moneo,
691 2406 749 2452 ut
779 2414 844 2453 ea
866 2415 990 2470 qua:
1010 2400 1080 2453 ad
1112 2399 1344 2470 gloriam
1371 2400 1459 2453 vel
1485 2400 1553 2454 ad
1573 2400 1850 2455 munimen

236 2488 514 2558 pertinent
553 2486 913 2541 sacerdotalis
960 2486 1118 2542 oﬂicii
1143 2531 1156 2552 ,
1186 2487 1534 2542 Nicsenorum
1579 2504 1848 2544 canonum

237 2576 562 2630 universalis
590 2574 854 2630 Ecclesiae
882 2589 1078 2645 pacem
1110 2576 1380 2630 servantia
1410 2577 1628 2632 decreta
1659 2585 1848 2633 custo-

235 2663 367 2730 dias,
402 2664 496 2719 Sic
529 2663 674 2718 enim
705 2660 846 2718 inter
872 2663 1089 2718 Domini
1112 2665 1426 2719 sacerdotes
1441 2665 1699 2721 inviolata
1719 2667 1848 2722 cha-

237 2751 365 2807 ritas
395 2752 755 2823 permanebit,
790 2752 835 2807 si
867 2752 1088 2822 paribus
1119 2753 1310 2808 studiis
1340 2770 1463 2825 quae
1491 2762 1616 2808 sunt
1647 2770 1679 2808 a
1709 2771 1842 2808 san-

236 2841 331 2895 ctis
360 2841 624 2896 Patribus
653 2840 942 2896 constituta
983 2849 1330 2896 serventur.»

819 3096 1042 3152 CAPUT
1072 3095 1270 3151 XXIV.

232 3270 303 3324 De
331 3269 526 3324 eodem
565 3283 784 3323 canone
835 3267 1306 3336 Chalcedonensi,
1339 3273 1397 3324 et
1435 3269 1503 3326 de
1531 3271 1841 3326 canonibus

298 3357 707 3428 apostolorum,
723 3355 895 3428 deque
930 3358 1234 3411 sententiis
1265 3358 1635 3429 Angilramno
1664 3359 1834 3423 datis,

297 3450 354 3499 et
376 3446 446 3500 de
474 3445 732 3516 epistolis
759 3444 1095 3515 pontiﬁcum
1133 3446 1384 3501 collectis
1411 3447 1477 3501 ab
1507 3447 1743 3502 Isidoro.

294 3633 438 3702 Quia
466 3649 607 3690 vero
657 3633 856 3689 iterum
886 3634 1102 3705 quidam
1133 3635 1249 3690 haac
1290 3635 1534 3690 relevare
1565 3652 1626 3690 ac
1667 3637 1832 3690 resti-

230 3729 378 3777 tuere
407 3722 592 3778 conati
624 3722 748 3786 sint,
783 3722 1081 3795 allegantes
1103 3728 1360 3794 quoniam
1393 3724 1634 3795 synodus
1665 3725 1832 3780 Chal-

233 3820 559 3877 cedonensis
599 3828 690 3874 aut
741 3827 857 3874 rata
887 3820 940 3874 in
970 3828 1140 3874 totum
1187 3822 1491 3888 tenebitur,
1531 3830 1621 3876 aut
1651 3823 1706 3876 in
1742 3830 1832 3877 to-

228 3917 332 3964 tum
361 3909 708 3964 annullanda
745 3909 1003 3975 ducetur,
1039 3910 1225 3964 beatus
1273 3910 1526 3965 Gelasius
1559 3911 1829 3982 explanat,

229 4007 275 4053 et
294 4013 466 4053 vanas
497 3997 786 4068 opiniones
816 4005 980 4068 atque
1007 3998 1340 4066 obiectiones
1370 4000 1618 4066 destruit,
1643 4008 1694 4054 et
1710 4016 1832 4071 quae

227 4097 340 4141 sunt
367 4087 612 4141 tenenda
640 4085 694 4140 in
724 4086 962 4141 decretis
991 4087 1105 4140 suis
1135 4087 1389 4154 ostendit,
1409 4087 1732 4158 dicens(lib.
1764 4090 1831 4143 de

228 4175 431 4230 Anath.
459 4175 640 4245 vino.)
676 4191 688 4228 :
727 4197 748 4223 ι
782 4173 866 4229 Ne
892 4173 1050 4243 forte,
1085 4175 1230 4246 quod
1261 4175 1455 4239 solent,
1488 4176 1669 4230 dicant
1700 4176 1830 4247 quin

228 4262 394 4319 Graeci
417 4307 430 4329 ,
469 4263 621 4335 quod
661 4263 706 4316 si
738 4263 978 4333 synodus
1008 4263 1466 4318 Chalcedonensis
1510 4265 1824 4330 admittitur,

227 4352 399 4406 omnia
427 4360 687 4407 constare
714 4352 951 4406 debeant
981 4368 1103 4422 qua:
1133 4351 1242 4407 illic
1271 4352 1522 4407 videntur
1566 4368 1690 4407 esse
1723 4354 1826 4408 de-

1961 1781 2175 1853 quenda
2214 1789 2367 1846 sunt,
2401 1797 2522 1852 quae
2559 1781 2758 1836 merito
2797 1790 2852 1836 et
2894 1781 3240 1853 coapostolus
3275 1782 3394 1850 ejus
3419 1779 3562 1837 facta

1958 1865 2254 1943 redarguit,
2287 1878 2341 1924 et
2371 1877 2560 1940 postea
2590 1878 2994 1942 consequenter
3030 1871 3150 1942 ipse
3175 1869 3381 1939 vitavit,
3412 1867 3564 1940 pario-

1958 1966 2042 2013 ter
2065 1957 2392 2014 assumenda
2422 1965 2549 2011 sunt
2575 1973 2700 2013 cum
2728 1958 2816 2013 bis
2841 1974 2966 2030 qua
2993 1966 3182 2029 utpote
3202 1959 3413 2029 primus
3425 1972 3563 2029 apo-

1958 2047 2129 2102 stolus
2190 2046 2430 2102 salubria
2476 2046 2837 2117 pradicavit?
2873 2046 3263 2118 Nunquidnam
3308 2054 3401 2102 aut
3441 2045 3560 2114 eius

1953 2143 2106 2190 recta
2135 2135 2375 2190 doctrina
2404 2150 2528 2190 cum
2560 2135 2646 2190 his
2692 2149 2816 2206 qua
2849 2135 3164 2190 humanitus
3209 2141 3563 2191 accesserant

1955 2223 2291 2294 repudianda
2319 2231 2422 2289 est,
2455 2231 2548 2278 aut
2576 2223 2668 2278 illa
2688 2223 2870 2280 adhuc
2883 2223 3172 2279 imbecillis
3191 2221 3406 2279 inscitia
3435 2237 3560 2278 cum

1949 2311 2195 2384 perfecta
2223 2312 2342 2381 ejus
2369 2311 2626 2368 doctrina
2655 2311 3002 2382 suscipienda
3031 2311 3560 2384 estrNuaquidnsm

1951 2401 2008 2454 in
2037 2401 2282 2471 ipsorum
2331 2401 2708 2456 haereticorum
2761 2399 2916 2455 libris
2960 2413 3071 2456 non
3109 2400 3281 2456 multa
3325 2415 3450 2472 qua
3485 2398 3560 2456 ad

1951 2489 2238 2545 veritatem
2281 2489 2592 2567 pertineant
2631 2488 2813 2559 posita
2859 2489 3224 2562 releguntur?
3264 2488 3560 2561 Nunquid-

1951 2594 2077 2634 nam
2098 2578 2223 2633 ideo
2265 2578 2468 2633 veritas
2515 2576 2804 2632 refutanda
2851 2585 2954 2648 est,
2988 2577 3114 2650 quis
3167 2577 3382 2634 illorum
3409 2577 3558 2645 libri,

1949 2667 2042 2722 ubi
2091 2667 2330 2737 pravitas
2385 2667 2546 2732 inest,
2579 2665 2886 2720 refutantur
2917 2684 2931 2720 :
2962 2674 3055 2720 aut
3096 2665 3222 2721 ideo
3249 2665 3408 2737 pravi
3435 2665 3560 2720 libri

1949 2755 2282 2824 suscipiendi
2313 2762 2439 2809 sunt
2469 2769 2681 2820 eorum,
2704 2753 2834 2826 quia
2861 2752 3066 2809 veritas
3084 2769 3206 2826 qua
3223 2753 3337 2810 illic
3353 2753 3560 2809 inserta

1947 2851 2032 2898 est
2059 2859 2170 2898 non
2200 2841 2467 2915 negatur?
2497 2843 2583 2898 Ait
2615 2841 2900 2914 apostolus
2936 2843 2986 2912 (I
3007 2843 3192 2898 Ίνιθδο.
3233 2843 3292 2912 v)
3320 2841 3558 2898 τοιηώ

1946 2932 2194 3002 probate,
2227 2948 2350 3004 quae
2398 2931 2543 2986 bona
2571 2939 2698 2986 sunt
2733 2939 2936 2987 tenete.
2978 2931 3196 2986 Scimus
3233 2931 3557 3002 Apostolum

1949 3019 2113 3075 etiam
2141 3020 2210 3075 de
2236 3035 2579 3092 paganorum
2608 3019 2760 3074 libris
2789 3018 2972 3091 aliqua
2999 3019 3254 3090 posuisse
3271 3036 3290 3074 :
3309 3019 3560 3092 nunquid

1945 3108 2070 3164 ideo
2099 3108 2266 3165 etiam
2297 3116 2494 3165 cuncta
2523 3107 2841 3179 recipienda
2859 3115 3005 3174 sunt,
3031 3124 3158 3180 quas
3183 3123 3312 3164 cum
3331 3108 3420 3163 his
3443 3123 3550 3180 pa-

1945 3197 2078 3252 riter
2121 3206 2246 3251 sunt
2283 3197 2492 3268 prolata
2513 3199 2540 3252 ?
2583 3199 2707 3268 ipse
2745 3196 3026 3267 apostolus
3059 3195 3138 3250 ait
3167 3196 3371 3251 multos
3397 3194 3548 3267 pne-'-

1941 3286 2215 3340 dicatores
2268 3285 2426 3340 aliter
2483 3293 2644 3355 atque
2696 3284 2859 3339 aliter
2903 3283 3176 3338 Christum
3223 3283 3545 3354 praedicare,

1940 3374 2034 3430 ubi
2064 3374 2223 3439 licet,
2271 3389 2598 3444 quocunque
2653 3373 2840 3439 modo,
2882 3373 3156 3428 Christum
3183 3371 3546 3442 praedicatum

1938 3470 2153 3534 oportet
2189 3462 2417 3517 admitti.
2452 3463 2655 3515 Tamen
2681 3476 2794 3516 non
2839 3461 2966 3516 ideo
2993 3460 3148 3515 illum
3172 3475 3405 3527 orem,
3435 3475 3548 3534 quo

1941 3567 2051 3606 non
2101 3557 2251 3606 recte
2309 3550 2665 3620 praedicatum
2719 3557 2824 3615 est,
2881 3563 2993 3605 non
3025 3549 3285 3605 admonet
3313 3548 3543 3606 evitare.

1937 3639 2110 3695 Malos
2139 3638 2419 3710 operarios
2447 3639 2565 3708 ipse
2591 3637 2963 3709 conqueritur,
2995 3652 3229 3710 quorum
3245 3637 3365 3694 alia
3383 3636 3541 3694 refu-

1935 3727 2121 3792 tanda,
2158 3726 2266 3781 alia
2298 3726 2458 3781 docet
2485 3741 2610 3781 esse
2640 3725 2920 3782 sectanda.
2967 3727 3095 3782 Haec
3125 3734 3180 3781 et
3223 3726 3536 3795 bujusmodi

1936 3816 2180 3886 exempla
2237 3830 2338 3870 nos
2388 3815 2636 3880 edocent,
2669 3823 2723 3869 et
2755 3813 3062 3870 testimonia
3103 3813 3288 3870 divina
3329 3813 3537 3872 conﬁr-

1933 3910 2083 3958 mant
2106 3947 2119 3968 ,
2150 3902 2264 3958 non’
2307 3902 2489 3958 omnia
2531 3902 2741 3974 passim
2789 3918 2822 3957 a
2865 3917 3193 3976 quocunque
3239 3902 3380 3960 dicta
3402 3945 3416 3970 ,
3448 3903 3538 3959 vel

1933 3992 2242 4064 ubicunque
2262 3992 2481 4062 scripta,
2514 3990 2890 4048 indifferenter
2925 3991 3195 4063 accipere,
3215 3992 3313 4048 sed
3342 3999 3531 4048 reten-

1929 4080 1998 4135 tis
2026 4081 2182 4135 bonis
2213 4097 2336 4152 quae
2366 4089 2599 4136 noceant
2627 4079 2888 4136 refutare.
2915 4103 2938 4129 ιι
2972 4081 3038 4136 Et
3093 4080 3226 4136 item
3257 4098 3272 4135 :
3309 4101 3333 4132 α
3369 4079 3530 4151 Quod

1931 4166 2164 4224 ﬁrmavit
2183 4170 2240 4223 in
2261 4169 2473 4240 synodo
2517 4169 2678 4224 sedes
2723 4169 3042 4239 apostolica,
3073 4169 3180 4225 hoc
3211 4169 3384 4226 robur
3425 4170 3530 4226 ob-

1931 4257 2122 4322 tinuit;
2156 4257 2300 4328 quod
2330 4256 2602 4322 refutavit,
2637 4257 2840 4313 habere
2867 4271 2974 4311 non
2995 4257 3169 4328 potuit
3197 4255 3525 4326 ﬁrmitatem,

1929 4353 1983 4399 et
2029 4345 2148 4400 sola
2183 4344 2404 4400 rescidit
2442 4345 2588 4415 quod
2625 4352 2824 4414 praeter
2865 4344 3117 4399 ordinem
3161 4346 3522 4418 congregatio

225 4449 492 4511 prompta.
528 4444 637 4495 Aut
685 4441 828 4495 enim
857 4457 922 4495 ex
961 4448 1072 4494 toto
1102 4457 1223 4494 eam
1281 4441 1488 4495 admitti
1532 4449 1819 4512 oportere,
1844 4430 1896 4490 D
1926 4434 2119 4504 synodi
2145 4441 2429 4504 putaverat
2468 4432 2862 4503 usurpandum.
2901 4455 2925 4482 ι
2963 4433 3031 4488 Et
3057 4432 3187 4486 item
3219 4449 3234 4486 :
3271 4451 3294 4484 ι
3326 4431 3519 4497 Nobis,

225 4537 310 4582 aut
338 4530 386 4582 si
408 4545 475 4584 ex
507 4537 667 4600 parte
699 4528 1031 4599 repudianda
1053 4537 1152 4592 est,
1187 4528 1401 4583 ﬁrmam
1431 4545 1494 4583 ex
1528 4537 1638 4584 toto
1686 4547 1822 4585 con-

225 4624 362 4670 stare
393 4633 504 4672 non
549 4632 734 4687 posse.
781 4618 1126 4687 Cognoscant
1155 4617 1340 4689 igitur,
1385 4617 1645 4688 quoniam
1691 4617 1822 4672 illud

222 4708 520 4762 secundum
575 4705 886 4775 Scripturas
945 4714 1162 4761 sanctas
1222 4706 1671 4778 traditionemque
1700 4723 1820 4761 ma-

213 4795 414 4862 jorum,
447 4795 750 4848 secundum
777 4809 1015 4848 canones
1041 4794 1374 4866 regulaeque
1403 4795 1685 4863 Ecclesiae,
1719 4811 1821 4866 pro

222 4881 320 4938 ﬁde
348 4883 632 4940 communi
664 4889 717 4937 et
747 4883 974 4936 veritate
1005 4883 1274 4938 catholica
1294 4891 1347 4937 et
1373 4883 1692 4954 apostolica,
1719 4900 1819 4954 pro

221 4988 322 5042 qua
359 4974 501 5028 hanc
531 4970 649 5026 ﬁeri
679 4972 840 5026 sedes
870 4971 1172 5041 apostolica
1213 4971 1489 5044 delegavit
1521 4971 1820 5044 factamque

217 5057 469 5125 ﬁrma’vit,
503 5075 536 5116 a
566 5067 678 5114 tota
708 5060 953 5116 Ecclesia
1021 5060 1386 5115 indubitanter
1426 5061 1654 5115 admitti.
1702 5061 1817 5116 Alia

219 5157 417 5212 autem,
451 5165 573 5219 qua:
602 5165 705 5219 per
735 5149 1190 5219 incompetentem
1208 5149 1689 5219 przesumptionem
1709 5149 1818 5205 illic

217 5238 429 5306 prolata
465 5245 611 5301 sunt,
661 5236 749 5291 vel
790 5237 970 5307 potius
999 5237 1272 5302 ventilata,
1315 5255 1436 5309 qua:
1484 5238 1644 5292 sedes
1677 5254 1816 5308 apo-

219 5325 407 5382 stolica
433 5325 681 5398 gerenda
710 5325 1018 5380 nullatenus
1049 5325 1340 5396 delegavit,
1377 5343 1498 5396 quae
1526 5342 1649 5381 mox
1683 5343 1712 5380 a
1745 5326 1818 5381 vi-

220 5414 373 5468 cariis
403 5414 552 5470 sedis
583 5413 896 5485 apostolica:
945 5415 1283 5471 contradicts
1329 5413 1676 5469 manifestum
1709 5423 1811 5481 est,

220 5517 331 5571 que
359 5503 521 5558 sedes
552 5501 880 5572 apostolica,
914 5502 1076 5557 etiam
1103 5511 1321 5573 petente
1364 5503 1630 5560 Martiano
1658 5505 1813 5573 prin-

1924 4521 2115 4592 inquit,
2145 4529 2425 4592 opponunt
2453 4536 2712 4589 canones,
2745 4521 2875 4592 quin
2903 4519 3212 4576 Orientales
3259 4521 3523 4592 episcopi,

1924 4611 2052 4664 dum
2080 4610 2330 4665 nesciunt
2368 4609 2498 4681 quid
2545 4610 2838 4682 loquantur
2859 4653 2874 4677 ,
2903 4617 3091 4666 contra
3137 4622 3274 4681 quos
3320 4607 3428 4680 ipsi
3455 4624 3518 4664 se

1923 4698 2112 4754 venire
2140 4699 2395 4769 produnt,
2431 4701 2577 4770 quod
2608 4700 2800 4770 primae
2830 4699 2946 4754 sedi
2964 4713 3100 4753 sana
3121 4705 3378 4770 rectaque
3398 4713 3523 4752 sua-

1922 4788 2070 4843 denti
2113 4803 2306 4857 parere
2353 4787 2647 4858 refugiunt.
2680 4788 2786 4858 Ipsi
2834 4794 2959 4842 sunt
3005 4801 3266 4853 canones,
3297 4786 3390 4858 qui
3417 4801 3520 4858 ap-

1921 4876 2265 4946 pellationem
2310 4876 2476 4932 totius
2518 4875 2784 4931 Ecclesiae
2812 4875 2881 4929 ad
2918 4874 3082 4944 hujus
3108 4874 3258 4930 sedis
3287 4889 3516 4932 examen

1921 4965 2142 5020 voluere
2162 4963 2384 5020 deferri.
2413 4986 2435 5014 ι
2471 4966 2537 5018 Et
2574 4964 2703 5018 item
2737 4963 2882 5017 idem
2915 4981 2930 5017 :
2965 4983 2988 5013 α
3023 4963 3273 5026 Viderint
3302 4979 3439 5039 ergo
3467 4966 3515 5020 si

1919 5063 2056 5118 alios
2088 5063 2286 5118 habent
2305 5078 2562 5126 canones,
2583 5061 2778 5133 quibus
2809 5077 2938 5116 suas
2953 5062 3188 5135 ineptias
3204 5077 3514 5137 exsequano

1919 5157 2025 5206 tur.
2071 5152 2335 5206 Caeterum
2384 5150 2491 5214 isti,
2526 5149 2616 5220 qui
2662 5148 2833 5219 sacri,
2868 5151 2962 5222 qui
3003 5152 3392 5218 ecclesiastici,
3418 5152 3511 5224 qui

1917 5238 2144 5311 legitimi
2186 5239 2544 5302 celebrantur,
2588 5253 2697 5292 non
2736 5237 2914 5293 solum
2939 5240 3126 5296 sedem
3155 5240 3512 5312 apostolicam

1915 5327 1985 5382 ad
2008 5326 2274 5396 judicium
2302 5342 2498 5382 vocare
2519 5341 2626 5381 non
2656 5337 2906 5399 possunt,
2945 5350 2966 5377 ι
3001 5337 3054 5384 et
3082 5329 3308 5402 reliqua.
3341 5330 3510 5386 Item-

1915 5431 2020 5488 que
2051 5415 2196 5470 idem
2231 5433 2244 5468 :
2280 5436 2302 5465 α
2340 5415 2447 5470 Sed
2465 5415 2630 5472 velint
2644 5417 2834 5484 nolint,
2857 5417 3028 5489 ipsius
3049 5417 3276 5488 judicio,
3309 5418 3517 5478 scilicet

1914 5503 2226 5574 apostolicae
2267 5503 2414 5559 sedis
2439 5547 2453 5571 ,
2503 5506 2739 5578 antiquae
2782 5521 3053 5561 canonum
3093 5507 3516 5566 constitutiones
