4020 6182
455 255 560 308 3³78

1455 255 1794 310 HINCMARI
1831 253 2232 309 RHEMENSIS
2272 253 2823 322 ARCHIEPISCOPI.
2890 265 2896 274 ‘

3649 257 3758 310 376

455 377 759 434 limantur.
813 377 922 432 Sed
966 376 1211 450 religiosi
1241 377 1346 434 viri
1376 387 1536 450 atque
1591 379 1816 450 perfecti
1847 395 2046 434 secun-
2077 381 2259 444 Arum
2292 380 2611 434 auctoritate
2641 388 2763 434 sunt
2792 380 3090 444 constituti,
3125 379 3223 434 sed
3253 395 3286 432 a
3314 378 3509 448 primis
3535 386 3761 450 tempo-

443 467 583 523 dum
615 481 851 524 canones
890 481 1204 523 concessam
1239 469 1352 523 sedi
1395 469 1707 538 apostolicae
1735 478 2054 538 potestatem

452 556 712 610 nimirum
761 564 1024 610 conantur
1065 557 1277 627 eripere
1303 599 1317 624 ,
1351 566 1401 611 et
1433 557 1669 612 siblimet
1715 574 1833 612 eam
1866 565 2052 612 contra

453 661 695 701 canones
717 661 980 714 usurpare
1011 647 1361 700 contendunt.
1399 646 1443 700 Ο
1475 663 1741 700 canonum
1763 647 2052 715 magistros

454 741 618 804 atque
649 733 935 791 custodes!
964 755 984 782 ι
1021 735 1086 788 Et
1125 743 1245 804 post
1275 735 1546 805 aliquanta
1579 753 1592 787 :
1630 757 1651 784 «
1687 734 1953 802 Quantum
1983 735 2052 788 ad

456 821 777 892 religionem
820 822 1074 892 pertinet,
1126 839 1236 876 non
1266 823 1368 876 nisi
1420 823 1732 892 apostolica:
1763 823 1878 876 sedi
1904 823 2054 888 juxta

451 923 694 966 canones
715 910 943 964 debetur
973 911 1133 965 totius
1176 927 1386 964 summa
1411 911 1618 978 judicii.
1659 932 1679 960 υ
1715 912 1782 964 Et
1813 911 1936 963 item
1975 927 1987 964 :
2024 933 2045 960 α

448 998 779 1068 Apostolicae
843 999 988 1052 sedis
1045 999 1334 1054 auctoritas
1391 1000 1535 1069 quod
1594 999 1802 1052 cunctis
1837 999 2052 1052 saeculis

451 1086 766 1141 Christianis
801 1087 1064 1142 Ecclesia:
1116 1087 1331 1156 praelata
1383 1087 1450 1140 sit
1479 1087 1766 1152 universm,
1799 1096 1852 1141 et
1883 1103 2048 1141 cano—

449 1191 582 1230 num
630 1175 770 1230 serie
817 1183 1187 1244 paternorum,
1223 1183 1275 1229 ct
1304 1175 1581 1243 multiplici
1630 1175 1918 1228 traditione
1950 1174 2048 1228 fir-

451 1271 647 1317 matur.
687 1284 709 1312 ι
742 1264 811 1316 Et
840 1264 968 1316 item
1001 1281 1015 1316 :
1055 1285 1076 1312 α
1130 1263 1406 1332 Siquidem
1439 1263 1506 1316 ad
1539 1263 1680 1316 illam
1711 1263 1778 1316 de
1811 1263 2048 1333 qualibet

447 1351 633 1406 mundi
665 1359 816 1420 parte
843 1366 1083 1404 canones
1112 1350 1373 1419 appellari
1404 1351 1712 1416 voluerunt,
1743 1351 1810 1404 ab
1842 1352 1933 1404 illa
1950 1367 2047 1404 au-

442 1446 553 1494 tem
584 1455 746 1492 nemo
778 1438 846 1492 sit
877 1438 1149 1508 appellare
1197 1439 1551 1508 permissus.»
1593 1441 1787 1493 Beatus
1830 1455 2044 1510 quoque

436 1525 752 1597 Gregorius
799 1527 990 1579 eadem
1035 1543 1226 1596 passus
1275 1543 1308 1581 a
1349 1527 1578 1590 Joanne,
1611 1537 1662 1580 et
1707 1535 1828 1596 post
1860 1543 1982 1580 eum
2013 1543 2045 1580 a

445 1613 694 1684 Cyriaco,
731 1613 1338 1684 ConstantinOpolitanis
1384 1616 1675 1685 episcopis,
1697 1633 1830 1685 .qum
1860 1625 1910 1669 et
1937 1617 2044 1668 Leo

441 1701 511 1755 ab
543 1702 792 1756 Anatolio
823 1704 892 1756 de
950 1702 1187 1772 praefatis
1237 1704 1848 1773 Constantinopolitanis
1877 1719 2044 1757 cano-
2065 1731 2116 1790 Β

441 1789 624 1856 nibus,
658 1792 775 1860 pari
806 1790 970 1845 modo
1010 1791 1259 1846 scribens
1288 1791 1358 1845 ad
1404 1791 1693 1862 Eulogium
1727 1792 2046 1844 Alexandri-

444 1893 571 1932 num
591 1877 907 1949 episcopum
933 1921 946 1944 ,
968 1886 1020 1933 et
1051 1879 1120 1933 ad
1155 1879 1500 1933 Anastasium
1522 1881 1919 1934 Antiochenum
1942 1879 2051 1949 epi-

443 1980 692 2036 scopum,
727 1965 782 2020 in
813 1967 927 2020 suis
944 1967 1189 2037 epistolis
1216 1967 1359 2020 inter
1379 1976 1572 2022 caetera
1601 1967 1728 2020 dicit
1753 1968 1856 2021 hoc
1886 1969 2048 2022 modo

441 2054 560 2126 (lib.
596 2070 672 2120 v1,
698 2056 862 2127 epist.
897 2057 986 2125 31)
1013 2073 1026 2108 :
1057 2079 1077 2104 α
1115 2056 1363 2110 Canones
1409 2055 1628 2126 quidem
1661 2057 2047 2110 Constantino-

437 2141 662 2213 politani
691 2143 905 2199 concilii
935 2144 1286 2198 Eudoxianos
1335 2144 1614 2208 damnant,
1649 2145 1746 2197 sed
1778 2145 1898 2213 quis
1930 2143 2047 2198 fue-

440 2231 512 2286 rit
539 2247 728 2286 eorum
771 2240 962 2286 auctor
1000 2232 1652 2302 Eudoxius,nequaquam
1692 2233 1896 2286 dicunt.
1930 2233 2045 2288 R0-

437 2335 599 2374 mana
612 2329 794 2374 autem
807 2319 1052 2374 Ecclesia
1070 2321 1294 2374 eosdem
1312 2320 1666 2384 canones,vel
1682 2329 1836 2391 gesta
1851 2321 2046 2389 synodi

440 2407 607 2471 illius,
627 2409 888 2462 hactenus
926 2422 1035 2461 non
1065 2407 1250 2473 habet,
1288 2424 1389 2462 nec
1408 2407 1606 2477 accipit
1627 2425 1640 2461 :
1660 2407 1714 2460 in
1751 2409 1851 2462 hoc
1869 2418 2046 2462 autem

438 2495 688 2550 eamdem
711 2496 980 2565 synodum
994 2495 1253 2566 suscepit,
1277 2497 1419 2560 quod
1458 2505 1539 2550 est
1571 2513 1671 2566 per
1705 2511 1825 2548 eam
1855 2505 2046 2551 contra

438 2583 812 2640 Macedoniam
853 2583 1156 2638 difﬁnitum.
1194 2584 1451 2656 Reliquas
1479 2601 1608 2639 vero
1639 2585 1899 2652 haereses,
1925 2602 2046 2654 quae

438 2672 551 2728 illic
581 2681 896 2728 memoratae
923 2681 1070 2740 sunt,
1103 2673 1170 2726 ab
1199 2673 1319 2726 aliis
1347 2674 1460 2742 jam
1490 2673 1733 2742 patribus
1763 2673 2044 2727 damnatas

439 2762 718 2832 reprobat.
754 2761 833 2816 De
882 2761 1211 2816 Eudoxianis
1242 2777 1373 2816 vero
1403 2762 1534 2815 nihil
1578 2763 1842 2816 hactenus
1874 2777 2047 2833 agno-

439 2850 533 2905 vit.
566 2873 594 2898 n
629 2851 697 2904 Et
723 2865 848 2904 cum
879 2851 1021 2904 idem
1068 2851 1256 2903 beatus
1315 2850 1618 2920 Gregorius
1673 2867 1817 2920 saape
1849 2851 1901 2903 in
1933 2851 2044 2904 suis

441 2937 686 3007 epistolis
717 2937 859 2992 dicat
889 2937 959 2990 ita
991 2953 1050 2992 se
1098 2945 1331 3007 quatuor
1362 2939 1600 3006 synodos
1631 2939 1874 3007 recipere
1908 2939 2044 2992 sicut

439 3034 672 3096 quatuor
689 3025 1006 3096 Evangelia,
1039 3034 1225 3094 aperte
1271 3025 1607 3079 demonstrat
1635 3027 1827 3079 eodem
1857 3027 2038 3088 modo,

439 3113 580 3168 sicut
609 3113 888 3183 praemisit,
913 3113 1180 3182 synodum
1215 3114 1865 3182 ConstantinOpolitanam
1893 3115 2038 3169 reci-

439 3216 594 3272 pere,
627 3201 858 3262 scilicet,
883 3208 938 3256 ut
971 3202 1116 3271 quod
1146 3201 1215 3255 de
1246 3200 1352 3255 ﬁde
1402 3210 1592 3256 contra
1641 3202 1928 3256 haereticos
1987 3203 2040 3255 in

435 3305 500 3348 ea
539 3297 622 3344 est
667 3287 950 3344 diﬂinitum
1000 3289 1301 3358 apostolica
1331 3291 1492 3343 sedes
1523 3289 1766 3358 recipiat,
1801 3305 2039 3344 canones

434 3385 616 3434 autem
635 3378 720 3433 vel
737 3385 890 3448 gesta
907 3377 1102 3448 synodi
1125 3377 1266 3431 illius
1300 3385 1485 3432 contra
1505 3378 1756 3432 Niczenos
1778 3393 2034 3442 canones,

433 3473 493 3522 ut
539 3481 705 3538 supra
752 3474 1029 3521 ostensum
1077 3475 1178 3533 est,
1213 3482 1554 3537 nequaquam
1613 3466 1847 3535 recipiat.
1900 3465 2040 3534 Quia

432 3570 566 3614 vero
597 3555 756 3611 sedes
787 3555 1087 3626 apostolica
1117 3570 1356 3609 canones
1408 3555 1869 3609 Chalcedonensis
1901 3571 2036 3609 con—

435 3643 774 3714 cilii,praeter
801 3644 932 3698 illud
963 3660 1130 3697 unum
1163 3643 1453 3712 capitulum
1487 3643 1540 3696 in
1569 3659 1688 3696 xvn
1721 3643 2038 3712 recapitula-

433 3742 566 3798 tum,
601 3733 746 3804 quod
776 3741 963 3787 contra
992 3733 1244 3788 Nictenos
1284 3748 1523 3785 canones
1555 3741 1636 3786 est
1664 3733 2032 3800 constitutum,

431 3821 680 3890 recipiat,
711 3821 858 3875 idem
883 3821 1076 3874 beatus
1125 3820 1428 3890 Gregorius
1461 3821 1516 3872 in
1547 3820 1777 3888 epistola
1810 3820 1879 3872 ad
1929 3822 2034 3874 Se-

432 3908 749 3972 cundinum,
781 3915 833 3962 et
863 3908 917 3960 in
945 3907 1164 3962 homilia
1209 3907 1497 3976 Evangelii
1545 3907 1757 3961 decima
1807 3909 2036 3977 septima

433 3995 716 4050 evidenter
771 3996 1056 4050 ostendit:
1093 4019 1114 4040 ι
1175 3995 1408 4062 Quinam
1467 4004 1610 4060 sunt,
1667 3996 2036 4066 inquiens,in

433 4083 638 4152 templo
669 4083 766 4138 Dei
795 4083 956 4136 hodie
987 4083 1077 4154 qui
1104 4083 1382 4136 columbas
1420 4084 1692 4151 vendunt,
1727 4084 1829 4137 nisi
1861 4085 1950 4153 qui
1981 4085 2052 4138 in“

431 4171 685 4226 Ecclesia
715 4171 948 4242 pretium
993 4171 1060 4225 de
1108 4171 1454 4241 impositione
1502 4189 1697 4226 manus
1746 4173 2032 4242 accipiunt,

429 4275 719 4330 perquam
777 4259 1027 4315 videlicet
1068 4261 1466 4331 impositionem
1528 4261 1756 4330 Spiritus
1815 4271 2034 4316 sanctus

432 4347 644 4404 caelitus
675 4349 838 4404 datur
857 4349 884 4402 ?
914 4349 1177 4404 Columba
1207 4349 1371 4422 igitur
1393 4350 1660 4416 venditur,
1688 4349 1812 4420 quia
1839 4367 2035 4404 manus

2155 467 2306 521 ribus
2337 469 2626 522 traditione
2658 468 2857 522 viritim
2885 466 3305 538 apostolicorum
3349 467 3592 521 virorum
3635 466 3764 533 fue-

2153 565 2279 609 runt
2307 557 2577 609 mentibus
2608 555 2992 619 commendati,
3027 565 3076 610 et
3105 555 3302 626 partim
3331 555 3532 620 verbis,
3558 556 3765 625 partim

2154 659 2339 708 sensu,
2369 660 2432 698 ac
2465 645 2688 714 sparsim
2722 645 2954 698 diversis
2998 645 3354 714 quorumdam
3385 643 3629 713 epistolis
3659 659 3763 714 pro

2159 732 2414 802 qualitate
2464 749 2752 786 causarum
2785 741 2836 787 et
2857 747 3218 802 personarum
3248 747 3313 786 ac
3341 741 3648 800 temporum
3677 732 3764 784 in-

2152 819 2266 886 diti,
2303 830 2462 890 atque
2498 821 2711 888 eximie,
2746 830 3029 891 antequam
3061 821 3304 890 episcopi
3323 819 3558 875 concilia
3585 819 3762 873 libere

2151 907 2451 978 inciperent
2475 910 2774 975 celebrare,
2810 925 2840 963 a
2871 909 3081 963 devotis
3103 909 3408 980 quibusque
3425 907 3663 963 collecti.
3702 909 3762 962 In

2151 997 2348 1066 quibus
2378 999 2624 1067 qttzrdam
2656 997 3006 1066 receptibilia,
3055 998 3302 1068 quaedam
3331 1011 3464 1051 vero
3493 1005 3618 1050 sunt
3647 1012 3761 1050 non

2153 1085 2441 1139 servanda.
2493 1087 2570 1139 De
2626 1087 2822 1156 quibus
2867 1085 3138 1140 interdum
3187 1085 3436 1162 quaedam
3474 1093 3760 1155 assumpta
3851 1118 3868 1134 .

2151 1181 2274 1226 sunt
2296 1173 2346 1226 in
2380 1174 2642 1238 conciliis,
2678 1175 2927 1244 quaedam
2957 1173 3120 1228 etiam
3148 1190 3178 1226 a
3207 1173 3458 1227 maximis
3490 1182 3543 1228 et
3563 1173 3762 1244 praeci-

2147 1277 2270 1330 puae
2313 1263 2644 1316 auctoritatis
2692 1263 2823 1316 viris
2853 1263 2905 1316 in
2959 1263 3070 1316 suis
3107 1262 3400 1332 opusculis,
3435 1261 3572 1317 sicut
3604 1270 3660 1317 et
3691 1262 3762 1317 de

2149 1349 2514 1420 apocryphis,
2551 1359 2832 1419 assumpta
2883 1349 3050 1403 fuisse
3098 1349 3366 1421 legimus,
3409 1349 3674 1420 quoniam
3705 1351 3760 1403 in

2148 1438 2473 1507 quihusdam
2522 1439 2590 1492 ad
2641 1438 3051 1492 instructionem
3093 1438 3291 1493 valent.
3325 1439 3392 1492 Et
3425 1438 3571 1500 ideo,
3621 1439 3763 1492 sicut

2145 1527 2404 1593 majorum
2452 1527 2735 1580 traditione
2779 1526 3098 1590 didicimus,
3131 1541 3376 1581 seorsum
3406 1536 3534 1580 ante
3565 1526 3759 1581 conci-

2147 1613 2217 1668 lia
2265 1614 2316 1667 in
2367 1631 2630 1668 canonum
2676 1615 2830 1668 libris
2873 1615 2940 1668 ad
2970 1615 3375 1669 instructionem
3425 1623 3480 1669 ct
3530 1624 3764 1684 prOpter

2146 1703 2422 1774 vulgatam
2447 1720 2636 1757 eorum
2671 1702 2867 1756 famam
2901 1711 3174 1773 ponuntur
3208 1721 3221 1756 :
3255 1703 3310 1756 in
3339 1703 3651 1774 quibusque
3672 1718 3763 1758 co-

2149 1790 2361 1845 dicibus
2410 1807 2629 1844 sacrum
2674 1792 2956 1846 Nicaenum
3003 1799 3056 1845 et
3100 1791 3409 1846 universale
3456 1791 3756 1846 concilium

2147 1879 2518 1951 regionalibus
2549 1879 2793 1934 conciliis
2819 1923 2831 1944 ,
2863 1895 2984 1950 qua:
3013 1888 3137 1933 ante
3185 1879 3316 1934 illud
3362 1889 3483 1934 acta
3513 1878 3754 1944 fuerunt,

2147 1976 2365 2036 prepter
2408 1969 2784 2022 auctoritatem
2817 1985 2929 2023 sua:
2971 1967 3362 2039 magnitudinis
3393 1968 3755 2038 praeponitur.

2148 2056 2414 2109 Caeterum
2449 2056 2612 2110 iidem
2648 2071 2888 2110 canones
2918 2055 3011 2126 qui
3056 2064 3318 2111 vocantur
3355 2056 3754 2131 apostolorum,

2145 2159 2255 2197 non
2297 2143 2366 2197 ab
2409 2143 2670 2214 apostolis
2724 2144 3018 2214 conscripti
3067 2159 3190 2198 esse
3232 2144 3549 2198 creduntur.
3594 2143 3758 2212 Quo-

2146 2230 2312 2298 niam,
2337 2232 2476 2286 sicut
2505 2233 2556 2284 in
2599 2247 2758 2288 sacra
2804 2232 3030 2286 historia
3078 2231 3332 2302 legimus,
3365 2241 3420 2287 et
3447 2231 3576 2286 inde
3606 2233 3758 2288 scri-

2145 2327 2295 2389 ptum
2325 2321 2394 2374 ab
2425 2321 2688 2375 Ecclesiae
2719 2321 2992 2393 magistris
3023 2321 3352 2390 accepimus,
3370 2321 3545 2390 prima
3576 2337 3758 2391 syno-

2145 2408 2248 2461 dus
2279 2409 2652 2478 apostolorum
2708 2409 2888 2463 habita
2937 2417 3018 2463 est
3049 2409 3462 2480 Hierosolymis,
3499 2409 3566 2463 de
3596 2409 3757 2464 elec-

2145 2496 2290 2550 tione
2320 2497 2625 2550 duodecimi
2644 2497 2872 2566 apostoli
2903 2511 3001 2566 pro
3016 2496 3192 2557 Juda;
3225 2497 3486 2560 secunda,
3506 2497 3577 2552 de
3607 2496 3759 2553 elec-

2147 2584 2290 2638 tione
2321 2593 2528 2654 septem
2567 2586 2960 2646 diaconorum;
2993 2585 3174 2651 tertia,
3205 2585 3275 2639 de
3305 2585 3755 2646 circumcisione.

2144 2689 2213 2726 ne
2231 2673 2579 2726 credentibus
2601 2689 2666 2726 ex
2683 2673 2934 2745 gentibus
2955 2673 3326 2743 imponeretur
3347 2691 3361 2736 ;
3395 2682 3587 2745 quarta
3607 2673 3760 2729 facta

2145 2769 2226 2814 est
2254 2761 2321 2814 de
2351 2761 2699 2815 credentibus
2729 2778 2795 2814 ex
2824 2761 3026 2816 Iudaeis
3056 2761 3148 2816 illo
3179 2769 3439 2832 tempore,
3470 2777 3538 2817 ne
3553 2763 3756 2832 prohi-

2144 2848 2422 2914 berentur,
2474 2849 2563 2902 ubi
2596 2849 2898 2904 necessitas
2955 2849 3230 2920 exigeret,
3263 2851 3423 2904 etiam
3479 2849 3762 2922 legalibus

2144 2937 2484 2991 caeremoniis
2516 2937 2735 3001 initiari,
2786 2937 2858 2991 ob
2894 2937 3244 2992 devitandum
3277 2938 3528 2993 videlicet
3556 2955 3758 2993 eorum

2145 3025 2476 3089 scandalum,
2536 3025 2628 3095 qui
2685 3026 2944 3095 putabant
3001 3042 3096 3080 eos
3138 3026 3209 3080 ita
3264 3027 3497 3080 Zilosaica
3525 3027 3762 3082 decreta

2139 3121 2398 3182 tanquam
2427 3113 2746 3167 idololatriae
2783 3114 3038 3185 dogmata
3070 3114 3376 3178 damnasse,
3409 3115 3552 3185 quod
3583 3115 3758 3169 etiam

2141 3209 2265 3254 ante
2296 3199 2478 3254 facere
2522 3217 2818 3255 consuesse
2867 3203 3131 3256 Timothei
3174 3203 3406 3257 maxime
3453 3203 3761 3258 circumci-

2140 3289 2292 3343 sione
2322 3289 2610 3358 probatum
2641 3299 2740 3344 est.
2772 3289 3026 3358 Quintam
3069 3307 3200 3346 vero
3229 3291 3496 3362 synodum
3526 3301 3758 3362 aposto-

2137 3377 2311 3432 lorum
2343 3378 2530 3430 Patres
2561 3378 2732 3432 nostri
2750 3377 2916 3432 fuisse
2949 3379 3184 3441 tradunt,
3209 3379 3427 3451 quando
3445 3381 3758 3436 secundum

2137 3466 2281 3538 quod
2313 3467 2626 3536 przedictum
2653 3475 2735 3520 est
2757 3476 2970 3538 tempus
2992 3468 3394 3538 adimpletionis
3410 3468 3655 3533 advenit,
3693 3477 3759 3524 ut

2136 3555 2193 3609 in
2229 3571 2446 3609 omnem
2495 3563 2697 3610 terram
2737 3555 2908 3610 exiret
2958 3572 3124 3611 sonus
3168 3573 3360 3612 eorum
3386 3601 3398 3618 ,
3429 3565 3481 3611 et
3517 3557 3572 3611 in
3603 3555 3756 3614 ﬁnes

2137 3643 2286 3698 orbis
2315 3653 2474 3698 terra:
2503 3645 2672 3698 verba
2703 3659 2908 3708 eorum,
2943 3653 2995 3698 et
3043 3646 3342 3700 secundum
3372 3645 3593 3700 Domini
3623 3646 3756 3702 dic-

2136 3739 2269 3800 tum,
2305 3733 2664 3804 Evangelium
2720 3734 3112 3803 praedicaretur
3139 3733 3195 3788 in
3233 3742 3345 3790 toto
3402 3735 3610 3788 mundo
3647 3751 3758 3805 per

2137 3821 2431 3890 apostolos,
2485 3821 2680 3892 quibus
2723 3822 2855 3876 dixit
2888 3840 2900 3874 :
2933 3823 3032 3886 Ite,
3077 3823 3263 3878 docete
3303 3839 3496 3877 omnes
3549 3827 3755 3893 gentes

2136 3909 2354 3978 (Matth.
2382 3917 2548 3978 xx").
2587 3912 2652 3964 Et
2682 3918 2808 3964 tunc
2857 3911 3194 3980 Symbolum,
3242 3909 3379 3964 sicut
3418 3911 3758 3966 universalis

2132 4003 2277 4050 tenet
2299 3998 2562 4062 Ecclesia,
2587 3999 2962 4064 condiderunt,
2997 3999 3197 4071 singuli
3229 3997 3471 4070 singulas
3515 4007 3752 4053 senten-

2136 4085 2236 4139 tias
2291 4085 2648 4155 proferentes,
2711 4087 2849 4142 sicut
2905 4096 2956 4141 et
2987 4088 3095 4142 Leo
3153 4088 3222 4141 ad
3255 4087 3592 4142 Pulcheriam
3627 4091 3752 4142 Au-

2137 4183 2348 4245 gustam
2380 4176 2716 4229 demonstrat
2743 4177 2930 4247 (epist.
2985 4179 3070 4236 l5,
3105 4176 3155 4228 in
3194 4174 3322 4244 line)
3357 4193 3368 4228 :
3413 4197 3435 4224 α
3462 4175 3752 4246 Siquidem

2138 4259 2270 4333 ipsa,
2304 4263 2495 4334 inquit,
2555 4264 2810 4318 catholici
2867 4264 3106 4334 Symboli
3161 4263 3340 4317 brevis
3396 4271 3446 4318 et
3501 4263 3753 4332 perfecta

2135 4357 2425 4426 confessio,
2459 4377 2578 4430 quae
2595 4360 2882 4415 duodecim
2913 4360 3280 4430 apostolorum
3303 4360 3528 4414 totidem
3551 4369 3634 4414 est
3667 4361 3752 4414 si-

431 4437 706 4508 impositio
729 4479 744 4503 ,
772 4453 874 4508 per
917 4454 1081 4509 quam
1129 4439 1358 4508 Spiritus
1407 4447 1624 4492 sanctus
1656 4439 1936 4508 accipitur,
1971 4440 2038 4494 ad
2060 4439 2112 4498 D
2142 4456 2304 4520 gnata
2337 4448 2634 4512 sententiis,
2662 4456 2769 4502 tam
2801 4447 3060 4503 instructa
3093 4447 3159 4501 sit
3189 4448 3486 4502 munitione
3505 4449 3744 4514 caelesti,

429 4527 666 4596 pretium
694 4527 994 4596 prtebetur.‘
1035 4527 1141 4581 Sed
1175 4528 1507 4598 Redemptor
1544 4538 1728 4582 noster
1755 4529 2042 4582 cathedras

434 4615 788 4670 vendentium
819 4615 1104 4670 columbas
1136 4616 1346 4678 evertit,
1383 4617 1510 4686 quia
1543 4617 1724 4670 talium
1747 4617 2042 4688 negotiato-

425 4719 550 4758 rum
587 4704 951 4760 sacerdotium
983 4705 1232 4758 destruit.
1279 4705 1413 4758 Ilinc
1465 4714 1547 4758 est
1598 4707 1740 4776 quod
1771 4707 1910 4760 sacri
1941 4721 2037 4761 ca-

430 4807 603 4846 nones
633 4793 1001 4849 Simoniacam
1034 4793 1284 4848 haeresim
1335 4794 1608 4858 damnant,
1639 4803 1688 4847 et
1721 4810 1813 4848 eos
1845 4812 2036 4848 sacer-

427 4879 576 4933 dotio
605 4881 811 4948 privari
840 4883 1174 4953 praecipiunt,
1208 4882 1297 4952 qui
1331 4883 1398 4936 de
1429 4882 1730 4954 largiendis
1753 4884 2034 4937 ordinibus

426 4967 662 5038 pretium
693 4978 954 5038 quaerunt.
989 4972 1259 5025 Cathedra
1290 4987 1425 5042 ergo
1457 4971 1802 5025 vendentium
1829 4973 2033 5024 colum-

425 5056 524 5113 bas
557 5056 834 5123 evertitur,
867 5059 1086 5128 quando
1121 5059 1174 5113 hi
1207 5059 1297 5130 qui
1330 5059 1628 5129 spiritalem
1677 5053 1906 5131 gratiam
1941 5077 2033 5112 ve.-

424 5145 692 5213 nundant,
730 5144 816 5198 vel
847 5154 972 5198 ante
1003 5147 1272 5202 humanos
1309 5149 1396 5203 vel
1427 5157 1552 5202 ante
1584 5148 1682 5202 Dei
1714 5149 1900 5201 oculos
1939 5164 2028 5200 sa-

425 5233 668 5288 cerdotio
697 5233 998 5304 privantur.
1037 5255 1059 5281 »
1091 5236 1248 5289 Nulla
1272 5238 1470 5307 quippe
1490 5237 1728 5307 synodus
1750 5254 1813 5290 ex
1845 5238 1946 5290 hac
1969 5253 2026 5289 re

425 5321 667 5376 decrevit
690 5323 953 5390 judicium
987 5322 1090 5376 nisi
1114 5324 1578 5391 Chalcedonense,
1613 5326 1921 5386 concilium.
1955 5325 2025 5378 li-

426 5416 512 5462 cet
541 5409 666 5463 inde
694 5411 960 5466 habeatur
991 5413 1270 5468 decretum
1295 5422 1347 5466 et
1373 5414 1429 5467 in
1459 5415 1762 5468 canonibus
1802 5414 1892 5484 qui
1923 5429 2022 5467 vo—

425 5511 620 5558 cantur
649 5509 1038 5574 apostolorum,
1061 5511 1190 5580 quia
1219 5526 1326 5564 non
1344 5510 1734 5581 episcopalium
1765 5510 2022 5566 concilio-

2145 4545 2201 4590 ut
2233 4552 2424 4591 omnes
2455 4537 2832 4591 haereticorum
2857 4536 3141 4606 opiniones
3180 4536 3296 4589 solo
3319 4535 3491 4604 ipsius
3528 4537 3748 4605 possint

2143 4625 2327 4696 gladio
2378 4624 2710 4679 detruncari.
2746 4625 2909 4692 Cujus
2964 4624 3204 4694 Symboli
3259 4623 3658 4693 plenitudinem
3699 4625 3746 4678 si

2139 4715 2414 4784 Eutyches
2446 4729 2580 4783 puro
2611 4721 2661 4766 et
2693 4712 2922 4782 simplici
2952 4713 3208 4765 voluisset
3235 4711 3396 4765 corde
3427 4713 3744 4782 concipere.

2137 4803 2191 4855 in
2229 4804 2376 4854 nullo
2397 4817 2426 4855 τι
2445 4801 2680 4855 decretis
2704 4800 3052 4854 sacratissimi
3074 4801 3278 4854 Nictrni
3314 4799 3530 4853 concilii
3559 4799 3747 4854 devia-

2137 4899 2238 4954 ret,
2275 4899 2326 4943 et
2375 4892 2478 4944 hoc
2517 4906 2544 4941 a
2576 4889 2778 4943 sanctis
2813 4887 3061 4942 Patribus
3109 4887 3440 4959 intelligeret
3468 4888 3743 4942 constitu-

2137 4987 2267 5050 tum,
2304 4987 2358 5030 ut
2391 4985 2579 5030 contra
2610 4976 2962 5048 apostolicam
2997 4975 3179 5039 fidem,
3213 4991 3334 5045 quae
3363 4991 3472 5029 non
3504 4975 3611 5028 nisi
3633 4991 3742 5029 una

2133 5077 2234 5131 est,
2269 5067 2470 5119 nullum
2504 5084 2562 5120 se
2595 5065 3120 5136 ingenium,nullum
3140 5064 3380 5118 elevaret
3401 5064 3736 5134 eloquiama

2133 5155 2375 5225 Denique
2406 5163 2527 5224 post
2558 5155 2671 5208 haec
2690 5153 2832 5207 nulla
2862 5153 3104 5223 synodus
3133 5152 3201 5206 ab
3232 5151 3494 5220 apostolis
3541 5153 3742 5222 legitur

2130 5244 2418 5308 celebrata,
2443 5244 2534 5313 qui
2565 5243 2778 5296 fuerunt
2807 5257 2906 5311 per
2930 5256 3148 5296 omnem
3184 5248 3374 5294 terram
3405 5240 3474 5293 ad
3508 5240 3738 5294 verbum

2128 5332 2251 5386 iidei
2283 5331 2660 5385 seminandum
2690 5329 3096 5402 progrediendo
3127 5328 3382 5398 dispersi.
3405 5329 3516 5383 Sed
3547 5338 3602 5383 et
3619 5329 3740 5383 bea-

2126 5429 2212 5474 tus
2242 5420 2493 5474 Gelasius
2521 5421 2577 5472 in
2605 5419 2852 5490 catalogo
2884 5418 2976 5490 qui
2997 5418 3122 5471 libri
3153 5417 3220 5471 ab
3253 5416 3505 5472 Ecclesia
3543 5417 3738 5472 catho-

2125 5507 2229 5563 lica
2263 5508 2595 5578 recipiantur
2635 5506 2930 5576 descripto,
2979 5504 3304 5560 authenticis
3339 5504 3642 5574 scripturis,
3680 5511 3733 5557 et
