4020 6182
234 251 336 303 3¹Π

947 247 1186 303 OPUSC.
1245 246 1336 301 ET
1393 247 1608 302 EPIST.
1671 247 1740 300 IN
1797 245 2024 301 CAUSA
2079 245 2421 301 HINCMARI
2481 247 2788 304 LAUDUN.

3425 253 3530 304 378

238 369 498 438 Nicena,
530 370 1161 444 Constantinopolitanae,
1201 386 1268 427 ac
1321 371 1634 442 Ephesiae,
1683 369 1842 426 Chal-
1863 372 1919 432 A
1949 377 2053 434 tur,
2085 377 2176 424 aut
2203 370 2454 426 convicto
2483 379 2646 442 caput
2692 380 3014 442 amputetur.
3063 373 3237 428 Judex
3277 372 3544 430 crimino-

240 459 570 516 cedonensis
599 475 816 532 quoque
846 459 1058 532 synodi,
1095 469 1147 516 et
1167 460 1288 515 aliis
1313 460 1558 516 conciliis
1586 475 1616 514 a
1638 459 1842 515 sanctis

242 548 498 604 Patribus
555 549 834 617 institutis,
866 557 919 603 et
941 549 1365 604 orthodoxorum
1395 548 1690 618 opusculis,
1753 555 1840 602 at-

239 654 345 710 que
376 637 750 692 decretalibus
777 637 1020 707 epistolis
1051 637 1363 708 apostolicae
1407 637 1554 691 sedis
1620 636 1842 706 pontifi-

237 742 382 790 cum,
417 725 650 796 aliisque
679 725 963 795 scripturis
999 726 1235 781 discrete
1281 725 1741 791 commemoratis,
1773 723 1842 778 de

236 815 321 870 his
349 814 724 885 apostolorum
743 814 1046 869 canonibus
1066 814 1282 884 penitus
1302 814 1486 880 tacuit,
1511 813 1608 867 sed
1629 828 1732 868 nec
1761 813 1843 866 in-

238 911 320 958 ter
345 903 664 974 apocrypha
693 917 790 958 eos
809 902 973 956 misit.
1007 901 1352 974 Quapropter
1377 902 1432 956 in
1462 903 1694 957 lectione
1725 901 1843 955 illo-

236 1007 358 1047 rum
385 990 674 1062 sequenda
703 997 787 1045 est
811 990 1026 1046 cautela
1055 991 1124 1045 ab
1144 992 1338 1046 eodem
1382 999 1567 1045 sancto
1626 989 1844 1044 Gelasio

235 1079 563 1151 premonita
594 1096 613 1134 ε.
644 1099 667 1129 ι
703 1079 838 1134 Cum
882 1080 1019 1146 haec,
1081 1079 1269 1150 inquit,
1328 1080 1396 1134 ad
1453 1078 1844 1134 catholicorum

235 1183 426 1222 manus
483 1167 821 1235 advenerim,
879 1167 1026 1222 beati
1079 1168 1230 1222 Pauli
1286 1167 1521 1238 apostoli
1571 1167 1846 1237 prmeedat

235 1255 526 1324 sententia,
560 1271 669 1326 qua
698 1255 828 1310 dicit
862 1273 876 1309 :
912 1255 1116 1311 Omnia
1152 1257 1404 1328 probate,
1460 1255 1604 1327 quod
1641 1256 1846 1310 bonum

237 1348 320 1400 est
343 1347 536 1399 tenete
574 1345 625 1412 (1
647 1343 830 1400 Thess.
862 1346 939 1413 v).
977 1365 1000 1394 ι
1035 1343 1185 1399 Sicut
1212 1351 1266 1399 et
1308 1344 1364 1398 in
1411 1343 1518 1398 illis
1573 1341 1842 1413 capitulis,

237 1447 355 1503 quae
385 1431 647 1486 dicuntur
675 1446 740 1486 ex
769 1431 984 1504 legibus
1022 1432 1285 1487 Romanis
1315 1432 1504 1486 Latina
1549 1439 1602 1486 et
1653 1430 1847 1485 Grmca

234 1519 426 1592 lingua
456 1519 806 1590 conscriptis,
851 1529 904 1574 et
951 1536 1018 1575 ex
1054 1519 1291 1590 praefatis
1335 1520 1579 1592 epistolis
1628 1519 1846 1574 diverse

238 1608 490 1670 collecta,
536 1615 591 1662 et
621 1615 905 1680 satagente
959 1607 1092 1663 Osio
1127 1609 1198 1663 ad
1245 1609 1511 1678 synodum
1567 1608 1848 1663 Nicaauam

239 1695 437 1760 delata,
471 1695 574 1750 sed
603 1695 822 1750 nonnisi
851 1712 914 1750 ea
943 1712 1066 1766 quae
1121 1696 1324 1752 ibidem
1370 1697 1657 1752 constituta
1697 1704 1847 1752 tene-
1871 1723 1924 1782 Β

236 1799 374 1850 mus,
403 1783 474 1837 ad
506 1783 836 1838 servandum
867 1783 1036 1838 fuisse
1065 1784 1307 1840 decreta.
1357 1785 1510 1841 Unde
1549 1785 1842 1839 identidem

237 1871 409 1927 isdem
445 1870 615 1926 Osius
645 1872 892 1943 quaedam
917 1873 972 1926 in
1000 1873 1210 1943 synodo
1239 1873 1552 1928 Sardicensi
1573 1873 1840 1933 recitavit,

239 1976 354 2032 qua
375 1975 510 2016 cum
543 1959 740 2031 legatis
767 1960 1081 2031 apostolicae
1112 1961 1262 2016 sedis
1293 1961 1364 2016 ab
1387 1961 1577 2016 eadem
1637 1961 1846 2031 synodo

239 2048 596 2104 corroborata
633 2047 886 2105 Ecclesia
925 2047 1193 2104 catholica
1241 2047 1448 2118 recipit.
1511 2049 1569 2102 In
1609 2065 1714 2119 qua
1749 2065 1845 2119 sy-

237 2136 396 2202 nodo,
432 2135 522 2191 cui
553 2135 930 2206 praesederunt
958 2136 1124 2208 legati
1153 2136 1469 2207 apostolicae
1499 2136 1664 2204 sedis,
1699 2137 1844 2191 idem

241 2223 402 2280 Osius
434 2223 812 2279 Cordubensis
836 2224 1147 2295 episcopus,
1181 2233 1236 2278 et
1264 2224 1576 2280 Vincentius
1623 2225 1844 2295 Capua-

239 2329 358 2379 nus,
391 2321 558 2383 atque
591 2311 916 2382 Calepodius
935 2313 1346 2383 Neapolitanus,
1380 2311 1592 2367 fuerunt
1634 2313 1703 2367 de
1751 2313 1846 2368 he-

241 2401 436 2472 speriis
465 2401 714 2471 partibus
737 2401 982 2472 episcopi
1003 2401 1160 2472 quasi
1200 2401 1450 2467 trecenti,
1491 2417 1556 2456 ex
1611 2401 1844 2456 orienta-

238 2490 378 2545 libus
404 2505 504 2545 sex
544 2497 600 2544 et
629 2489 932 2560 sexaginta,
980 2489 1082 2544 sub
1127 2489 1443 2545 Constantio
1490 2490 1841 2561 imperatore,

238 2577 372 2634 Rufo
404 2587 461 2632 et
487 2577 730 2632 Eusebio
757 2577 1072 2632 consulibus
1103 2595 1116 2633 :
1145 2586 1198 2632 et
1227 2578 1579 2633 orientalibus
1630 2578 1844 2632 Arianis

237 2681 268 2722 ι
290 2665 509 2736 synodo
542 2665 672 2738 fuga
701 2665 1098 2733 recedentibus,
1153 2666 1392 2737 hesperii
1451 2665 1700 2722 catholici
1755 2682 1843 2720 re-

236 2763 518 2810 manentes
550 2771 673 2825 quae
702 2762 829 2808 tunc
858 2755 1076 2823 agenda
1103 2753 1320 2809 fuerant
1348 2755 1574 2826 exsequi
1616 2755 1843 2808 studue-

238 2851 374 2897 runt.
407 2841 724 2897 Recordare
747 2841 967 2912 quando
1017 2843 1135 2898 hac
1162 2851 1215 2896 et
1248 2842 1404 2913 plura
1437 2843 1562 2896 hinc
1611 2842 1705 2896 tibi
1735 2841 1844 2896 dixi

237 2945 295 2985 ex
325 2929 630 2984 traditione
659 2929 900 2984 historiae
948 2929 1168 2994 veteris,
1220 2945 1345 2986 cum
1374 2930 1506 2984 mihi
1551 2946 1674 2985 eras
1725 2929 1844 2984 dul-

237 3019 488 3073 cissimus
521 3016 683 3082 filius,
718 3025 771 3072 et
800 3017 890 3071 ubi
921 3019 1083 3072 etiam
1109 3019 1215 3072 ista
1244 3019 1314 3073 de
1344 3018 1714 3089 apostolorum
1744 3034 1843 3074 ca-

237 3107 485 3170 nonibus,
523 3114 576 3160 et
606 3106 676 3160 de
705 3105 762 3160 in
808 3105 1048 3176 praefatis
1095 3107 1338 3178 synodis,
1365 3107 1497 3163 Osio
1533 3115 1835 3180 satagente,

237 3194 467 3250 recitatis
497 3193 752 3264 capitulis
779 3193 964 3266 legere
992 3195 1248 3266 potuisti,‘
1283 3195 1328 3249 si
1373 3211 1482 3250 non
1528 3196 1834 3268 neglexisti,

237 3292 284 3337 et
309 3291 503 3338 contra
523 3282 904 3338 auctoritatem
931 3292 1196 3350 veterum,
1247 3283 1340 3355 qui
1383 3285 1559 3339 veraci
1613 3292 1838 3339 attesta-

237 3372 374 3428 tione
403 3369 738 3427 confirmant
769 3386 878 3426 non
906 3372 1063 3442 plura
1094 3371 1260 3427 fuisse
1301 3372 1533 3427 caditula
1561 3373 1707 3428 sacri
1736 3373 1838 3427 Ni-

237 3461 364 3515 caeni
379 3459 624 3522 concilii,
650 3475 815 3530 quam
835 3459 930 3514 illa
946 3476 1068 3532 qua
1087 3477 1154 3515 ex
1182 3461 1402 3532 antiqua
1443 3461 1839 3516 consuetudine

235 3549 494 3605 catholica
528 3555 670 3602 tenet
703 3555 756 3602 et
785 3555 1074 3604 veneratur
1102 3549 1369 3617 Ecclesia,
1392 3548 1839 3620 hisacquiescere

237 3637 419 3691 nolens
457 3637 753 3700 contende,
805 3637 852 3692 si
909 3636 1180 3693 dicentem
1237 3637 1558 3708 Apostolum
1597 3637 1839 3692 nolueris

239 3724 498 3780 obaudire
531 3741 545 3778 :
575 3724 638 3780 Si
675 3726 820 3797 quis,
856 3724 1050 3796 inquit,
1093 3726 1215 3780 vult
1264 3726 1652 3781 contentiosa:
1698 3741 1836 3790 esse,

241 3828 333 3868 nos
345 3814 529 3868 talem
542 3813 1015 3869 consuetudinem
1026 3830 1141 3868 non
1161 3813 1355 3869 habem
1364 3829 1631 3886 uanoque
1653 3815 1842 3870 Eccle-

241 3901 320 3955 sia
340 3903 438 3957 Dei
462 3902 517 3966 (Ι
539 3901 662 3956 Cor.
684 3903 766 3967 x).
792 3902 911 3973 Ego
932 3909 1114 3957 autem
1133 3917 1199 3956 ex
1226 3903 1325 3956 hac
1341 3917 1506 3956 causa
1523 3910 1704 3956 cestus
1726 3902 1843 3971 jam

239 3987 515 4060 depositas
547 4004 658 4042 non
691 4003 983 4055 resumam,
1016 4005 1142 4044 cum
1155 3988 1423 4045 sufficiant
1453 3990 1582 4044 mihi
1601 4006 1721 4061 quae
1747 4006 1842 4044 se-

239 4075 330 4130 des
355 4077 667 4148 apostolica
697 4084 749 4130 et
771 4076 1034 4132 catholica
1062 4078 1222 4132 docet
1266 4077 1530 4132 Ecclesia.
1585 4079 1650 4132 Et
1699 4079 1843 4148 quod

241 4165 490 4220 addidisti
514 4166 626 4219 tuis
657 4166 998 4226 commentis,
1031 4181 1139 4220 non
1173 4181 1296 4220 esse
1325 4167 1611 4236 primatem
1632 4167 1844 4223 dioece-

239 4268 356 4309 seos
382 4266 592 4324 praeter
619 4253 851 4324 apostoli
883 4254 1042 4324 primi
1072 4254 1359 4322 vicarium,
1395 4254 1724 4310 sufﬁcienter
1745 4272 1843 4309 su-

239 4355 335 4411 pra
361 4341 546 4413 legisti
575 4357 699 4413 quae
730 4342 874 4397 sacri
902 4357 1139 4398 canones
1177 4351 1230 4397 et
1267 4343 1486 4398 decreta
1533 4343 1680 4398 sedis
1739 4345 1844 4399 Ro-

1942 473 2059 512 sum
2087 457 2402 525 discutiens,
2436 474 2544 514 non
2575 468 2702 515 ante
2743 461 3065 516 sententiam
3115 459 3352 532 proferat
3397 461 3548 532 capi-

1940 545 2126 614 talem,
2159 561 2322 617 quam
2351 554 2443 601 aut
2471 563 2594 602 reus
2621 547 2738 618 ipse
2767 547 3110 617 confiteatur,
3143 557 3236 604 aut
3265 565 3364 620 per
3391 549 3547 604 inno-

1943 642 2130 689 centes
2163 642 2330 689 testes
2358 636 2734 691 convincatur.
2767 637 2956 692 Testes
2986 646 3168 692 autem
3209 637 3326 693 sine
3365 637 3545 708 aliqua

1945 723 2051 776 sint
2081 721 2324 786 infamia,
2391 740 2590 777 uxores
2621 732 2675 778 et
2722 723 2863 778 filios
2905 725 3192 790 habentes,
3241 735 3292 780 et
3334 725 3555 781 omnino

1945 804 2216 859 Christum
2249 806 2629 875 praedicantes.
2681 807 3071 862 Testimonium
3119 807 3304 863 clerici
3351 807 3548 862 adver-

1946 910 2041 947 sus
2081 892 2277 948 laicum
2322 909 2482 949 nemo
2521 894 2798 965 suscipiat.
2822 919 2843 942 »ι
2887 893 3022 964 Quae
3066 904 3324 966 quantum
3367 896 3548 952 aliena

1947 986 2104 1036 sinta
2144 981 2318 1037 sacris
2372 983 2692 1048 canonibus,
2753 991 2806 1038 et
2861 993 3124 1056 quantum
3181 983 3396 1040 inimica
3441 984 3548 1038 sint

1948 1069 2598 1138 ecclesiasticisjudiciis,
2633 1086 2796 1126 nemo
2829 1080 2910 1126 est
2941 1072 3032 1144 qui
3062 1072 3295 1143 ignoret,
3321 1079 3546 1143 etquam

1947 1158 2042 1212 tibi
2072 1157 2286 1228 tuisque
2308 1157 2639 1228 nuperrimis
2670 1157 2850 1227 factis,
2898 1161 2968 1215 de
3015 1161 3211 1232 quibus
3240 1161 3545 1231 reprehen-

1947 1246 2117 1311 deris,
2152 1246 2257 1299 sint
2287 1245 2340 1299 in
2373 1245 2697 1316 quibusdam
2727 1247 2992 1316 adversm,
3024 1264 3089 1302 ex
3120 1248 3448 1320 quibusdam
3478 1248 3547 1303 de

1945 1333 2197 1404 plurimis
2225 1333 2312 1388 hic
2343 1334 2578 1390 ostensis
2605 1341 2851 1404 patenter
2879 1335 3101 1406 quilibet
3145 1344 3324 1406 potest
3369 1351 3548 1408 agno-

1949 1437 2124 1476 scere.
2164 1446 2184 1468 «
2222 1422 2446 1489 Placuit,
2498 1423 2746 1493 inquiunt
2789 1424 2934 1494 (cap.
2983 1426 3096 1492 22),
3137 1432 3194 1477 ut
3221 1423 3401 1478 nullus
3429 1423 3547 1495 epi-

1950 1525 2239 1580 scoporum
2267 1525 2595 1582 quemquam
2625 1511 2948 1566 clericorum
2973 1511 3218 1580 judicare
3248 1519 3340 1566 aut
3385 1513 3547 1567 dam-

1949 1614 2082 1653 nare
2113 1608 2424 1669 praesumat,
2459 1599 2563 1652 nisi
2594 1599 3166 1672 accusatuslegitimos
3199 1609 3548 1656 accusatores

1947 1695 2246 1758 praesentes
2278 1687 2492 1757 habeat,
2534 1687 2824 1759 locumque
2862 1687 3188 1742 defendendi
3225 1689 3454 1760 accipiat
3482 1689 3550 1744 ad

1946 1774 2214 1830 abluenda
2246 1775 2490 1830 crimina.
2532 1800 2553 1823 ι»
2587 1777 2653 1829 Et
2684 1785 2805 1846 post
2835 1775 3112 1848 aliquanta
3144 1795 3158 1831 :
3196 1797 3218 1828 ι
3253 1777 3370 1832 Nec
3395 1777 3550 1848 prius

1945 1871 2283 1943 litigantibus
2315 1888 2411 1927 sua
2439 1872 2586 1937 velit,
2619 1873 2747 1944 quin
2772 1873 2960 1943 judex,
2994 1874 3260 1929 sententia
3300 1873 3544 1942 obviare,

1946 1960 2051 2014 nisi
2077 1961 2295 2031 quando
2324 1961 2447 2030 ipsi,
2481 1961 2717 2031 peractis
2737 1961 3011 2027 omnibus,
3025 1961 3139 2030 jam
3162 1961 3298 2016 nihil
3314 1961 3548 2033 amplius

1945 2048 2232 2103 habuerint
2269 2049 2322 2102 in
2371 2049 2674 2120 quastione
2716 2050 2860 2121 quod
2901 2057 3228 2120 proponant,
3279 2057 3332 2104 et
3359 2050 3546 2105 tandiu

1945 2137 2085 2192 actio
2115 2136 2422 2202 ventilatur,
2454 2152 2740 2210 quousque
2771 2137 2838 2192 ad
2889 2137 2969 2193 rei
3017 2137 3298 2192 veritatem
3343 2153 3546 2208 perve-

1946 2225 2142 2289 niatur,
2202 2249 2224 2272 ι»
2272 2234 2325 2280 et
2370 2225 2593 2296 reliqua.
2653 2249 2674 2274 α
2723 2226 2966 2280 Caveant
3015 2225 3232 2296 judices
3280 2224 3546 2282 Ecclesiae

1945 2312 2092 2382 (cap.
2153 2316 2264 2383 53),
2310 2329 2379 2368 ne
2433 2313 2656 2368 absente
2703 2329 2768 2368 eo
2825 2314 2977 2383 cujus
3031 2329 3195 2369 causa
3254 2313 3544 2369 ventilatur

1947 2400 2273 2455 sententiam
2302 2400 2600 2472 proferant,
2634 2401 2760 2473 quia
2790 2401 2946 2457 irrita
2971 2402 3094 2468 erit,
3154 2401 3265 2457 imo
3311 2410 3363 2456 et
3415 2417 3546 2459 cau-

1946 2503 2064 2544 sam
2097 2489 2150 2542 in
2180 2490 2390 2560 synodo
2421 2505 2519 2561 pro
2540 2489 2682 2546 facto
2712 2490 2934 2546 dabunt.
2977 2514 2998 2539 »
3030 2491 3232 2546 Contra
3259 2505 3395 2563 quas
3425 2506 3550 2546 sen—

1945 2577 2139 2631 tentias
2208 2577 2402 2643 fecisti,
2431 2579 2648 2650 quando
2707 2579 3311 2636 excommunicationes
3341 2581 3458 2634 Deo
3493 2588 3546 2634 et

1945 2665 2231 2736 praeceptis
2261 2667 2377 2734 ejus
2407 2666 2731 2732 contrarias,
2765 2667 2832 2722 de
2864 2668 3064 2738 quibus
3105 2675 3157 2722 te
3205 2667 3422 2737 scriptis
3452 2684 3546 2722 re-

1945 2753 2162 2824 dargui,
2225 2769 2449 2808 exerere
2489 2755 2908 2825 prmsumpsisti.
2940 2755 3009 2809 Et
3050 2755 3181 2810 item
3227 2755 3284 2808 in
3338 2754 3546 2810 eisdem

1945 2841 2226 2896 sententiis
2259 2841 2520 2912 scriptum
2567 2851 2648 2896 est
2690 2846 2835 2914 (cap.
2868 2843 2998 2912 27):
3038 2865 3060 2893 α
3097 2843 3232 2899 Sunt
3279 2843 3543 2912 nonnulli,

1945 2929 2036 3001 qui
2079 2929 2414 2985 indiscussos
2477 2939 2744 3002 potestate
2789 2932 3068 3002 tyrannica
3116 2948 3226 2987 non
3283 2931 3550 2989 canonica

1948 3018 2271 3074 auctoritate
2303 3019 2575 3084 damnant,
2611 3027 2661 3074 et
2705 3019 2842 3074 sicut
2873 3020 3162 3076 nonnullos
3190 3021 3366 3093 gratia
3406 3019 3551 3076 favo-

1955 3109 2029 3160 ris
2060 3106 2367 3172 sublimant,
2399 3107 2467 3160 ita
2499 3108 2764 3179 quosdam
2794 3108 2920 3163 odio
2949 3108 3258 3180 invidiaque
3313 3109 3549 3180 permoti

1939 3194 2246 3261 humiliant,
2283 3205 2335 3249 et
2373 3195 2480 3250 levi
2511 3195 2786 3266 Opinionis
2814 3211 2948 3250 aura
2993 3197 3380 3265 condemnant,
3415 3213 3551 3268 quo-

1939 3299 2060 3337 rum
2089 3283 2318 3337 crimina
2352 3299 2460 3337 non
2490 3284 2810 3354 approbant.
2845 3284 3082 3355 Ideoque
3135 3285 3410 3340 communi
3456 3285 3545 3338 de.

1939 3379 2087 3426 creto
2129 3387 2438 3436 censemus,
2473 3379 2532 3425 ut
2558 3373 2994 3444 quandocunque
3025 3371 3220 3444 aliquis
3253 3372 3544 3443 episcopo-

1939 3475 2056 3512 rum
2087 3458 2422 3524 criminatur,
2455 3459 2805 3532 congregatis
2842 3460 3096 3514 omnibus
3117 3460 3361 3529 ejusdem
3410 3475 3542 3532 pro-

1939 3546 2138 3602 vincia:
2169 3547 2440 3617 episc0pis
2468 3563 2631 3603 causa
2659 3548 2776 3617 ejus
2807 3547 3072 3612 audiatur,
3107 3557 3164 3603 ut
3193 3564 3304 3604 non
3331 3549 3545 3606 occulte

1933 3634 2206 3703 judicetur
2234 3635 2321 3689 vel
2352 3635 2677 3700 damnetur;
2713 3636 2836 3706 quia
2865 3637 2935 3691 ab
2964 3636 3086 3691 aliis
3122 3636 3275 3707 prius
3315 3637 3544 3707 judicari

1939 3738 2049 3777 non
2073 3731 2270 3793 potest,
2305 3723 2407 3777 nisi
2446 3724 2514 3778 ab
2562 3724 2646 3778 his
2689 3739 2722 3778 a
2777 3725 2972 3796 quibus
3029 3725 3273 3781 ordinari
3319 3727 3492 3797 potuit
3527 3743 3540 3782 :

1943 3813 2088 3884 quod
2121 3812 2165 3865 si
2208 3811 2366 3866 aliter
2411 3811 2608 3868 factum
2668 3811 2847 3878 fuerit,
2879 3813 3053 3869 nullas
3097 3815 3244 3870 vires
3299 3815 3542 3871 habebit.

1942 3901 2087 3954 Bona
2117 3901 2270 3966 hora,
2307 3909 2514 3955 tantum
2545 3901 2808 3956 laborasti
2834 3910 2892 3956 ut
2920 3903 3051 3957 nulli
3085 3903 3334 3958 subditus
3389 3887 3542 3959 esses

1943 3988 2046 4042 nisi
2076 3989 2389 4058 apostolicae
2419 3990 2566 4044 sedis
2595 3989 2856 4060 pontifici,
2909 3999 2962 4046 et
3008 3991 3185 4046 nullus
3215 4001 3266 4047 te
3299 3991 3544 4062 judicare

1944 4085 2132 4147 posset
2161 4077 2266 4131 nisi
2297 4078 2596 4148 apostolica
2628 4079 2823 4144 sedes;
2855 4095 2980 4134 cum
2993 4095 3058 4134 ex
3074 4080 3208 4151 ipsis
3236 4081 3541 4147 sententiis,

1945 4181 2080 4236 quas
2111 4165 2182 4220 ad
2205 4164 2579 4220 defensionem
2628 4167 2704 4220 tui
2753 4168 3068 4222 muniminis
3119 4169 3406 4238 protulisti,
3442 4170 3547 4226 hoc

1945 4262 2133 4308 contra
2167 4263 2217 4307 le
2253 4253 2573 4324 proferatur,
2600 4255 2726 4325 quia
2755 4255 2888 4324 ipsis
2919 4271 2980 4311 es
3000 4257 3268 4320 subditus,
3293 4258 3432 4312 etab
3463 4258 3548 4312 his

1943 4350 2100 4412 potes
2123 4342 2374 4409 judicari,
2407 4357 2440 4396 a
2469 4342 2664 4412 quibus
2695 4342 2918 4411 potuisti
2975 4343 3230 4398 ordinari.
3281 4345 3540 4411 Miranda,

239 4444 410 4486 mante
438 4429 760 4500 pontificum
779 4432 848 4486 de
892 4431 1294 4501 provinciarum
1325 4431 1645 4500 primatibus
1671 4433 1834 4487 intel-
1857 4431 1909 4490 D
1937 4429 2024 4483 vel
2055 4429 2236 4499 potius
2267 4430 2574 4484 miseranda
2622 4439 2710 4483 tua
2761 4429 3027 4484 mirabilis
3075 4431 3184 4486 imo
3222 4431 3545 4486 miserabilis

237 4516 484 4572 lexerunt
512 4534 578 4574 ac
608 4519 995 4574 decreverunt.

301 4607 384 4661 De
413 4607 700 4661 sententiis
735 4623 887 4672 vero,
911 4623 1034 4678 quae
1053 4607 1306 4662 dicuntur
1330 4623 1397 4663 ex
1409 4607 1618 4663 Grmcis
1635 4618 1688 4664 et
1709 4609 1852 4663 Lati-

234 4693 316 4748 nis
349 4695 658 4750 canonibus
670 4703 722 4749 et
743 4696 966 4766 synodis
987 4695 1248 4750 Romanis
1271 4704 1434 4768 atque
1449 4697 1684 4752 decretis
1705 4714 1849 4768 pra)-

237 4782 417 4836 sulum
445 4799 506 4837 ac
526 4783 730 4838 ducum
760 4785 1130 4839 Romanorum
1147 4785 1388 4840 collectae
1409 4786 1479 4840 ab
1501 4786 1739 4841 Adriano
1758 4802 1852 4856 pa-

236 4885 319 4940 pa,
344 4880 404 4925 et
424 4872 797 4944 Engelramno
817 4873 1138 4928 Metensium
1169 4873 1426 4944 episcopo
1449 4875 1606 4939 datae,
1632 4875 1847 4946 quando

240 4973 335 5028 pro
366 4959 456 5013 sui
485 4961 690 5031 negotii
736 4975 906 5016 causa
954 4962 1233 5033 agebatur,
1277 4977 1340 5015 ex
1372 4963 1571 5032 quibus
1601 4963 1844 5033 quzedam

233 5047 334 5101 tuis
365 5049 714 5114 commentis,
746 5049 1138 5120 interposuisti,
1179 5066 1342 5122 quam
1362 5051 1603 5105 dissonas
1634 5051 1844 5105 intersc

233 5134 556 5201 habeantur,
590 5137 684 5208 qui
714 5137 844 5208 legit
873 5137 1005 5192 satis
1060 5137 1331 5211 intelligit,
1367 5147 1419 5192 et
1435 5155 1593 5210 quam
1615 5139 1844 5194 diversa:

231 5236 264 5275 ι
291 5224 464 5278 sacris
491 5225 813 5292 canonibus,
847 5233 899 5281 et
932 5241 1095 5298 quam
1124 5227 1500 5297 discrepantes
1529 5228 1583 5281 in
1617 5229 1842 5299 quibus-

232 5311 352 5366 dam
382 5313 453 5367 ab
484 5313 866 5370 ecclesiasticis
896 5314 1117 5383 judiciis
1147 5315 1468 5381 habeantur,
1495 5325 1550 5370 ut
1571 5317 1658 5373 hic
1687 5333 1840 5388 qua:-

234 5399 360 5456 dam
421 5401 489 5457 de
545 5401 796 5474 plurimis
850 5419 1067 5474 ponam,
1120 5404 1402 5460 evidenter
1440 5404 1835 5462 manifestatur.

241 5518 262 5544 ι
295 5496 562 5566 Delatori,
585 5501 835 5571 inquiunt
867 5503 1014 5573 (cap.
1035 5504 1124 5568 57,
1143 5503 1254 5572 73),
1287 5511 1378 5557 aut
1406 5503 1594 5576 lingua
1622 5504 1840 5574 capule-

1955 4517 2236 4588 sapientia,
2276 4518 2405 4588 quia
2442 4519 2556 4573 haec
2605 4518 2658 4572 in
2703 4518 2837 4588 ipsis
2881 4519 3162 4574 sententiis
3203 4519 3390 4574 videre
3433 4535 3543 4574 non

1951 4605 2190 4676 potuisti,
2224 4605 2310 4660 vel
2343 4605 2526 4660 videre
2559 4621 2668 4662 non
2698 4607 2936 4672 voluisti,
2970 4623 3092 4663 cum
3125 4607 3280 4680 legas
3325 4607 3544 4678 episco-

1951 4711 2051 4764 pus
2099 4694 2578 4750 sanctaanimalia
2627 4695 2897 4750 Ezechieli
2949 4703 3172 4750 ostensa
3221 4695 3377 4766 plena
3422 4711 3544 4752 esse

1950 4783 2121 4838 oculis
2161 4791 2282 4836 ante
2328 4791 2380 4838 et
2407 4793 2575 4851 retro,
2619 4792 2670 4838 et
2711 4792 3056 4856 arrogantem
3106 4783 3439 4838 Pharismum
3468 4784 3544 4839 ibi

1949 4871 2166 4926 oculum
2215 4887 2322 4926 non
2361 4872 2637 4937 habuisse,
2665 4871 2754 4925 ubi
2767 4871 3022 4940 jactando
3055 4887 3382 4927 enumerans
3403 4873 3544 4928 bona

1949 4975 2047 5014 sua
2076 4961 2361 5028 publicano
2391 4977 2448 5013 se
2480 4959 2730 5028 pl'tvPlUllt.
2767 4958 2904 5013 Hinc
2933 4957 3093 5013 etiam
3122 4960 3191 5015 de
3220 4968 3273 5016 te
3315 4961 3547 5034 intelligi

1947 5056 2122 5117 potest
2153 5049 2298 5120 quod
2329 5047 2583 5101 Salomon
2627 5046 2752 5100 dicit
2788 5063 2800 5099 :
2837 5048 3106 5103 Doctrina
3142 5066 3247 5105 sua
3289 5051 3546 5106 noscitur

1946 5138 2052 5192 vir:
2066 5138 2159 5208 qui
2175 5140 2366 5191 autem
2387 5153 2446 5188 va
2457 5151 2562 5188 nus
2575 5138 2630 5188 et
2646 5151 2845 5190 excors
2858 5140 2962 5201 est,
2967 5139 3183 5209 patebit
3193 5137 3546 5210 contemptui

1945 5225 2128 5292 (Prov.
2164 5231 2282 5292 xu).
2318 5225 2384 5276 Et
2403 5224 2610 5276 Seneca
2633 5237 2773 5292 pene
2790 5223 3150 5291 Christianus,
3189 5234 3242 5279 et
3295 5226 3540 5296 apostolo

1946 5312 2111 5367 Paulo
2143 5311 2422 5366 familiaris
2455 5327 2466 5364 :
2502 5311 2824 5379 Videndum,
2861 5313 3053 5384 inquit,
3073 5331 3145 5369 ne
3170 5330 3270 5386 per
3293 5331 3416 5388 qua:
3443 5317 3542 5372 ad-

1942 5401 2172 5456 miratio
2190 5403 2450 5472 paratur,
2485 5399 2732 5456 ridicula
2761 5405 2817 5456 et
2837 5401 3024 5457 odiosa
3053 5403 3191 5457 sint.
3231 5426 3253 5450 η
3295 5404 3362 5459 Et
3415 5403 3548 5461 item

1941 5496 2198 5557 Salomon
2231 5514 2242 5550 :
2279 5496 2554 5562 Quomodo
2573 5500 2623 5552 εἰ
2642 5502 2877 5570 argento
2904 5497 3124 5557 sordido
3154 5517 3368 5558 ornare
3407 5504 3545 5558 veli:
