4020 6182
444 255 546 308 3³79

1337 250 1678 306 HINCMARI
1714 245 2116 306 RHEMENSIS
2163 247 2712 304 ARCHIEPISCOPI.

3642 251 3752 302 380

433 395 529 433 vas
555 376 752 447 ﬁctile,
771 379 852 432 sic
877 377 1023 434 labia
1040 377 1324 432 tumentia
1341 393 1472 432 cum
1488 377 1728 446 pessimo
1755 373 1918 430 corde
1937 389 2030 429 so-
2061 372 2116 434 A
2136 371 2329 427 vinitas
2359 371 2610 445 cruciﬁgi
2639 388 2747 428 non
2777 373 2970 444 potuit,
3004 373 3168 428 homo
3195 379 3277 428 est
3313 373 3404 444 qui
3451 357 3751 429 cruciﬁxus

438 467 591 520 ciata
613 465 798 536 (Prov.
823 465 1003 534 xxvr).
1023 465 1095 520 Et
1121 465 1256 520 Cato
1281 482 1294 518 :

544 551 694 609 Audit
713 551 848 608 quod
872 563 973 609 non
997 552 1119 602 vult.
1134 553 1234 609 qut
1253 551 1428 609 pergit
1447 550 1773 609 dicerequod
1807 549 1927 596 vult.

548 606 698 662 ylcus
719 605 985 662 proserpit,
1010 607 1145 662 quod
1165 605 1326 662 'stul'ta
1343 607 1542 651 silentia
1563 605 1740 662 celant.

546 660 681 704 Tolle
702 659 819 704 mali
853 659 1209 714 testesflevius
1232 660 1361 704 mala
1385 661 1553 704 nostra
1575 659 1808 704 feremus.

435 740 590 795 Unde
619 739 746 794 item
779 740 1033 795 Salomon
1070 757 1084 794 :
1109 741 1260 812 Ejiee
1281 741 1605 804 derisorem,
1622 743 1678 794 et
1707 738 1885 793 exibit
1907 752 2036 791 cum

437 845 498 884 ea
506 831 780 901 iurgium,
797 831 1201 902 cessabuntque
1211 846 1396 884 causae
1407 833 1462 883 et
1475 828 1834 884 contumeliae
1847 826 2031 896 (Prov.

436 920 602 987 XXII).
633 917 687 972 Si
717 933 849 974 vero
871 918 995 972 ideo
1024 918 1149 972 talia
1181 935 1300 990 quae
1329 917 1426 971 tibi
1455 918 1573 972 visa
1604 923 1746 978 sunt,
1781 917 1849 969 de
1890 930 2034 984 prae—

436 1005 560 1060 fatis
589 1007 890 1073 sententiis,
942 1023 1007 1062 ac
1061 1023 1206 1078 saepe
1261 1006 1578 1060 memoratis
1639 1003 1898 1074 epistolis,
1932 1003 2034 1056 de-

436 1095 759 1162 truncando,
795 1103 846 1150 et
892 1095 1360 1166 prmposterando,
1427 1102 1586 1164 atque
1643 1091 2034 1146 disordinando

434 1181 724 1255 collegisti,
761 1183 887 1255 quia
918 1183 1052 1237 forte
1083 1182 1279 1252 putasti
1311 1181 1580 1236 neminem
1613 1181 1780 1235 alium
1814 1179 2034 1232 easdem

433 1272 749 1337 sententias,
801 1273 886 1326 vel
937 1271 1082 1342 ipsas
1129 1270 1404 1340 epistolas,
1457 1279 1653 1341 przeter
1704 1277 1755 1323 te
1805 1268 2033 1332 habere,

433 1359 637 1414 idcirco
686 1359 816 1414 talia
858 1359 1029 1414 libere
1073 1366 1126 1413 te
1176 1358 1494 1433 existimasti
1539 1373 1700 1428 posse
1747 1355 2030 1428 colligere,

433 1462 524 1502 res
553 1447 692 1501 mira
723 1455 824 1516 est,
858 1463 980 1501 cum
1010 1447 1078 1500 de
1108 1446 1242 1517 ipsis
1277 1445 1559 1500 sententiis
1606 1445 1766 1516 plena
1814 1445 1884 1498 sit
1931 1444 2035 1498 ista

434 1544 597 1598 terra,
634 1535 770 1589 sicut
800 1543 852 1589 et
890 1535 957 1590 de
1004 1535 1142 1590 libro
1193 1535 1544 1590 collectarum
1591 1532 1940 1605 epistolarum
1967 1531 2034 1585 ab

434 1623 660 1688 Isidoro,
695 1639 856 1694 quem
889 1623 957 1678 de
977 1623 1233 1694 Hispania
1262 1623 1483 1678 allatum
1510 1621 1751 1678 Riculqu
1799 1622 2033 1692 Mogun-

2132 459 2249 516 fuit.
2283 462 2360 516 Tu
2392 478 2481 517 me
2509 463 2862 532 reprehendis
2892 461 3014 534 quia
3065 462 3208 526 dico,
3261 461 3520 533 quoniam
3580 469 3748 516 ante—

2133 565 2296 620 quam
2328 558 2385 605 tu
2415 551 2614 606 fuisses
2646 558 2823 619 natus,
2859 567 2966 624 ego
2997 566 3240 606 canones
3265 550 3420 616 scivi,
3456 550 3671 618 jactans
3695 558 3750 605 te

2133 653 2232 694 cur
2263 655 2374 693 non
2403 639 2498 693 tibi
2527 639 2686 694 liceat
2709 639 2868 704 scire,
2903 639 2992 710 qui
3021 647 3144 710 post
3170 655 3259 693 me
3290 638 3548 704 didicisti,
3598 639 3752 710 quod

2136 744 2240 797 ego
2272 729 2387 783 scio
2417 728 2509 800 qui
2537 735 2658 782 ante
2688 735 2740 784 te
2767 729 2950 784 didici.
2985 728 3092 784 Sed
3136 728 3338 782 Paulus
3395 743 3502 782 non
3561 735 3644 782 est
3679 727 3751 782 de

2136 824 2228 870 tuo
2256 819 2424 873 corde
2453 817 2682 886 locutus,
2717 817 2809 888 qui
2854 817 3044 888 legens
3070 815 3270 872 dictum
3298 833 3329 870 a
3358 817 3547 887 Moyse
3581 834 3596 870 :
3647 817 3752 870 In-

2097 941 2102 946 -
2139 911 2359 976 terroga
2400 909 2626 978 patrem
2659 909 2820 960 tuum
2861 909 2920 961 et
2937 905 3311 960 annun’tiabit
3352 905 3470 970 tibi,
3505 907 3752 975 majores

2139 997 2263 1048 tuos
2279 997 2335 1048 et
2355 995 2664 1050 dicenttibi
2675 995 2861 1062 (Deut.
2895 994 3105 1064 χχχιι),
3123 993 3390 1064 gloriatur
3411 1008 3472 1047 se
3487 993 3753 1048 didicxsse

2136 1080 2318 1151 legem
2337 1082 2404 1136 ad
2425 1082 2596 1152 pedes
2622 1081 2941 1137 Gamalielis
2969 1082 3112 1152 (Act.
3139 1082 3286 1151 xm)
3311 1099 3324 1136 :
3349 1081 3597 1136 etsciens
3627 1081 3756 1151 quia

2135 1170 2352 1240 quando
2413 1170 2682 1240 superbus
2733 1178 2868 1234 erat,
2900 1169 2970 1224 de
3035 1169 3176 1224 coelo
3238 1177 3321 1224 est
3377 1177 3694 1240 prostratus
3723 1187 3756 1223 a

2135 1258 2386 1324 Domino,
2421 1265 2474 1312 et.
2495 1259 2586 1330 qui
2605 1258 2932 1329 praedicator
2970 1257 3181 1312 futurus
3212 1266 3348 1325 erat,
3391 1273 3502 1312 non
3561 1267 3752 1311 tamen

2134 1363 2260 1400 mox
2289 1355 2347 1400 ut
2391 1346 2709 1417 praedicaret
2754 1347 2901 1418 quod
2930 1347 3138 1401 viderat
3183 1345 3408 1411 audivit,
3470 1346 3572 1400 sed
3593 1346 3646 1400 ei
3670 1347 3757 1414 ja—

2135 1434 2278 1490 centi
2309 1435 2504 1490 dicitur
2531 1452 2545 1488 :
2578 1435 2872 1506 Ingredere
2891 1435 2954 1489 in
2967 1435 3275 1497 civitatem,
3312 1438 3369 1488 et
3403 1433 3630 1489 dicetur
3647 1433 3755 1488 tibi

2135 1523 2267 1594 quid
2285 1527 2339 1579 te
2368 1527 2622 1595 oporteat
2652 1525 2842 1594 facere
2890 1524 3034 1591 (Act.
3073 1526 3175 1592 lx).
3227 1523 3296 1576 Et
3331 1523 3437 1578 hoc
3477 1521 3752 1576 Dominus

2136 1627 2260 1666 eum
2287 1611 2355 1666 ab
2383 1611 2586 1666 Anania
2620 1611 2834 1668 discere
2855 1611 3041 1676 voluit,
3073 1611 3218 1666 unde
3247 1610 3366 1682 ipse
3395 1627 3520 1666 eum
3561 1611 3752 1666 statim

434 1711 577 1766 tinus
607 1711 896 1783 episcopus
926 1713 981 1766 in
1031 1713 1364 1782 hujusmodi,
1415 1713 1551 1768 sicut
1591 1719 1643 1766 et
1679 1712 1736 1764 in
1782 1709 2034 1780 capitulis
2066 1708 2190 1788 Bel
2245 1700 2301 1754 in
2345 1708 2622 1754 momento
2668 1716 2769 1770 per
2821 1699 3214 1754 revelationem
3270 1699 3444 1770 potuit
3501 1699 3742 1754 docere.

432 1799 618 1872 regiis,
663 1801 940 1856 studiosus
987 1801 1234 1867 obtinuit,
1279 1809 1330 1855 et
1379 1801 1513 1856 istas
1535 1800 1790 1871 regiones
1834 1815 1900 1853 ex
1947 1798 2040 1852 illo

435 1884 636 1954 repleri
667 1883 812 1940 fecit.
847 1887 906 1939 In
939 1886 1094 1955 cujus
1122 1884 1437 1955 praefatione
1467 1885 1612 1938 idem
1643 1884 1885 1938 Isidorus
1913 1882 2042 1937 dicit

431 1973 501 2027 de
520 1973 890 2044 apostolorum
913 1973 1232 2039 canonibus,
1277 1974 1422 2044 quod
1455 1989 1488 2027 a
1527 1972 1846 2044 quibusdam
1862 1971 2042 2026 dican-

433 2069 520 2116 tur
569 2063 890 2134 apocryphi,
949 2071 1001 2116 et
1045 2062 1234 2132 plures
1284 2077 1377 2116 eos
1423 2061 1708 2131 recipiant,
1759 2067 1813 2113 et
1868 2065 2038 2119 sancti

431 2151 618 2204 Patres
647 2166 832 2205 eorum
876 2150 1174 2205 sententias
1217 2149 1464 2221 synodali
1510 2149 1826 2204 auctoritate
1872 2148 2036 2202 robo-

432 2247 712 2304 raverunt,
747 2247 800 2292 et
846 2239 989 2292 inter
1029 2238 1322 2294 canonicas
1368 2237 1782 2292 constitutiones
1830 2251 2036 2306 posue-

432 2334 554 2380 runt
607 2327 798 2396 :quod
843 2328 912 2380 de
961 2327 1289 2396 quibusdam
1346 2326 1630 2380 sententiis
1684 2340 1870 2379 verum
1929 2332 2031 2390 est,

429 2414 569 2469 sicut
598 2413 726 2468 alibi
754 2413 811 2467 in
840 2415 944 2468 hoc
965 2415 1230 2484 opusculo
1249 2422 1404 2484 potes
1427 2413 1630 2485 legere.
1657 2411 2033 2467 Diﬂ'erentiam

429 2517 647 2572 quoque
679 2501 818 2556 inter
847 2502 1107 2573 epistolas
1137 2518 1270 2574 quas
1299 2501 1524 2574 collegit
1554 2510 1606 2556 et
1637 2517 1826 2556 sacros
1860 2517 2024 2555 cano-

426 2606 543 2658 nes,
569 2608 633 2646 ex
665 2591 848 2645 verbis
878 2591 1019 2645 beati
1049 2591 1275 2655 Gelasii,
1311 2591 1507 2662 quibus
1534 2599 1586 2644 et
1616 2605 1716 2644 sua
1743 2589 1914 2644 verba
1943 2589 2031 2642 in-

426 2679 705 2750 terposuit,
748 2678 892 2735 fecit.
928 2680 1007 2734 De
1041 2679 1264 2735 Nicmno
1293 2687 1472 2734 autem
1524 2678 1756 2734 concilio
1812 2693 1919 2731 non
1949 2685 2032 2732 est

427 2767 501 2823 ita
527 2776 584 2821 ut
613 2768 852 2839 scripsit,
887 2767 1044 2822 sicuti
1075 2768 1256 2821 multis
1287 2768 1665 2822 auctoritatum
1708 2766 2030 2820 testimoniis

425 2857 764 2926 approbatur
798 2874 810 2910 :
844 2863 898 2911 ct
919 2857 1062 2927 quod
1091 2857 1158 2910 de
1189 2857 1396 2926 pascha
1445 2873 1508 2910 ex
1564 2855 1790 2925 epistola
1846 2856 2028 2909 Theo-

425 2943 558 3014 phili
595 2943 832 3012 protulit,
894 2944 984 3014 qui
1039 2943 1440 2998 ecclesiasticas
1491 2943 1752 2998 historias
1785 2943 1936 3014 legit,
1973 2942 2026 2995 in

424 3031 618 3086 eodem
651 3031 883 3086 concilio
904 3032 972 3085 de
1002 3032 1208 3101 pascha
1239 3047 1363 3086 cum
1385 3031 1637 3101 capitulis
1667 3031 1862 3084 ibidem
1895 3047 2024 3085 con-

425 3118 621 3174 stitutis
651 3119 938 3189 epistolam
969 3119 1242 3174 conditam
1273 3119 1492 3189 reperit.
1527 3120 1606 3172 De
1637 3119 1785 3187 cujus
1816 3118 2025 3173 scilicet

423 3207 612 3262 lsidori
643 3207 822 3273 dictis,
858 3209 954 3262 sed
985 3217 1038 3262 et
1066 3209 1134 3263 de
1164 3208 1395 3279 epistola
1423 3208 1664 3273 Damasi,
1700 3222 1861 3277 quam
1912 3223 2023 3260 suae

421 3295 727 3366 praefationi
757 3297 1058 3368 supposuit,
1093 3305 1147 3351 et
1175 3296 1479 3352 collectioni
1509 3295 1826 3368 praeposuit,
1867 3311 2021 3366 quae—

421 3385 544 3440 dam
578 3402 798 3456 possem
828 3385 1098 3457 prolixius
1145 3386 1457 3442 ostendere.
1511 3385 1619 3440 Sed
1667 3401 1791 3439 cum
1838 3385 1908 3438 ad
1956 3399 2022 3439 ea

421 3491 545 3546 quae
578 3474 702 3530 hinc
741 3464 874 3529 sunt
929 3490 1085 3546 opus,
1143 3475 1461 3545 apostolicae
1514 3472 1661 3528 sedis
1719 3473 1934 3539 Leonis,
1969 3481 2022 3526 et

421 3561 642 3627 Gelasii,
676 3579 740 3619 ac
769 3571 1090 3619 cznterorum
1120 3563 1436 3634 pontificum
1480 3565 1848 3618 Romanorum
1897 3569 2020 3634 post

419 3651 735 3716 Damasum,
799 3651 1251 3708 sufiicientissime
1308 3653 1603 3708 auctoritas
1661 3660 1712 3705 et
1757 3651 2018 3720 explana-

418 3739 491 3794 tio
551 3749 819 3811 suppetat,
871 3741 1202 3812 supertluum
1268 3741 1397 3794 duxi
1453 3755 1561 3794 non
1612 3739 1920 3794 necessaria
1964 3738 2015 3792 in

420 3829 660 3884 medium
688 3830 972 3895 devocare,
1006 3845 1074 3883 ne
1105 3829 1236 3881 illud
1268 3828 1538 3897 poeticum
1568 3827 1699 3880 mihi
1728 3827 2016 3894 objiceres,

525 3926 596 3968 Tu
615 3933 681 3968 ne
702 3923 828 3969 forte
849 3924 981 3970 foras
1017 3924 1069 3969 in
1095 3925 1288 3978 sylvam
1318 3923 1471 3978 ligna,
1493 3922 1672 3968 viator.

418 4004 498 4057 Tu
528 4003 682 4070 dicis,
713 4011 771 4056 ut
801 4003 1000 4068 audivi,
1037 4004 1158 4075 quia
1189 4019 1299 4057 non
1331 4019 1437 4074 ego
1466 4003 1614 4057 solus
1645 4002 1799 4072 sapio
1847 4016 2016 4056 cano-

423 4107 521 4146 nes
549 4100 602 4146 et
631 4107 822 4146 verum
855 4091 1010 4146 dicis.
1033 4094 1272 4163 Accepto
1284 4107 1512 4161 prorsus
1531 4092 1635 4146 hoc
1657 4090 1884 4146 dictum.
1907 4105 2015 4144 non

419 4178 543 4251 quia
574 4187 720 4234 tuum
751 4187 853 4244 est,
889 4180 986 4234 sed
1017 4181 1140 4251 quia
1167 4196 1352 4234 verum
1368 4188 1468 4234 est.
1489 4180 1555 4234 Et
1572 4179 1850 4251 egodico,
1893 4178 2014 4248 quia

415 4283 524 4322 non
555 4277 610 4323 tu
641 4269 787 4323 solus
817 4269 956 4323 bene
987 4268 1244 4341 intelligis
1275 4284 1532 4326 canones.
1567 4275 1620 4321 et
1649 4283 1837 4322 verum
1869 4267 2010 4322 dico.

418 4356 620 4428 Recipe
648 4357 812 4427 igitur
849 4359 954 4412 hoc
983 4357 1208 4425 dictum,
1241 4373 1348 4412 non
1375 4357 1499 4428 quia
1545 4371 1724 4410 meum
1760 4364 1861 4422 est,
1917 4355 2014 4410 sed

2141 1789 2350 1844 Deinde
2367 1789 2513 1843 venit
2529 1789 2966 1859 Hierosolymam
2995 1788 3182 1844 videre
3197 1789 3418 1844 Petrum
3450 1788 3665 1856 (Colat.
3686 1787 3751 1854 ι).

2142 1877 2349 1931 Deinde
2369 1885 2494 1948 post
2513 1893 2686 1932 annos
2717 1876 3130 1948 quatuordecim
3173 1875 3420 1932 ascendit
3478 1875 3754 1932 Hieroso—

2147 1965 2346 2035 lymam
2375 1966 2586 2032 (Galat.
2607 1966 2669 2034 ιι)
2701 1965 3000 2020 secundum
3031 1964 3439 2033 revelationem,
3463 1973 3516 2018 et
3545 1972 3754 2019 contu-

2141 2053 2200 2108 lit
2247 2069 2372 2110 cum
2402 2053 2840 2108 antecessoribus
2896 2053 3008 2107 suis
3061 2051 3324 2122 apostolis
3377 2052 3756 2125 Evangelium

2139 2143 2284 2212 quod
2312 2142 2645 2213 praedicabat
2673 2142 2728 2196 in
2759 2141 3012 2214 gentibus
3058 2140 3240 2213 (ibid.)
3292 2157 3304 2195 :
3342 2155 3591 2196 seorsum
3641 2157 3755 2196 au-

2137 2238 2246 2285 tem
2275 2246 2399 2285 cum
2428 2231 2513 2284 his
2543 2231 2632 2302 qui
2664 2230 2986 2285 videbantur
3011 2229 3438 2300 praestantiores,
3487 2245 3558 2284 ne
3605 2228 3758 2284 forte

2137 2319 2191 2372 in
2220 2335 2448 2374 vacuum
2499 2326 2740 2374 curreret
2794 2327 2885 2372 aut
2934 2317 3284 2374 cucurrisset.
3337 2319 3406 2373 Et
3461 2319 3582 2374 haec
3619 2317 3758 2374 dico

2135 2424 2245 2462 non
2275 2408 2532 2479 ignorans
2563 2407 2632 2462 de
2663 2407 2988 2478 quibusdam
3015 2406 3219 2462 dictum
3246 2406 3416 2462 fuisse
3451 2408 3548 2462 :In
3580 2409 3760 2462 anti-

2135 2498 2354 2568 quisest
2387 2499 2672 2568 sapientia
2693 2496 2827 2566 (Job.
2851 2497 2977 2562 xu),
3012 2504 3066 2550 et
3093 2495 3163 2550 de
3210 2496 3555 2567 quibusdam,
3601 2497 3759 2552 Cani

2135 2585 2398 2649 hominis,
2433 2586 2717 2656 sapientia
2757 2586 2896 2655 ejus.
2944 2583 3207 2638 Similiter
3251 2583 3322 2639 de
3357 2583 3699 2656 quibusdam
3735 2601 3751 2638 :

2138 2674 2356 2740 Quanto
2373 2674 2642 2740 iuniores,
2679 2677 2840 2727 tanto
2867 2673 3321 2745 perspicaciores,
3346 2680 3399 2727 et
3415 2671 3485 2726 de
3513 2673 3758 2742 quibus-

2130 2761 2257 2814 dam
2285 2761 2715 2832 intelligendurn,
2747 2762 3249 2832 Quantojuniores,
3301 2764 3460 2816 tanto
3479 2762 3752 2834 pervica-

2128 2850 2325 2915 ciores,
2350 2849 2420 2904 de
2449 2849 2701 2920 qualibus
2741 2848 2938 2903 Paulus
2980 2849 3110 2903 dicit
3143 2866 3156 2902 :
3193 2851 3316 2904 Erit
3351 2853 3574 2920 tempus
3604 2865 3754 2904 cum

2129 2955 2330 2992 sanam
2343 2938 2660 2992 doctrinam
2693 2955 2806 2992 non
2837 2939 3249 3004 substinebunt,
3270 2938 3366 2993 sed
3377 2938 3449 2992 ad
3473 2955 3578 2993 sua
3601 2938 3758 2995 desi-

2131 3027 2290 3080 deria
2317 3027 2728 3082 conservabunt
2749 3027 2851 3082 sibi
2880 3028 3178 3098 magistros
3209 3025 3285 3097 (11
3299 3027 3433 3081 Tim.
3456 3027 3556 3094 tv),
3581 3035 3634 3081 et
3657 3044 3760 3082 re-

2131 3115 2298 3186 liqua.
2331 3116 2398 3168 Et
2417 3115 2672 3186 quoniam
2706 3114 2908 3170 scimus
2929 3115 3042 3180 ubi,
3075 3123 3128 3170 et
3161 3122 3364 3186 quanto
3385 3124 3654 3186 tempore,
3692 3125 3755 3172 et

2125 3203 2394 3274 aquibus,
2427 3212 2478 3258 et
2524 3219 2644 3274 quae
2686 3219 2748 3258 ac
2795 3211 2994 3274 quanta
3050 3203 3306 3269 didicisti,
3367 3205 3457 3274 qui
3507 3219 3618 3258 non
3682 3221 3754 3259 es

2124 3292 2316 3346 doctus
2341 3291 2396 3344 in
2429 3291 2617 3346 schola
2647 3291 2910 3358 Danielis,
2944 3292 3013 3346 de
3045 3307 3152 3363 quo
3201 3291 3417 3358 dicitur,
3469 3292 3754 3364 Nunquid

2123 3384 2189 3436 tu
2216 3381 2449 3435 Daniele
2479 3381 2833 3452 sapientior?
2853 3380 3076 3448 (Επειδὴ.
3096 3383 3331 3450 xxvm.)
3350 3380 3593 3452 quandiu
3610 3383 3750 3436 talia

2121 3467 2217 3522 tibi
2267 3469 2336 3523 ad
2393 3467 2746 3523 intentionem
2803 3476 2950 3522 tuam
2982 3484 3091 3524 non
3147 3467 3454 3540 profutura,
3511 3486 3636 3540 quae
3681 3470 3742 3524 in

2123 3557 2446 3612 commentis
2475 3557 2582 3612 tuis
2609 3557 2968 3623 continentur,
3003 3557 3158 3613 vadis
3191 3556 3469 3626 fodiendo,
3516 3557 3736 3626 utilius,

2117 3647 2228 3701 imo
2259 3647 2386 3718 quia
2415 3647 2532 3701 haec
2563 3645 2774 3699 inutilia
2803 3653 2927 3700 sunt
2955 3645 3086 3701 utile
3139 3645 3237 3700 tibi
3266 3645 3406 3702 foret
3431 3645 3526 3700 illa
3570 3663 3740 3718 qua-

2120 3751 2266 3802 rere,
2298 3751 2418 3806 quae
2446 3735 2513 3788 ad
2541 3741 2690 3788 tuam
2719 3742 2772 3789 et
2797 3733 3213 3790 commissorum
3245 3735 3338 3789 tibi
3371 3734 3740 3791 salvationem

2119 3823 2392 3877 debueras
2421 3823 2682 3892 bajulare.
2722 3823 2941 3878 Scilicet
2998 3823 3269 3894 quomodo
3306 3823 3362 3878 in
3390 3823 3602 3895 regulis
3634 3840 3741 3880 sa-

2119 3897 2226 3966 cris
2255 3911 2459 3965 debeas
2488 3910 2809 3984 intelligere,
2845 3911 2971 3981 quia
2995 3911 3216 3982 quidam
3237 3911 3497 3979 iubentur
3553 3929 3740 3984 usque

2117 3999 2188 4053 ad
2246 3999 2472 4054 missam
2528 4001 3033 4055 catechumenorum
3089 4015 3314 4054 manere
3358 3999 3414 4054 in
3471 3999 3737 4067 ecclesia,

2117 4088 2338 4159 quidam
2369 4096 2551 4142 autem
2577 4087 2694 4142 sola
2723 4088 2864 4142 intra
2891 4088 3179 4143 ecclesiam
3201 4087 3444 4144 fidelium
3482 4089 3739 4146 oratione

2111 4175 2268 4246 jungi
2317 4192 2489 4231 sacrae
2537 4177 2919 4246 mysteriorum
2975 4175 3295 4245 celebritati,
3345 4191 3380 4230 a
3426 4177 3738 4234 Dominicze

2115 4271 2294 4320 autem
2325 4281 2529 4319 mensa:
2551 4265 2798 4319 convivio
2820 4265 3122 4337 segregari.
3148 4265 3214 4318 Et
3250 4266 3357 4320 Leo
3378 4264 3512 4320 dicit
3531 4267 3732 4339 (epist.

2115 4357 2204 4418 91,
2239 4370 2288 4407 c.
2323 4355 2376 4418 4)
2425 4370 2438 4406 :
2504 4374 2525 4402 α
2588 4353 2682 4407 His
2732 4353 2823 4424 qui
2868 4353 2921 4407 in
2969 4361 3214 4424 tempore
3273 4354 3645 4420 necessitatis,
3681 4365 3738 4410 et

415 4445 541 4516 quia
569 4462 755 4500 verum
786 4455 887 4500 est.
920 4447 988 4500 Et
1016 4447 1061 4499 si
1093 4454 1148 4500 tu
1181 4455 1232 4499 to.
1261 4455 1418 4516 putas
1444 4445 1583 4500 scire
1608 4437 1730 4516 quae
1775 4460 1885 4498 non
1933 4444 2016 4498 di-
2043 4434 2339 4512 Dpericnli
2370 4441 2612 4512 urgentis
2643 4441 2916 4507 instantia,
2951 4442 3267 4512 praesidium
3296 4441 3634 4512 paenitentiae
3678 4453 3734 4498 et

415 4534 611 4597 dicisti,
644 4551 749 4605 ego
797 4534 947 4588 illum
991 4535 1265 4588 hominem
1316 4534 1491 4588 solum
1539 4534 1663 4588 dico
1718 4549 1860 4600 esse,
1922 4532 2012 4603 qui

416 4623 570 4678 scivit
597 4639 719 4694 quae
747 4639 856 4678 non
889 4624 958 4676 ab
987 4623 1206 4678 homine
1237 4623 1440 4686 didicit,
1477 4623 1544 4676 de
1577 4637 1683 4692 quo
1732 4621 2010 4676 admiran-

413 4719 496 4764 tes
527 4712 775 4766 dicebant
803 4713 979 4766 Juda’i
1012 4730 1024 4766 :
1061 4711 1334 4778 Quomodo
1371 4712 1459 4766 hic
1475 4712 1698 4766 litteras
1715 4712 1840 4774 scit,
1882 4727 2011 4765 cum

417 4815 532 4853 non
561 4801 822 4856 didicerit
845 4806 867 4855 .9
887 4801 1068 4870 (Joan.
1105 4803 1228 4870 vn.)
1254 4801 1319 4853 Et
1350 4799 1472 4853 ideo
1500 4799 1671 4868 potuit
1681 4815 1782 4868 per
1817 4798 2010 4852 idiotas

416 4894 469 4940 et
498 4886 800 4956 piscatores
821 4889 1016 4944 docere
1046 4897 1312 4952 oratores,
1339 4897 1390 4941 et
1436 4887 1732 4957 subjugare
1779 4886 1881 4938 sibi
1902 4903 2010 4939 im-

414 4983 720 5045 peratores.
754 4976 824 5029 Et
853 4977 980 5046 quia
1009 4994 1113 5050 ego
1142 4978 1264 5032 dico
1294 4977 1446 5030 illum
1501 4975 1678 5030 solum
1737 4974 2009 5030 hominem

417 5079 560 5130 esse,
595 5064 686 5134 qui
717 5064 872 5119 scivit
905 5083 1024 5136 quae
1063 5068 1131 5120 ab
1162 5066 1380 5122 homine
1411 5081 1520 5120 non
1551 5064 1756 5130 didicit,
1791 5073 1844 5117 tu
1867 5064 2006 5118 vide-

417 5153 500 5208 bis
529 5153 597 5207 de
629 5152 810 5217 Paulo,
845 5153 938 5224 qui
964 5154 1092 5208 dicit
1123 5172 1180 5209 se
1209 5171 1318 5209 non
1351 5153 1605 5208 didicisse
1645 5154 1710 5206 ab
1767 5153 2005 5214 homine,

416 5242 512 5296 sed
541 5258 642 5312 per
673 5241 1061 5297 revelationem
1090 5244 1218 5296 Jesu
1249 5243 1468 5308 Christi,
1505 5259 1662 5313 quem
1697 5242 1837 5296 idem
1871 5243 2008 5294 Pau-

413 5329 500 5383 lus
527 5331 799 5386 hominem
853 5346 976 5386 esse
1006 5345 1113 5384 non
1171 5331 1480 5401 denegavit,
1529 5331 1750 5401 quando
1789 5329 1919 5383 dixit
1950 5347 2008 5384 se

416 5417 564 5472 nihil
577 5421 738 5482 seire,
760 5423 876 5476 nisi
889 5422 1082 5476 Iesum
1101 5419 1406 5482 Christum,
1428 5423 1484 5474 et
1501 5420 1649 5474 hunc
1665 5419 2007 5486 cruciﬁxum

418 5505 474 5573 (Ι
499 5504 620 5560 Cor.
643 5508 743 5576 u):
794 5507 922 5578 quia
952 5509 1111 5562 Jesus
1143 5508 1290 5562 Deus
1331 5515 1383 5560 et
1413 5508 1596 5570 homo,
1631 5507 1886 5577 quoniam
1919 5506 2008 5560 di-

2112 4546 2236 4583 mox
2267 4529 2728 4584 reconciliationis
2758 4530 3066 4601 implorant,
3100 4546 3202 4586 nec
3233 4529 3535 4586 satisfactio
3559 4531 3732 4586 inter-

2111 4617 2343 4672 dicenda
2373 4625 2475 4686 est,
2507 4635 2608 4673 nec
2638 4617 3008 4673 reconciliatio
3035 4619 3380 4690 deneganda.
3422 4640 3443 4668 α
3467 4619 3538 4673 Et
3561 4621 3728 4675 Iuno.

2111 4707 2322 4762 centius
2343 4707 2473 4762 dicit
2505 4707 2691 4778 (epist.
2719 4711 2768 4773 1,
2802 4723 2850 4760 c.
2888 4710 2974 4775 19)
3011 4725 3022 4760 :
3057 4709 3122 4762 Ut
3153 4723 3275 4778 quae
3296 4707 3515 4762 Christo
3549 4708 3719 4780 spiri-

2111 4795 2325 4850 tualiter
2351 4796 2558 4849 nubunt
2587 4804 2639 4849 et
2686 4811 2718 4849 a
2767 4795 3052 4850 sacerdote
3101 4796 3364 4862 velantur,
3424 4796 3469 4850 si
3529 4806 3724 4868 postea

2111 4883 2196 4938 vel
2226 4884 2440 4954 publice
2470 4884 2771 4954 nupserint,
2804 4884 2891 4938 vel
2926 4900 2985 4937 se
3041 4883 3291 4940 clanculo
3338 4887 3710 4956 corruperint,

2110 4987 2219 5026 non
2248 4987 2342 5026 eas
2373 4972 2734 5026 admittendas
2764 4988 2886 5026 esse
2916 4971 2986 5026 ad
3022 4973 3290 5044 agendam
3320 4973 3720 5042 paenitentiam,

2107 5060 2212 5114 nisi
2241 5060 2288 5112 is
2317 5060 2404 5114 cui
2433 5076 2493 5114 se
2518 5060 2810 5128 junxerant
2865 5061 2934 5116 de
2989 5061 3191 5116 mundo
3249 5061 3560 5116 recesserit.
3604 5083 3626 5112 ι
3652 5063 3720 5118 Et

2109 5149 2434 5204 leestinus
2461 5149 2591 5204 dicit
2611 5150 2796 5222 (epist.
2833 5153 2882 5215 1,
2919 5165 2967 5204 c.
3001 5151 3060 5220 2)
3095 5151 3201 5205 :Ut
3229 5149 3358 5204 nulli
3389 5150 3458 5203 sit
3517 5151 3711 5206 ultima

2108 5238 2425 5308 poenitentia
2453 5237 2792 5310 deneganda.
2833 5259 2855 5286 ι›
2890 5238 3023 5292 Cum
3055 5237 3200 5294 enim
3249 5237 3431 5294 nullus
3487 5239 3708 5304 dicitur,

2108 5342 2269 5380 nemo
2298 5327 2573 5396 excipitur.
2609 5327 2676 5380 Et
2707 5327 2814 5380 Leo
2845 5327 2982 5380 sicut
3011 5327 3374 5397 praemisimus
3402 5327 3598 5400 (epist.
3625 5333 3711 5393 91,

2105 5431 2161 5470 c.
2201 5418 2255 5470 4)
2290 5433 2302 5467 :
2345 5436 2362 5464 ι
2401 5415 2822 5486 lmplorantibus
2852 5432 2952 5470 nec
2973 5415 3291 5482 satisfactio,
3326 5416 3519 5487 inquit,
3549 5416 3710 5472 inter-

2104 5503 2337 5558 dicenda
2367 5513 2468 5572 est,
2501 5519 2602 5558 nec
2632 5504 3001 5560 reconciliatio
3029 5505 3372 5577 deneganda.
3414 5526 3436 5554 ι
3505 5507 3568 5560 Et
3601 5507 3712 5562 ha-
