4054 6180
279 247 374 302 381

1022 241 1260 301 OPUSC.
1323 242 1410 300 ET
1467 242 1686 300 EPIST.
1745 241 1815 297 [Ν
1861 241 2086 302 CAUSA
2142 245 2488 303 HINCMABI
2543 247 2846 304 LAUDUN.

3479 251 3584 304 3η

293 368 493 425 retices
549 383 617 425 ac
667 367 1043 425 schismatieoe
1098 367 1334 440 legimus
1380 366 1448 422 ad
1505 365 1888 423 ecclesiasticae
1917 367 1976 434 Α
1995 370 2154 426 Rust.
2186 369 2380 437 Narb.,
2423 384 2544 441 cap.
2579 373 2636 440 8)
2667 387 2682 424 :
2717 394 2740 420 ει
2775 369 2984 427 Horum
3033 384 3198 428 causa
3245 371 3346 427 Dei
3384 371 3590 442 judicio

295 456 422 514 ﬁdei
451 465 508 513 et
536 457 690 528 pacis
717 457 976 512 unitatem
1012 457 1298 512 redeuntes
1327 471 1428 526 per
1457 470 1649 510 manus
1683 455 1895 526 episco-

296 545 433 620 palis
451 545 855 619 irnpositionem
877 545 932 600 in
951 545 1237 600 ordinibus
1267 545 1381 600 suis
1410 544 1608 600 debere
1627 543 1894 614 recipere,

296 645 348 692 et
373 635 726 708 presbyteros
755 635 842 690 vel
873 634 1132 690 diaconos
1163 635 1217 689 in
1247 633 1426 706 aliqua
1455 631 1699 706 graviori
1742 631 1898 702 culpa

297 724 602 790 convictos,
633 739 742 796 qua
761 739 858 778 eos
887 739 920 778 a
949 721 1252 778 ministerio
1269 737 1497 778 necesse
1520 721 1589 776 sit
1606 720 1894 786 removeri,

297 829 404 870 non
453 812 538 868 eis
578 828 770 868 manus
813 819 1071 884 tanquam
1119 809 1506 882 paenitentibus
1545 809 1747 864 debere
1790 808 1898 864 im-

298 901 451 976 poni.
511 901 808 958 Sciendum
859 916 995 974 ergo
1036 900 1195 956 nobis
1243 908 1347 961 est,
1399 915 1496 956 cur
1538 897 1807 954 haereticis
1849 906 1902 952 et

300 989 662 1047 schismatieis
693 989 1046 1046 redeuntibus
1075 1005 1268 1044 manus
1296 987 1610 1058 imponitur,
1647 994 1698 1041 et
1734 985 1902 1056 lapsis

299 1078 620 1136 diaeonibus
648 1079 736 1134 vel
765 1077 1098 1150 presbyteris
1144 1078 1213 1132 ad
1259 1075 1754 1132 reconciliationem
1799 1091 1900 1129 ne-

301 1183 577 1244 quaquam
617 1183 814 1222 manus
861 1166 1175 1238 imponitur,
1217 1166 1286 1220 de
1331 1165 1530 1236 quibus
1573 1165 1680 1219 Leo
1724 1163 1899 1218 dicit:

303 1279 324 1306 ι
361 1255 654 1328 Hujumodi
689 1255 858 1328 lapsis
905 1255 975 1310 ad
1005 1255 1427 1326 promerendam
1465 1251 1903 1308 misericordiam

301 1344 403 1402 Dei
459 1345 730 1418 privatam
787 1359 910 1400 esse
965 1344 1323 1414 expetendam
1374 1340 1764 1407 secessionem,
1813 1339 1905 1394 ubi

301 1433 408 1490 illis
440 1432 760 1501 satisfactio,
794 1432 865 1487 sit
892 1430 1051 1486 fuerit
1070 1431 1254 1504 digna,
1277 1430 1345 1485 sit
1366 1430 1531 1484 etiam
1549 1429 1846 1484 fructuosa.
1877 1448 1899 1478 ι

301 1523 371 1580 Et
413 1521 558 1577 idem
599 1521 709 1578 Leo
754 1519 884 1577 dicit
917 1537 932 1574 :
969 1542 992 1571 α
1027 1520 1096 1575 Ut
1125 1519 1172 1574 si
1216 1519 1336 1591 quis
1366 1517 1424 1572 in
1451 1517 1669 1591 regulas
1717 1531 1905 1571 sacras

303 1609 656 1675 commiserit,
687 1607 900 1666 veniam
932 1607 1036 1663 sibi
1061 1607 1321 1679 deinceps
1341 1605 1551 1662 noverit
1581 1603 1901 1676 denegari.»

1995 458 2326 513 reservanda
2356 466 2458 526 est,
2491 457 2548 512 in
2575 459 2730 527 cujus
2757 473 2918 514 manu
2950 458 3068 524 fuit,
3112 471 3171 514 ut
3199 459 3383 515 talium
3412 460 3590 515 obitus

1997 563 2168 617 usque
2205 547 2274 602 ad
2317 547 2714 602 communionis
2755 548 3055 604 remedium
3093 547 3426 604 differretur.
3475 550 3592 604 Nos

1999 643 2180 690 autem
2236 635 2432 707 quibus
2507 636 2812 692 viventibus
2869 653 2977 692 non
3035 637 3589 702 communicavimus,

1997 723 2226 778 mortuis
2253 723 2651 780 communicare
2681 741 2790 780 non
2818 742 3133 796 possumus.
3175 749 3196 773 ››
3231 726 3338 780 Sed
3369 734 3419 781 et
3450 741 3592 798 quo-

1999 812 2162 868 modo
2191 812 2474 868 distinctos
2519 815 2718 884 gradus
2765 815 3160 884 poenitentium,
3209 815 3278 870 de
3311 815 3510 885 quibus
3538 815 3593 869 in

2000 900 2300 957 canonibus
2327 901 2580 973 legimus,
2613 901 2908 972 poeniteant
2936 903 3261 973 pmnitentes
3293 903 3594 958 secundum

1998 988 2251 1060 praeﬁxos
2281 989 2500 1060 gradus,
2534 990 2836 1063 intelligere
2865 1001 2996 1064 quot
3029 991 3153 1060 sint,
3179 999 3230 1046 et
3261 991 3351 1063 qui
3381 991 3508 1061 sint,
3543 999 3596 1046 et

2001 1079 2296 1133 observare
2325 1094 2461 1149 erga
2489 1078 2815 1148 poenitentes
2845 1080 2898 1134 in
2929 1079 3161 1135 ecclesia
3191 1079 3507 1146 debeamus,
3526 1095 3596 1134 ne

2001 1175 2188 1223 contra
2221 1182 2410 1222 sacras
2440 1167 2659 1238 regulas
2688 1166 2970 1237 faciamus,
3013 1185 3175 1224 nosse
3205 1185 3271 1222 ex
3299 1168 3598 1223 canonibus

2002 1256 2177 1310 sacris
2205 1255 2472 1310 debemus
2504 1273 2516 1308 :
2550 1256 2618 1310 de
2649 1255 2846 1326 quibus
2876 1257 3145 1327 quaedam,
3170 1258 3215 1311 si
3246 1257 3300 1310 in
3331 1256 3598 1327 opusculo

2003 1344 2104 1400 isto
2135 1345 2426 1415 diligenter
2454 1345 2768 1410 attenderis,
2821 1354 2872 1399 et
2903 1361 2965 1399 ea
2997 1346 3258 1400 reducere
3285 1347 3354 1399 ad
3383 1360 3596 1400 memo-

2004 1433 2140 1487 riam
2161 1433 2419 1498 volueris,
2441 1449 2560 1504 quae
2583 1433 2694 1502 jam
2713 1433 2808 1487 tibi
2829 1433 3032 1487 dixisse
3048 1449 3137 1488 me
3159 1433 3363 1498 recolo,
3383 1433 3599 1504 quando

2003 1520 2274 1576 videbaris
2327 1521 2698 1592 dignationem
2749 1521 2997 1575 discendi
3054 1521 3292 1587 habere,
3353 1529 3404 1576 et
3457 1519 3600 1575 velle

2003 1609 2249 1664 docenda
2277 1609 2513 1673 discere,
2543 1609 2747 1680 poteris
2777 1609 3102 1682 intelligere.
3129 1610 3264 1664 Sunt
3285 1615 3338 1664 et
3361 1608 3463 1663 alia
3483 1608 3601 1678 plu-

302 1699 372 1756 Et
429 1699 488 1756 S.
547 1697 877 1772 Gregorius,
938 1712 1004 1753 ac
1061 1696 1244 1752 caeteri
1301 1695 1530 1785 Romani
1587 1691 2164 1785 pontiﬁces,Brima,
2217 1714 2336 1769 quae
2367 1697 2491 1751 hinc
2521 1697 2617 1751 tibi
2645 1705 2887 1767 poteram
2936 1707 3277 1768 computare,
3323 1696 3419 1752 sed
3447 1696 3599 1762 mihi,

303 1787 400 1846 sed
459 1795 512 1844 et
567 1786 711 1842 sacri
766 1801 1006 1843 canones
1062 1785 1246 1840 dicunt
1317 1784 1502 1854 lapsos
1581 1782 1637 1836 in
1713 1781 1905 1837 ordine

304 1891 414 1933 non
471 1874 674 1932 debere
731 1873 960 1940 restitui,
1019 1873 1157 1928 sicut
1211 1888 1312 1928 nec
1370 1871 1585 1942 publice
1635 1869 1907 1941 poeniten-

305 1972 388 2022 tes
443 1963 515 2020 ad
571 1962 1002 2020 ecclesiasticum
1057 1961 1308 2016 ordinem
1366 1957 1696 2030 promoveri.
1760 1957 1908 2025 Quo-

303 2051 469 2110 modo
523 2066 660 2123 ergo
705 2049 1040 2123 poenitentia,
1093 2049 1138 2103 si
1187 2047 1350 2103 fuerit
1392 2048 1579 2120 digna,
1629 2062 1752 2102 esse
1803 2062 1908 2116 po-

307 2139 429 2198 terit
484 2138 785 2206 fructuosa,
848 2138 894 2192 si
949 2137 1006 2194 in
1080 2137 1342 2210 gradibus
1415 2135 1528 2190 suis
1596 2133 1908 2204 hujusmodi

304 2227 635 2301 pmnitentes
677 2241 786 2283 non
833 2226 1089 2283 valebunt
1129 2224 1386 2280 restitui?
1429 2223 1571 2292 Quid
1599 2223 1745 2278 enim
1772 2237 1909 2292 pro-

305 2318 426 2374 dest
456 2315 694 2371 triticum
723 2315 1014 2381 seminare,
1065 2323 1117 2370 et
1160 2313 1395 2369 fructum
1438 2313 1583 2367 illius
1611 2327 1721 2366 non
1749 2309 1908 2366 colli-

304 2421 442 2481 gere
460 2404 489 2461 ?
517 2411 610 2460 aut
639 2403 864 2460 domum
890 2411 1228 2469 construere,
1262 2409 1314 2456 et
1342 2417 1452 2456 non
1481 2400 1593 2455 illic
1623 2398 1911 2454 habitare?

304 2492 574 2566 Nunquid
593 2495 690 2566 qui
705 2493 860 2548 cadit
872 2508 987 2548 non
999 2491 1071 2546 ad
1063 2492 1230 2564 jiciet
1243 2494 1310 2546 ut
1322 2493 1610 2560 resurgat?
1629 2489 1815 2560 (Amos
1829 2490 1908 2556 v.)

309 2584 376 2640 Et
405 2581 774 2654 quorumdam
805 2580 1204 2645 haereticorum,
1230 2593 1462 2650 quorum
1495 2577 1766 2649 baptisma
1791 2591 1914 2647 pro«

307 2671 487 2740 batur,
538 2669 772 2726 clericos
821 2669 875 2724 in
923 2668 1205 2724 ordinibus
1249 2667 1362 2722 suis
1407 2665 1593 2738 recipi,
1645 2666 1912 2736 quosdam

309 2769 491 2816 autem
539 2758 777 2832 legimus
816 2757 987 2830 recipi
1015 2773 1123 2811 non
1155 2757 1378 2821 debere,
1411 2763 1464 2810 et
1510 2771 1540 2807 a
1589 2754 1914 2825 quibusdam

309 2847 582 2924 quosdam
611 2846 894 2903 hareticos
923 2845 1011 2901 vel
1041 2843 1418 2900 schismatieos
1447 2858 1572 2899 cum
1603 2842 1914 2897 chrismatis

309 2937 587 3002 unctione,
619 2951 654 2990 a
682 2934 1008 3007 quibusdam
1036 2933 1302 3006 quosdam
1330 2949 1430 3004 per
1459 2947 1654 2986 manus
1685 2930 1912 3000 imposi-

309 3027 516 3083 tionem
547 3024 668 3079 sine
697 3023 1002 3080 chrismatis
1033 3021 1307 3088 unctione,
1339 3037 1372 3076 a
1393 3020 1719 3092 quibusdam
1752 3035 1916 3090 quos-

307 3113 437 3170 dam
464 3113 588 3168 sine
615 3128 812 3168 manus
841 3110 1205 3183 impositione,
1241 3125 1366 3166 cum
1387 3107 1732 3180 professione
1755 3107 1916 3161 simul
1943 3081 1993 3144 δ

308 3212 361 3259 et
394 3199 820 3272 subscriptione,
853 3215 887 3255 a
906 3199 1232 3270 quibusdam
1249 3198 1516 3271 quosdam
1545 3205 1751 3250 tantum
1781 3211 1915 3266 pro-

308 3291 554 3348 fessione
581 3289 754 3360 recipi
783 3289 986 3344 debere
1006 3287 1260 3361 legimus.
1294 3287 1357 3340 Et
1381 3286 1506 3340 item
1535 3285 1592 3339 in
1623 3285 1796 3340 sacris
1825 3300 1917 3338 ca-

309 3380 549 3436 nonibus
580 3378 816 3452 legimus
866 3378 1046 3448 (conc.
1097 3377 1310 3432 Arelat.
1347 3391 1406 3442 ιι,
1459 3391 1581 3431 can.
1609 3377 1700 3445 25)
1737 3393 1750 3428 :
1787 3395 1808 3423 α
1849 3373 1918 3427 Ut

308 3469 364 3524 hi
395 3469 490 3540 qui
517 3475 645 3540 post
675 3474 918 3522 sanctam
951 3465 1234 3538 religionis
1263 3463 1663 3536 professionem
1691 3469 1916 3532 aposta-

307 3564 445 3624 tant,
480 3564 536 3612 et
563 3555 633 3611 ad
661 3555 916 3612 seculum
938 3554 1187 3619 redeunt,
1211 3561 1263 3609 et
1283 3552 1630 3624 postmodum
1650 3549 1916 3621 poeniten-

311 3645 398 3702 tiae
427 3645 672 3701 remedia
701 3660 812 3699 non
841 3643 1143 3716 requirunt,
1177 3641 1294 3698 sine
1323 3640 1640 3713 pmnitentia
1669 3654 1917 3694 commu-

312 3735 536 3792 nionem
583 3733 798 3805 penitus
827 3748 938 3788 non
978 3731 1266 3802 accipiant.
1308 3755 1328 3778 »
1380 3731 1448 3784 Et
1480 3747 1494 3784 :
1521 3751 1556 3782 λ
1587 3728 1918 3783 Poenitentes

313 3823 400 3896 qui
425 3823 484 3878 in
529 3820 840 3878 infimitate
890 3820 1148 3876 viaticum
1180 3817 1554 3874 eueharistica:
1584 3815 1914 3887 acceperint,

317 3926 425 3968 non
454 3927 515 3968 se
547 3909 777 3966 credant
805 3908 1084 3964 absolutos
1112 3907 1228 3962 sine
1257 3922 1454 3962 manus
1482 3905 1848 3976 impositione,
1873 3903 1922 3958 si

318 3998 732 4071 supervixerint.
773 4021 794 4045 »
848 3998 918 4052 Et
956 3996 1214 4068 legimus,
1262 3995 1387 4067 quia
1437 3994 1575 4049 sicut
1623 4009 1790 4048 unum
1837 3999 1920 4047 est

318 4087 606 4159 baptisma,
655 4085 730 4140 ita
787 4093 840 4140 et
885 4099 993 4139 una
1035 4085 1199 4138 debet
1245 4097 1368 4138 esse
1413 4081 1748 4153 poenitentia,
1800 4095 1920 4150 quae

319 4184 496 4232 tamen
525 4173 743 4246 publice
772 4173 970 4245 agitur.
1020 4173 1092 4226 Et
1137 4180 1260 4226 sunt
1310 4171 1364 4225 in
1411 4171 1612 4226 nostris
1643 4167 1921 4240 parochiis

319 4263 550 4336 plurimi,
612 4262 706 4334 qui
760 4269 884 4334 post
913 4260 1282 4330 paenitentiam
1333 4267 1384 4314 et
1426 4258 1918 4314 reconciliationem

319 4367 413 4423 per
465 4366 667 4408 manus
719 4349 1143 4423 impositionem,
1202 4356 1254 4402 et
1294 4356 1419 4419 post
1459 4345 1917 4412 communionem,

2008 1786 2314 1857 prmsertim
2343 1785 2484 1840 inter
2526 1785 2712 1857 spinas
2761 1787 3064 1852 seminanti,
3118 1803 3239 1841 esse
3283 1786 3508 1856 longum
3553 1793 3606 1841 et

2009 1875 2105 1929 tibi
2159 1873 2552 1929 infructuosum
2608 1873 2724 1930 fore
2782 1875 3069 1940 existimo,
3126 1875 3219 1946 qui
3273 1875 3605 1930 voluntatem

2009 1970 2158 2018 tuam
2185 1979 2248 2018 ac
2277 1962 2609 2018 desiderium
2639 1963 2710 2017 ad
2739 1979 2805 2018 ea
2827 1963 3050 2018 tendere
3079 1963 3350 2017 inhianter
3369 1961 3532 2017 audio
3554 1969 3606 2016 et

2009 2051 2189 2118 video,
2204 2069 2327 2124 qua:
2358 2056 2630 2124 tanquam
2649 2054 2848 2122 fenum
2869 2053 3135 2107 velociter
3155 2055 3432 2114 arescent,
3453 2051 3603 2104 etsi-

2008 2144 2106 2197 cut
2135 2141 2290 2195 olera
2321 2140 2622 2195 herbarum
2651 2141 2763 2195 cito
2795 2139 3055 2196 decident
3084 2138 3504 2210 (Psal.xxx1x.)
3524 2137 3603 2192 De

2010 2228 2206 2300 quibus
2239 2228 2434 2283 iterum
2483 2228 2744 2298 scriptum
2772 2236 2853 2282 est
2887 2247 2900 2281 :
2933 2230 3298 2284 Dormierunt
3343 2243 3605 2282 somnum

2010 2334 2197 2382 suum,
2217 2321 2272 2372 et
2303 2317 2452 2372 nihil
2480 2319 2828 2372 invenerunt
2843 2333 3035 2373 omnes
3064 2317 3172 2372 viri
3191 2316 3523 2372 divitiarum
3544 2316 3605 2370 in

2009 2407 2272 2462 manibus
2299 2407 2440 2461 suis.
2463 2406 2539 2461 Ab
2559 2407 2948 2478 increpatione
2979 2409 3098 2472 tua,
3119 2407 3266 2460 Deus
3285 2403 3468 2472 Jacob,
3488 2404 3607 2459 dor-

2010 2497 2362 2550 mitaverunt
2383 2496 2476 2567 qui
2497 2495 2879 2550 ascenderunt
2899 2510 3063 2567 equos
3081 2494 3254 2564 (Psal.
3279 2492 3478 2562 Lxxv).
3507 2515 3528 2542 ι
3549 2493 3609 2546 ln

2010 2592 2182 2639 morte
2217 2584 2430 2648 animae,
2463 2583 2630 2656 inquit
2663 2583 2985 2654 Gregorius,
3019 2583 3216 2637 mentis
3245 2581 3432 2636 oculos
3460 2596 3494 2635 a
3523 2596 3608 2635 ve—

2013 2673 2187 2726 ritatis
2217 2673 2359 2727 lucet
2388 2672 2717 2740 clauserunt,
2743 2673 2835 2742 qui
2865 2671 2917 2724 in
2947 2671 3230 2740 praesentis
3247 2670 3369 2725 vitae
3399 2671 3606 2724 honore

2013 2759 2203 2816 confisi
2225 2768 2350 2814 sunt
2381 2777 2392 2814 :
2429 2759 2520 2831 qui
2541 2759 2856 2830 temporalis
2877 2775 3028 2812 amor
3049 2767 3101 2812 et
3121 2759 3308 2825 honor,
3331 2766 3442 2810 tum
3468 2756 3605 2811 sicut

2011 2849 2193 2904 fumus
2209 2847 2480 2916 deﬁcient,
2514 2848 2618 2902 nisi
2639 2848 2710 2902 ad
2728 2856 2942 2918 tempus
2961 2847 3127 2901 fueris
3142 2846 3268 2900 inde
3285 2860 3604 2909 conversus,

2013 2937 2229 3010 quando
2272 2936 2519 2991 transibit
2547 2945 2717 3006 actus,
2765 2935 3006 2990 manebit
3049 2935 3146 2990 tibi
3177 2943 3378 2989 reatus.
3411 2954 3432 2980 ι»
3481 2933 3610 2988 Ideo

2013 3033 2319 3096 oportuerat
2351 3033 2402 3096 te
2433 3025 2539 3090 illa,
2601 3041 2722 3096 quae
2753 3025 2841 3079 hic
2871 3023 2966 3078 tibi
2993 3023 3254 3094 prodesse
3286 3023 3608 3093 inciperent,

2015 3123 2066 3170 et
2097 3116 2151 3168 in
2185 3131 2404 3185 semper
2449 3114 2700 3169 existenti
2749 3113 2950 3169 saeculo
2997 3113 3226 3184 amplius
3264 3111 3609 3183 prodessent,

2015 3205 2254 3277 quando,
2276 3204 2412 3258 sicut
2433 3203 2561 3258 dicit
2577 3203 2888 3273 Apostolus,
2915 3204 3100 3257 veniet
3128 3202 3270 3274 quod
3294 3203 3613 3272 perfectum

2015 3297 2118 3357 est,
2143 3297 2198 3346 et
2215 3293 2578 3348 evacuabitur
2598 3292 2741 3363 quod
2761 3294 3014 3362 exparte
3032 3294 3116 3344 est
3137 3290 3188 3357 (Ι
3209 3290 3328 3345 Cor.
3344 3289 3612 3358 xm),tota

2016 3380 2212 3434 mentis
2244 3379 2532 3435 devotione
2591 3378 2864 3448 amplecti,
2913 3378 2982 3432 de
3031 3377 3226 3447 quibus
3255 3377 3302 3430 si
3329 3375 3492 3430 hodie
3520 3383 3613 3430 aut

2015 3485 2138 3526 cras
2165 3468 2540 3539 interrogatus
2569 3465 2759 3532 fueris,
2787 3481 2918 3521 vera
2946 3475 2998 3519 et
3017 3465 3256 3520 salubria
3277 3464 3610 3534 respondere

2016 3557 2247 3613 valeres.
2295 3556 2404 3610 Sed
2446 3555 2568 3626 quia
2596 3571 2727 3608 usus
2755 3554 2996 3625 pessimo
3041 3560 3361 3624 preceptore
3409 3551 3608 3622 teipso,

2015 3644 2332 3716 dedignaris
2360 3644 2502 3698 scire
2534 3644 2678 3714 quod
2709 3643 2905 3708 nescis,
2939 3659 3064 3696 cum
3093 3641 3218 3696 inde
3247 3641 3612 3712 interrogatus

2016 3733 2204 3802 fueris,
2247 3741 2340 3787 aut
2383 3732 2682 3788 baesitando
2711 3730 3079 3785 dissimulabis
3123 3729 3474 3800 respondere,
3519 3735 3614 3783 aut

2017 3823 2221 3878 incerta
2242 3821 2766 3891 studebisperverse
2785 3820 3005 3874 docere.
3029 3818 3272 3874 Tandem
3291 3818 3362 3872 ab
3383 3833 3450 3872 eo
3467 3816 3612 3888 quod

2018 3912 2073 3967 in
2101 3910 2207 3966 fine
2255 3909 2494 3981 pitacioli
2523 3909 2598 3964 tui
2636 3908 2829 3962 misisti
2861 3925 2874 3962 :
2911 3929 2931 3958 α
2965 3906 3287 3971 Decretalia,
3337 3905 3608 3977 inquiens,

2019 4017 2141 4072 quae
2196 4015 2228 4054 a
2273 3999 2475 4054 sanctis
2519 3995 2862 4068 pontificibus
2905 3996 3094 4066 primae
3150 3995 3298 4050 sedis
3353 3995 3613 4049 Romanae

2017 4088 2283 4144 Ecclesia:
2309 4095 2433 4142 sunt
2462 4085 2724 4150 instituta,
2757 4085 2908 4154 cujus
2939 4084 3256 4140 auctoritate
3288 4091 3452 4154 atque
3485 4097 3610 4136 san-

2019 4177 2197 4233 ctione
2227 4193 2418 4232 omnes
2467 4175 2660 4247 synodi
2691 4183 2744 4228 et
2776 4181 2966 4228 sancta
3009 4172 3238 4229 concilia
3285 4172 3615 4227 roborantur

2019 4274 2073 4321 et
2102 4265 2447 4320 stabilitatem
2477 4270 2716 4324 sumunt,
2767 4279 2862 4315 cur
2893 4277 2990 4316 vos
3019 4277 3129 4315 non
3168 4261 3367 4314 habere
3398 4259 3484 4314 vel
3513 4259 3616 4314 ob-

2021 4353 2226 4409 servari
2255 4351 2456 4416 dicitis,
2490 4351 2594 4404 nisi
2623 4350 2750 4420 quia
2778 4357 2973 4404 vestras
2993 4347 3315 4403 ordinationi
3337 4347 3617 4401 contradi-

320 4440 514 4495 iterum
542 4439 817 4505 labuntur,
841 4453 950 4493 non
973 4437 1148 4493 solum
1169 4437 1360 4500 semel,
1383 4436 1480 4490 sed
1509 4443 1561 4490 et
1591 4434 1830 4489 secundo
1851 4447 1911 4488 ac

2021 4441 2190 4498 cunt?
2226 4465 2246 4486 ι»
2281 4441 2446 4494 Miror
2477 4453 2644 4509 quare
2673 4453 2780 4492 non
2811 4436 2990 4492 vidisti
3024 4444 3074 4490 te
3104 4433 3388 4489 manifeste
3422 4434 3617 4489 redar-

321 4528 474 4586 tertio
506 4545 520 4582 :
556 4527 833 4599 quomodo
873 4526 1032 4581 nobis
1075 4526 1142 4580 de
1186 4525 1274 4580 his
1305 4524 1612 4580 faciendum
1643 4523 1730 4588 sit,
1774 4538 1916 4589 cum,

321 4616 453 4674 sicut
493 4615 893 4688 praemisimus,
963 4615 1080 4669 sine
1117 4613 1437 4685 poenitentia
1482 4610 1919 4666 communionem

321 4720 426 4762 non
455 4703 742 4775 accipient,
779 4702 864 4760 vel
910 4702 1183 4774 quomodo
1214 4699 1304 4773 qui
1334 4699 1604 4771 accipiunt
1635 4699 1919 4753 eucharis-

319 4793 462 4860 tiam,
487 4801 541 4848 et
563 4792 646 4849 sic
677 4791 1002 4860 moriuntur,
1035 4789 1271 4844 absoluti
1292 4797 1470 4856 erunt,
1495 4787 1586 4859 qui
1608 4803 1714 4842 non
1737 4795 1922 4840 essent

322 4881 556 4938 absoluti
589 4880 707 4937 sine
743 4895 939 4935 manus
982 4877 1343 4950 impositione,
1397 4877 1442 4930 si
1489 4875 1918 4947 superviverent.

320 4969 388 5025 Et
401 4971 457 5026 in
472 4969 652 5025 sacris
667 4968 967 5025 canonibus
987 4968 1220 5041 legimus
1243 4969 1420 5037 (conc.
1449 4967 1664 5032 Vasen.,
1689 4980 1812 5020 ean.
1831 4965 1888 5031 2)
1906 4979 1918 5016 :

325 5082 346 5104 α
380 5059 610 5123 Eorum,
641 5057 733 5131 qui
761 5057 1077 5129 pmnitentia
1093 5064 1318 5126 accepta
1347 5057 1403 5110 in
1431 5055 1576 5110 bono
1606 5054 1730 5110 vitm
1759 5067 1922 5109 cursu

273 5193 290 5200 -
323 5146 682 5204 satisfactoria
726 5147 1144 5217 compunctione
1189 5145 1456 5212 viventes,
1510 5143 1626 5198 sine
1673 5157 1922 5196 commu-

322 5235 483 5292 nione
512 5235 794 5305 inopinato
841 5249 1229 5304 nonnunquam
1271 5231 1503 5287 transitu
1554 5231 1611 5284 in
1654 5230 1800 5302 agris
1830 5237 1922 5282 aut

323 5323 376 5382 in
403 5323 692 5380 itineribus
720 5321 1144 5394 praeveniuntur,
1175 5321 1505 5375 oblationem
1528 5317 1918 5388 recipiendam,

323 5420 374 5468 et
402 5427 596 5470 eorum
624 5409 818 5466 funera
845 5425 908 5466 ac
937 5407 1197 5479 deinceps
1212 5407 1534 5464 memoriam
1550 5405 1921 5462 ecclesiastico

323 5506 516 5568 doctu
544 5507 1008 5580 prosequendum.
1051 5528 1072 5556 »
1107 5506 1174 5566 Et
1203 5506 1312 5562 Leo
1341 5504 1472 5562 dicit
1500 5505 1688 5577 (epist.
1727 5505 1816 5568 92,
1851 5501 1923 5557 ad

2022 4530 2117 4603 gui
2149 4537 2202 4584 et
2231 4526 2526 4598 increpari,
2560 4543 2680 4581 cum
2709 4525 2820 4590 illa,
2845 4541 2966 4597 qua:
2986 4523 3081 4578 tibi
3102 4524 3156 4577 in
3171 4537 3342 4594 parva
3362 4523 3618 4578 schedula

2021 4619 2166 4690 apud
2199 4614 2456 4671 Gundulﬁ
2488 4616 2670 4670 villam
2699 4614 2845 4680 dedi,
2881 4623 2933 4669 et
2961 4614 3016 4667 in
3043 4614 3146 4667 hoc
3175 4611 3437 4682 opusculo
3457 4627 3618 4680 supra

2022 4707 2200 4778 posui,
2229 4723 2352 4778 quae
2382 4713 2592 4760 certum
2625 4712 2706 4758 est
2738 4713 2786 4757 te
2816 4703 3036 4770 habere,
3069 4701 3285 4771 penitus
3309 4699 3618 4769 prmtermi-

2023 4797 2180 4861 seris,
2215 4795 2337 4863 nisi,
2398 4802 2455 4848 ut
2483 4801 2536 4847 tu
2565 4793 2682 4864 ipse
2712 4809 2778 4846 ex
2805 4791 3028 4845 alterius
3058 4789 3240 4843 verbis
3270 4787 3326 4841 in
3353 4796 3445 4842 tuo
3473 4787 3618 4858 pita-

2023 4885 2164 4941 ciolo
2195 4883 2481 4955 scripsisti,
2534 4882 2625 4953 qui
2654 4889 2756 4936 tua:
2783 4877 3111 4934 ordinationi
3131 4920 3144 4940 ,
3195 4877 3250 4931 id
3280 4885 3364 4932 est
3391 4884 3495 4931 tua;
3524 4892 3620 4932 vo-

2023 4973 2230 5036 luntati,
2275 4981 2327 5027 et
2357 4980 2460 5027 tum
2488 4969 2769 5024 intentioni
2799 4966 3190 5022 contradicunt.
3251 4964 3404 5020 Unde
3433 4964 3620 5020 inferri

2025 5063 2117 5117 tibi
2147 5071 2292 5116 recte
2321 5067 2501 5131 potest
2530 5058 2676 5130 quod
2707 5056 2967 5126 scriptum
2998 5062 3082 5110 est
3115 5072 3128 5108 :
3161 5057 3248 5110 Ea:
3295 5054 3472 5110 verbis
3504 5055 3620 5109 tuis

2024 5156 2079 5207 te
2101 5151 2296 5222 judico
2345 5150 2500 5214 (Luc.
2541 5149 2687 5213 XIX),
2740 5143 2878 5200 sicut
2925 5145 3042 5214 ipse
3081 5143 3346 5214 scripsisti
3377 5141 3567 5198 dicens
3601 5159 3614 5194 :

2027 5262 2048 5290 κ
2071 5241 2212 5294 Ecce
2231 5238 2316 5291 hic
2329 5236 2730 5291 evidentissimc
2751 5233 3068 5297 ostenditur,
3094 5233 3140 5286 si
3163 5233 3282 5303 quis
3301 5238 3492 5286 contra
3512 5230 3621 5285 Ro-

2021 5343 2304 5382 manorum
2335 5323 2646 5395 pontificum
2676 5323 2896 5378 decreta
2925 5321 3158 5393 obloqui.
3177 5319 3608 5391 praesumpserit,

2014 5417 2135 5485 jure
2168 5413 2482 5469 temeritatis
2511 5421 2790 5486 arguetur.
2829 5433 2852 5461 »
2886 5411 3056 5480 Igitur
3085 5410 3209 5480 lege
3238 5408 3384 5463 illam
3415 5408 3616 5480 praefa-

2020 5513 2131 5560 tam
2161 5503 2494 5564 schedulam.
2518 5511 2572 5556 et
2601 5516 2765 5572 supra
2785 5499 2988 5570 scripta
3007 5496 3322 5569 pontiﬁcum
3344 5497 3617 5554 Romano-
