4054 6180
352 235 456 286 383

351 365 477 410 rum
505 353 727 410 decreta
755 369 823 409 ex
852 355 1019 410 sacris
1047 354 1350 410 canonibus
1380 355 1746 427 promulgata,
1779 364 1834 411 et
1862 357 1950 411 in-
1971 359 2028 420 Α

352 443 540 500 venies
568 449 622 498 te
648 441 872 514 obloqui
923 441 1237 514 pontiﬁcum
1269 445 1636 500 Romanorum
1667 444 1908 500 decretis
1939 463 1953 500 :

353 540 404 586 et
433 531 652 603 quando
681 530 850 586 altera
895 531 1014 587 vice
1043 531 1123 587 sic
1151 540 1403 588 accurate
1431 532 1685 598 dictabis,
1739 534 1954 589 studio-
1992 531 1998 538 ’

342 635 443 676 sus
473 619 649 690 poli-e
675 619 918 691 linguam
967 627 1110 674 tuam
1153 619 1392 684 curabis,
1448 636 1518 676 ne
1548 621 1739 677 vitiose
1769 629 1956 676 contra

352 715 496 763 tuam
554 708 966 780 grammaticam
1021 708 1234 774 dictes,
1293 709 1430 764 sicut
1484 709 1574 764 hic
1631 708 1806 766 fecisti
1865 710 1954 764 di-

353 811 485 852 cens
519 814 532 851 :
567 796 622 852 Si
653 797 774 868 quis
795 804 982 850 contra
1003 797 1366 852 Romanorum
1388 796 1703 868 pontiﬁcum
1733 799 1954 854 decreta

352 884 574 958 obloqui
629 885 1056 956 praesumpserit.
1138 886 1252 941 Nos
1323 885 1468 940 enim
1542 885 1818 956 simplices
1888 903 1955 943 ac

351 962 552 1040 idiotas,
603 973 648 1028 si
692 973 818 1029 hinc
863 973 1011 1045 loqui
1057 973 1412 1046 contingeret,
1471 974 1799 1038 diceremus,
1860 984 1954 1030 aut

350 1069 539 1118 contra
585 1061 952 1118 Romanorum
1015 1060 1330 1132 pontiﬁcum
1375 1063 1592 1118 decreta
1643 1062 1809 1134 loqui,
1863 1073 1954 1118 aut

351 1149 720 1206 Romanorum
777 1149 1094 1221 pontiﬁcum
1171 1149 1408 1204 decretis
1483 1151 1724 1222 obloqui.
1803 1151 1951 1206 Idem

349 1237 495 1293 enim
551 1247 654 1304 est,
713 1247 804 1292 aut
851 1246 1040 1294 contra
1082 1239 1448 1294 Romanorum
1491 1238 1804 1308 pontiﬁcum
1848 1240 1950 1294 de-

348 1334 496 1382 creta
549 1327 716 1398 loqui,
777 1335 866 1380 aut
919 1326 1286 1380 Romanorum
1341 1325 1656 1396 pontiﬁcum
1705 1327 1952 1383 'decretis

349 1414 590 1486 obloqui,
639 1422 694 1468 ut
738 1429 846 1468 non
891 1414 1304 1470 contemnendae
1347 1415 1682 1470 auctoritatis
1723 1414 1952 1470 falsator

347 1502 480 1558 dicit
513 1520 526 1556 :

481 1658 780 1716 Obloquitnr
811 1659 1034 1706 numeris
1061 1661 1254 1716 septem
1284 1659 1577 1706 discrimina
1615 1671 1808 1708 vocum.

348 1793 501 1848 Unde
520 1801 642 1850 tuus
663 1793 904 1861 Servius,
924 1794 1242 1867 obloquitur
1255 1797 1532 1861 numeris,
1557 1795 1790 1850 dicendo
1809 1797 1950 1852 oblo-

347 1883 562 1954 quitur.
629 1881 962 1937 chordarum
1025 1882 1294 1952 expressit
1337 1883 1578 1950 laudem,
1627 1898 1764 1954 quas
1819 1881 1950 1938 dicit

343 1969 526 2025 verbis
555 1969 761 2024 locutas
794 1987 807 2024 :
840 1969 1062 2042 obloqui
1094 1970 1238 2024 enim
1267 1986 1378 2024 non
1402 1979 1486 2026 est
1515 1970 1619 2024 nisi
1649 1979 1838 2027 contra
1868 1971 1949 2026 lo-

346 2064 602 2128 quentem
625 2057 792 2129 loqui.
823 2057 946 2126 Qua
974 2059 1042 2113 de
1070 2073 1152 2124 re,
1186 2059 1233 2112 si
1265 2057 1520 2114 talionem
1552 2058 1682 2113 mihi
1712 2059 1946 2114 reddere

346 2144 606 2212 volueris,
637 2153 692 2200 et
719 2147 774 2200 in
805 2147 966 2202 dictis
1010 2147 1148 2202 meis
1192 2147 1648 2216 reprehensiones
1692 2163 1947 2218 quaerens

342 2233 615 2288 inveneris
641 2276 655 2300 ,
713 2250 818 2305 ego
869 2235 984 2304 jam
1035 2235 1237 2306 spretis
1277 2235 1602 2303 jactantibus
1652 2251 1946 2306 puerorum

341 2321 644 2392 plausibus,
679 2322 771 2393 qui
798 2331 1051 2378 manente
1080 2322 1292 2394 integro
1325 2339 1510 2388 sensu,
1561 2323 1615 2376 in
1647 2323 1827 2378 verbis
1855 2340 1946 2378 me

343 2409 522 2482 magis
558 2409 790 2480 intelligi
819 2426 1024 2482 quaero,
1077 2426 1242 2482 quam
1289 2411 1570 2477 admirari,
1617 2427 1741 2466 cum
1777 2412 1946 2467 Paulo

343 2497 532 2554 dicans
547 2513 560 2552 :
576 2499 647 2553 Et
662 2501 712 2554 si
729 2499 1030 2571 imperitus
1052 2514 1328 2568 sermone,
1354 2515 1468 2555 non
1487 2503 1680 2554 tamen
1700 2501 1945 2556 scientia

342 2585 419 2655 (ΙΙ
448 2586 567 2643 Cor.
599 2601 682 2652 χι,
727 2587 801 2656 6).
849 2585 969 2641 Tibi
1016 2594 1194 2642 autem
1243 2602 1387 2642 novo
1416 2587 1794 2660 grammatico,
1828 2587 1940 2659 qui,

340 2682 396 2728 ut
424 2673 681 2730 frondosa
711 2683 764 2730 et
794 2675 1073 2730 condensa
1103 2675 1288 2740 arbor,
1325 2674 1467 2730 foliis
1496 2684 1720 2730 ornatus
1750 2675 1946 2730 verbo-

341 2779 462 2818 rum
491 2763 734 2834 phaleris
763 2763 934 2819 debes
963 2763 1240 2832 incedere,
1273 2772 1327 2818 et
1355 2771 1448 2818 tua
1478 2761 1738 2834 ﬁgmenta
1767 2779 1942 2836 gran-

339 2851 548 2906 disonis
577 2867 842 2922 pompare
865 2851 1062 2916 modis,
1099 2859 1152 2906 et
1183 2853 1238 2905 in
1258 2867 1475 2906 omnem
1499 2860 1720 2906 ventum
1743 2851 1944 2906 inﬂatis

338 2939 531 2994 buccis
549 2939 937 3010 grammaticas
957 2954 1181 3010 spumas
1203 2955 1487 3010 exspuere,
1511 2941 1614 2994 hoc
1633 2940 1817 2995 dicere
1833 2955 1943 2995 non

1316 232 1655 287 HINCMA-Rl
1711 233 2115 290 RHEMENSIS
2155 233 2704 292 ARCHIEPISCOPI.

3558 245 3662 299 384

2639 361 2864 418 CAPUT
2903 361 3078 418 XXV.

2059 466 2138 521 De
2158 466 2502 544 auctoritate
2523 472 2582 522 et
2609 468 2947 544 differentia
2969 469 3339 544 conciliorum
3368 475 3424 526 et
3453 473 3666 544 episto-

2315 539 2502 592 laru-m
2531 538 2679 593 sedis
2706 541 3028 611 apostolicae
3051 541 3407 612 pontiﬁcum.

2131 642 2213 697 De
2243 650 2440 698 caetero
2467 644 2613 714 quod
2643 645 2832 699 Daniel
2863 645 2991 702 dicit
3023 663 3038 700 :
3069 647 3515 702 Pertransibunt
3533 650 3667 720 plu-

2060 729 2213 795 rimi,
2248 737 2305 785 et
2325 733 2638 804 multiplex
2661 735 2771 788 erit
2791 735 3032 789 scientia
3057 736 3222 800 (Dan.
3248 736 3371 796 xu).
3397 737 3666 792 Dominus

2059 817 2396 873 demonstrat
2419 820 2487 873 ad
2508 821 2752 892 Moysem
2773 821 2964 878 dicens
2996 840 3008 875 :
3043 824 3154 894 Ego
3177 839 3304 877 sum
3327 825 3472 881 Deus
3494 825 3668 880 Abra-

2059 905 2211 970 ham,
2236 911 2293 962 et
2324 909 2468 963 Deus
2503 909 2679 975 Isaac,
2713 913 2772 964 et
2792 911 2935 966 Deus
2957 911 3140 974 Jaco'b,
3167 915 3224 966 et
3243 928 3450 968 nomen
3474 929 3670 969 meum

2057 994 2275 1050 Adonei
2286 1012 2398 1051 non
2422 997 2672 1054 iudicavi
2687 999 2768 1053 eis
2789 999 2986 1066 (Exod.
3009 1004 3110 1064 v1);
3127 1001 3356 1072 etlonge
3377 1009 3502 1070 post
3523 1002 3670 1073 Moy-

2058 1097 2174 1136 sem
2215 1083 2390 1138 David
2420 1084 2549 1140 dicit
2578 1103 2591 1138 :
2617 1086 2794 1157 Super
2825 1089 3073 1142 seniores
3105 1103 3256 1144 meo:
3297 1089 3567 1144 intellexi
3585 1095 3662 1155 et,

2056 1187 2225 1242 super
2254 1189 2446 1226 omnes
2467 1173 2728 1228 docentes
2752 1191 2841 1230 me
2864 1176 3133 1230 intellexi
3162 1175 3337 1245 (I’sal.
3357 1179 3578 1244 cxvm);
3611 1187 3670 1233 et

2053 1260 2286 1329 apostoli
2317 1261 2568 1316 viderunt
2585 1270 2638 1316 et
2667 1263 2956 1318 audierunt
2972 1264 3117 1334 quod
3140 1263 3294 1318 multi
3310 1265 3514 1336 antiqui
3532 1266 3666 1335 justi

2057 1347 2436 1403 desiderantes
2456 1365 2566 1404 non
2583 1350 2837 1405 viderunt
2851 1350 2937 1406 vel
2957 1351 3263 1406 audierunt.
3290 1351 3447 1420 Quod
3471 1353 3667 1408 beatus

2058 1434 2330 1502 Gelasius,
2383 1438 2662 1508 sapientiae
2705 1446 2759 1492 et
2806 1439 3048 1494 scientias
3077 1440 3269 1510 spiritu
3299 1441 3558 1511 repletus,
3606 1442 3662 1496 in

2056 1524 2326 1596 catalogo,
2361 1526 2452 1596 qui
2481 1526 2608 1580 libri
2639 1526 2708 1581 ab
2738 1527 2987 1582 Ecclesia
3021 1528 3284 1583 catholica
3306 1529 3657 1600 recipiantur,

2053 1620 2178 1682 post
2207 1612 2631 1683 descriptionem
2663 1615 3095 1670 authenticarum
3125 1616 3554 1686 Scripturarum,
3605 1625 3660 1672 et

1977 1707 2032 1768 Β
2052 1700 2290 1766 Nicaeus,
2324 1702 2942 1774 Constantinopolitana,
2990 1720 3052 1758 ac
3082 1705 3377 1775 Ephesina,
3430 1705 3662 1762 Chalce-

2053 1789 2284 1844 donensi
2315 1806 2530 1861 quoque
2563 1791 2788 1861 synodis
2834 1793 3296 1860 commemoratis,
3333 1793 3610 1860 subjunxit
3641 1812 3656 1848 ε

2058 1897 2080 1926 ι
2113 1877 2182 1932 Ει
2210 1877 2256 1930 si
2287 1893 2393 1948 qua
2423 1887 2548 1932 sunt
2577 1879 2807 1934 concilia
2845 1894 2878 1933 a
2925 1879 3128 1934 sanctis
3159 1881 3410 1935 Patribus
3439 1881 3658 1936 institu-

2050 1973 2124 2032 ta,
2176 1973 2296 2035 post
2327 1966 2522 2020 horum
2551 1975 2781 2038 quatuor
2813 1969 3186 2024 auctoritatem
3215 1977 3268 2023 et
3298 1969 3657 2026 custodienda

2051 2061 2107 2107 et
2151 2053 2465 2123 recipienda
2512 2055 2876 2111 decrevimus.
2914 2079 2935 2104 υ
2993 2057 3440 2112 Commemoratis
3487 2058 3654 2114 etiam

2051 2141 2330 2212 opusculis
2377 2144 2803 2198 orthodoxorum
2853 2160 2918 2198 ex
2962 2144 3183 2200 nomine
3217 2145 3650 2217 designatorum,

2052 2229 2296 2299 adjunxit
2345 2230 2536 2286 dicens
2570 2249 2582 2285 :
2641 2252 2662 2281 α
2698 2233 2833 2286 Item
2879 2232 3142 2302 opuscula
3185 2241 3346 2305 atque
3393 2242 3655 2290 tractatus

2049 2318 2290 2372 omnium
2352 2319 2576 2374 Patrum
2631 2320 3059 2374 orthodoxorum
3085 2363 3100 2390 ,
3156 2321 3249 2392 qui
3305 2321 3360 2376 in
3415 2322 3566 2378 nullo
3621 2338 3657 2378 a

2051 2414 2256 2461 sanctae
2302 2407 2567 2462 Ecclesia
2597 2407 2856 2462 Romana:
2885 2407 3166 2464 consortio
3196 2409 3506 2474 deviarunt,
3553 2426 3657 2466 nec

2047 2495 2117 2549 ab
2178 2495 2295 2564 ejus
2354 2494 2462 2549 ﬁde
2513 2495 2600 2550 vel
2646 2495 3034 2565 praedicatione
3082 2497 3314 2566 sejuncti
3361 2506 3505 2562 sunt,
3551 2499 3654 2554 sed

2047 2583 2218 2654 ipsius
2247 2583 2614 2638 communioni
2646 2601 2748 2654 per
2773 2585 3007 2656 gratiam
3055 2585 3156 2640 Dei
3202 2602 3376 2657 usque
3421 2587 3488 2640 ad
3535 2586 3658 2641 ulti-

2045 2687 2193 2725 mum
2231 2671 2376 2726 diem
2414 2671 2534 2728 vitae
2575 2688 2686 2727 suae
2735 2671 2887 2728 fuere
2917 2673 3228 2745 participes,
3277 2675 3516 2746 legenda
3563 2675 3656 2730 de-

2045 2760 2342 2814 cernimus.
2381 2781 2402 2808 »
2439 2761 2649 2815 Deinde
2678 2761 2808 2815 dicit
2841 2779 2854 2815 :
2892 2783 2914 2812 π
2951 2763 3086 2816 Item
3114 2762 3426 2816 decretales
3457 2763 3658 2834 episto-

2041 2847 2144 2912 las,
2195 2863 2333 2920 quas
2380 2848 2678 2903 beatissimi
2725 2865 2882 2920 papae
2927 2849 3165 2904 diversis
3195 2850 3533 2920 temporibus
3581 2851 3652 2906 ab

2043 2936 2181 2990 urbe
2240 2937 2405 2990 Roma
2467 2951 2568 3005 pro
2614 2937 2956 2992 diversorum
3010 2938 3227 2992 Patrum
3275 2938 3648 2995 consolatione

340 3025 544 3082 licebit.
606 3027 666 3080 In
721 3026 966 3081 clausula
1022 3041 1154 3081 vero
1210 3027 1284 3080 tui
1341 3027 1581 3096 pitacioli
1636 3027 1866 3098 posuisti
1927 3045 1940 3082 :
1965 3063 2014 3124 Ο
2044 3024 2330 3090 dederunt,
2363 3025 2748 3080 venerabiliter
2765 3026 3161 3096 suscipiendas.
3189 3027 3396 3082 nEtsic
3417 3027 3485 3082 de
3504 3041 3654 3081 mar-

343 3136 368 3163 α
406 3115 554 3179 Haec,
577 3113 848 3186 inquiens,
874 3114 1149 3170 succincte
1178 3115 1399 3186 quidem
1429 3116 1696 3186 excerpsi,
1721 3131 1787 3172 ac
1813 3132 1944 3186 pas—
1969 3112 2014 3124 ν
2045 3119 2220 3182 tyrum
2264 3112 2612 3183 passionibus
2654 3113 2981 3182 conjunctim
3027 3114 3275 3186 loquens,
3328 3123 3381 3169 et
3425 3116 3494 3170 de
3523 3115 3651 3170 vitis

341 3201 444 3258 sim
471 3217 574 3274 pro
603 3202 866 3274 qualitate
920 3203 1123 3274 negotii
1153 3203 1496 3259 contexendo
1522 3205 1941 3276 promiscueque

338 3292 700 3357 conserendo,
732 3291 925 3348 ordine
955 3307 1080 3347 cum
1111 3300 1459 3362 prazpostero,
1479 3300 1594 3346 tum
1614 3294 1936 3364 composito,

338 3380 438 3436 sed
501 3388 554 3435 et
621 3379 826 3436 sensim
887 3395 1154 3446 conuexo,
1219 3380 1408 3436 ascivi.
1450 3403 1471 3429 »
1539 3380 1696 3436 Unde
1751 3389 1943 3452 parcat

337 3466 467 3523 mihi
497 3477 590 3524 tua
618 3469 921 3540 prudentia,
981 3477 1034 3524 et
1065 3469 1440 3540 cujuscunque
1471 3469 1696 3525 alterius
1723 3470 1941 3524 lectoris

335 3556 612 3629 patientia,
676 3555 724 3612 si
779 3557 1132 3612 tumultuario
1175 3565 1229 3613 et
1277 3557 1477 3628 saepius
1525 3558 1776 3629 repetito,
1829 3573 1939 3614 non

335 3652 515 3700 autem
557 3644 692 3702 recti
740 3645 969 3700 tramitis
1001 3645 1087 3700 vel
1115 3645 1368 3700 ordinato
1415 3661 1690 3713 sermone,
1739 3663 1940 3702 neces-

336 3733 496 3788 sitate
555 3733 869 3805 compulsus
911 3735 1014 3789 hoc
1061 3733 1385 3804 opusculum
1426 3734 1717 3806 designare
1759 3735 1941 3804 potius

336 3837 498 3893 quam
545 3821 814 3892 perﬁcere
857 3821 1037 3876 studui
1089 3839 1103 3875 :
1151 3821 1411 3892 quoniam
1455 3821 1560 3875 suis
1603 3821 1940 3892 compilatio-

335 3908 498 3964 nibus
518 3907 767 3972 confuso,
792 3917 845 3962 et
865 3908 1002 3962 sicut
1022 3909 1139 3978 ipse
1160 3908 1360 3973 dixisti,
1392 3915 1726 3979 praepostero
1745 3909 1940 3964 ordine

335 3995 550 4066 positis,
609 4003 663 4048 et
713 4011 990 4066 nunquam
1038 3995 1092 4049 in
1137 3995 1332 4050 eodem
1382 4003 1520 4049 statu
1569 3995 1936 4062 manentibus,

336 4083 495 4138 aliter
548 4082 887 4152 respondere
944 4099 1054 4137 non
1105 4083 1274 4153 potui,
1333 4083 1474 4150 nisi,
1539 4091 1596 4138 ut
1651 4092 1940 4139 venatores

337 4169 471 4226 ferae
498 4169 666 4224 lustra
698 4179 988 4242 sequentes
1017 4187 1184 4242 agere
1209 4171 1394 4226 auditu
1443 4179 1496 4226 et
1541 4171 1773 4227 lectione
1801 4189 1941 4243 puer

337 4257 639 4315 scholarius
689 4259 744 4314 in
799 4259 940 4314 libro
1017 4259 1108 4332 qui
1183 4258 1497 4316 inscribitur
1571 4259 1939 4332 Cynegeticon

335 4347 785 4420 Carthaginensis
832 4347 1035 4403 Aurelii
1079 4347 1261 4413 didici,
1311 4349 1414 4403 hac
1459 4348 1691 4420 illacque
1719 4349 1938 4404 discur-

2045 3208 2378 3264 sanctorum,
2413 3208 2465 3254 et
2495 3199 2563 3254 de
2591 3201 2802 3256 actibus
2841 3201 2985 3256 beati
3015 3201 3278 3267 Silvestri,
3309 3211 3364 3257 et
3393 3218 3459 3257 ex
3489 3202 3646 3258 Scri-

2043 3295 2204 3359 ptura
2232 3288 2302 3342 de
2331 3287 2640 3344 inventione
2687 3289 2983 3346 Dominica:
3012 3291 3219 3357 Crucis,
3274 3298 3325 3344 et
3354 3291 3423 3346 de
3453 3291 3646 3346 inven-

2041 3375 2190 3432 tione
2217 3375 2409 3446 capitis
2439 3377 2580 3432 beati
2607 3377 2832 3433 Joannis
2865 3377 3137 3449 Baptistae,
3175 3377 3534 3434 solertissime
3579 3393 3647 3434 ac

2043 3464 2432 3520 discretissime
2477 3465 2681 3520 addidit
2726 3466 2916 3521 dicens
2962 3483 2976 3520 :
3023 3489 3045 3517 α
3081 3466 3190 3522 Sed
3238 3481 3360 3522 cum
3412 3467 3530 3522 haec
3572 3467 3643 3521 ad

2043 3553 2434 3608 catholicorum
2464 3569 2657 3608 manus
2685 3553 3025 3618 advenerint,
3065 3554 3212 3610 beati
3232 3553 3381 3609 Pauli
3409 3548 3645 3624 apostoli

2043 3641 2312 3710 praecedat
2343 3641 2607 3696 sententia
2637 3658 2650 3695 :
2681 3641 2883 3697 Omnia
2899 3642 3149 3714 probate,
3175 3643 3316 3715 quod
3331 3642 3531 3698 bonum
3555 3647 3646 3698 est

2046 3731 2233 3784 tenete
2253 3728 2304 3798 (Ι
2324 3730 2505 3784 Thess.
2531 3732 2644 3799 v).»
2666 3729 2774 3784 Sed
2795 3737 2847 3783 et
2869 3731 2922 3783 in
2944 3730 3077 3800 ipsis
3096 3729 3423 3802 apocryphis
3442 3729 3676 3786 discre»

2043 3815 2246 3870 tionem
2291 3817 2465 3870 teneri
2511 3816 2714 3872 debere
2749 3816 3021 3872 subinnuit
3057 3837 3067 3872 ε
3102 3839 3124 3868 ι
3161 3819 3240 3872 De
3271 3817 3466 3888 quibus
3496 3834 3648 3890 que-

2043 3904 2168 3958 dam
2198 3904 2250 3956 in
2285 3912 2452 3958 totum
2473 3913 2595 3958 sunt
2613 3905 2922 3974 rejicienda,
2951 3905 3198 3977 quaedam
3219 3915 3402 3961 autem
3420 3914 3648 3976 propter

2042 3991 2423 4046 haereticorum
2474 3991 2775 4047 calumnias
2803 3993 2943 4050 inter
2970 3994 3279 4065 apocrypha
3326 4002 3450 4048 sunt
3491 4008 3646 4048 com-

2041 4079 2302 4149 putenda,
2352 4079 2450 4134 sed
2490 4096 2600 4134 non
2638 4081 2853 4150 penitus
2899 4081 3283 4150 abominanda,
3337 4081 3406 4136 de
3445 4081 3646 4152 quibus

2044 4167 2190 4222 viros
2237 4167 2535 4222 catholicos
2581 4168 2636 4222 in
2679 4169 2792 4223 suis
2835 4170 3112 4240 opusculis
3161 4169 3468 4224 testimonia
3495 4169 3644 4240 legi-

2040 4271 2162 4309 mus
2188 4257 2568 4326 assumpsisse,
2603 4257 2742 4312 sicut
2771 4265 2825 4312 et
2855 4258 3046 4312 beatus
3074 4259 3244 4312 Judas
3273 4256 3552 4328 apostolus
3585 4258 3646 4312 in

2042 4344 2271 4414 epistola
2301 4360 2397 4398 sua
2428 4346 2592 4416 egit.»
2614 4346 3106 4401 Animadvertenda
3137 4346 3304 4418 igitur
3325 4353 3408 4400 est
3429 4345 3644 4400 discre-

335 4435 522 4502 rendo,
566 4435 888 4508 retrograda
917 4437 1080 4492 etiam
1112 4435 1340 4508 vestigia
1390 4438 1706 4507 repetendo,
1751 4437 1938 4492 anfra-
1966 4421 2019 4480 D
2039 4433 2111 4486 tio
2141 4449 2207 4488 ex
2237 4434 2416 4487 verbis
2444 4434 2588 4488 beati
2637 4434 2844 4488 Gelasii
2889 4435 3030 4490 inter
3075 4433 3358 4505 synodalia
3389 4433 3642 4499 concilia,

333 4532 454 4580 ctus
481 4532 604 4580 tuos
633 4523 974 4596 vestigando,
1010 4524 1282 4594 explicare
1313 4525 1587 4580 studerem
1623 4543 1634 4578 :
1667 4527 1812 4596 quod
1843 4526 1941 4580 ad-

332 4614 440 4668 huc
467 4613 600 4667 mihi
629 4612 734 4668 erit
764 4613 1132 4668 necessarium
1163 4611 1366 4671 facere.
1420 4623 1470 4668 et
1515 4613 1568 4666 in
1615 4613 1938 4683 explicanda

334 4701 404 4756 de
431 4700 660 4772 inceptis
689 4701 919 4764 ratione,
954 4708 1008 4755 et
1039 4699 1093 4754 in
1122 4699 1462 4754 ostendenda
1491 4701 1695 4754 causali
1723 4703 1935 4756 actione

333 4789 404 4844 de
433 4788 518 4842 his
548 4805 670 4860 quae
697 4789 982 4854 admisisti,
1015 4796 1070 4843 et
1099 4804 1201 4858 pro
1231 4787 1426 4859 quibus
1463 4787 1561 4842 tibi
1591 4797 1646 4842 et
1675 4789 1937 4844 Ecclesiae

333 4876 432 4931 tibi
461 4876 768 4932 commissae
797 4877 1012 4948 scripsi,
1046 4884 1234 4932 contra
1255 4893 1376 4947 quae
1397 4875 1773 4946 irregulariter
1804 4878 1936 4930 sub-

333 4963 621 5034 scripsisti,
673 4978 738 5018 ac
766 4965 1031 5021 subscribi
1079 4964 1275 5030 fecisti,
1322 4972 1376 5019 et
1423 4963 1586 5019 etiam
1613 4980 1741 5019 cum
1789 4973 1934 5019 tuam

333 5066 530 5108 novam
556 5051 1038 5122 subscripsionem,
1059 5053 1189 5124 quin
1209 5052 1386 5123 potius
1407 5060 1556 5106 tuam
1576 5067 1776 5108 novam
1795 5068 1936 5123 prte-

335 5139 701 5212 sumptionem
729 5139 940 5204 adiens,

927 5281 1065 5328 mille
1093 5281 1221 5337 vias,
1252 5283 1520 5338 tristesque
1551 5281 1750 5328 labores

579 5352 944 5409 Discursusque
973 5353 1116 5406 citos.
1147 5353 1309 5399 securi
1343 5353 1516 5409 praelia
1545 5353 1696 5406 ruris,

333 5492 388 5540 et
415 5484 630 5541 sincero
679 5487 841 5542 corde
883 5486 1008 5541 lites
1045 5486 1374 5542 domesticas
1402 5487 1584 5542 subire
1613 5487 1932 5556 compellar.

2039 4529 2092 4575 et
2123 4521 2542 4591 apostolicorum
2573 4521 2806 4576 virorum
2837 4523 3117 4592 epistolas,
3178 4538 3314 4594 quas
3342 4529 3471 4576 ante
3499 4536 3642 4576 con-

2039 4609 2165 4664 cilia
2193 4610 2465 4664 celebrata
2495 4611 2725 4665 diversis
2754 4611 3108 4682 temporibus,
3167 4626 3264 4681 pro
3291 4610 3639 4665 diversorum

2039 4697 2258 4751 Patrum
2285 4698 2658 4754 consolatione
2677 4699 2962 4763 dederunt,
2983 4715 3225 4770 quasque
3246 4697 3642 4753 venerabiliter

2039 4785 2414 4856 suscipiendas
2459 4786 2588 4842 dicit
2639 4802 2651 4841 :
2703 4787 2748 4840 si
2782 4802 2891 4858 qua
2931 4796 3053 4840 sunt
3099 4795 3279 4842 autem
3323 4785 3556 4842 concilia
3606 4801 3643 4840 a

2039 4874 2240 4926 sanctis
2264 4873 2507 4927 Patribus
2554 4873 2792 4928 instituta
2835 4883 2957 4944 post
3005 4883 3239 4946 quatuor
3280 4873 3640 4930 conciliorum

2037 4961 2436 5019 auctoritatem.
2483 4961 2856 5016 custodiendia
2900 4971 2951 5016 et
2999 4963 3338 5018 observanda
3368 4962 3634 5016 decrevit.

2037 5048 2192 5104 Unde
2255 5049 2382 5103 item
2457 5049 2600 5104 idem
2655 5049 2707 5103 in
2771 5049 3008 5105 decretis
3065 5050 3178 5104 suis
3234 5051 3366 5106 dicit
3422 5049 3634 5118 (Gelas.

2037 5139 2200 5208 epist.
2255 5141 2306 5201 3,
2357 5137 2429 5191 ad
2481 5138 2794 5207 Dardanos)
2845 5156 2858 5192 :
2905 5159 2926 5189 «
2965 5139 3174 5205 Patres,
3223 5137 3417 5208 inquit,
3465 5137 3636 5192 nostri

2037 5225 2284 5280 catholici
2312 5225 2567 5296 doctique
2612 5225 2916 5297 pontiﬁces,
2961 5227 3016 5280 in
3065 5241 3388 5298 unaquaque
3436 5226 3639 5280 haeresi

2037 5313 2278 5384 quolibet
2321 5321 2560 5384 tempore
2601 5315 2876 5376 suscitata.
2930 5314 3188 5388 quidquid
3214 5330 3317 5385 pro
3347 5311 3476 5378 ﬁde,
3533 5329 3639 5384 pro

2035 5401 2280 5467 veritate,
2314 5418 2414 5472 pro
2445 5403 2826 5458 communione
2845 5403 3112 5459 catholica
3127 5411 3289 5475 atque
3309 5401 3634 5474 apostolica,

2038 5491 2338 5544 secundum
2377 5491 2785 5560 Scripturarum
2827 5491 3114 5559 tramitem,
3157 5491 3639 5562 praedicationem-
