4020 6182
225 267 324 320 385

979 260 1220 318 OPUSC.
1255 259 1345 316 ET
1376 259 1596 316 EPIST.
1629 260 1702 314 IN
1732 260 1960 316 CAUSA
1988 259 2333 318 HINCMARI
2364 211 2681 319 LAUDUN;

3469 263 3574 318 386

229 402 333 460 que
361 385 657 454 majorum,
693 383 832 441 facta
865 383 1038 440 semel
1083 384 1512 458 congregatione
1545 392 1861 467 sanxerunt,
1891 387 1948 445 A
1969 384 2114 440 tibus
2161 385 2520 456 temporibus,
2555 386 2628 440 ita
2678 393 2738 440 ut
2765 385 2822 440 in
2850 385 2930 441 eis
2987 385 3350 453 continentur,
3381 386 3566 442 omnia

231 473 615 531 inconvulsum
675 473 966 528 voluerunt
1015 472 1278 543 deinceps
1341 471 1669 544 ﬁrmumque
1727 488 1860 529 con-

231 572 396 629 stare,
450 578 557 618 nec
600 563 657 616 in
715 561 909 617 eadem
967 577 1132 617 causa
1199 561 1380 616 denuo
1437 578 1562 634 quae
1635 559 1858 632 praeﬁxa

235 651 448 706 fuerant
507 649 792 706 retractari
852 649 1089 721 qualibet
1146 649 1354 704 recenti
1427 650 1856 720 praesumptione

231 739 626 810 permiserunt.
665 759 688 788 ν
722 737 1003 807 Quantum
1047 737 1194 792 enim
1239 737 1402 793 distet
1429 738 1568 793 inter
1618 737 1712 792 illa
1745 737 1855 792 sci-

232 827 356 883 licet
385 827 625 882 concilia
643 872 658 895 ,
691 842 812 898 quae
841 825 1207 882 custodienda
1233 835 1287 880 et
1317 825 1633 896 recipienda
1665 825 1856 881 decre-

233 917 322 980 vit,
357 924 412 971 et
441 915 767 970 inconvulsa
795 912 1061 986 ﬁrmaque
1077 914 1339 984 deinceps
1380 915 1570 970 Patres
1601 909 1854 969 catholici

237 1019 458 1059 manere
490 1003 800 1071 voluerunt,
818 1009 872 1058 et
900 1003 1004 1056 ilas
1025 1001 1307 1073 epistolas,
1322 1019 1444 1074 quae
1463 1001 1699 1056 diversis
1720 1010 1855 1056 tem-

238 1093 463 1164 poribus
489 1107 593 1162 pro
623 1091 969 1146 diversorum
1013 1091 1387 1146 consolatione
1445 1091 1586 1146 datae
1641 1089 1856 1144 fuerunt

236 1196 370 1252 quas
413 1180 804 1236 venerabiliter
843 1179 1220 1250 suscipiendas
1277 1179 1428 1244 dicit,
1481 1195 1643 1234 nemo
1670 1179 1726 1230 in
1757 1178 1857 1233 do-

237 1269 517 1342 gmatibus
561 1267 956 1324 ecclesiasticis
995 1267 1319 1322 exercitatus
1344 1267 1580 1340 ignorat.
1617 1267 1674 1322 Si
1707 1266 1854 1322 enim

239 1358 492 1428 quaedam
551 1373 620 1411 ex
669 1357 773 1424 his,
807 1372 929 1428 quae
979 1357 1037 1410 in
1069 1355 1394 1428 quibusdam
1436 1355 1542 1410 illis
1605 1354 1852 1425 epistolis

237 1447 605 1510 continentur,
637 1453 826 1500 tenere
867 1453 922 1500 et
970 1444 1245 1500 custodire
1277 1443 1418 1499 velle
1459 1443 1848 1514 inceperimus,

241 1542 432 1590 contra
453 1533 566 1588 alia
614 1533 849 1604 plurima
893 1533 1108 1587 illarum
1163 1532 1514 1602 epistolarum
1567 1531 1747 1586 facere
1777 1531 1853 1584 in-

241 1622 529 1692 cipiemus.
562 1623 632 1677 Et
661 1637 872 1687 rursus,
909 1621 956 1674 si
985 1620 1085 1674 alia
1133 1629 1321 1676 contra
1369 1637 1490 1691 qua:
1520 1619 1847 1688 feceramus,

1959 481 2012 528 et
2069 473 2286 528 insimul
2342 473 2601 530 custodiri
2630 473 2889 539 valerent,
2924 482 2976 529 et
3031 473 3242 528 servari
3296 488 3363 530 ac
3391 473 3562 530 teneri

1957 570 2343 633 congruerent,
2378 563 2566 618 Patres
2594 563 2785 630 nostri,
2807 560 3069 630 catholici
3097 561 3350 617 videlicet
3387 562 3564 618 docti-

1959 665 2065 720 que
2108 649 2412 720 pontifices,
2457 651 2513 706 in
2562 651 2808 706 conciliis
2851 650 3018 706 sacris
3064 649 3219 722 leges
3248 666 3568 720 mansuras-1

1958 753 2132 808 usque
2161 737 2216 790 in
2247 739 2432 794 saeculi
2479 737 2643 794 ﬁnem
2672 755 2782 793 non
2821 738 3141 794 conderent.
3176 739 3564 810 Suscipiendas

1959 841 2097 897 ergo
2128 825 2249 880 illas
2277 827 2536 896 epistolas
2565 827 2948 882 venerabiliter
2993 842 3116 882 cum
3147 827 3308 883 beato
3339 828 3563 885 Gelasio

1957 914 2101 981 dico,
2135 923 2187 968 et
2219 930 2343 970 cum
2374 915 2649 988 leguntur,
2684 916 2820 970 sicut
2849 915 2967 985 ipse
3013 915 3257 986 praecipit
3287 916 3560 984 Gelasius,

1956 1001 2254 1070 apostolica
2285 1001 2374 1055 illa
2405 1003 2674 1072 praecedat
2702 1002 2990 1070 sententia,
3023 1018 3130 1074 qua
3150 1001 3281 1058 dicit
3311 1019 3324 1058 :
3363 1005 3566 1060 Omnia

1957 1089 2203 1161 probate,
2238 1091 2381 1162 quod
2411 1091 2616 1146 bonum
2645 1096 2730 1147 est
2761 1095 2946 1146 tenete
2968 1091 3019 1160 (Ι
3036 1090 3218 1146 Thess.
3247 1094 3326 1160 v).
3349 1091 3418 1146 Et
3446 1093 3564 1150 hac

1964 1176 2109 1242 dico,
2144 1193 2252 1232 non
2285 1194 2392 1249 quo
2423 1179 2671 1250 qua’dani
2708 1180 2762 1233 in
2791 1179 2870 1233 eis
2898 1179 3078 1233 dicam
3108 1195 3230 1234 esse
3259 1195 3370 1234 non
3397 1180 3560 1248 bona,

1955 1266 2052 1320 sed
2083 1282 2192 1320 non
2223 1282 2322 1336 per
2337 1267 2521 1320 omnia
2543 1267 2712 1322 sacris
2734 1267 3032 1322 canonibus
3047 1309 3061 1334 ,
3083 1267 3411 1341 Petrumque
3431 1285 3564 1326 con-

1957 1353 2078 1408 cilis
2099 1370 2364 1419 consona,
2391 1356 2528 1410 sicut
2559 1365 2613 1410 et
2642 1355 2937 1426 Apostolus
2964 1354 3095 1410 dicit
3147 1371 3160 1410 :
3192 1357 3310 1412 Lex
3340 1359 3565 1429 quidem

1955 1443 2114 1497 bona
2143 1447 2198 1496 et
2218 1448 2441 1506 sancta,
2475 1448 2531 1498 et
2561 1445 2900 1500 mandatum
2930 1447 3217 1509 sanctum,
3241 1449 3298 1500 et
3312 1448 3560 1518 justum,

1955 1533 2012 1583 et
2043 1530 2249 1584 bonum
2273 1531 2452 1600 (Rom.
2479 1547 2575 1595 vn,
2611 1531 2720 1601 12),
2755 1532 2856 1586 sed
2883 1531 2940 1584 in
2983 1531 3315 1600 temporibus
3343 1534 3474 1590 suis.
3495 1536 3566 1591 Et

1950 1617 2218 1672 Dominus
2260 1618 2328 1672 de
2385 1619 2604 1684 Judaris,
2668 1621 2866 1691 quibus
2898 1623 3017 1693 ipsa
3073 1636 3137 1676 ex
3194 1623 3320 1679 data
3366 1621 3562 1691 fuerat,

243 1718 429 1766 tenere
461 1719 519 1764 et
567 1709 846 1765 custodire
892 1709 1264 1779 inceperimus
1283 1751 1297 1774 ,
1325 1709 1592 1763 adversus
1636 1725 1698 1762 ea
1729 1725 1850 1778 qua:
1878 1735 1933 1795 B
1953 1705 2088 1761 dicit
2119 1722 2131 1760 :
2166 1707 2332 1761 Dedis
2362 1709 2442 1762 eis
2469 1713 2754 1782 praecepta
2784 1728 2899 1767 non
2929 1713 3072 1770 bona
3093 1715 3316 1781 (Ezech,
3349 1713 3476 1784 xx),
3508 1711 3566 1767 id

245 1808 399 1854 antea
449 1814 674 1853 servare
753 1797 1020 1853 voluimus
1076 1796 1369 1862 faciemus,
1419 1805 1471 1850 et
1520 1812 1552 1850 a
1608 1796 1850 1851 conciliis

243 1887 410 1943 sacris
436 1929 452 1952 ,
477 1903 604 1958 quae
649 1894 915 1956 perpetuo
943 1884 1102 1940 nobis
1136 1885 1473 1956 recipienda,
1507 1885 1759 1948 tenenda,
1791 1900 1855 1940 ac

245 1976 628 2039 custodienda,
665 1983 827 2046 atque
857 1975 1137 2045 sequenda
1177 1981 1301 2028 sunt
1326 1973 1669 2028 deviabirnus
1707 1989 1719 2027 :
1755 1972 1854 2027 sed

245 2072 292 2119 et
319 2063 775 2120 aconsuetudine
829 2078 991 2134 quam
1032 2062 1295 2117 catholica
1351 2061 1601 2117 Ecclesia
1643 2061 1851 2128 habuit,

247 2169 306 2208 ex
337 2169 450 2224 quo
481 2153 541 2206 in
570 2167 794 2207 sacrum
821 2151 1106 2206 Nicenum
1136 2149 1427 2206 concilium
1467 2150 1654 2204 Patres
1686 2148 1857 2204 nostri

245 2248 657 2306 convenerunt,
691 2239 786 2311 qui
833 2239 1032 2304 adhuc,
1064 2239 1203 2294 sicut
1250 2239 1358 2292 Leo
1385 2237 1516 2293 dicit
1544 2239 1730 2310 (epist.
1765 2240 1852 2305 51,

247 2330 326 2384 vel
355 2332 448 2398 53,
474 2329 551 2384 ad
575 2329 806 2383 Anatol.
840 2329 880 2396 ),
913 2327 1201 2383 nobiscum
1233 2326 1287 2380 in
1319 2327 1435 2380 suis
1452 2326 1856 2380 constitutioni-

243 2417 338 2472 bus
373 2417 568 2472 vivunt
603 2459 618 2484 ,
648 2415 1113 2486 perniciosissime
1165 2415 1516 2470 discedemus
1539 2457 1552 2479 ,
1615 2422 1669 2468 et
1725 2413 1858 2468 nihil

246 2506 374 2562 certi
406 2513 662 2560 tenentes
712 2504 766 2558 in
796 2511 998 2559 sectam
1047 2502 1643 2571 Genethliacianornm,
1677 2501 1732 2556 id
1777 2509 1860 2556 est

247 2594 751 2649 Mathematicorum
779 2591 1139 2655 offendemus,
1180 2590 1274 2662 qui
1316 2590 1646 2646 diﬁinierunt
1675 2589 1860 2645 omnia

247 2681 298 2734 in
323 2681 624 2737 incertum.
657 2681 800 2735 Nam
856 2688 910 2734 et
963 2680 1154 2735 beatus
1192 2679 1444 2734 Gelasius
1486 2678 1705 2733 easdem
1737 2677 1858 2748 epi-

250 2769 430 2837 stolas,
464 2785 580 2824 non
633 2769 808 2824 solum
839 2768 1016 2824 sacris
1063 2767 1363 2823 canonibus
1420 2766 1475 2820 in
1531 2766 1858 2838 quibusdam

247 2859 512 2914 adversas
537 2901 550 2923 ,
585 2857 686 2913 sed
715 2857 878 2914 etiam
961 2857 1066 2910 sibi
1116 2856 1252 2926 ipsis
1309 2855 1552 2910 diversas
1600 2854 1856 2920 ostendit,

251 2961 368 3002 cum
388 2946 546 3008 dicit,
583 2945 704 3000 illas
741 2945 975 3001 diversis
1003 2943 1344 3015 temporibus
1384 2959 1486 3014 pro
1516 2943 1860 2998 diversorum

253 3034 626 3090 consolatione
659 3034 832 3088 datas.
892 3035 962 3088 Et
1016 3033 1144 3088 hinc
1203 3031 1341 3088 forte
1427 3031 1717 3086 adversum
1771 3047 1861 3087 me

253 3123 425 3178 dices:
452 3124 606 3194 Ergo
633 3121 983 3178 calumniaris
1012 3120 1370 3192 apostolicam
1425 3120 1612 3174 sedem
1647 3119 1704 3173 in
1735 3137 1864 3174 san-

1955 1802 2058 1858 est,
2090 1795 2339 1864 qumdam
2369 1803 2612 1866 tempore
2661 1798 2917 1855 revelatis
2964 1805 3161 1874 gratiae
3201 1800 3562 1868 immutanda,

1956 1883 2084 1953 quia
2105 1882 2191 1936 lex
2220 1883 2418 1939 dicitur
2448 1883 2502 1938 in
2539 1884 2824 1957 allegoria,
2859 1896 2916 1942 ut
2945 1891 3243 1960 Apostolus
3259 1891 3328 1946 de
3351 1889 3566 1945 duobus

1955 1969 2190 2024 Abrahae
2221 1968 2344 2025 filiis
2375 1971 2778 2043 interpretatur.
2812 1976 2882 2030 Et
2900 1981 3116 2046 patres,
3153 1977 3349 2049 inquit,
3382 1978 3569 2034 nostri

1956 2074 2150 2113 omnes
2161 2059 2262 2114 sub
2285 2061 2430 2114 nube
2443 2063 2702 2130 fuerunt,
2720 2065 2774 2116 et
2797 2079 2990 2119 omnes
3007 2081 3166 2120 mare
3182 2066 3564 2132 transierunt,

1956 2151 2013 2200 et
2031 2162 2224 2201 omnes
2242 2148 2304 2202 in
2323 2148 2498 2219 Moyse
2523 2149 2802 2220 baptizati
2829 2155 2966 2207 sunt
2980 2153 3045 2208 in
3065 2153 3209 2208 nube
3233 2157 3290 2209 et
3309 2155 3372 2208 in
3392 2155 3563 2220 mari,

1957 2237 2014 2288 et
2029 2250 2222 2290 omnes
2243 2237 2499 2291 eamdem
2515 2239 2837 2309 spiritalem
2849 2255 3035 2296 escam
3051 2243 3562 2312 manducaverunt,

1959 2325 2012 2376 et
2039 2338 2233 2378 omnes
2249 2325 2511 2380 eumdem
2533 2329 2730 2398 potum
2758 2329 3080 2399 spiritalem
3101 2329 3360 2386 biberunt
3385 2347 3396 2386 :
3422 2331 3565 2387 bibe-

1959 2409 2098 2464 bant
2124 2415 2315 2466 autem
2347 2412 2415 2467 de
2434 2413 2686 2484 spiritali
2701 2421 3073 2488 consequente
3090 2433 3180 2474 eos
3191 2423 3377 2490 petra,
3396 2423 3567 2493 petra

1960 2502 2152 2553 autem
2174 2509 2299 2554 erat
2317 2500 2577 2557 Christus
2596 2502 2744 2570 (Gal.
2769 2518 2845 2572 tv,
2869 2505 2978 2570 2L;
3007 2506 3034 2560 I
3053 2506 3173 2562 Cor.
3199 2521 3259 2570 x,
3291 2507 3366 2576 4).
3389 2508 3460 2562 Et
3479 2507 3566 2563 lex

1959 2584 2016 2639 in
2031 2586 2308 2660 Decalogo
2330 2589 2476 2660 quod
2498 2586 2614 2646 non'
2629 2600 2710 2646 est
2731 2591 3070 2648 immutatum
3091 2595 3374 2666 accipitur,
3398 2605 3452 2651 et
3479 2595 3566 2651 lex

1959 2676 2014 2728 in
2043 2676 2384 2730 caeremoniis
2413 2686 2466 2732 et
2507 2678 2778 2751 legalibus
2836 2680 3120 2737 sacriﬁciis
3181 2683 3394 2749 dicitur,
3443 2701 3567 2755 quae

1959 2763 2290 2832 futurorum
2311 2766 2537 2820 umbras
2556 2767 2796 2837 appellat
2820 2769 3113 2839 Apostolus
3132 2771 3278 2842 (Col.
3318 2771 3400 2842 ιι),
3433 2780 3486 2828 et
3507 2779 3568 2827 ut

1963 2849 2128 2923 longe
2160 2852 2414 2922 superius
2451 2853 2757 2924 prrelibavi,
2779 2855 3060 2913 immutata
3079 2852 3225 2914 nunc
3253 2859 3568 2930 spiritaliter

1965 2937 2019 2992 in
2077 2939 2322 2994 Ecclesia
2377 2951 2789 2998 conservantur.
2839 2944 2984 3014 Quid
3039 2946 3184 3002 enim
3213 2948 3477 3020 agebatur
3509 2948 3565 3005 in

1967 3027 2062 3082 illo
2093 3028 2293 3098 p0pulo
2335 3020 2508 3085 Judaii
2538 3033 2866 3095 nescierunt,
2901 3035 3000 3090 sed
3039 3052 3140 3092 nec
3169 3037 3334 3092 modo
3361 3037 3568 3094 sciunt.

1971 3117 2052 3170 De
2082 3115 2188 3170 illis
2217 3117 2418 3189 quippe
2447 3120 2650 3175 dictum
2681 3130 2798 3177 est:
2827 3123 3089 3192 Quandiu
3113 3125 3320 3196 legitur
3343 3128 3566 3199 Moyses.

252 3211 348 3266 etis
397 3211 520 3280 ejus
547 3209 896 3281 pontiﬁcibus
923 3252 940 3275 ,
972 3225 1038 3265 eo
1081 3209 1226 3280 quod
1268 3208 1413 3264 male
1471 3209 1760 3274 senserint,
1821 3217 1874 3264 et
1972 3205 2228 3260 velamen
2257 3223 2427 3264 super
2440 3225 2536 3265 cor
2555 3225 2749 3265 eorum
2761 3213 3012 3282 positum
3040 3215 3125 3268 est
3145 3214 3220 3282 (ll
3240 3214 3568 3285 Cor.tu);ibi

253 3314 356 3354 non
401 3299 645 3354 tenenda
674 3297 1036 3354 decreverint.
1071 3297 1229 3354 Unde
1259 3297 1356 3350 tibi
1388 3297 1712 3367 respondeo,
1725 3297 1870 3368 quod

253 3387 319 3442 de
332 3387 460 3460 lege
491 3403 606 3442 non
632 3386 860 3442 Judaice
895 3386 1188 3452 servanda,
1241 3383 1736 3440 contradicentibus
1765 3374 1867 3438 sibi

253 3483 304 3530 et
353 3475 669 3531 dicentibus
704 3491 716 3528 :
749 3475 868 3530 Lex
905 3490 1033 3546 ergo
1103 3473 1369 3529 adversus
1403 3473 1685 3544 promissa
1722 3473 1871 3527 Dei?

255 3564 404 3620 (Gal.
451 3578 519 3618 ιιι
540 3605 553 3627 ,
585 3563 700 3632 21).
725 3561 1028 3632 Respondit
1055 3561 1336 3632 apostolus
1360 3579 1375 3614 :
1409 3561 1584 3617 Absit.
1607 3561 1727 3615 Leu:
1747 3562 1870 3633 qui-

255 3651 378 3707 dem
403 3655 632 3715 sancta,
672 3655 728 3706 et
756 3651 1096 3706 mandatum
1142 3653 1428 3714 sanctum,
1457 3653 1514 3704 et
1531 3649 1779 3720 justum,
1811 3653 1868 3704 et

254 3740 460 3796 bonum
501 3742 656 3795 Rom.
703 3741 825 3807 (vn,
864 3739 972 3808 l2),
999 3739 1096 3794 sed
1135 3738 1385 3809 personis
1429 3745 1482 3792 et
1530 3737 1867 3808 temporibus

258 3828 367 3883 suis
378 3843 628 3898 congrua
643 3844 658 3880 :
675 3827 807 3894 Quae
819 3843 920 3900 pro
921 3831 1051 3900 pter
1073 3827 1550 3898 transgressiones
1558 3827 1747 3898 posita
1759 3842 1816 3880 es
1823 3830 1862 3888 t,

261 3915 432 3972 donec
444 3916 671 3972 veniret
681 3931 872 3970 semen
889 3916 984 3970 cui
998 3917 1401 3988 repromiserat
1418 3916 1582 3978 Deus,
1601 3914 1866 3968 ordinata

259 4020 356 4076 per
376 4005 611 4075 angelos
629 4005 692 4058 in
719 4020 900 4059 manu
927 4003 1256 4060 mediatoris
1287 4002 1498 4073 (Galat.
1537 4017 1619 4070 ιιι,
1657 4003 1764 4070 19).
1797 4001 1867 4056 Et

259 4092 376 4148 illas
409 4091 672 4163 epistolas
701 4100 1015 4148 sanctorum
1045 4099 1099 4147 et
1139 4091 1567 4162 apostolicorum
1597 4089 1862 4156 virorum,

261 4180 496 4236 diversis
544 4181 882 4251 temporibus
919 4195 1018 4250 pro
1080 4180 1426 4234 diversorum
1468 4178 1861 4245 consolatione,

263 4269 402 4324 sicut
448 4275 505 4324 et
551 4269 739 4324 beatus
797 4268 1050 4324 Gelasius
1113 4268 1280 4331 dicit,
1307 4283 1340 4322 a
1387 4267 1518 4322 sede
1564 4267 1865 4338 apostolica

261 4357 416 4412 datas
458 4399 472 4422 ,
531 4364 586 4411 et
625 4373 726 4428 per
773 4357 996 4412 eosdem
1037 4356 1253 4411 Domini
1297 4355 1613 4412 sacerdotes
1672 4355 1764 4426 qui
1811 4363 1864 4410 et

1971 3292 2222 3348 velamen
2251 3293 2428 3367 ﬁgura
2460 3305 2561 3361 est,
2589 3297 2686 3352 sed
2716 3297 2900 3353 ablata
2921 3307 3004 3354 est
3034 3297 3230 3372 ﬁgura,
3261 3309 3314 3356 et
3342 3311 3569 3372 apparet

1969 3381 2192 3436 veritas.
2235 3383 2377 3438 Audi
2425 3385 2743 3455 Apostolum
2793 3387 3008 3457 quando
3037 3387 3274 3443 ablatum
3305 3397 3387 3444 est
3415 3390 3568 3446 vela-

1969 3485 2113 3524 men.
2139 3473 2275 3528 Cum
2289 3474 2609 3538 transieris,
2633 3472 2824 3544 inquit,
2844 3474 2917 3528 ad
2934 3475 3256 3542 Dominum,
3270 3481 3570 3548 auferetur

1968 3563 2224 3616 velamen
2251 3561 2429 3630 (ibid).
2468 3561 2796 3630 Propitiatus
2843 3578 2980 3634 ergo
3013 3564 3253 3634 peccatis
3282 3565 3483 3621 nostris
3513 3574 3570 3622 et

1968 3648 2334 3718 impietatibus
2381 3664 2481 3719 per
2554 3648 2689 3704 illud
2761 3648 3090 3706 sacriﬁcium
3175 3653 3566 3724 vespertinum,

1969 3737 2185 3808 quando
2232 3736 2480 3792 Christus
2508 3737 2748 3792 extendit
2785 3754 2976 3794 manus
3021 3739 3080 3794 in
3107 3756 3268 3796 cruce
3292 3785 3306 3808 ,
3331 3749 3390 3796 ut
3419 3742 3568 3800 dice-

1968 3833 2114 3879 retur
2145 3843 2157 3879 :
2192 3825 2488 3896 Dirigatur
2514 3828 2694 3882 oratio
2712 3843 2839 3882 mea
2859 3829 3010 3884 sicut
3023 3831 3328 3885 incensum
3343 3831 3410 3886 in
3428 3848 3567 3888 con-

1968 3917 2165 3985 spectu
2196 3917 2312 3977 tuo,
2353 3913 2588 3969 elevatio
2620 3931 2899 3970 manuum
2929 3933 3186 3973 mearum
3220 3919 3569 3989 sacriﬁcium

1967 4003 2352 4074 vespertinum
2373 4002 2548 4066 (Psal.
2582 4006 2732 4072 exn),
2765 4003 2902 4058 sicut
2948 4006 3202 4061 novimus
3231 4006 3356 4079 quia
3385 4008 3570 4063 Domi-

1967 4106 2070 4144 nus
2098 4090 2242 4145 circa
2271 4105 2554 4160 vesperam
2583 4091 2839 4162 pependit
2857 4092 2912 4146 in
2933 4109 3117 4162 cruce,
3139 4095 3257 4166 ipse
3287 4097 3566 4163 sacerdos,

1966 4177 2084 4248 ipse
2115 4178 2352 4242 victima,
2385 4178 2505 4248 ipse
2533 4179 2768 4246 oblator,
2801 4180 2919 4252 ipse
2950 4181 3173 4238 oblatio.
3219 4185 3342 4254 Ipse
3378 4201 3567 4242 sacer-

1966 4267 2088 4330 dos,
2123 4274 2224 4335 est,
2275 4265 2368 4338 qui
2415 4282 2555 4322 nunc
2601 4266 2889 4340 ingressus
2933 4278 3015 4324 est
3049 4271 3104 4324 in
3132 4271 3390 4328 interiora
3435 4273 3561 4339 veli,

1967 4356 2114 4410 solus
2144 4355 2218 4410 ibi
2263 4371 2327 4410 ex
2362 4354 2446 4408 his
2479 4355 2570 4426 qui
2590 4371 2808 4410 carnem
2863 4367 3215 4429 gestaverunt
3256 4359 3568 4432 interpellat

260 4445 443 4516 angeli
473 4447 773 4501 secundum
816 4444 1150 4515 Scripturam
1193 4444 1536 4515 appellantur
1560 4444 1858 4512 ordinatas,
1885 4439 1937 4498 D
1965 4459 2068 4514 pro
2099 4443 2277 4499 nobis.
2312 4444 2371 4497 In
2400 4443 2551 4511 cujus
2581 4443 2662 4498 rei
2706 4443 2899 4516 ﬁgura,
2933 4445 2988 4500 in
3019 4445 3114 4502 illo
3141 4447 3318 4518 primo
3338 4449 3562 4519 populo,

261 4549 384 4589 cum
422 4533 586 4589 beato
627 4533 851 4588 Gelasio
893 4532 1192 4604 apostolico
1221 4532 1341 4588 viro
1369 4531 1868 4587 venerabiliter‘su-

266 4623 581 4694 scipiendas
611 4621 753 4678 dico.
815 4620 950 4692 Quae
995 4622 1109 4676 suis
1139 4621 1472 4691 temporibus
1501 4629 1868 4694 congruentes

260 4710 497 4776 fuerunt,
529 4712 708 4766 donec
765 4726 866 4782 per
922 4725 1079 4765 sacra
1135 4709 1361 4765 concilia
1391 4709 1576 4764 Patres
1609 4708 1782 4763 nostri
1811 4709 1867 4762 in

260 4816 433 4854 unum
468 4799 872 4864 convenientes,
923 4799 1063 4854 sicut
1105 4798 1349 4866 ejusdem
1379 4797 1691 4868 apostolicae
1722 4797 1868 4851 sedis

259 4886 545 4957 pontiﬁces
603 4895 990 4958 protestantur,
1040 4893 1376 4959 suggerente
1407 4885 1648 4940 siblimet
1679 4892 1867 4940 sancto

262 4975 490 5046 Spiritu,
522 4975 779 5047 quoniam
824 4975 980 5030 aliter
1027 4974 1357 5031 credendum
1416 4959 1525 5028 non
1557 4981 1638 5028 est
1662 5015 1676 5038 ,
1707 4989 1866 5027 man-

263 5079 428 5118 suras
467 5081 640 5136 usque
685 5063 740 5117 in
776 5061 937 5118 ﬁnem
973 5062 1158 5118 saeculi
1185 5062 1341 5134 leges
1389 5061 1765 5117 condiderunt.
1798 5061 1868 5116 Et

261 5152 411 5208 sicut
437 5153 501 5207 de
523 5152 648 5225 lege
665 5151 794 5206 dicit
818 5169 832 5205 :
854 5151 1152 5222 Apostolus
1180 5168 1193 5204 :
1213 5151 1272 5206 Si
1291 5151 1447 5206 enim
1465 5155 1611 5205 esset
1629 5151 1725 5205 lex
1744 5167 1867 5223 quas

254 5245 447 5312 posset
495 5241 801 5309 viviﬁcare,
837 5255 961 5296 vere
1007 5255 1082 5295 ea:
1107 5240 1222 5311 lege
1277 5242 1422 5295 esset
1452 5239 1688 5310 justitia
1727 5238 1865 5309 (Ga-

265 5330 370 5384 lat.
420 5344 496 5394 ιιι,
540 5329 634 5400 21)
659 5371 674 5396 ,
702 5327 779 5384 ita
817 5327 967 5384 salva
1014 5327 1321 5384 reverentia
1369 5326 1515 5382 sedis
1551 5325 1866 5397 apostolicae

259 5417 409 5484 dico,
437 5418 564 5492 quia
592 5418 638 5474 si
668 5417 778 5482 illa,
809 5433 929 5490 quae
957 5417 1011 5472 in
1059 5417 1268 5473 eisdem
1299 5415 1542 5487 epistolis
1573 5415 1862 5472 continen-

264 5521 374 5580 tur,
403 5523 454 5572 et
482 5516 565 5571 sui
598 5513 934 5585 temporibus
961 5528 1202 5585 congrua
1249 5513 1484 5577 fuerunt,
1518 5512 1860 5584 subsequen-

1973 4541 2025 4587 et
2054 4532 2110 4586 in
2141 4531 2234 4586 illo
2262 4531 2442 4602 primo
2473 4531 2716 4603 templo,
2749 4549 2892 4588 unus
2922 4535 3183 4590 sacerdos
3232 4536 3468 4592 intrabat
3505 4537 3563 4592 in

1971 4622 2169 4676 Sancta
2221 4629 2556 4676 sanctorum.
2605 4621 2842 4692 Populus
2885 4623 3062 4678 omnis
3093 4622 3226 4678 foris
3268 4625 3476 4690 stabat,
3511 4633 3568 4682 et

1968 4709 2080 4776 ille,
2116 4709 2209 4782 qui
2251 4709 2404 4764 solus
2439 4709 2852 4782 ingrediebatur
2878 4711 2932 4766 in
2977 4711 3234 4767 interiora
3265 4713 3390 4784 veli,
3423 4713 3564 4770 oﬂ'e-

1969 4801 2122 4855 rebat
2165 4797 2494 4855 sacriﬁcium
2537 4815 2638 4870 pro
2669 4800 2870 4870 pOpulo
2900 4800 3034 4856 foris
3061 4810 3258 4857 stante.
3294 4803 3566 4875 Propitia-

1971 4887 2037 4941 tis
2072 4904 2206 4959 ergo
2251 4887 2490 4959 peccatis
2533 4887 2737 4942 nostris
2781 4896 2834 4942 et
2879 4889 3246 4959 impietatibus
3289 4908 3388 4963 per
3429 4893 3564 4949 illud

1968 4975 2292 5032 sacriﬁcium
2376 4976 2743 5047 vespertinum
2789 5018 2803 5045 ,
2861 4977 3160 5033 transimus
3232 4981 3304 5035 ad
3379 4981 3565 5038 Domi-

1967 5082 2095 5119 num
2153 5075 2206 5120 et
2260 5066 2505 5121 aufertur
2563 5065 2826 5120 velamen.
2876 5066 3172 5138 Propterea
3227 5077 3280 5124 et
3333 5071 3565 5127 Domino

1967 5153 2228 5210 cruxiﬁxo
2258 5154 2437 5208 velum
2467 5153 2652 5224 templi
2686 5155 2916 5211 scissum
2948 5165 3050 5212 est.
3093 5158 3282 5230 Itaque
3312 5174 3414 5214 nec
3441 5173 3564 5214 car-

1966 5257 2092 5298 nem
2133 5241 2381 5312 praeputii
2421 5241 2862 5299 circumcidimus
2901 5245 3056 5314 juxta
3097 5247 3261 5300 ritum
3309 5247 3564 5304 Mosaicae

1964 5330 2124 5404 legis,
2152 5345 2254 5385 nec
2285 5329 2618 5386 abstinemus
2646 5331 2902 5388 carnibus
2932 5349 3070 5404 quas
3099 5333 3289 5390 eadem
3319 5335 3406 5391 lex
3431 5336 3564 5394 dicit

1962 5417 2291 5484 immundas,
2323 5433 2426 5474 nec
2446 5418 2696 5486 sabbata,
2731 5429 2784 5476 et
2813 5420 3149 5491 neomenias,
3168 5431 3221 5479 et
3248 5424 3368 5482 dies
3396 5423 3564 5484 festos

1963 5521 2148 5562 eorum
2189 5506 2481 5563 carnaliter
2535 5508 2893 5564 observamus
2915 5550 2930 5575 ,
2962 5525 3062 5566 nec
3109 5511 3354 5570 victimas
3397 5528 3560 5586 peco-
