4054 6180
369 277 472 331 387

1369 272 1706 330 HINCMARI
1735 269 2134 330 RHEMENSIS
2191 274 2740 332 ARCHIEPISCOPI.

3569 281 3673 334 388

369 415 484 455 rum
520 398 893 456 sacriﬁcamus
923 401 1060 464 Deo,
1094 416 1196 456 nec
1225 401 1437 456 Pascha
1466 400 1520 453 in
1549 415 1652 455 ove
1681 408 1734 456 et
1763 399 2040 472 azymisA
2067 417 2253 456 verum
2286 410 2386 470 est,
2422 401 2546 473 quia
2591 401 2732 456 ratio
2779 408 2831 456 et
2879 401 3081 456 veritas
3120 401 3500 458 consuetudini
3520 418 3669 474 pra-

373 488 620 545 similiter
649 489 1005 554 celebramus,
1041 498 1092 543 et
1123 489 1170 543 si
1201 505 1308 560 qua
1353 489 1462 543 alia
1508 486 1726 543 fuerunt
1782 496 1971 542 vetera

375 587 735 647 sacramenta,
767 596 886 650 quae
916 577 1128 641 omnia;
1149 586 1205 631 ut
1235 577 1364 643 dixi,
1397 577 1624 632 umbras
1643 581 1973 649 futurorum

379 667 600 738 €01.11),
651 667 887 739 appellat
945 666 1267 736 Apostolus,
1305 665 1432 737 quia
1486 682 1552 721 ea
1596 664 1974 738 signiﬁcabant

377 772 476 810 suo
525 763 770 826 tempore
817 755 1126 820 revelanda,
1163 771 1284 825 quae
1339 771 1440 808 nos
1468 754 1700 809 revelata
1731 754 1973 825 percipi-

378 861 519 911 mus,
553 852 609 898 ut
641 851 846 898 remota
895 844 1107 908 umbra,
1139 843 1285 897 nuda
1333 859 1521 897 eorum
1552 843 1673 898 luce
1704 841 1973 898 fruamur.

377 935 513 988 Nam
562 939 614 986 et
644 933 891 986 exuendo
937 940 1177 986 veterem
1217 931 1492 986 hominem
1537 930 1977 986 circumcidimur

379 1021 434 1075 in
491 1020 882 1091 exspoliatione
933 1021 1181 1091 corporis
1239 1021 1440 1085 carnis,
1471 1028 1522 1074 et
1553 1036 1690 1091 quos
1719 1019 1871 1074 cibos
1899 1019 1976 1072 illi

382 1109 548 1164 vitam
599 1109 654 1162 in
709 1109 1018 1180 pecoribus,
1069 1125 1172 1162 nos
1211 1108 1440 1162 vitamus
1497 1107 1550 1162 in
1607 1108 1846 1162 moribus
1879 1151 1892 1174 ,
1926 1115 1979 1162 et

381 1197 712 1254 exhibemus
743 1215 974 1270 corpora
1005 1201 1200 1252 nostra
1235 1198 1476 1252 hostiam
1505 1197 1688 1253 vivam
1717 1200 1979 1252 sanctam

381 1287 487 1343 Deo
509 1287 833 1358 placentem
864 1288 1040 1352 (Rom.
1075 1287 1211 1354 xu),
1243 1285 1326 1338 cui
1363 1291 1415 1339 et
1446 1285 1654 1338 animas
1684 1293 1896 1339 nostras
1925 1283 1980 1336 in

379 1373 668 1428 desideriis
689 1372 892 1428 sanctis
920 1388 1021 1443 pro
1052 1373 1316 1445 sanguine
1365 1373 1728 1445 intelligenter
1752 1371 1980 1428 eﬁ'undi—

381 1479 524 1528 mus,
559 1469 612 1517 et
659 1460 855 1515 Christi
887 1460 1034 1515 velut
1087 1461 1214 1533 agni
1245 1460 1577 1516 immaculati
1621 1461 1884 1534 sanguine
1913 1461 1982 1515 ab

385 1549 534 1606 omni
586 1549 866 1619 iniquitate
921 1549 1250 1603 mundamur
1283 1567 1294 1602 :
1330 1551 1421 1620 qui
1472 1558 1698 1620 propter
1727 1549 1982 1603 similitu-

385 1637 568 1692 dinem
599 1636 775 1692 carnis
832 1637 1064 1707 peccati,
1094 1637 1257 1692 etiam
1315 1637 1542 1708 caprino
1580 1654 1777 1708 pecore
1807 1637 1859 1691 in
1890 1654 1982 1692 ve-

383 1725 594 1780 teribus
622 1723 902 1780 sacriﬁciis
933 1723 1216 1796 ﬁguratur,
1241 1743 1342 1782 nec
1373 1742 1495 1781 eum
1524 1735 1687 1799 negat
1719 1725 1773 1780 in
1804 1725 1981 1782 crucis
2004 1753 2058 1814 B

386 1813 645 1870 cornibus
699 1821 930 1878 taurum,
993 1814 1081 1884 qui
1111 1813 1167 1868 in
1224 1814 1316 1868 illo
1373 1815 1654 1888 cognoscit
1683 1815 1976 1868 maximam

390 1902 684 1957 victimam.
741 1903 801 1956 In
856 1901 950 1956 illo
1003 1902 1247 1973 requiem
1305 1920 1428 1958 cum
1486 1903 1805 1970 invenimus,
1863 1919 1992 1974 vere

390 1990 808 2058 sabbatizamus,
835 1997 886 2043 et
905 1990 1048 2044 lunae
1065 2005 1219 2046 novae
1239 1991 1574 2057 observatio,
1594 1992 1718 2048 vita:
1737 2007 1894 2046 novae
1911 1999 1994 2045 est

387 2076 764 2144 sanctiﬁcatio,
817 2085 870 2132 et
928 2079 1140 2133 Pascha
1189 2087 1437 2133 nostrum
1483 2087 1566 2134 est
1612 2079 1882 2147 Christus,
1943 2086 1997 2134 et

391 2181 638 2236 azymum
666 2174 911 2220 nostrum
943 2166 1226 2221 sinceritas
1254 2167 1498 2222 veritatis
1529 2166 1853 2223 fermentum
1885 2184 1993 2222 non

391 2254 601 2308 habens
643 2254 948 2308 vetustatis.
996 2255 1065 2306 Et
1111 2263 1333 2326 pr0pter
1362 2257 1501 2311 hanc
1529 2256 1651 2309 vita:
1679 2255 1992 2323 novitatem,

392 2343 600 2412 primus
638 2341 843 2396 mensis
900 2341 954 2394 in
999 2343 1128 2396 anni
1181 2343 1460 2397 mensibus
1491 2343 1844 2398 celebrationi
1872 2343 1997 2398 huic

389 2430 673 2484 attributus
711 2437 792 2484 est
830 2446 954 2483 nam
1003 2429 1120 2500 ipse
1171 2431 1367 2486 dicitur
1386 2439 1438 2486 et
1485 2433 1691 2486 mensis
1707 2448 1994 2486 novorum.

392 2517 534 2586 Quia
560 2533 689 2573 vero
715 2518 768 2572 in
782 2525 893 2572 toto
911 2525 1156 2589 tempore
1181 2519 1364 2574 saeculi
1387 2537 1532 2577 nunc
1549 2520 1763 2574 tertium
1787 2529 1998 2590 tempus

390 2606 654 2678 apparuit,
671 2605 793 2661 ideo
805 2607 1134 2662 resurrectio
1150 2608 1366 2662 Domini
1378 2608 1629 2663 triduana
1641 2616 1742 2663 est.
1759 2607 1996 2663 Primum

391 2695 538 2750 enim
575 2702 786 2764 tempus
816 2703 898 2750 est
941 2704 1065 2750 ante
1105 2696 1286 2770 legem
1311 2739 1324 2766 ,
1360 2698 1658 2753 secundum
1720 2698 1820 2752 sub
1851 2697 1995 2770 lege,

391 2783 610 2838 tertium
640 2784 740 2837 sub
773 2784 990 2857 gratia,
1015 2784 1106 2838 ubi
1150 2785 1266 2854 jam
1298 2785 1659 2841 manifestatio
1689 2794 1772 2840 est
1812 2802 1999 2841 sacra-

394 2879 562 2934 menti
621 2880 774 2950 prius
817 2879 1014 2936 occulti
1045 2881 1100 2934 in
1154 2883 1474 2952 prophetico
1522 2882 1813 2954 aenigmate
1851 2900 1864 2936 :
1897 2883 2000 2936 hoc

397 2984 530 3040 ergo
591 2975 642 3021 et
691 2967 744 3020 in
785 2968 964 3022 lunari
1023 2969 1647 3042 numerosigniﬁcatur.
1683 2969 1824 3038 Quia
1856 2970 1999 3025 enim

397 3054 736 3126 septenarius
785 3071 1044 3110 numerus
1093 3057 1231 3112 solet
1277 3058 1331 3111 in
1367 3058 1660 3129 Scripturis
1705 3059 1775 3113 ad
1804 3075 2000 3131 quam-

397 3143 526 3198 dam
554 3142 945 3214 perfectionem
975 3145 1239 3216 mysticus
1285 3163 1564 3217 apparere,
1598 3147 1756 3202 tertia
1785 3148 2001 3202 hebdo-

395 3233 560 3288 mada
608 3232 750 3288 lunm
797 3233 1006 3288 Pascha
1056 3235 1365 3290 celebratur
1389 3279 1401 3300 ,
1433 3235 1489 3290 id
1511 3243 1594 3290 est
1634 3236 1728 3308 qui
1757 3237 1875 3291 dies
1905 3253 2004 3292 oc-

398 3321 566 3376 currit
603 3337 632 3374 a
689 3331 882 3393 quarta
927 3323 1141 3378 decima
1185 3323 1240 3377 in
1305 3324 1613 3380 vicesimam
1653 3325 1904 3396 primam.
1937 3327 2006 3380 Et

397 3426 735 3482 quaecunque
765 3410 872 3464 alia
902 3410 1008 3464 illis
1027 3411 1304 3466 veteribus
1321 3413 1641 3467 adumbrata
1657 3422 1784 3467 sunt
1809 3413 2000 3486 signis,

395 3498 452 3552 in
509 3498 612 3553 isto
669 3499 870 3553 habent
927 3497 1110 3566 ﬁnem,
1143 3503 1306 3573 cujus
1362 3503 1520 3573 regni
1579 3519 1692 3558 non
1723 3505 1835 3558 erit
1871 3503 2007 3572 ﬁnis

399 3581 618 3657 (Matth.
653 3586 732 3658 v).
769 3588 826 3640 In
859 3586 952 3642 illo
997 3588 1196 3660 quippe
1241 3589 1422 3644 omnia
1451 3591 1739 3662 oportebat
1769 3590 2004 3662 impleri,

399 3675 492 3746 qui
520 3675 664 3730 venit
712 3675 893 3748 legem
951 3683 1003 3730 et
1033 3679 1329 3748 prephetas
1375 3695 1487 3733 non
1518 3679 1748 3743 solvere,
1784 3679 1880 3733 sed
1909 3679 2008 3732 im-

398 3763 565 3834 plere.
589 3763 824 3818 Proinde
857 3763 951 3818 illa
981 3773 1169 3820 vetera
1200 3765 1359 3838 signa
1380 3782 1561 3820 rerum
1593 3783 1703 3822 non
1729 3767 2010 3822 evacuavit

398 3852 680 3922 arguendo
711 3891 724 3917 ,
760 3852 856 3905 sed
931 3852 1158 3906 mutavit
1203 3852 1478 3922 implendo
1515 3897 1526 3919 ,
1561 3863 1617 3908 ut
1665 3855 1769 3908 alia
1827 3863 2010 3909 essent

399 3955 521 4010 qua:
551 3938 862 3993 nuntiarent
893 3939 1108 3994 venisse
1133 3940 1249 4008 jam
1283 3941 1574 4008 Christum,
1601 3958 1766 4014 quam
1796 3942 2012 3998 fuerant

402 4025 496 4080 illa
525 4043 646 4098 quae
692 4027 1123 4097 prmnuntiabant
1171 4037 1632 4086 esse-venturum.
1667 4031 1928 4088 Similiter
1955 4040 2011 4088 et

405 4115 459 4168 in
517 4113 624 4168 illis
682 4115 1112 4186 apostolicorum
1171 4117 1415 4173 virorum
1449 4119 1715 4190 epistolis,
1763 4121 2014 4192 quaedam

401 4204 846 4259 demonstrantur
892 4205 1056 4260 etiam
1087 4207 1233 4277 apud
1284 4207 1524 4280 gentiles
1567 4207 1734 4264 fuisse
1766 4217 1890 4264 ante
1910 4210 2013 4264 ad-

400 4299 622 4348 ventum
669 4293 888 4348 Domini
936 4293 1320 4368 signiﬁcativa,
1355 4296 1510 4353 sicuti
1541 4297 1608 4353 de
1640 4297 1932 4369 provinciis
1963 4306 2016 4353 et

400 4381 709 4455 privilegiis
788 4382 1104 4450 civitatum,
1139 4393 1192 4440 et
1255 4385 1579 4456 primatibus
1638 4387 1915 4442 ﬂaminum
1961 4395 2016 4441 et

2031 3107 2080 3170 C

2071 490 2325 561 ponenda
2353 497 2436 544 est
2467 506 2479 544 :
2513 489 2611 544 sed
2628 505 2752 546 cum
2769 489 3150 545 consuetudini
3170 491 3372 546 veritas
3393 489 3671 568 suifraga-

2071 586 2175 646 tur,
2209 578 2342 632 nihil
2371 586 2582 649 oportet
2609 577 2818 633 ﬁrmius
2848 577 3090 634 retineri.
3124 577 3386 647 Quaedam
3411 579 3669 652 denique,

2075 667 2212 722 sicut
2239 667 2294 720 in
2334 666 2542 722 eisdem
2568 666 2814 738 epistolis
2847 667 2917 721 ab
2953 667 3214 739 apostolis
3239 667 3438 723 tradita
3479 667 3674 740 legun-

2075 763 2184 820 tur,
2222 755 2306 810 vel
2337 772 2402 810 ex
2450 755 2664 827 legibus
2701 755 2956 811 Romanis
2999 763 3280 827 assumpta
3309 755 3675 824 inveniuntur,

2075 843 2149 898 ita
2219 843 2582 914 plenariorum
2659 842 3013 900 conciliorum
3094 843 3411 900 auctoritate
3467 843 3684 904 ﬁrmata

2077 941 2366 988 servantur
2407 951 2420 986 :
2461 940 2516 986 et
2543 933 2788 1005 quaedam
2819 949 2884 988 ex
2915 932 3000 986 his
3027 932 3082 988 in
3113 931 3359 989 conciliis
3397 933 3682 993 immutata

2077 1019 2313 1076 fuerunt.
2363 1021 2472 1076 Sed
2519 1029 2570 1076 et
2599 1021 2848 1094 quaedam
2879 1021 2946 1076 de
2981 1021 3084 1090 his,
3121 1032 3244 1094 quae
3288 1020 3344 1076 in
3374 1021 3681 1096 regionali-

2080 1109 2182 1164 bus
2211 1109 2364 1164 fuere
2393 1117 2593 1165 statuta
2622 1109 2889 1176 conciliis,
2930 1108 3300 1180 plenariorum
3325 1109 3687 1168 conciliorum

2079 1198 2394 1254 auctoritate
2428 1198 2723 1267 immutata,
2755 1198 2840 1254 vel
2889 1198 2946 1252 in
2990 1198 3340 1270 postmodum
3378 1199 3686 1274 irrefraga-

2081 1285 2262 1341 biliter
2291 1287 2668 1342 conservanda
2694 1294 2965 1355 tenentur,
2999 1286 3139 1344 sicut
3160 1287 3411 1346 catholici
3430 1287 3686 1346 doctores

2081 1382 2133 1430 et
2180 1375 2440 1430 Ecclesiae
2504 1375 2754 1448 magistri
2809 1376 3184 1430 demonstrant
3229 1418 3244 1442 ,
3277 1383 3331 1432 et
3371 1375 3572 1448 partim
3617 1393 3688 1434 ex

2083 1479 2283 1519 erorun
2322 1463 2481 1520 dictis
2531 1479 2696 1534 supra
2742 1464 2956 1520 ostendi
2989 1481 3001 1520 :
3035 1473 3085 1519 et
3126 1473 3328 1536 prater
3372 1481 3439 1521 ea
3467 1482 3589 1538 qua:
3619 1466 3692 1522 de

2083 1552 2266 1608 verbis
2285 1551 2429 1606 beati
2447 1552 2736 1624 Augustini
2754 1552 2810 1607 in
2830 1553 2936 1608 hoc
2957 1553 3223 1624 opusculo
3242 1552 3420 1624 posui,
3443 1553 3500 1610 in
3529 1553 3689 1612 libris

2083 1635 2152 1689 de
2179 1634 2457 1705 Baptismo
2482 1635 2611 1690 dicit
2647 1651 2660 1690 :
2693 1635 2928 1707 primum
2959 1635 3182 1708 quidem
3201 1636 3497 1692 ostendens
3524 1635 3692 1694 diffe-

2085 1722 2318 1778 rentiam
2357 1739 2479 1779 esse
2523 1723 2665 1779 inter
2710 1724 3004 1795 epistolare
3053 1724 3403 1796 colloquium,
3437 1741 3545 1796 quo
3573 1725 3698 1783 istae

2092 1811 2338 1883 epistolae
2375 1811 2796 1884 apostolicorum
2819 1855 2832 1878 ,
2865 1813 2934 1867 de
2984 1813 3182 1884 quibus
3219 1813 3419 1886 agitur,
3459 1813 3697 1871 condita:

2095 1908 2234 1970 sunt,
2267 1906 2320 1953 et
2349 1898 2628 1970 regionale
2661 1915 2725 1954 ac
2767 1899 3067 1971 plenarium
3099 1899 3403 1956 concilium.
3441 1924 3463 1952 α
3497 1901 3696 1970 Video,

2093 1989 2266 2061 inquit
2309 1987 2426 2060 (lib.
2460 2003 2522 2042 ιιι
2552 1989 2616 2044 de
2644 1989 2828 2060 Bapt.,
2867 2004 2988 2060 cap.
3030 1989 3107 2061 2),
3163 1989 3293 2061 quid
3335 1989 3512 2045 adhuc
3541 2006 3576 2044 a
3603 2005 3698 2048 me

2093 2077 2266 2150 possit
2293 2077 2494 2148 inquit,
2527 2076 2812 2144 videlicet,
2841 2085 2900 2132 ut
2919 2077 3282 2149 respondeam
3311 2077 3700 2134 verisimilibus

2094 2166 2202 2221 illis
2231 2165 2554 2231 rationibus,
2588 2165 2782 2236 quibus
2813 2165 2898 2220 vel
2928 2174 3053 2221 ante
3083 2165 3436 2237 Agrippinus,
3463 2166 3550 2222 vel
3579 2166 3704 2238 ipse
3765 2225 3780 2232 ,

2097 2255 2420 2327 Cyprianus,
2469 2253 2558 2308 vel
2587 2253 2662 2306 illi
2694 2253 2785 2326 qui
2815 2254 2894 2309 eis
2941 2253 2996 2308 in
3043 2253 3227 2311 Africa
3283 2263 3701 2320 consenserunt,

2096 2343 2184 2398 vel
2215 2343 2258 2397 si
2289 2342 2428 2398 forte
2458 2341 2624 2412 aliqui
2673 2359 2738 2396 ex
2776 2342 3149 2397 transmarinis
3195 2343 3360 2398 terris
3386 2343 3550 2417 longe
3579 2343 3706 2398 dis-

2097 2433 2282 2497 cretis,
2317 2431 2465 2486 nullo
2495 2430 2711 2502 quidem
2757 2431 2872 2486 sive
2900 2429 3146 2502 plenario
3175 2431 3289 2486 sive
3323 2431 3519 2486 saltem
3547 2432 3706 2506 regio

2097 2520 2227 2574 mali
2257 2519 2510 2584 concilio,
2535 2519 2633 2574 sed
2654 2518 2928 2590 epistolari
2950 2519 3242 2592 colloquio,
3267 2521 3522 2577 commoti
3551 2528 3701 2586 sunt,

2099 2617 2155 2663 ut
2185 2609 2289 2664 hoc
2309 2623 2432 2663 esse
2464 2606 2772 2663 faciendum
2802 2615 3072 2678 putarent,
3096 2608 3242 2680 quod
3274 2615 3326 2664 et
3365 2608 3706 2665 consuetudo

2099 2696 2359 2753 Ecclesiae
2387 2696 2617 2768 pristina
2657 2713 2767 2752 non
2816 2697 3068 2766 habebat,
3101 2705 3155 2752 et
3183 2707 3372 2768 postea
3401 2697 3708 2755 catholicus

2099 2786 2248 2843 orbis
2277 2794 2548 2840 terrarum
2599 2785 2986 2840 robustissima
3031 2784 3279 2843 ﬁrmitate
3321 2786 3707 2843 consensionis

2100 2874 2348 2940 exclusit,
2378 2882 2435 2928 ut
2482 2874 2628 2945 quod
2657 2890 2759 2944 per
2807 2874 3202 2945 disputationes
3229 2875 3495 2944 ejusmodi
3513 2875 3568 2930 in
3600 2875 3712 2932 ali-

2101 2979 2330 3035 quorum
2358 2969 2569 3016 mentes
2589 2961 2836 3032 irrepere
2883 2971 3141 3034 coeperat,
3177 2963 3246 3018 de
3274 2963 3448 3019 salute
3477 2963 3712 3020 veniens

2101 3050 2320 3106 unitatis
2369 3051 2638 3122 potentior
2685 3051 2886 3105 veritas
2948 3059 3000 3106 et
3036 3051 3362 3107 universalis
3427 3051 3710 3108 medicina.

2105 3146 2343 3195 sanaret.
2374 3160 2396 3188 ν
2431 3139 2567 3194 Item
2606 3137 2970 3195 differentiam
2999 3140 3141 3196 inter
3179 3141 3472 3215 regionalia
3501 3149 3553 3198 et
3580 3141 3712 3212 ple-

2103 3229 2254 3282 naria
2275 3227 2502 3284 concilia
2529 3228 2769 3283 ostendit
2790 3228 2892 3284 hoc
2911 3229 3076 3284 modo
3109 3245 3122 3284 :
3160 3251 3182 3280 ι
3217 3229 3407 3296 Nobis,
3431 3229 3708 3302 inquiens,

2105 3325 2279 3391 tutum
2337 3324 2418 3372 est
2451 3316 2507 3371 in
2560 3332 2627 3372 ea
2701 3333 2810 3370 non
2871 3317 3111 3388 protrahi
3161 3317 3346 3390 aliqua
3400 3317 3709 3374 temeritate

2107 3405 2389 3462 sententiae
2413 3447 2427 3472 ,
2463 3422 2585 3478 qua:
2626 3405 2774 3461 nullo
2802 3405 2857 3459 in
2891 3406 3156 3464 catholico
3189 3406 3713 3479 regionaliconcilio

2107 3503 2303 3565 coepta,
2340 3493 2491 3549 nullo
2537 3493 2781 3564 plenario
2829 3495 3112 3550 terminata
3142 3503 3285 3552 sunt.
3316 3495 3377 3552 Id
3403 3503 3583 3552 autem
3611 3511 3712 3554 se-

2109 3599 2297 3638 curum
2331 3590 2414 3637 est
2458 3582 2724 3638 sententia
2754 3582 2904 3638 vocis
2937 3599 3204 3652 asserere,
3240 3583 3386 3656 quod
3415 3584 3472 3640 in
3497 3583 3717 3658 guber-

2108 3672 2328 3727 natione
2352 3670 2570 3726 Domini
2603 3670 2703 3726 Dei
2733 3671 2904 3726 nostri
2931 3679 2984 3727 et
3021 3671 3321 3728 Salvatoris
3349 3673 3478 3729 Jesu
3507 3671 3718 3730 Christi

2110 3759 2432 3816 universalis
2483 3759 2744 3815 Ecclesiae
2791 3760 3153 3817 consensione
3195 3760 3510 3818 roboratam
3549 3769 3652 3816 est.
3682 3780 3711 3811 ι

2111 3848 2246 3903 Item
2277 3846 2641 3904 differentiam
2670 3847 2907 3903 ostendit
2927 3848 3069 3904 inter
3097 3849 3438 3906 authenticas
3471 3847 3719 3922 scriptu-

2111 3953 2220 4002 ras,
2255 3945 2310 3992 et
2338 3935 2640 4007 regionalia
2671 3944 2723 3990 et
2751 3936 2996 4007 plenaria
3013 3937 3262 3994 concilia.
3303 3959 3327 3989 ι
3353 3936 3504 4008 Quis,
3535 3935 3720 4010 inquit

2114 4024 2232 4094 (lib.
2259 4040 2298 4080 ιι
2330 4024 2396 4079 de
2419 4025 2603 4098 Bapt.,
2627 4040 2746 4094 cap.
2781 4025 2857 4094 3),
2880 4025 3087 4082 nesciat
3108 4035 3353 4084 sanctam
3373 4025 3716 4098 Scriptura!!!

2112 4113 2438 4169 catholicam
2461 4155 2474 4179 ,
2525 4121 2636 4168 tam
2669 4113 2884 4169 Veteris
2954 4130 3118 4186 quam
3175 4114 3318 4171 Novi
3363 4113 3722 4182 Testamenti,

2113 4201 2278 4258 certis
2333 4201 2448 4256 suis
2496 4201 2742 4256 terminis
2789 4201 3090 4269 contineri,
3151 4219 3380 4275 eamque
3461 4201 3726 4260 omnibus

2113 4289 2508 4362 posterioribus
2530 4289 2914 4361 episcoporum
2943 4290 3136 4348 litteris
3167 4290 3242 4348 ita
3267 4289 3533 4364 praeponi,
3563 4297 3624 4348 ut
3649 4289 3728 4348 de

2115 4379 2210 4434 illa
2237 4378 2457 4434 omnino
2501 4377 2736 4433 dubitari
2784 4386 2839 4434 et
2865 4379 3157 4450 disceptari
3200 4395 3310 4436 non
3341 4378 3511 4451 possit
3537 4387 3724 4436 utrum

401 4469 860 4542 archiﬂaminum,
902 4490 1024 4544 quae
1053 4473 1121 4528 ad
1172 4473 1344 4528 instar
1375 4474 1514 4547 legis
1544 4475 1816 4542 Mosaicae,
1850 4475 2014 4548 longe
2032 4467 2085 4528 D
2117 4484 2306 4524 verum
2335 4468 2422 4522 vel
2445 4475 2627 4522 utrum
2655 4475 2863 4522 rectum
2894 4467 2982 4534 sit,
3008 4468 3342 4541 quidquidin
3363 4485 3426 4525 ea
3455 4469 3723 4540 scriptum

401 4568 525 4616 ante
565 4559 848 4633 gentilium
896 4560 1329 4632 dispositionem,
1364 4571 1418 4616 et
1465 4563 1521 4617 in
1568 4563 1930 4635 legislatione,
1953 4572 2010 4618 et

403 4649 460 4702 in
489 4649 568 4703 eis
599 4649 905 4722 quibusque
953 4647 1394 4705 distinctionibus
1425 4651 1725 4720 existentis,
1757 4661 1814 4707 ut
1845 4667 2010 4723 supra

405 4737 650 4802 ostendi,
683 4746 737 4792 et
771 4738 826 4792 in
857 4737 1126 4793 divisione
1169 4738 1404 4794 tribuum
1457 4756 1523 4795 ac
1572 4739 1924 4807 incolatuum,
1957 4749 2011 4796 et

402 4825 846 4897 privilegiorum,
881 4843 942 4881 ac
973 4827 1307 4897 primatuum
1363 4827 1618 4882 ordinum
1665 4828 2009 4900 singulorum

405 4912 638 4984 gentiles
667 4913 1068 4986 disposuerunt,
1103 4925 1174 4981 et,
1220 4925 1276 4970 ut
1307 4915 1560 4971 Clemens
1583 4924 1745 4987 atque
1775 4916 2000 4972 Anacle-

407 5009 496 5055 tus
544 5000 836 5056 ostendunt
869 5046 882 5066 ,
945 5003 1247 5074 apostolica
1317 5005 1598 5060 traditione
1653 5004 1708 5058 in
1764 5005 2014 5060 Ecclesia

405 5089 678 5160 hodieque
723 5098 1008 5144 servantur
1062 5092 1115 5144 in
1145 5091 1412 5148 divisione
1474 5094 1780 5166 regionum,
1824 5101 1876 5148 et
1907 5109 2011 5164 pa-

407 5177 740 5242 rochiarum,
776 5185 829 5232 et
871 5178 1172 5248 privilegiis
1227 5181 1456 5250 sedium,
1493 5189 1547 5237 et
1604 5181 2010 5252 episcoporum,

406 5281 470 5322 ac
495 5266 1059 5338 metropolitanorum,
1095 5277 1257 5340 atque
1287 5270 1600 5341 primatum.
1636 5269 1771 5340 Quae
1796 5279 2014 5342 aposto-

405 5353 512 5410 lica
543 5372 670 5410 vera
692 5355 910 5411 traditio
941 5356 1106 5412 etiam
1165 5357 1369 5414 ratione
1400 5367 1452 5414 et
1499 5358 1685 5430 prisca
1716 5367 2013 5415 consuetu—

409 5441 534 5498 dine
583 5441 1035 5501 suﬂicientissime
1089 5453 1172 5502 est
1232 5442 1576 5504 conﬁrmata.
1609 5447 1805 5512 Plane,
1833 5447 2016 5520 inquit

397 5532 743 5603 'Augustinus
765 5531 883 5601 (lib.
911 5550 966 5588 tv
990 5535 1058 5590 de
1077 5535 1227 5606 bapt.
1253 5541 1451 5594 contra
1471 5537 1752 5601 Donatist,
1777 5550 1900 5606 cap.
1932 5539 2012 5606 5,)

2111 4573 2233 4612 esse
2281 4555 2624 4612 constiterit?
2672 4555 3072 4627 Episcoporum
3118 4564 3299 4613 autem
3336 4556 3563 4624 litteras,
3596 4571 3726 4630 qua

2109 4653 2234 4716 post
2289 4642 2671 4700 conﬁrmatum
2729 4661 3000 4700 canonem
3048 4645 3134 4702 vel
3189 4645 3406 4718 scripta:
3437 4653 3582 4711 sunt,
3633 4651 3730 4707 vel

2113 4733 2444 4798 scribuntur,
2478 4740 2529 4788 et
2557 4749 2658 4803 per
2687 4749 2996 4789 sermonem
3027 4732 3163 4790 forte
3193 4733 3581 4805 sapientiorem
3614 4748 3724 4790 cu-

2104 4820 2405 4892 juslibetin
2435 4837 2496 4876 ea
2527 4836 2587 4874 re
2615 4821 2908 4891 peritioris,
2942 4830 2995 4877 et
3021 4838 3120 4894 per
3165 4822 3394 4879 aliorum
3425 4821 3724 4895 episcopo-

2113 4925 2307 4980 porum
2341 4909 2651 4981 graviorem
2697 4911 3098 4978 auctoritatem,
3144 4910 3538 4984 doctorumque
3583 4926 3724 4982 pru-

2114 4997 2385 5063 dentiam,
2421 5005 2471 5053 et
2505 5013 2606 5069 per
2653 4998 2885 5054 concilia
2912 4999 3080 5055 licere
3128 4999 3478 5072 reprehendi,
3510 4999 3557 5054 si
3589 4998 3731 5071 quid

2116 5085 2172 5140 in
2201 5087 2282 5140 eis
2303 5085 2442 5142 forte
2471 5103 2502 5141 a
2522 5087 2745 5142 veritate
2775 5087 3049 5144 deviatum
3077 5097 3161 5143 est
3191 5105 3205 5142 :
3236 5097 3288 5143 et
3314 5089 3433 5159 ipsa
3461 5087 3727 5155 concilia,

2118 5191 2240 5246 qua:
2287 5191 2388 5246 per
2435 5175 2681 5249 singulas
2729 5176 2986 5247 regiones
3043 5176 3132 5232 vel
3187 5176 3496 5249 provincias
3553 5174 3732 5249 Lﬁunt,

2116 5262 2486 5334 plenariorum
2535 5263 2890 5320 conciliorum
2933 5265 3260 5332 auctoritati,
3312 5281 3434 5338 qum
3479 5263 3617 5321 ﬁunt
3661 5279 3738 5320 ex

2119 5351 2378 5408 universo
2405 5353 2540 5408 orbe
2569 5352 2898 5421 Christiano,
2931 5353 3048 5410 sine
3093 5354 3216 5410 ullis
3252 5353 3582 5428 ambagibus
3631 5367 3738 5411 ce-

2119 5439 2288 5495 dere:
2326 5440 2556 5514 ipsaque
2611 5441 2856 5514 plenaria
2903 5458 3050 5516 saepe
3087 5443 3272 5516 priora
3315 5441 3728 5518 posterioribus

2121 5537 2421 5604 emendari,
2455 5554 2578 5594 cum
2625 5538 2808 5612 aliquo
2839 5539 3208 5610 experimento
3258 5555 3441 5598 rerum
3473 5537 3725 5612 aperitur
