4020 6182
216 293 320 345 389

864 287 1104 344 OPUSC.
1163 288 1254 342 ET
1297 287 1516 343 EPIST.
1577 288 1649 341 IN
1723 285 1951 342 CAUSA
1997 285 2337 342 HINCMARI
2385 287 2688 344 LAUDUN.

3417 292 3520 347 390

225 413 372 486 quod
403 412 657 469 clausum
687 419 823 481 erat,
846 419 900 467 et
920 412 1272 485 cognoscitur
1291 413 1437 484 quod
1467 411 1686 480 latebat,
1713 411 1827 466 sine
1847 413 1904 471 A
1933 419 2264 477 sanctorum,
2289 412 2447 484 quasi
2475 428 2541 467 ex
2573 402 2764 468 eurum
2792 412 3138 485 imaginibus,
3172 413 3342 484 ipsos,
3369 413 3527 469 vide-

221 501 334 557 ullo
363 503 536 572 typho
568 501 855 572 sacrilegae
881 501 1171 572 superbiae,
1207 501 1323 555 sine
1357 501 1466 555 ulla
1495 501 1683 555 inﬂata
1712 517 1828 555 cer-

219 591 338 646 vice
367 590 721 663 arrogantiae,
774 590 892 644 sine
939 589 1048 644 ulla
1089 590 1433 646 contentione
1473 590 1653 644 lividae
1681 589 1825 643 invi-

221 679 343 746 diae,
377 696 507 735 cum
557 686 746 734 sancta
793 677 1113 743 humilitate,
1169 695 1295 734 cum
1342 695 1476 749 pace
1515 678 1822 743 catholica,

219 785 343 824 cum
372 767 640 824 charitate
672 767 998 822 Christiana.
1039 787 1060 816 ι)
1095 767 1164 821 Ει
1194 767 1321 822 item
1352 768 1530 838 (ibid.,
1564 783 1685 837 cap.
1721 767 1776 836 9)
1811 783 1823 820 :

227 881 246 906 ιι
283 857 644 928 Quapropter
669 855 805 910 illud
835 872 1002 910 unum
1023 856 1110 909 isti
1142 856 1508 924 considerent,
1543 857 1688 927 quod
1712 872 1828 909 om-

221 942 381 996 nibus
433 949 604 1012 patet.
660 939 716 996 Si
765 940 1060 995 auctoritas
1111 939 1368 1011 Cypriani
1411 941 1692 1010 sequenda
1723 948 1827 1006 est,

221 1029 400 1101 magis
450 1045 575 1084 eam
621 1028 956 1100 sequendam
1003 1045 1124 1083 esse
1174 1028 1229 1082 in
1270 1028 1472 1082 unitate
1519 1029 1786 1082 servanda
1813 1071 1825 1094 ,

222 1134 387 1189 quam
435 1117 495 1172 in
540 1117 804 1172 Ecclesiae
851 1117 1243 1172 consuetudine
1309 1118 1709 1172 commutanda.
1775 1117 1828 1171 Si

221 1215 406 1261 autem
447 1206 739 1262 concilium
789 1206 906 1274 ejus
954 1205 1326 1271 attendimus,
1372 1206 1496 1261 huic
1553 1223 1674 1260 esse
1705 1205 1830 1259 uni-

223 1312 402 1350 versae
429 1295 696 1351 Ecclesia:
739 1294 1014 1365 posterius
1045 1294 1335 1350 concilium
1377 1295 1827 1366 praeponendum,

223 1385 379 1454 cujus
414 1399 474 1438 se
504 1384 814 1439 membrum
843 1399 965 1438 esse
995 1383 1292 1454 gaudebat,
1328 1391 1378 1437 et
1409 1391 1464 1438 ut
1495 1400 1554 1437 se
1583 1384 1638 1437 in
1666 1383 1833 1438 totius

226 1472 483 1543 corporis
541 1487 806 1542 compage
863 1471 1150 1526 retinenda
1207 1471 1390 1527 caeteri
1449 1472 1828 1535 imitarentur,

224 1561 428 1632 saepius
458 1560 805 1616 admonebat.
839 1561 979 1615 Nam
1011 1567 1062 1615 et
1083 1561 1315 1616 concilia
1344 1561 1648 1630 posteriora
1679 1561 1830 1631 prio-

223 1649 375 1703 ribus
437 1649 586 1719 apud
629 1657 878 1719 posteros
925 1658 1354 1720 praeponuntur,
1421 1657 1472 1703 et
1522 1649 1832 1704 universum

223 1737 474 1810 partibus
506 1753 726 1808 semper
754 1737 959 1808 optimo
983 1737 1103 1806 jure
1135 1737 1489 1808 praeponitur.
1527 1737 1834 1808 Cyprianus

226 1825 370 1881 enim
423 1833 626 1881 sancta:
672 1825 937 1881 Ecclesize
1003 1825 1283 1881 catholicae
1339 1825 1668 1880 universitas
1728 1841 1835 1880 non

226 1914 340 1979 fuit,
376 1914 476 1968 sed
506 1913 562 1968 in
595 1914 711 1983 ejus
757 1913 1112 1969 universitate
1160 1914 1461 1986 permansit
1495 1931 1506 1968 :
1542 1914 1695 1982 cujus
1740 1930 1834 1968 ra-

227 2003 404 2059 dicem
430 2016 715 2074 nunquam
763 2003 1023 2072 deseruit,
1084 2003 1184 2058 sed
1229 2003 1284 2058 in
1335 2004 1488 2072 cujus
1534 2003 1718 2059 radice
1751 2002 1836 2058 fe-

227 2092 460 2158 cundus,
495 2101 552 2146 ut
583 2099 726 2146 esset
755 2090 1058 2158 fecundior,
1094 2091 1162 2144 ab
1192 2092 1438 2162 agricola
1469 2093 1677 2148 caelesti
1707 2109 1838 2162 pur-

225 2189 386 2255 gatus
418 2187 523 2236 est.
577 2201 600 2229 ιν
633 2181 764 2236 Haec
811 2181 881 2234 de
930 2179 1051 2235 aliis
1082 2181 1328 2236 conciliis
1361 2198 1390 2234 a
1421 2181 1582 2236 beato
1614 2183 1836 2254 Augus-

225 2271 334 2325 tino
364 2277 494 2324 sunt
525 2269 686 2324 dicta.
715 2269 985 2324 Caeterum
1009 2270 1076 2324 de
1108 2285 1269 2325 sacra
1291 2277 1342 2323 et
1365 2270 1593 2340 mystica
1615 2271 1836 2325 Nicmna

227 2358 462 2429 synodo,
511 2358 652 2414 sicut
700 2375 864 2428 supra
912 2375 977 2412 ex
1024 2358 1208 2412 verbis
1251 2359 1448 2414 Leonis
1500 2366 1552 2413 et
1604 2358 1837 2412 aliorum

227 2447 483 2512 ostendi,
517 2446 652 2500 nihil
698 2463 940 2518 unquam
987 2463 1018 2501 a
1060 2462 1352 2518 quoquam.
1406 2447 1491 2501 vel
1523 2446 1839 2517 apostolicae

227 2537 374 2591 sedis
405 2534 686 2606 pontiﬁce,
732 2535 818 2590 vel
851 2551 882 2590 a
913 2535 1158 2606 plenario
1189 2535 1444 2602 concilio,
1478 2535 1702 2590 minime
1734 2551 1836 2590 au-

227 2633 333 2680 tem
366 2640 401 2679 a
430 2623 724 2694 regionali,
759 2631 840 2678 est
869 2623 1228 2689 immutatum,
1264 2624 1410 2695 quod
1442 2640 1549 2679 non
1582 2624 1649 2678 sit
1679 2624 1837 2694 peni-

227 2721 309 2768 tus
337 2712 581 2767 irritum.
620 2712 766 2768 Sicut
798 2719 849 2766 et
882 2720 1103 2768 sanctus
1123 2712 1376 2767 Gelasius
1395 2712 1449 2765 in
1466 2713 1702 2767 decretis
1725 2712 1838 2766 suis

229 2801 354 2856 dicit
387 2819 402 2854 :
431 2823 454 2851 ι
492 2802 638 2865 Non,
671 2800 922 2872 inquiens
954 2801 1140 2873 (epist.
1181 2805 1238 2854 11
1275 2801 1347 2856 ad
1377 2800 1713 2871 Dardanos),
1737 2816 1838 2854 nos

229 2889 375 2955 latet,
410 2889 466 2944 in
509 2897 834 2959 tempestate
862 2889 1264 2960 persecutionis
1295 2889 1540 2956 Arianae,
1572 2888 1838 2960 plurimos

225 2977 515 3048 pontiﬁces
565 2978 634 3032 de
684 2978 892 3032 exsiliis
936 2973 1073 3048 pace
1104 2969 1317 3032 reddita
1347 2978 1701 3048 respirantes,
1735 2993 1839 3048 per

229 3076 405 3122 certas
428 3067 762 3138 provincias,
798 3066 1146 3138 congregatis
1197 3083 1384 3122 secum
1428 3066 1704 3131 fratribus,
1741 3081 1837 3121 ec-

229 3155 423 3210 clesias
474 3154 852 3226 composuisse
903 3156 1150 3210 turbatas
1185 3173 1198 3208 :
1231 3171 1341 3210 non
1393 3162 1575 3210 tamen
1607 3163 1665 3209 ut
1693 3154 1838 3208 illius

231 3243 426 3315 synodi
455 3243 686 3298 Nicaena
717 3243 977 3314 quidquid
1007 3243 1076 3298 de
1107 3244 1214 3298 fide
1245 3251 1297 3298 et
1327 3243 1709 3298 communione
1741 3260 1838 3300 ca-

229 3333 431 3389 tholica
461 3331 792 3386 ditﬁniverat
813 3332 1177 3401 immutarent,
1211 3348 1312 3387 nec
1343 3349 1485 3387 nova
1507 3349 1839 3405 quemquam

229 3437 328 3492 pro
358 3421 519 3492 lapsu
550 3419 897 3474 damnatione
927 3421 1287 3491 percellerent
1312 3437 1323 3474 :
1352 3422 1448 3474 sed
1477 3419 1621 3474 illius
1650 3430 1839 3476 tenore

230 3509 454 3574 decreti,
491 3508 599 3563 nisi
629 3508 950 3579 resipuisset
970 3551 983 3577 ,
1011 3509 1257 3578 judicare
1297 3509 1630 3576 damnatum,
1663 3519 1840 3564 esset-

233 3614 332 3669 que
391 3613 784 3669 consequens,
843 3605 901 3652 ut
957 3597 1062 3652 nisi
1117 3599 1450 3670 corrigeret,
1509 3598 1842 3652 damnationi

231 3687 419 3756 procul
450 3686 626 3740 dubio
657 3686 986 3755 subjaceret.
1026 3707 1048 3734 ν
1085 3686 1309 3757 Suscipe
1340 3687 1507 3759 igitur
1537 3687 1658 3741 illas
1690 3686 1839 3757 epis-

233 3775 381 3844 tolas,
417 3776 493 3830 de
527 3773 725 3846 quibus
755 3781 849 3830 tua
879 3782 1188 3831 commenta
1231 3774 1554 3845 compilasti,
1606 3791 1839 3830 venera-

234 3862 430 3929 biliter,
466 3871 529 3917 ut
560 3862 691 3918 dicit
721 3861 996 3929 Gelasius,
1031 3872 1084 3919 et
1105 3880 1265 3918 serva
1285 3863 1668 3920 inviolabiliter
1685 3880 1841 3919 sacra

235 3952 482 4018 concilia,
535 3959 596 4006 ut
643 3952 886 4008 decrevit
934 3952 1204 4019 Gelasius,
1257 3960 1309 4007 et
1357 3953 1540 4008 caeteri
1591 3952 1843 4008 catholici

233 4039 488 4097 videlicet
535 4040 790 4112 doctique
837 4041 1197 4096 decreverunt
1243 4040 1545 4111 pontifices.
1599 4041 1746 4096 Sicut
1790 4050 1844 4096 et

233 4129 298 4184 de
343 4137 666 4186 sanctorum
715 4128 1047 4200 imaginibus
1104 4129 1500 4196 decreverunt,
1545 4129 1842 4198 reprehen-

235 4216 425 4273 dentes
457 4232 578 4281 eos,
631 4216 797 4272 veluti
844 4225 895 4272 et
923 4217 1113 4272 beatus
1161 4215 1466 4288 Gregorius
1513 4215 1566 4271 in
1599 4216 1843 4287 epistolis

234 4305 301 4360 ad
351 4305 730 4362 Secundinum
781 4313 832 4360 et
877 4305 945 4360 ad
995 4306 1262 4360 Serenum
1304 4305 1695 4361 Massiliensem
1739 4305 1842 4360 de-

233 4401 507 4449 monstrat
554 4395 891 4465 episcopum,
945 4394 1038 4465 qui
1068 4395 1170 4449 sub
1218 4395 1323 4450 hac
1351 4394 1506 4465 quasi
1555 4395 1842 4450 occasione

1926 499 2050 556 licet
2079 501 2245 556 corda
2297 509 2349 556 et
2394 501 2864 574 promulgationes
2921 518 3132 568 eorum,
3193 518 3529 574 cognoscere

1925 604 2239 659 possumus,
2271 607 2392 660 qua)
2422 590 2527 644 sint
2576 607 2696 662 qua
2725 591 2927 663 singuli
2957 588 3158 662 qnique
3197 607 3296 661 pro
3327 607 3530 646 conso-

1925 677 2124 731 latione
2171 678 2257 732 vel
2303 678 2659 734 instructione
2713 680 3094 750 quorumdam,
3132 679 3286 747 juxta
3315 689 3531 750 tempo—

1927 781 2045 818 rum
2101 774 2153 820 et
2207 775 2425 822 actuum
2481 768 2822 838 qualitatem,
2882 777 2935 823 et
2997 785 3118 839 quas
3173 769 3534 823 communiter

1927 863 2086 924 atque
2118 855 2442 909 unanimiter
2474 851 2542 908 ‘in
2574 856 2819 912 conciliis
2852 856 3024 912 sacris
3063 857 3132 911 ad
3161 850 3534 912 auctoritatem

1930 943 2260 1013 generaliter
2289 944 2641 999 custodienda
2674 953 2725 998 et
2768 945 3084 1016 recipienda
3134 953 3401 1016 perpetuo
3430 945 3532 1000 de-

1931 1039 2218 1086 creverunt
2252 1049 2264 1084 :
2297 1040 2352 1086 tu
2381 1033 2481 1087 hac
2514 1033 2864 1099 discretione,
2897 1042 2954 1088 ut
2984 1035 3224 1104 praemisi
3253 1049 3320 1088 ex
3351 1033 3534 1088 verbis

1933 1119 2077 1174 beati
2108 1120 2332 1187 Gelasii,
2358 1121 2574 1191 suscipe
2596 1122 2665 1176 ad
2684 1121 3095 1177 instructionem
3116 1122 3235 1176 illas
3255 1122 3534 1192 epistolas,

1943 1225 2074 1280 quas
2103 1209 2401 1264 beatissimi
2447 1226 2600 1280 papae
2643 1209 2878 1265 diversis
2924 1211 3257 1281 temporibus
3305 1211 3372 1265 ab
3404 1211 3538 1265 urbe

1934 1297 2106 1354 Roma
2129 1314 2228 1368 pro
2247 1297 2592 1353 diversorum
2611 1299 2834 1352 Patrum
2852 1299 3222 1354 consolatione
3244 1301 3533 1364 dederunt,

1934 1386 2199 1459 legendas
2229 1387 2635 1454 venerabiliter,
2678 1396 2728 1441 et
2759 1402 2919 1441 serva
2950 1403 3106 1442 sacra
3136 1388 3382 1455 concilia,
3417 1404 3538 1459 quae

1937 1476 2098 1530 sedes
2129 1475 2428 1544 apostolica
2457 1483 2510 1530 et
2539 1475 2718 1530 omnis
2745 1475 2990 1546 sequitur
3020 1475 3288 1540 Ecclesia,
3319 1476 3543 1530 inviola-

1935 1561 2135 1616 biliter.
2170 1563 2238 1616 Et
2286 1571 2342 1616 ut
2386 1563 2650 1618 Dominus
2695 1580 2761 1618 ex
2792 1563 2915 1636 lege
2967 1562 3251 1619 conﬁrmat
3281 1563 3335 1617 in
3363 1564 3541 1618 Evan-

1937 1651 2082 1722 gelio
2113 1667 2126 1703 :
2161 1652 2226 1705 In
2251 1668 2344 1706 ore
2363 1652 2602 1706 duorum
2625 1653 2711 1707 vel
2743 1653 2917 1706 trium
2940 1653 3172 1707 testium
3193 1653 3364 1708 stabit
3380 1669 3542 1707 omne

1856 1765 1910 1826 B
1939 1739 2165 1793 verbum
2195 1738 2416 1810 (Matth.
2462 1750 2650 1808 xvm),
2703 1739 2830 1810 quia
2858 1740 2990 1794 mihi
3021 1756 3129 1794 non
3174 1740 3414 1811 pigrum,
3446 1739 3542 1794 tibi

1939 1835 2120 1881 autem
2153 1834 2236 1881 est
2265 1827 2652 1892 necessarium,
2688 1835 2932 1898 repetam
2965 1827 3059 1882 tibi
3089 1828 3236 1899 quod
3265 1829 3333 1884 de
3371 1828 3545 1884 sacris

1937 1914 2185 1971 conciliis
2244 1915 2311 1969 ad
2365 1915 2681 1970 Januarium
2739 1916 2869 1970 dicit
2925 1917 3118 1971 beatus
3161 1917 3542 1988 Augustinus:

1943 2025 1964 2053 ι
2002 2003 2196 2058 Omnia
2226 2004 2405 2075 itaque
2437 2004 2580 2069 talia,
2619 2021 2739 2076 qua:
2769 2020 2947 2076 neque
2979 2020 3263 2060 sacrarum
3295 2005 3545 2074 Scriptu-

1939 2109 2114 2146 rarum
2169 2093 2582 2148 auctoritatibus
2631 2093 2998 2158 continentur,
3053 2108 3154 2148 nec
3197 2093 3252 2146 in
3301 2093 3545 2148 conciliis

1939 2182 2326 2252 episcoporum
2357 2189 2551 2235 statuta
2595 2181 2962 2248 inveniuntur,
3011 2197 3113 2237 nec
3152 2182 3545 2238 consuetudine

1938 2270 2267 2324 universalis
2299 2271 2562 2326 Ecclesiae
2591 2271 2842 2325 roborata
2890 2278 3032 2340 sunt,
3076 2271 3174 2325 sed
3204 2271 3544 2326 diversorum

1938 2357 2189 2413 locorum
2219 2358 2452 2413 diversis
2480 2359 2716 2413 motibus
2747 2358 3210 2413 innumerabiliter
3253 2358 3538 2422 variantur,

1938 2445 2008 2499 ita
2067 2454 2120 2500 ut
2176 2446 2264 2500 vix
2313 2455 2405 2500 aut
2455 2447 2677 2502 omnino
2735 2463 3011 2518 nunquam
3066 2446 3295 2501 inveniri
3365 2462 3545 2501 causa:

1937 2535 2167 2604 possint,
2211 2551 2347 2606 quas
2395 2535 2451 2588 in
2495 2535 2578 2590 eis
2632 2535 3025 2590 constituendis
3071 2534 3319 2590 homines
3375 2535 3545 2590 secuti

1939 2622 2061 2688 sint,
2106 2623 2196 2676 ubi
2254 2622 2484 2678 facultas
2548 2623 2798 2678 tribuitur
2830 2665 2843 2691 ,
2895 2624 3012 2678 sine
3061 2623 3170 2677 ulla
3209 2623 3545 2677 dubitatione

1939 2711 2237 2764 resecanda
2285 2711 2552 2765 existimo.
2592 2733 2614 2760 »
2667 2710 2801 2780 Quae
2846 2712 3014 2766 verba
3061 2712 3206 2767 beati
3255 2711 3546 2784 Augustini

1939 2798 2210 2868 quomodo
2239 2799 2491 2868 placeant
2537 2799 2652 2867 tibi,
2705 2809 2762 2852 tu
2806 2800 3030 2867 videris,
3064 2799 3341 2872 exiguitati
3368 2807 3546 2853 autem

1937 2901 2074 2942 meae
2102 2887 2266 2941 tutius
2297 2896 2347 2943 et
2378 2887 2648 2942 salubrius
2678 2887 2892 2942 videtur
2921 2905 3045 2943 cum
3075 2889 3169 2943 illo
3201 2903 3360 2944 sacra
3390 2887 3546 2958 sequi

1938 2974 2188 3041 concilia,
2223 2983 2273 3029 et
2317 2976 2568 3030 omnibus
2601 2976 2694 3047 qui
2726 2993 2813 3030 me
2843 2976 3032 3032 audire
3073 2977 3344 3032 voluerint
3371 2976 3548 3032 incul—

1938 3079 2084 3132 care,
2117 3079 2227 3118 non
2259 3064 2416 3136 sequi
2447 3065 2652 3120 relictis
2685 3064 2856 3120 sacris
2891 3065 3135 3120 conciliis
3164 3066 3255 3120 illa
3283 3082 3402 3137 quae
3431 3066 3550 3136 ipse

1940 3151 2210 3206 existimat
2231 3153 2549 3220 resecanda,
2601 3170 2762 3224 quam
2807 3153 2896 3206 illa
2939 3171 3060 3225 quae
3107 3162 3163 3208 tu
3206 3161 3450 3209 resecata
3497 3161 3551 3208 et

1941 3241 2210 3295 dissecata
2240 3241 2504 3312 proponis
2549 3242 2824 3311 sectanda,
2876 3243 3131 3312 quoniam
3169 3241 3271 3296 sibi
3297 3241 3431 3312 ipsis
3461 3241 3550 3295 di-

1941 3345 2117 3393 versa,
2152 3330 2442 3383 ostendunt
2491 3346 2549 3383 se
2597 3346 2719 3383 esse
2768 3346 2877 3384 non
2920 3345 3083 3399 posse
3131 3329 3380 3383 omnibus
3412 3335 3465 3382 et
3493 3327 3550 3380 in

1941 3417 2193 3472 omnibus
2225 3417 2492 3471 servanda
2521 3426 2682 3488 atque
2715 3419 3011 3489 sequenda.
3053 3441 3074 3463 α
3103 3417 3330 3487 Oportet
3359 3417 3545 3488 igitur,

1941 3505 2114 3576 inquit
2145 3506 2494 3560 Innocentius
2525 3506 2594 3560 ad
2623 3505 2939 3560 Decentium
2959 3505 3311 3578 Eugubinum
3343 3505 3551 3574 episco-

1941 3610 2090 3664 pum,
2119 3609 2231 3657 eos,
2284 3594 2412 3665 quin
2461 3593 2680 3648 Domini
2713 3594 3050 3664 sacerdotes,
3085 3594 3190 3649 hoc
3219 3592 3371 3664 sequi
3401 3594 3547 3664 quod

1941 3681 2193 3737 Ecclesia
2240 3683 2487 3737 Romana
2537 3683 2802 3749 custodit,
2850 3699 2880 3736 a
2927 3699 3036 3754 qua
3083 3697 3179 3739 eos
3218 3681 3548 3752 principium

1941 3772 2220 3842 accepisse
2267 3787 2376 3824 non
2425 3771 2650 3826 dubium
2701 3780 2804 3837 est,
2857 3788 2926 3826 ne
2955 3771 3083 3826 dum
3111 3769 3422 3844 peregrinis
3453 3785 3548 3824 as-

1945 3860 2273 3916 sertionibus
2317 3860 2571 3928 student,
2626 3868 2788 3930 caput
2829 3860 3224 3914 institutionum
3266 3858 3551 3914 videantur

1944 3949 2212 4004 omittere.
2245 3971 2266 3997 »
2301 3947 2442 4016 Quid
2489 3949 2556 4002 sit
2603 3957 2780 4004 autem
2833 3948 2979 4019 quod
3029 3948 3274 4004 Ecclesia
3303 3947 3546 4002 Romana

1943 4038 2194 4105 custodit,
2230 4045 2281 4092 et
2329 4036 2545 4091 Domini
2589 4037 2905 4092 sacerdotes
2951 4044 3195 4106 oporteat
3237 4036 3412 4108 sequi,
3445 4036 3546 4090 de-

1944 4133 2210 4180 monstrat
2241 4125 2495 4180 Gelasius
2525 4126 2714 4198 (epist.
2750 4129 2808 4178 ll
2845 4125 2918 4180 ad
2947 4125 3262 4180 Dardanosl
3295 4142 3307 4177 :
3345 4149 3366 4172 α
3401 4124 3548 4179 Con-

1945 4211 2181 4278 ﬁdimus,
2231 4211 2500 4282 inquiens,
2555 4213 2697 4283 quod
2749 4211 2928 4266 nullus
2951 4212 3062 4280 jam
3094 4213 3358 4267 veraciter
3387 4212 3546 4267 Chri-

1946 4301 2154 4354 stianus
2181 4299 2416 4372 ignoret,
2469 4299 2897 4370 uniuscujusque
2940 4300 3133 4370 synodi
3171 4299 3542 4368 constitutum,

1947 4389 2090 4461 quod
2121 4388 2444 4443 universalis
2473 4387 2732 4442 Ecclesiae
2754 4387 3004 4458 probavit
3033 4402 3310 4452 assensus,
3344 4385 3548 4442 nullam

231 4497 299 4537 ne
343 4482 570 4539 adorari
614 4483 950 4550 debuissent,
1004 4482 1403 4555 confringenda
1452 4484 1674 4538 easdem
1706 4475 1914 4537 ima-D
1943 4477 2120 4550 magis
2169 4477 2396 4548 exsequi
2444 4477 2632 4530 sedem
2676 4492 2775 4546 per
2818 4475 3030 4530 caeteris
3077 4483 3332 4546 oportere
3383 4489 3546 4546 quam

232 4571 392 4644 gines
421 4572 700 4636 dixerunt,
735 4579 787 4626 et
814 4571 1100 4626 laudantes
1131 4587 1246 4640 eos,
1281 4571 1374 4642 qui
1417 4571 1541 4625 illas
1574 4587 1683 4626 non
1711 4573 1842 4626 ado-

231 4661 459 4728 randus,
478 4660 621 4714 sicut
648 4676 827 4730 neque
863 4659 1311 4731 confringendas,
1346 4659 1444 4714 sed
1473 4661 1544 4714 ad
1573 4660 1844 4714 instruen-

230 4747 331 4802 das
361 4749 714 4804 solummodo
743 4757 953 4804 mentes
983 4748 1150 4803 fuisse
1181 4748 1537 4803 nescientium
1569 4749 1846 4805 collocan-

228 4835 330 4890 das
347 4836 778 4892 constituerunt:
801 4837 1055 4908 quoniam
1075 4837 1130 4890 in
1151 4837 1466 4892 adoratione
1489 4838 1657 4892 solius
1679 4837 1847 4892 omni-

227 4927 470 4994 potentis
503 4934 703 4980 sanctas
731 4926 1009 4980 Trinitatis
1039 4926 1326 4992 humiliter
1346 4927 1615 4996 prosterni
1659 4927 1840 4994 debet,

225 5021 277 5066 et
307 5014 356 5067 si
379 5014 506 5086 quis
553 5013 822 5084 imagines
871 5014 968 5070 Dei
1002 5023 1052 5070 et
1083 5023 1396 5070 sanctorum
1430 5015 1499 5070 ad
1534 5015 1847 5070 instructio-

229 5116 358 5155 nem
391 5101 580 5158 facere
611 5102 841 5157 voluerit
889 5111 940 5157 et
969 5102 1172 5158 habere
1202 5119 1312 5159 non
1343 5104 1502 5160 debet
1543 5103 1652 5158 ullo
1682 5103 1845 5158 modo

229 5189 540 5260 prohiberi.
575 5191 643 5244 Et
694 5190 840 5262 quia,
893 5199 950 5246 ut
994 5191 1254 5262 scriptum
1303 5201 1430 5246 est:
1478 5193 1752 5261 Quomodo
1782 5194 1845 5248 in

229 5282 400 5352 aquis
436 5280 804 5353 resplendent
837 5281 1028 5336 vultus
1047 5281 1540 5354 perspicientium,
1565 5283 1646 5336 sic
1677 5281 1844 5337 corda

233 5367 536 5425 hominum
565 5370 879 5440 manifesta
906 5373 1044 5424 sunt
1061 5369 1842 5441 pr-udentibus(Prov.xxvn);

231 5464 284 5510 et
316 5475 331 5511 :
374 5457 537 5530 Aqua
554 5458 846 5529 profunda
868 5459 1028 5513 verba
1054 5474 1126 5514 ex
1157 5475 1251 5515 ore
1281 5460 1389 5515 viri
1419 5457 1604 5528 (Prov.
1641 5460 1838 5530 xvm);

225 5551 282 5600 'et
313 5562 329 5600 :
366 5545 708 5602 Diriventur
727 5549 910 5617 fontes
935 5548 1022 5602 tui
1040 5550 1192 5618 foras
1225 5548 1404 5616 (Prov.
1435 5547 1529 5619 v);
1563 5564 1629 5604 ex
1663 5548 1842 5603 verbis

1945 4566 2210 4637 primam,
2239 4583 2361 4636 qua:
2382 4580 2820 4636 unamquamque
2843 4565 3106 4637 synodum
3135 4571 3187 4619 et
3216 4579 3316 4618 sua
3353 4571 3548 4620 aucto-2

1945 4655 2102 4708 ritate
2133 4653 2458 4723 conﬁrmat,
2507 4663 2561 4708 et
2605 4655 2920 4710 continuata
2949 4639 3323 4708 moderatione
3364 4659 3544 4707 custo-

1945 4743 2042 4808 dit,
2075 4759 2176 4813 pro
2208 4759 2306 4797 suo
2330 4742 2536 4797 scilicet
2566 4743 2893 4814 principatu,
2928 4759 3086 4812 quem
3135 4741 3328 4796 beatus
3357 4739 3548 4796 Petrus

1943 4832 2222 4902 apostolus
2271 4832 2488 4887 Domini
2537 4848 2670 4888 voce
2703 4838 3035 4902 perceptum,
3067 4829 3316 4885 Ecclesia
3346 4829 3546 4884 nihilo-

1944 4921 2122 4975 minus
2168 4920 2556 4992 subsequente,
2610 4929 2661 4974 et
2707 4920 2874 4974 tenuit
2922 4935 3136 4990 semper
3179 4926 3232 4973 et
3263 4918 3479 4974 retinet.
3523 4941 3544 4967 »

1945 5010 2088 5066 Ecce
2117 5010 2292 5064 habes
2325 5011 2621 5065 secundum
2652 5008 2832 5080 legem
2865 5015 2916 5062 et
2946 5007 3334 5077 Evangelium,
3368 5006 3548 5078 pleni-

1945 5099 2189 5153 tudinem
2222 5098 2438 5152 testium
2485 5096 2884 5152 testiﬁcantium
2915 5097 2983 5152 de
3027 5096 3322 5167 sequendis
3352 5097 3546 5151 incon-

1947 5187 2097 5242 vulse
2129 5186 2394 5252 conciliis,
2428 5194 2480 5240 et
2506 5187 2573 5240 de
2595 5201 2702 5240 non
2725 5185 3006 5240 studendis
3034 5184 3338 5257 peregrinis
3369 5200 3547 5238 asser-

1945 5276 2202 5340 tionibus,
2238 5274 2500 5346 Apostolo
2531 5274 2692 5329 etiam
2722 5275 3101 5346 praecipiente,
3133 5273 3417 5330 Doctrinis
3445 5289 3546 5328 va-

1945 5366 2048 5420 riis
2080 5369 2134 5419 et
2155 5365 2470 5436 peregrinis
2505 5365 2680 5420 nolite
2710 5365 2910 5420 abduci
2930 5364 3112 5437 (Hebr.
3140 5362 3282 5424 xm).
3305 5361 3552 5436 Peregri-

1943 5469 2040 5508 nas
2071 5460 2250 5508 autem
2281 5469 2374 5508 eas
2403 5453 2736 5511 assertiones
2755 5454 2880 5510 ideo
2901 5470 3024 5510 cum
3057 5451 3374 5510 Innocentio
3401 5451 3546 5517 dico,

1945 5552 2068 5623 quia
2099 5569 2165 5610 ex
2195 5567 2301 5623 quo
2329 5567 2483 5609 sacra
2511 5552 2742 5612 concilia
2764 5551 2818 5607 in
2843 5551 3095 5608 Ecclesia
3112 5551 3384 5609 catholica
3406 5552 3548 5607 cele-
