4020 6182
453 259 552 313 3M

1376 255 1716 311 HINCMARI
1767 250 2168 310 RHEMENSIS
2237 253 2787 310 ARCHIEPISCOPI.

3652 244 3758 312 39a!

461 379 603 434 brari
632 385 932 450 coeperunt,
965 378 1060 433 illa
1087 395 1210 450 que
1238 393 1338 433 suo
1361 387 1610 448 tempore
1639 377 1832 448 partim
1861 377 2057 457 vigue—
2079 373 2135 433 A
2163 375 2288 430 licet
2319 392 2350 430 a
2382 376 2707 448 quibusdam
2735 393 2844 434 non
2891 379 3309 450 praevalentibus
3336 378 3496 434 fuerit
3525 387 3768 435 attenta-

461 475 604 536 runt,
637 467 742 521 nisi
773 475 1028 538 quantum
1075 481 1141 522 ex
1169 466 1248 521 eis
1296 481 1452 522 sacra
1481 465 1708 522 concilia
1737 464 2060 520 assumenda

458 555 730 620 viderunt,
765 555 836 609 ab
865 571 966 609 usu
997 553 1371 610 ecclesiastico
1400 552 1741 618 eﬁluxerunt,
1778 569 2060 624 usquequo

459 659 636 714 nuper
675 659 708 698 a
756 651 827 710 te,
879 650 1138 714 quantum
1170 659 1235 697 ex
1265 652 1314 696 te
1345 651 1446 710 est,
1481 643 1869 698 recrudescere
1906 642 2060 695 ince-

459 740 673 802 perunt,
736 740 791 785 ut
840 732 908 786 ab
956 747 1041 799 ea,
1087 747 1207 802 quae
1253 731 1468 802 aspiras
1513 731 1766 795 libenter,
1824 730 2061 784 transire

457 819 638 890 possis
667 820 721 874 in
769 818 1026 875 affectum
1067 820 1252 875 cordis
1279 820 1508 875 licenter
1528 862 1540 884 ,
1575 828 1628 874 et
1657 835 1691 873 a
1719 819 1866 874 nullo
1898 834 2060 873 coer-

460 907 571 962 ceri
601 907 684 962 vel
710 907 948 976 judicari
995 908 1181 962 valeas
1229 907 1550 978 regulariter
1581 925 1594 960 :
1629 907 1728 961 sed
1776 922 1884 961 non
1928 921 2062 961 cen-

461 996 596 1051 tiunt
628 1005 824 1060 tecum,
858 1013 1032 1068 neque
1062 997 1157 1051 tibi
1188 996 1531 1052 consentiunt
1571 995 1826 1050 doctores
1857 1004 1908 1051 et
1938 1009 2062 1049 ma-

459 1083 618 1156 gistri
647 1083 928 1141 Ecclesiae.

1032 1191 1259 1246 CAPUT
1297 1190 1497 1245 XXVI.

521 1282 597 1336 De
655 1281 848 1336 eadem
892 1278 1214 1348 differentia
1263 1279 1508 1344 iterum,
1562 1282 1618 1332 et
1661 1278 1728 1332 de
1773 1278 2030 1334 conciliis

593 1352 897 1422 plenariz’s,
928 1348 1229 1420 synodique
1258 1349 1485 1404 Niccena
1536 1349 1921 1420 prwrogativa.

2160 472 2293 529 tum,
2355 465 2702 522 constituisse
2749 475 2803 522 ut
2852 483 2952 538 per
3006 467 3250 539 singulas
3287 466 3602 539 provincias
3652 467 3770 524 suis

2160 551 2447 623 privilegia
2491 564 2778 610 serventur
2813 556 3246 627 metropolitanis
3294 554 3562 622 ecclesiis,
3606 555 3680 610 ita
3709 565 3771 610 ut

2161 641 2356 696 horum
2387 643 2646 711 omnium,
2680 643 2931 700 videlicet
2961 644 3062 698 sibi
3091 643 3528 712 commissorum,
3565 653 3772 699 metro-

2161 730 2430 800 politanus
2459 732 2654 786 habeat
2691 740 3044 803 potestatem,
3089 733 3330 788 decrevit
3359 733 3551 788 dicens
3580 734 3765 801 (conc.

2162 818 2446 884 Antioch.,
2471 835 2592 874 can.
2619 820 2674 890 6)
2706 838 2719 873 :
2751 843 2771 868 α
2796 821 2898 875 Per
2918 820 3164 892 singulas
3185 822 3442 892 regiones
3469 821 3771 892 episcopos

2163 906 2416 960 convenit
2445 922 2626 976 nosse,
2650 909 3127 979 metropolitanum
3156 909 3474 979 episcopum
3505 909 3772 965 sollicitu-

2163 994 2346 1048 dinem
2375 995 2540 1049 totius
2567 996 2863 1068 provincim
2889 1013 3100 1070 gerere,
3133 1005 3361 1068 propter
3387 998 3536 1069 quod
3568 998 3640 1052 ad
3659 1014 3774 1053 me-

2165 1082 2416 1153 tropolim
2443 1099 2634 1139 omnes
2655 1085 2912 1156 undique,
2943 1085 3035 1157 qui
3051 1085 3267 1156 negotia
3291 1085 3546 1140 videntur
3561 1087 3771 1141 habere

2164 1179 2514 1227 concurrant.
2539 1195 2561 1220 »ι
2594 1173 2663 1227 Et
2692 1172 2816 1227 item
2849 1173 3000 1244 (can.
3036 1177 3126 1238 13)
3162 1191 3220 1227 :«
3248 1173 3441 1228 Nullus
3472 1175 3774 1244 episcopus

2165 1275 2229 1313 ex
2260 1259 2365 1314 alia
2395 1260 2674 1330 provincia
2704 1261 2902 1315 audeat
2936 1262 3007 1316 ad
3047 1261 3209 1316 aliam
3247 1263 3585 1334 transgredi,
3615 1270 3672 1316 et
3699 1263 3770 1318 ad

2164 1347 2560 1417 promotionem
2590 1349 2872 1404 ministerii
2900 1350 3112 1422 aliquos
3135 1350 3189 1404 in
3208 1349 3455 1406 ecclesiis
3486 1350 3771 1416 ordinare,

533 1439 688 1494 Unde
719 1437 876 1510 quasi
921 1453 988 1492 ex
1035 1437 1523 1506 supererogatione
1569 1436 1929 1506 superadjicio
1969 1435 2067 1490 tibi
2164 1435 2290 1490 licet
2339 1452 2670 1491 consensum
2717 1439 3006 1492 videantur
3049 1439 3294 1508 praebere
3343 1439 3616 1504 nonnulli,
3681 1438 3770 1492 nis

462 1527 608 1597 quod
661 1526 791 1581 item
833 1525 1022 1580 beatus
1080 1525 1416 1596 Augustinus
1474 1525 1542 1579 ad
1585 1525 1898 1578 Januarium
1937 1523 2071 1578 dicit
2167 1523 2360 1578 litteris
2389 1534 2498 1580 tam
2529 1527 2949 1596 metropolitani,
2975 1543 3135 1598 quam
3165 1536 3489 1582 ceterorum
3519 1528 3614 1598 qui
3646 1543 3774 1583 cum

459 1614 648 1686 (epist.
685 1617 807 1683 118)
845 1629 858 1668 :
887 1635 909 1664 α
939 1613 1136 1677 Primo,
1170 1613 1440 1684 inquiens,
1473 1621 1662 1667 tenere
1693 1621 1744 1667 te
1775 1613 1898 1667 volo
1921 1612 2068 1682 quod
2166 1629 2232 1667 eo
2263 1621 2385 1666 sunt
2415 1613 2817 1684 episcoporum,
2852 1623 3076 1688 rogatus
3105 1615 3380 1682 adveniat,
3412 1624 3464 1670 et
3493 1617 3564 1672 ad
3595 1616 3774 1673 actio—

459 1710 542 1756 est
597 1702 758 1770 hujus
805 1701 1184 1772 disputationis
1229 1711 1425 1771 caput,
1484 1702 1776 1756 Dominum
1814 1708 2061 1754 nostrum
2090 1717 2292 1784 Bnem
2339 1701 2694 1757 ordinationis
2742 1702 2986 1758 accedat.
3023 1723 3044 1752 υ
3095 1702 3254 1771 Quod
3290 1703 3638 1758 manifestum
3689 1713 3778 1760 est

457 1790 642 1845 Jesum
675 1790 964 1856 Christum,
1023 1789 1162 1844 sicut
1208 1789 1325 1860 ipse
1372 1790 1427 1843 in
1458 1788 1760 1861 Evangelio
1805 1789 2058 1860 loquitur,

458 1877 567 1933 leni
591 1877 724 1951 jugo
755 1895 855 1934 suo
902 1895 1002 1934 nos
1033 1877 1348 1932 subdidisse
1378 1884 1430 1932 et
1479 1877 1711 1934 sarcina:
1749 1877 1874 1932 levi.
1908 1877 2062 1932 Unde

458 1965 813 2021 sacramentis
843 1981 1068 2020 numero
1099 1963 1466 2035 paucissimis,
1500 1963 1880 2020 observatione
1911 1963 2062 2019 facil-

457 2053 620 2117 limis,
654 2053 1050 2125 significatione
1075 2053 1563 2123 priestantissimis,
1590 2052 1904 2107 societatem
1935 2051 2064 2107 novi

457 2143 645 2214 populi
675 2142 987 2216 colligavit,
1039 2142 1178 2198 sicut
1208 2149 1291 2197 est
1319 2141 1621 2212 baptismus
1651 2140 1928 2195 Trinitatis
1956 2156 2062 2196 no-

457 2231 603 2286 mine
631 2239 1006 2295 consecratus,
1037 2229 1458 2286 communicatio
1489 2229 1732 2298 corporis
1763 2237 1814 2282 et
1845 2228 2064 2298 sangui-

458 2318 544 2374 nis
571 2319 762 2390 ipsius,
809 2327 862 2373 et
903 2318 949 2372 si
989 2318 1119 2389 quid
1151 2317 1298 2372 aliud
1346 2318 1400 2371 in
1450 2316 1734 2386 scripturis
1789 2316 2065 2378 canonicis,

459 2406 892 2470 commendatur,
944 2405 1184 2474 exceptis
1234 2404 1319 2458 his
1367 2421 1489 2475 qua:
1535 2404 1849 2458 servitutem
1879 2403 2065 2474 papuli

460 2493 656 2549 veteris
686 2509 786 2564 pro
833 2493 1186 2566 congruentia
1229 2492 1410 2548 cordis
1436 2492 1649 2547 illorum
1682 2490 1734 2546 et
1763 2491 2064 2562 pr0phetici

459 2581 721 2652 temporis
751 2581 1070 2649 onerabant,
1105 2596 1225 2652 qua:
1245 2589 1298 2636 et
1327 2580 1382 2634 in
1404 2580 1648 2651 quinque
1678 2579 1830 2634 libris
1863 2579 2065 2650 Moysis

457 2671 733 2744 leguntur.
767 2670 864 2725 Illa
895 2679 1073 2725 autem
1105 2685 1226 2741 qua
1241 2685 1348 2724 non
1371 2669 1572 2739 scripta
1603 2669 1699 2723 sed
1731 2668 1924 2724 tradita
1942 2684 2064 2724 cus-

459 2759 715 2826 todimus,
751 2775 873 2830 quae
903 2758 1120 2830 quidem
1152 2766 1263 2813 toto
1288 2765 1559 2812 terrarum
1589 2757 1722 2812 orbe
1753 2765 2060 2822 servantur,

459 2847 617 2902 datur
644 2847 892 2918 intelligi,
939 2846 1026 2902 vel
1073 2847 1140 2900 ab
1183 2846 1316 2916 ipsis
1345 2845 1623 2916 apostolis,
1670 2845 1758 2899 vel
1803 2845 2065 2914 plenariis

459 2935 722 3000 conciliis,
759 2951 990 3005 quorum
1020 2943 1102 2988 est
1131 2934 1186 2986 in
1215 2933 1463 2989 Ecclesia
1493 2933 1851 2988 saluberrima
1877 2941 2064 2988 aucto-

461 3024 616 3087 ritas,
649 3022 1031 3080 commendata
1060 3029 1224 3092 atque
1245 3029 1446 3076 statuta
1466 3021 1707 3088 retineri,
1733 3021 1887 3076 sicuti
1919 3021 2064 3092 quod

463 3111 680 3166 Domini
711 3110 913 3181 passio,
949 3117 1002 3164 et
1031 3109 1380 3172 resurrectio,
1415 3117 1468 3164 et
1497 3109 1748 3164 ascensio
1778 3108 1832 3162 in
1847 3109 2061 3176 cmlum,

462 3208 516 3256 et
543 3199 810 3256 adventus
840 3199 908 3254 de
939 3197 1080 3254 coelo
1103 3197 1336 3268 Spiritus
1355 3197 1545 3263 sancti,
1579 3196 1956 3252 anniversaria
1978 3213 2067 3252 so-

464 3289 741 3346 lemnitate
772 3287 1100 3352 celebratur,
1134 3295 1188 3341 et
1231 3285 1276 3340 si
1326 3287 1456 3358 quid
1484 3285 1628 3340 aliud
1675 3285 1779 3340 tale
1807 3286 2062 3353 occurrit,

464 3378 611 3450 quod
639 3384 889 3432 servatur
917 3376 988 3431 ab
1035 3375 1308 3430 universis
1351 3390 1674 3446 quacunque
1723 3390 1784 3430 se
1815 3373 2068 3429 diffundit

464 3465 732 3522 Ecclesia.
769 3486 790 3515 ι
825 3465 892 3520 Et
921 3464 978 3519 in
1026 3463 1204 3520 edicto
1247 3463 1536 3518 Justiniani
1584 3463 1950 3533 imperatoris,
1997 3462 2066 3518 de

463 3563 627 3610 rectae
657 3551 783 3609 fidei
805 3552 1167 3616 confessione,
1197 3559 1250 3606 et
1281 3551 1606 3608 refutatione
1636 3550 1923 3606 hmresium
1945 3567 2068 3623 quae

463 3643 828 3700 adversantur
847 3641 1126 3698 catholicae
1143 3639 1246 3694 Dei
1260 3640 1540 3704 Ecclesiae,
1575 3655 1607 3694 a
1639 3641 1846 3710 synodo
1877 3639 2066 3712 quinta

465 3731 754 3800 dictato,et
774 3731 843 3785 ab
873 3730 1070 3786 eodem
1097 3729 1422 3800 imperatore
1451 3727 1788 3794 conﬁrmato,
1804 3728 2065 3797 scriptum

466 3828 551 3875 est
581 3837 594 3874 :
631 3841 653 3869 α
689 3819 938 3889 Oportet,
971 3817 1162 3888 inquit,
1196 3816 1360 3870 etiam
1389 3815 1520 3870 illud
1540 3815 1818 3870 attendere
1850 3830 1946 3869 eos
1974 3814 2066 3885 qui

464 3907 751 3962 veritatem
798 3911 1228 3975 perscrutantur,
1272 3903 1418 3974 quod
1455 3902 1684 3957 forsitan
1729 3902 1784 3956 in
1820 3901 2066 3958 conciliis

465 3993 718 4066 quaedam
767 4007 802 4047 a
845 3993 1008 4048 certis
1049 3991 1124 4045 ibi
1168 3991 1615 4046 convenientibus
1652 3991 1944 4056 dicuntur,
1976 3998 2066 4046 aut

465 4098 568 4154 per
596 4079 863 4148 favorem,
896 4089 987 4134 aut
1018 4095 1118 4150 per
1145 4079 1584 4136 contrarietatem
1603 4123 1620 4146 ,
1655 4088 1748 4134 aut
1774 4095 1876 4150 per
1903 4079 2065 4150 igno—

469 4170 700 4226 rantiam
722 4185 744 4224 -:
779 4185 939 4224 nemo
967 4175 1150 4223 autem
1181 4167 1410 4222 attendit
1439 4183 1504 4222 ea
1535 4185 1655 4238 quae
1679 4184 1780 4239 per
1808 4176 2016 4238 partem
2036 4183 2066 4222 a

467 4257 792 4331 quibusdam
839 4257 1107 4324 dicuntur,
1155 4257 1252 4312 sed
1283 4255 1402 4311 sola
1448 4255 1540 4310 illa
1572 4271 1692 4326 quae
1718 4255 1785 4310 ab
1815 4255 2067 4311 omnibus

470 4345 746 4402 communi
782 4361 948 4402 sensu
979 4344 1336 4400 diﬂiniuntur.
1371 4345 1426 4400 Si
1471 4344 1616 4399 enim
1646 4344 1841 4416 aliquis
1871 4355 2070 4400 seCun-

2163 1789 2231 1843 de
2262 1789 2504 1860 quolibet
2532 1791 2965 1861 metropolitano,
3000 1807 3069 1847 ne
3097 1791 3150 1845 in
3183 1791 3462 1862 provincia
3489 1802 3778 1863 metropo-

2166 1877 2317 1931 litani
2359 1877 2584 1932 alterius
2633 1879 2778 1948 quod
2823 1895 2933 1934 non
2971 1887 3054 1934 est
3093 1896 3249 1934 suum
3294 1895 3404 1934 non
3450 1881 3653 1951 petitus
3684 1879 3777 1936 vel

2161 1973 2385 2020 vocatus
2415 1975 2739 2035 praesumat,
2784 1976 2833 2021 et
2873 1983 2981 2022 non
3025 1967 3092 2022 de
3126 1976 3216 2022 tuo
3259 1968 3685 2039 metrOpolitano
3717 1969 3778 2024 in

2162 2063 2253 2108 tua
2284 2055 2546 2124 parochia
2573 2053 2650 2108 illi
2674 2054 2914 2122 subjecta
2935 2056 3137 2111 dicere.
3162 2055 3318 2112 Unde
3339 2065 3394 2112 et
3419 2057 3776 2113 Innocentius

2161 2142 2227 2196 ad
2259 2142 2628 2196 Alexandrum
2658 2143 3058 2199 Antiochenum
3086 2144 3405 2214 episcopum
3436 2147 3624 2218 (epist.
3651 2147 3772 2209 20):

2166 2252 2188 2279 α
2225 2231 2605 2294 Revolventes,
2640 2230 2832 2302 inquit,
2866 2233 3242 2288 auctoritatem
3279 2233 3517 2288 Nicaeum
3549 2233 3771 2304 synodi,

2162 2335 2284 2390 qua
2311 2335 2417 2373 una
2443 2319 2686 2374 omnium
2724 2337 2822 2390 per
2859 2321 3046 2376 orbem
3077 2331 3351 2376 terrarum
3393 2330 3632 2378 mentem
3667 2339 3774 2378 ex-

2163 2406 2322 2476 plicat
2354 2409 2720 2474 sacerdotum,
2756 2425 2878 2479 quae
2898 2409 3206 2465 censuit.de
3229 2410 3568 2466 Antiochena
3597 2410 3778 2467 eccle-

2163 2494 2265 2559 sia,
2298 2498 2510 2550 cunctis
2539 2494 2813 2563 fidelibus,
2846 2513 2916 2552 ne
2955 2497 3185 2554 dixerim
3216 2499 3610 2566 sacerdotibus,
3643 2515 3777 2556 esse

2164 2583 2537 2638 necessarium
2579 2585 2873 2651 custodire,
2927 2586 3054 2658 quia
3092 2603 3258 2656 super
3299 2587 3583 2642 dimcesim
3612 2603 3774 2642 suam

2164 2671 2476 2741 prmdictam
2500 2673 2810 2740 ecclesiam,
2826 2689 2933 2728 non
2958 2691 3122 2744 super
3141 2675 3376 2746 aliquam
3407 2675 3780 2746 provinciam,

2165 2761 2612 2832 recognoscimus
2633 2762 2997 2817 constitutam.
3039 2783 3061 2811 »
3093 2763 3161 2818 Et
3189 2762 3500 2819 Bonifacius
3529 2780 3680 2836 papa
3701 2765 3778 2820 ad

2165 2846 2424 2902 Hilarium
2441 2849 2858 2904 Narbonensem
2879 2851 3198 2922 episcOpum
3218 2852 3407 2924 (epist.
3428 2854 3484 2919 3)
3509 2869 3522 2906 :
3548 2873 3570 2900 α
3595 2852 3774 2919 Nulli,

2164 2935 2355 3006 inquit,
2389 2935 2601 2991 videtur
2631 2937 2912 3010 incognita
2942 2939 3136 3010 synodi
3164 2939 3474 2995 constitutio
3503 2941 3772 3008 Nicaeum,

2169 3039 2288 3093 quae
2316 3024 2390 3078 ita
2417 3025 2680 3095 praecipit,
2724 3035 2780 3080 ut
2801 3026 2996 3081 eadem
3015 3028 3236 3099 proprie
3265 3028 3431 3084 verba
3454 3043 3732 3099 ponamus
3759 3048 3774 3083 :

2169 3115 2275 3168 Per
2319 3128 2758 3185 unamquamque
2804 3114 3141 3185 provinciam
3178 3116 3268 3184 jus
3315 3117 3780 3187 metropolitanos

2165 3200 2415 3272 Singulos
2444 3202 2648 3257 habere
2671 3203 2892 3267 debere,
2911 3219 3016 3260 nec
3030 3204 3281 3276 cuiquam
3303 3205 3440 3260 duas
3461 3221 3586 3262 esse
3601 3221 3778 3277 posse

2165 3289 2438 3358 subjectas
2473 3307 2485 3343 :
2519 3291 2665 3360 quod
2694 3291 2790 3358 illi,
2825 3291 2953 3362 quia
2980 3292 3140 3348 aliter
3166 3293 3502 3349 credendum
3531 3310 3641 3350 non
3661 3303 3772 3360 est,

2165 3379 2494 3432 servandum
2526 3388 2716 3434 sancto
2765 3379 2965 3450 Spiritu
3011 3390 3342 3454 suggerente
3389 3382 3607 3438 sibimet
3636 3399 3778 3439 cen—

2166 3475 2410 3521 suerunt.
2449 3488 2471 3516 »
2505 3467 2574 3522 Et
2603 3467 2768 3537 paulo
2799 3477 2922 3538 post
2961 3486 2974 3523 :
3013 3490 3035 3520 ‹‹
3071 3468 3233 3538 Quod
3271 3469 3476 3526 idcirco
3505 3471 3774 3538 dicimus,

2165 3562 2223 3608 ut
2251 3555 2498 3609 advertat
2518 3555 2758 3610 charitas
2778 3564 2890 3622 tua,
2909 3557 3049 3613 adeo
3068 3573 3170 3612 nos
3186 3573 3454 3614 canonum
3491 3570 3782 3630 praecepta

2166 3659 2408 3709 servare,
2459 3651 2516 3698 ut
2563 3643 2637 3698 ita
2675 3645 2984 3701 constitutio
3022 3661 3238 3718 quoque
3287 3655 3475 3702 nostra
3511 3647 3774 3716 diﬁiniat,

2166 3740 2432 3802 quatenus
2464 3732 2864 3802 metropolitani
2895 3733 2979 3788 sui
3011 3750 3350 3806 unaquaeque
3395 3736 3687 3806 provincia
3717 3737 3778 3793 in

2165 3819 2417 3874 omnibus
2465 3820 2628 3875 rebus
2675 3821 3072 3878 ordinationem
3123 3839 3343 3894 semper
3399 3833 3703 3895 exspectet.
3747 3848 3774 3876 ι

2164 3908 2232 3962 Et
2276 3908 2360 3962 his
2406 3895 2652 3964 consona
2695 3909 3020 3964 leestinus
3065 3927 3079 3964 :
3129 3932 3152 3962 «
3185 3913 3344 3966 Juxta
3391 3912 3635 3979 decreta,
3687 3915 3778 3968 in-

2167 3995 2281 4067 quit
2309 3998 2496 4069 (epist.
2532 3996 2606 4069 1),
2656 4012 2928 4054 canonum
2981 4015 3321 4072 unaquaeque
3348 4001 3634 4070 provincia
3665 4018 3777 4058 suo

2164 4085 2583 4156 meti-Opolitano
2612 4095 2866 4142 contenta
2888 4087 2976 4152 sit,
3006 4095 3063 4141 ut
3091 4088 3402 4144 decessoris
3431 4089 3606 4144 nostri
3637 4091 3779 4146 data

2166 4173 2236 4227 ad
2264 4173 2680 4228 Narbonensem
2741 4175 3059 4245 episcopum
3083 4176 3361 4232 continent
3417 4179 3722 4234 constituta
3759 4199 3773 4234 :

2166 4277 2266 4316 nec
2311 4261 2650 4333 usurpationi
2692 4262 2843 4318 locus
2891 4265 3054 4320 alicui
3115 4265 3388 4321 sacerdoti
3431 4266 3485 4320 in
3543 4267 3777 4323 alterius

2166 4345 2496 4400 concedatur
2538 4345 2812 4414 injuriam.
2858 4347 2938 4402 Sit
2993 4348 3273 4404 concessis
3327 4349 3431 4404 sibi
3476 4358 3777 4406 contentus

467 4435 599 4491 dum
628 4435 752 4490 illos
781 4433 1014 4490 voluerit
1056 4433 1336 4488 attendere
1367 4433 1676 4503 hujusmodi
1714 4433 2070 4488 contrarieta-
2096 4427 2536 4506 Dunusquisque
2578 4434 2867 4500 limitibus,
2919 4435 3057 4490 alter
3096 4437 3152 4491 in
3198 4436 3424 4492 alterius
3477 4439 3776 4508 provincia

468 4533 570 4590 tes,
604 4539 944 4596 unaquaeque
973 4523 1212 4593 synodus
1242 4521 1540 4577 invenietur
1585 4521 1934 4592 semetipsam
1963 4521 2064 4576 de-

470 4621 705 4669 struens.
742 4635 764 4662 »
803 4610 924 4681 Qua
965 4610 1296 4666 discretione
1325 4610 1648 4680 prudentius
1676 4617 1727 4665 te
1757 4609 2065 4683 intelligens

470 4701 806 4758 Antiochena
837 4699 1096 4772 synodus,
1131 4714 1291 4770 quam
1335 4707 1554 4753 sanctus
1601 4697 1855 4765 Hilarius,
1891 4698 1981 4752 illo
2010 4697 2064 4752 in

469 4805 632 4847 carne
661 4789 853 4846 vivens
879 4796 1122 4859 tempore
1154 4787 1370 4858 quando
1413 4785 1686 4842 celebrata
1715 4785 1832 4851 fuit,
1866 4787 1920 4840 in
1951 4785 2066 4858 epi-

471 4878 610 4932 stola
637 4878 708 4932 ad
755 4877 1141 4948 imperatorem
1189 4875 1582 4944 Constantium,
1628 4883 1678 4930 et
1725 4875 1782 4928 in
1830 4874 1967 4930 libro
1997 4874 2065 4930 de

471 4963 704 5036 Synodis
733 4973 996 5020 monstrat
1029 4964 1194 5020 fuisse
1223 4964 1567 5029 catholicam,
1599 4979 1867 5035 quamque
1897 4963 2066 5018 Chal-
2084 4965 2098 4977 ‘

471 5053 798 5110 cedonensis
845 5055 1163 5124 comprobat
1213 5071 1226 5108 :
1278 5063 1328 5108 et
1372 5053 1590 5119 sciens,
1649 5060 1773 5123 post
1825 5059 2068 5122 tempora

473 5143 835 5216 quorumdam
881 5156 1069 5196 eorum
1095 5185 1108 5208 ,
1159 5141 1227 5197 de
1270 5157 1499 5214 quorum
1545 5140 1786 5212 epistolis
1817 5140 2066 5212 quiedam

373 5271 376 5275 ι
471 5230 740 5304 collegisti
761 5237 814 5286 et
835 5229 1084 5302 quaedam
1107 5230 1231 5284 dolo
1252 5229 1499 5296 omisisti,
1522 5229 1764 5284 habitum
1783 5229 2066 5284 Nicaeuum

473 5321 760 5378 concilium
789 5319 940 5393 (can.
973 5321 1052 5389 6),
1085 5317 1172 5374 cui
1199 5333 1230 5371 a
1260 5319 1611 5392 sequentibus
1643 5317 1846 5375 sanctis
1877 5316 2066 5374 conci-

475 5407 592 5472 liis,
655 5410 792 5466 sicut
831 5408 966 5466 nihil
994 5406 1327 5465 contrarium
1377 5415 1456 5463 est
1500 5407 1762 5472 additum,
1795 5407 1869 5462 ita
1896 5406 1967 5462 ab
2001 5421 2068 5462 eo

477 5495 606 5552 nihil
637 5506 719 5552 est
745 5497 1080 5570 abrogatum,
1113 5495 1246 5552 nihil
1271 5494 1570 5550 mutilatum
1593 5495 1678 5551 vel
1706 5495 2064 5562 immutatum,

2164 4522 2296 4576 nihil
2325 4530 2640 4593 praesumat.
2680 4545 2702 4572 ν
2731 4523 2886 4579 Unde
2916 4529 2969 4579 et
3012 4524 3326 4581 Africanum
3363 4527 3662 4582 concilium
3696 4527 3772 4583 ad

2166 4611 2514 4666 leestinum
2545 4626 2744 4682 papam
2774 4612 2961 4668 scribit
2989 4613 3178 4668 dicens
3206 4615 3371 4686 (post.
3423 4630 3582 4671 conc.
3615 4617 3776 4687 Afri-

2165 4702 2294 4770 can)
2329 4716 2342 4752 :
2381 4721 2404 4749 ι
2439 4700 2670 4755 Decreta
2686 4700 3051 4765 Nicmua,sive
3073 4699 3345 4756 inferioris
3365 4703 3574 4774 gradus
3605 4703 3780 4760 cleri-

2165 4803 2279 4853 cos,
2313 4787 2426 4842 sive
2468 4787 2616 4857 ipsos
2645 4787 2951 4859 episcopos,
2986 4789 3098 4844 suis
3129 4791 3561 4862 metropolitanis
3595 4808 3770 4862 aper-

2166 4876 2371 4930 tissime
2401 4877 2811 4932 commiserunt.
2832 4877 3254 4934 Prudentissime
3277 4879 3422 4934 enim
3436 4880 3776 4950 justissima-

2165 4982 2268 5037 que
2295 4964 2564 5030 viderunt,
2615 4971 2952 5038 quaecunque
3005 4967 3227 5038 nogotia
3273 4967 3330 5022 in
3367 4969 3480 5024 suis
3507 4969 3648 5026 locis
3677 4970 3776 5026 ubi

2165 5061 2284 5108 orta
2329 5061 2454 5106 sunt
2497 5052 2734 5108 finienda
2769 5072 2782 5108 :
2846 5071 2948 5110 nec
2988 5055 3278 5127 unicuique
3307 5057 3606 5127 provincia:
3644 5075 3777 5130 gra-

2165 5141 2294 5196 tiam
2316 5142 2487 5196 sancti
2511 5143 2741 5212 Spiritus
2760 5142 3084 5209 defuturam,
3111 5159 3220 5216 qua
3239 5145 3466 5216 aequitas
3487 5162 3521 5200 a
3564 5147 3776 5203 Christi

2167 5229 2543 5286 sacerdotibus
2564 5239 2616 5286 et
2635 5231 2933 5302 prudenter
2955 5231 3218 5298 videatur,
3237 5242 3290 5288 et
3323 5236 3773 5302 constantissime

2165 5327 2432 5374 teneatur.
2471 5339 2493 5368 ν
2528 5319 2590 5374 Et
2624 5319 2731 5374 Leo
2760 5320 2830 5375 ad
2869 5320 3177 5376 Anatolium
3205 5322 3392 5394 (epist.
3429 5325 3522 5394 56)
3556 5341 3570 5378 :
3609 5345 3632 5375 ι
3669 5324 3776 5381 Illa.

2164 5406 2509 5464 Nicaanorum
2553 5423 2654 5464 can
2667 5425 2824 5465 mum
2869 5425 2972 5481 per
3015 5417 3266 5467 sanctum
3322 5427 3450 5468 vere
3499 5412 3772 5484 Spiritum

2165 5495 2418 5552 ordinata
2445 5495 2684 5552 conditio
2734 5496 2883 5552 nulla
2930 5513 3170 5570 unquam
3199 5507 3282 5554 est
3309 5507 3459 5570 parte
3490 5501 3769 5560 solubilis.
