4054 6180
1048 244 1291 301 OPUSC.
1342 248 1430 301 ΕΤ
1480 249 1698 306 EPIST.
1756 250 1829 302 IN
1885 240 2113 304 CAUSA
2158 252 2502 312 HINCMARI
2548 260 2853 315 LAUDUN.

3532 272 3636 326 3M

340 357 508 456 Nulla.
549 360 780 456 sibimet
802 364 930 456 “de,
956 365 1432 456 _multiplicatione
1519 370 1958 444 congregationis
1991 368 2050 432 Α
2070 392 2194 432 men
2225 387 2452 448 possunt
2482 382 2723 437 minuere
2753 382 3092 453 dignitatem.
3133 408 3155 436 ι
3201 389 3310 445 Sed
3338 405 3442 450 nec
3473 411 3635 456 sensu

337 446 626 516 synodalia
655 450 888 507 concilia
917 452 1287 522 blandiantur,
1321 474 1497 530 neque
1530 460 1789 515 trecentis
1836 460 1941 513 illis

324 534 522 590 decem
551 544 717 607 atque
759 548 881 595 octo
928 541 1201 613 episcOpis
1248 548 1639 615 quantumlibet
1689 548 1944 618 capiosor

330 638 589 679 numerus
621 627 986 692 sacerdotum,
1019 630 1106 684 vel
1136 647 1461 703 comparare
1488 652 1549 690 se
1590 636 1804 703 audeat,
1854 640 1941 694 vel

326 708 588 780 praferre
623 728 635 767 :
671 729 798 768 eum
826 722 976 770 tanto
1014 717 1274 774 divinitus
1306 722 1595 793 privilegio
1626 725 1845 779 Nicazna
1874 725 1945 783 sit

330 799 573 868 synodus
604 812 947 868 consecrata,
979 814 1036 859 ut
1063 806 1178 861 sive
1206 824 1306 878 per
1334 811 1642 879 pauciores,
1674 812 1789 867 sive
1845 829 1942 882 per

325 885 508 955 plures
538 888 910 946 ecclesiastica
932 892 1134 960 judicia
1154 896 1523 963 celebrentur,
1546 900 1695 953 omni
1724 901 1939 970 penitus

325 975 646 1030 auctoritate
677 976 747 1031 sit
774 994 1027 1047 vacuum,
1062 983 1330 1055 quidquid
1374 985 1442 1040 ab
1500 987 1721 1042 illorum
1777 988 1941 1043 fuerit

325 1063 711 1120 constitutione
758 1066 1052 1123 diversum.
1123 1092 1146 1120 ³
1226 1073 1306 1127 De
1363 1075 1516 1141 cujus
1565 1075 1851 1148 privilegio
1882 1085 1937 1130 et

324 1148 513 1205 beatus
542 1152 862 1209 Ambrosius
887 1156 1019 1212 dicit
1046 1157 1162 1228 (lib.
1189 1174 1207 1213 ι
1231 1160 1297 1215 de
1327 1162 1478 1225 Fide,
1502 1178 1624 1233 cap.
1650 1164 1705 1233 9)
1741 1182 1753 1217 :
1785 1166 1937 1219 «Non

321 1237 557 1293 humana
580 1240 865 1307 industria,
893 1260 1003 1299 non
1035 1248 1429 1316 compositione
1459 1250 1661 1321 aliqua,
1708 1244 1937 1306 trecenti

322 1325 512 1383 decem
544 1336 598 1382 et
624 1337 751 1384 octo
781 1331 1025 1402 episcopi
1073 1335 1145 1389 ad
1192 1336 1482 1392 concilium
1539 1346 1930 1404 convenerunt,

318 1414 420 1469 sed
450 1424 504 1470 et
531 1415 589 1470 in
616 1433 848 1473 numero
878 1435 1084 1485 eorum,
1125 1438 1226 1492 per
1255 1424 1472 1496 signum
1500 1443 1613 1481 suae
1656 1428 1931 1497 passionis

318 1510 374 1557 et
402 1503 656 1570 nominis,
691 1506 954 1563 Dominus
982 1509 1142 1563 Jesus
1171 1526 1273 1566 suo
1319 1513 1573 1581 probaret
1630 1531 1691 1570 se
1735 1515 1930 1570 adesse

314 1590 574 1661 concilio,
608 1607 738 1648 crux
765 1594 823 1648 in
840 1597 1112 1663 trecentis,
1141 1598 1272 1652 Jesu
1301 1615 1501 1655 nomen
1529 1602 1586 1654 in
1638 1602 1830 1658 decem
1875 1609 1929 1657 et

2046 467 2221 522 sacris
2250 468 2547 522 canonibus
2577 470 2946 526 concordante
2974 473 3026 527 in
3065 476 3291 533 metrica
3337 480 3640 540 titulatione

2044 556 2438 625 compilationis
2493 566 2598 612 tuae
2642 558 2843 614 domno
2897 561 3014 633 regi
3087 566 3436 638 porrigenda
3501 573 3642 629 scri-

2042 642 2197 712 psisti
2228 660 2243 697 :

2362 768 2674 821 Responsum
2694 780 2722 813 a
2751 769 2921 816 vincto
2942 771 3039 818 rite
3058 784 3151 820 nec
3171 776 3397 835 erigier;

2044 906 2097 952 et
2126 897 2256 952 mihi
2286 915 2384 968 per
2428 901 2829 955 comministros
2874 919 3025 959 meos
3057 908 3125 961 ad
3172 917 3225 962 te
3263 911 3500 971 directos
3544 936 3636 976 re-

2040 986 2333 1049 mandasti,
2388 1002 2458 1041 ne
2512 1004 2770 1058 cogerem
2798 998 2848 1044 te
2905 994 3255 1062 respondere,
3313 975 3637 1071 quandiuDin

2042 1075 2287 1128 custodia
2318 1082 2369 1127 et
2390 1074 2636 1128 absentia
2656 1076 2974 1132 clericorum
3008 1089 3226 1138 tuorum
3285 1103 3428 1144 eras.
3488 1094 3639 1151 Unde

2039 1160 2135 1214 tibi
2165 1169 2293 1215 tunc
2325 1162 2527 1230 scripto
2574 1165 2850 1231 respondi,
2909 1175 2962 1219 et
3016 1184 3159 1224 nunc
3192 1177 3421 1232 ostendo
3477 1187 3551 1246 tu,
3586 1192 3643 1238 ut

2038 1248 2167 1310 dixi,
2239 1265 2348 1302 non
2402 1257 2552 1303 recto
2607 1266 2769 1304 sensu
2816 1268 3019 1321 ponere
3078 1273 3143 1311 ex
3190 1263 3360 1317 sacris
3407 1269 3633 1339 regulis,

2038 1337 2182 1406 quod
2213 1336 2280 1390 de
2313 1352 2421 1391 non
2443 1339 2824 1406 respondendo
2856 1341 2908 1394 in
2936 1349 3023 1395 tua
3054 1349 3400 1406 excusatione
3430 1336 3633 1425 dixisti,
3690 1362 3697 1369 '

2034 1432 2314 1478 asserente
2344 1433 2529 1479 sancto
2558 1441 2699 1494 papa
2728 1427 2909 1482 Hilaro
2940 1430 3024 1498 (in
3054 1435 3257 1488 concil.
3285 1438 3434 1494 Rom.
3459 1484 3471 1505 ,
3495 1460 3543 1498 c.
3564 1448 3595 1499 4
3623 1465 3636 1501 :

2037 1532 2061 1561 ι
2084 1512 2216 1577 Nos,
2250 1511 2439 1582 inquit,
2473 1512 2525 1565 in
2560 1513 2706 1566 nullo
2738 1514 2986 1570 volumus
3017 1519 3357 1578 severitatem
3417 1528 3633 1588 ultionis

2031 1614 2287 1653 exercere
2330 1616 2342 1652 :
2380 1600 2476 1653 sed
2526 1600 2615 1670 qui
2666 1601 2720 1654 in
2769 1603 2946 1657 causis
3003 1605 3102 1659 Dei
3152 1616 3494 1670 contumacia
3549 1621 3637 1677 vel

315 1686 446 1774 octo
468 1687 561 1786 est
592 1682 990 1737 sacerdotibus.
1025 1705 1154 1734 ι-«
1188 1686 1258 1740 Ει
1300 1688 1641 1760 mihi,inquit
1662 1691 1920 1756 Hilarius,
1940 1724 1997 1786 Β
2030 1694 2343 1757 contemptu
2371 1688 2677 1758 deliquerit,
2710 1698 2803 1742 aut
2829 1690 2946 1759 ipse
2980 1695 3121 1762 quod
3171 1713 3464 1768 perperam
3511 1704 3637 1763 fecit

315 1764 436 1836 ipse
465 1767 556 1822 ille
588 1785 848 1825 numerus
879 1772 964 1827 hic
994 1781 1214 1828 sanctus
1244 1784 1346 1843 est,
1381 1776 1435 1829 in
1486 1792 1593 1848 quo
1646 1779 1922 1832 Abraham

314 1852 488 1908 victor
521 1871 747 1928 regnum
778 1857 1067 1928 impiorum
1097 1862 1167 1915 ab
1197 1877 1263 1917 eo
1283 1862 1375 1934 qui
1415 1866 1604 1918 aeterni
1630 1866 1921 1920 sacerdotii

312 1949 396 1995 est
422 1940 604 1997 forma
632 1944 988 2002 benedicitur.
1029 1968 1052 1997 ι
1085 1950 1154 2003 Et
1201 1949 1330 2004 item
1379 1951 1567 2006 beatus
1622 1953 1732 2007 Leo
1779 1969 1920 2024 papa

310 2028 329 2083 ί
337 2029 506 2099 epist.
539 2033 608 2085 36
631 2033 916 2103 Anatolio)
951 2051 964 2088 :
1004 2057 1026 2084 ι
1061 2036 1245 2091 Sancti
1264 2036 1340 2091 illi
1371 2046 1421 2093 et
1450 2040 1786 2094 venerabiles
1813 2057 1919 2111 pa-

316 2124 447 2179 tres,
481 2134 577 2189 qui
607 2119 662 2173 in
691 2120 828 2176 urbe
868 2122 1090 2178 Nicaena
1145 2126 1416 2198 sacrilego
1470 2128 1597 2181 Ario
1652 2145 1770 2182 cum
1822 2145 1918 2183 sua

310 2204 589 2275 impietate
628 2207 907 2276 damnato,
945 2226 1238 2267 mansuras
1274 2230 1448 2284 usque
1469 2214 1523 2267 in
1542 2213 1710 2270 finem
1732 2216 1915 2270 mundi

309 2292 462 2365 leges
478 2294 981 2353 ecclesiasticarum
997 2314 1265 2355 canonum
1284 2302 1666 2371 condiderunt,
1691 2312 1743 2358 et
1768 2305 1914 2373 apud

215 2414 219 2418 ι
308 2395 409 2435 nos
434 2380 495 2435 in
525 2389 640 2438 toto
668 2384 806 2440 orbe
846 2393 1114 2442 terrarum
1161 2388 1216 2442 in
1270 2389 1384 2444 suis
1440 2391 1915 2446 constitutionibus

306 2467 587 2537 vivnnt,'et
613 2472 659 2526 si
708 2472 837 2542 quid
872 2490 1098 2546 usquam
1129 2475 1288 2532 aliter
1337 2493 1499 2548 quam
1548 2478 1625 2531 illi
1676 2488 1913 2535 statuere

300 2558 667 2625 praesumitur,
710 2560 829 2615 sine
886 2564 1231 2619 cunctatione
1285 2573 1548 2619 cessatur.
1614 2588 1636 2615 ι
1672 2567 1739 2620 Et
1788 2567 1914 2623 hinc

304 2652 521 2699 sanctus
565 2647 678 2702 Leo
733 2649 803 2703 ad
863 2650 1200 2706 Pulcheriam
1250 2654 1548 2725 Angustam
1585 2672 1597 2707 :
1631 2676 1653 2704 ι
1716 2654 1913 2709 Contra

304 2739 517 2802 statuta,
594 2735 768 2807 inquit
822 2738 1008 2809 (epist.
1062 2742 1172 2809 58),
1233 2755 1500 2796 canonum
1541 2749 1906 2811 paternorum,

303 2834 424 2889 quae
454 2829 581 2877 ante
611 2822 949 2896 longissimae
977 2827 1150 2883 aetatis
1179 2843 1353 2882 annos
1401 2829 1456 2882 in
1505 2830 1642 2883 urbe
1690 2830 1911 2885 Nicaena

302 2908 635 2977 spiritalibus
693 2921 819 2967 sunt
884 2913 1103 2969 fundata
1160 2916 1413 2985 decretis,
1474 2917 1607 2971 nihil
1657 2917 1911 2988 cuiquam

299 2995 502 3051 audere
533 3001 852 3056 conceditur
884 3020 896 3056 :
928 3002 1001 3057 ita
1022 3012 1079 3057 ut
1107 3004 1155 3059 si
1203 3005 1324 3076 quis
1382 3006 1654 3060 diversum
1705 3006 1911 3077 aliquid

2027 1773 2248 1828 abolere
2275 1774 2525 1839 noluerit,
2559 1775 2613 1827 in
2646 1791 2705 1829 se
2736 1777 3000 1847 quidquid
3029 1780 3085 1834 in
3111 1783 3275 1839 alium
3318 1804 3427 1843 non
3473 1809 3631 1851 rese.

2024 1861 2156 1914 carit
2204 1861 2459 1915 inveniet.
2518 1882 2540 1910 ι»
2573 1862 2697 1916 Non
2744 1864 2887 1917 enim
2938 1866 3053 1922 haec
3111 1886 3232 1939 qua;
3285 1876 3446 1944 egisti
3487 1880 3631 1939 inter

2021 1948 2185 2001 dubia
2214 1949 2300 2003 vel
2332 1949 2566 2003 obscura
2597 1951 2897 2005 secundum
2941 1953 3136 2010 Leonis
3189 1958 3409 2017 decreta
3466 1976 3627 2036 pote-

2020 2044 2144 2090 rant
2173 2037 2258 2090 vel
2291 2045 2514 2106 possunt
2543 2037 2652 2090 ullo
2682 2039 2847 2092 modo
2903 2044 3223 2111 computari,
3274 2057 3331 2102 ut
3376 2051 3501 2109 inde
3543 2056 3626 2112 lo-

2019 2139 2142 2178 cum
2180 2123 2506 2177 defendendi
2536 2132 2586 2177 te
2617 2125 2870 2189 haberes,
2918 2134 2970 2181 et
3023 2129 3128 2184 tuis
3163 2133 3472 2205 redonatus,
3535 2159 3622 2198 re-

2017 2212 2279 2282 gulariter
2308 2219 2529 2265 vocatus
2568 2213 2635 2265 ad
2679 2214 2942 2283 synodum
2984 2220 3315 2287 respondere
3366 2227 3618 2297 deberes,

2018 2299 2157 2353 sicut
2208 2306 2261 2353 et
2318 2298 2370 2351 in
2428 2299 2864 2379 praecedentibus
2915 2311 2969 2356 et
3035 2304 3091 2358 in
3164 2308 3620 2383 subsequentibus

2016 2387 2172 2440 istius
2219 2387 2468 2456 Opusculi
2514 2403 2578 2440 ex
2629 2388 2803 2442 sacris
2834 2391 3061 2461 regulis,
3121 2403 3173 2448 et
3227 2404 3281 2451 tu
3310 2408 3361 2453 et
3394 2404 3622 2472 quilibet

2016 2475 2154 2557 al’ius
2184 2474 2275 2544 qui
2329 2474 2525 2544 legerit
2571 2483 2748 2544 potest
2796 2492 3133 2549 cognoscere
3187 2501 3199 2537 :
3261 2495 3314 2540 et
3360 2488 3485 2545 ideo
3526 2490 3621 2548 tibi

2017 2563 2259 2618 scribere
2290 2563 2490 2627 studui,
2516 2571 2573 2616 ut
2631 2580 2751 2633 qua:
2798 2563 2853 2617 in
2911 2568 3090 2622 causis
3145 2571 3244 2625 Dei
3283 2581 3621 2637 contumacia

2014 2651 2101 2705 vel
2133 2659 2447 2719 contemptu
2469 2650 2764 2737 deliquisti.
2799 2659 2851 2705 et
2881 2670 3002 2724 quae
3030 2672 3259 2726 perpere
3280 2665 3619 2737 commisisti,

2014 2738 2240 2792 abolere
2270 2753 2507 2803 curares,
2542 2746 2595 2790 et
2626 2736 2827 2791 factum
2858 2747 3026 2806 tuum,
3060 2760 3167 2813 quo
3215 2748 3358 2803 male
3406 2736 3623 2809 exordi-
3707 2753 3712 2757 ’

2016 2826 2178 2890 nasti,
2212 2824 2349 2879 sicut
2382 2824 2523 2878 idem
2557 2823 2945 2894 Hilarusjubet
2983 2829 3051 2882 de
3079 2846 3145 2885 eo
3175 2834 3266 2902 qui
3286 2837 3430 2892 male
3475 2841 3624 2897 ordi-

2011 2914 2176 2978 navit,
2213 2913 2329 2982 ipse
2358 2912 2725 2966 dissolveres:
2759 2922 3027 2983 quatenus
3067 2922 3413 2979 severitatem
3454 2928 3621 2984 ultio-

2013 3001 2097 3054 nis
2136 3001 2190 3055 in
2239 3009 2290 3055 te
2338 3000 2584 3055 exerceri
2660 3000 2729 3054 ab
2799 3001 2878 3055 eis
2945 3020 3175 3074 quorum
3234 3009 3459 3068 interest
3512 3033 3621 3072 non

298 3083 597 3141 decernere
625 3088 774 3155 velit,
832 3106 893 3146 se
940 3091 1118 3161 potius
1159 3093 1382 3153 minuat.
1441 3110 1602 3165 quam
1652 3094 1742 3148 illa
1771 3110 1900 3149 cor-
1943 3064 2282 3161 Cexigeres,
2326 3096 2375 3143 et
2407 3104 2511 3161 ego
2554 3089 2609 3141 in
2646 3104 2733 3142 me
2782 3105 2889 3143 non
2938 3090 3238 3150 invenirem
3295 3102 3438 3171 quod
3484 3103 3538 3158 in
3570 3113 3623 3162 te

298 3183 535 3243 rumpat.
566 3174 700 3244 Qua:
728 3178 796 3232 sit
824 3186 882 3233 ut
908 3188 1123 3249 oportet
1152 3196 1185 3235 a
1205 3181 1414 3237 cunctis
1442 3181 1784 3251 pontiﬁcibus
1814 3183 1902 3236 in-

295 3276 564 3326 temerata
588 3284 893 3340 serventur,
916 3292 1014 3345 per
1028 3276 1314 3332 universas
1332 3278 1596 3333 ecclesias
1611 3279 1904 3350 tranquilla

296 3362 398 3419 erit
458 3378 565 3433 pax
607 3372 661 3417 et
707 3363 865 3418 firma
920 3365 1231 3429 concordia,
1283 3366 1448 3421 nulla;
1522 3368 1590 3422 de
1646 3381 1903 3421 mensura

292 3453 563 3508 honorum
591 3451 982 3516 dissensiones,
1016 3452 1177 3507 nullae
1208 3454 1276 3508 de
1296 3454 1728 3509 ordinationibus
1757 3455 1899 3523 lites,

293 3541 454 3596 nulla:
507 3542 576 3596 de
616 3540 920 3612 privilegiis
977 3540 1383 3613 ambiguitates,
1434 3543 1578 3597 nulla
1637 3551 1795 3596 erunt
1834 3541 1902 3597 de

291 3630 454 3686 alieni
482 3629 835 3698 usurpatione
863 3628 1200 3695 certamina;
1233 3630 1330 3684 sed
1359 3646 1516 3700 aequo
1546 3630 1670 3698 jure
1718 3630 1899 3685 chari-

292 3717 436 3781 tatis,
495 3716 836 3772 rationabilis
881 3724 935 3771 et
991 3731 1203 3772 morum
1272 3703 1684 3789 ofﬁciorumque
1757 3717 1896 3773 ordo

292 3806 613 3871 servabitur,
647 3813 701 3859 et
731 3804 824 3859 ille
853 3819 982 3860 vere
1009 3805 1112 3860 erit
1140 3820 1395 3878 magnus,
1428 3806 1520 3877 qui
1550 3804 1710 3861 fuerit
1741 3794 1900 3861 totius

291 3893 601 3949 ambitionis
631 3892 862 3948 alienus.
900 3913 924 3943 ι

855 4042 1077 4100 CAPUT
1102 4044 1327 4099 XXVII.

289 4151 363 4206 De
389 4151 701 4205 canonibus
732 4154 791 4205 et
817 4151 1117 4205 sententiis
1221 4167 1282 4206 eo
1296 4165 1467 4221 prave
1500 4151 1823 4205 intellectis
1841 4153 1901 4206 et

934 4237 1150 4275 usurna
1184 4237 1251 4275 is.

934 4237 1251 4292 usurpans.

364 4324 524 4394 Quod
552 4341 689 4398 ergo
728 4326 797 4381 de
826 4334 913 4380 tua
961 4326 1238 4396 parochia,
1285 4327 1440 4398 quasi
1460 4341 1565 4399 ego
1594 4326 1664 4380 ad
1691 4324 1898 4395 aliquid

2009 3192 2119 3231 non
2152 3193 2400 3231 resecare
2453 3176 2766 3231 curaverim
2794 3195 2807 3230 :
2838 3178 2983 3248 quia,
3044 3190 3101 3234 ut
3145 3182 3317 3240 isdem
3373 3189 3503 3244 dicit
3535 3194 3621 3261 (in

2005 3266 2194 3321 eodem
2222 3282 2379 3320 conc.
2403 3307 2419 3329 ,
2456 3279 2504 3319 c.
2544 3264 2596 3333 t)
2635 3282 2647 3316 :
2697 3284 2720 3314 ι
2753 3265 2902 3318 Nulli
2932 3266 3011 3320 fas
3034 3278 3114 3322 est
3155 3272 3272 3327 sine
3320 3283 3493 3331 status
3537 3282 3620 3336 sui

2003 3353 2267 3423 periculo,
2301 3352 2384 3405 vel
2414 3351 2625 3405 divinas
2665 3352 3094 3423 constitutiones,
3168 3359 3253 3412 vel
3300 3365 3615 3431 apostolica

2004 3440 2151 3494 sedis
2198 3440 2414 3494 decreta
2473 3447 2740 3492 temerare
2784 3456 2795 3491 :
2851 3441 2974 3509 quia
3031 3459 3149 3507 nos,
3198 3447 3288 3517 qui
3345 3451 3615 3519 potissimi

2003 3527 2304 3582 sacerdotis
2334 3526 2773 3580 administramus
2814 3525 3007 3590 ofﬁcia.
3056 3532 3245 3587 talium
3295 3543 3606 3609 transgres-

2003 3616 2215 3669 sionnm
2272 3615 2431 3684 culpa
2480 3613 2752 3682 respiciet,
2809 3613 2852 3667 si
2900 3615 2953 3668 in
3001 3619 3181 3674 causis
3231 3622 3329 3677 Dei
3385 3626 3606 3685 desides

2002 3702 2260 3758 fuerimus
2315 3702 2563 3756 inventi:
2617 3699 2745 3769 quia
2793 3704 3158 3773 meminimus,
3218 3713 3363 3781 quod
3415 3715 3606 3774 timere

2000 3792 2282 3853 debemus,
2316 3790 2545 3862 qualiter
2573 3788 2931 3845 committetur
2958 3794 3223 3850 Dominus
3252 3801 3602 3873 negligentia

2002 3876 2347 3931 sacerdotum
2380 3893 2393 3928 :
2427 3874 2692 3946 siquidem
2722 3884 2874 3931 reatu
2922 3878 3127 3946 majore
3175 3881 3458 3954 delinquit,
3510 3889 3602 3959 qui

1999 3964 2210 4034 potiore
2242 3964 2446 4018 honore
2517 3964 2822 4033 perfruitur,
2884 3974 2937 4019 et
2992 3967 3252 4037 graviora
3290 3971 3415 4027 facit
3473 3975 3603 4032 vitia

1997 4061 2350 4123 peccatorum
2393 4052 2694 4107 sublimitas
2746 4054 3090 4126 dignitatum.
3130 4076 3151 4104 ι
3213 4057 3420 4129 Scripsi
3467 4078 3600 4136 ergo

1997 4140 2091 4194 tibi
2122 4139 2420 4195 secundum
2450 4140 2667 4195 decreta
2694 4141 2911 4206 Leonis,
2944 4149 2997 4195 ut
3032 4143 3282 4200 salubres
3321 4149 3602 4219 suscipere

1997 4244 2223 4282 curares
2253 4230 2514 4289 hortatus,
2540 4236 2590 4281 et
2622 4228 2754 4281 nihil
2782 4245 2881 4297 per
2916 4231 3316 4286 contentionem
3346 4246 3596 4307 agentes,

1998 4316 2095 4369 sed
2113 4316 2189 4369 ad
2219 4331 2382 4369 omne
2411 4315 2647 4367 studium
2669 4315 2972 4369 devotionis
2994 4318 3298 4385 unanimes,
3324 4321 3521 4378 divinis
3542 4333 3597 4380 et

287 4412 343 4468 in
372 4429 440 4469 ea
465 4412 841 4469 difﬁniendum
868 4413 1017 4467 illam
1034 4414 1187 4469 adire
1204 4429 1312 4469 non
1338 4414 1564 4484 possim,
1606 4430 1671 4468 εχ
1712 4408 1962 4468 νει-δίει)
1997 4402 2308 4472 apostolicis
2338 4401 2805 4469 constitutionibus
2851 4418 3189 4471 pareremus,
3247 4414 3300 4460 et
3342 4407 3397 4461 in
3444 4411 3598 4469 nullo

290 4501 492 4556 Callisti
557 4509 611 4557 et
658 4501 800 4568 aliis,
858 4502 962 4556 tuis
1006 4502 1491 4572 compilationibus.
1548 4511 1727 4556 tecum
1780 4515 1891 4555 non

285 4585 627 4653 facientibus,
652 4587 923 4643 afﬁrmare
960 4590 1195 4657 conaris,
1227 4606 1394 4660 prave
1424 4589 1709 4659 intelligis.
1780 4588 1889 4643 Sed

288 4676 371 4731 his
409 4685 463 4731 et
488 4676 612 4731 aliis
642 4676 962 4748 regularum
990 4677 1461 4732 constitutionibus
1483 4677 1727 4732 invenies
1784 4677 1888 4731 hoc

283 4763 580 4820 observare
608 4764 813 4819 debere
844 4780 1287 4837 unumquemque
1316 4765 1792 4835 metropolitanum
1832 4763 1886 4818 in

281 4852 562 4923 provincia
591 4852 818 4908 alterius
846 4853 1273 4924 metropolitani,
1309 4854 1453 4924 quod
1513 4862 1566 4907 tu
1614 4853 1710 4907 tibi
1756 4868 1886 4922 per-

282 4955 439 4996 verse
466 4956 699 5011 arrogas
728 4940 797 4995 de
850 4950 937 4995 tua
982 4941 1242 5011 parochia
1282 4942 1714 5012 metrOpolitanze
1769 4938 1886 4995 sedi

278 5027 610 5100 Rbemorum
643 5029 908 5098 subjecta.
940 5030 1096 5085 Unde
1126 5046 1187 5085 ea
1216 5046 1338 5100 quae
1370 5045 1538 5100 supra
1580 5031 1738 5099 posui
1778 5044 1887 5082 non

273 5131 409 5171 meae
441 5132 696 5187 personae
724 5132 943 5189 arrogo,
978 5117 1076 5172 sed
1120 5119 1556 5187 metropolitanae
1607 5116 1754 5172 sedis
1805 5116 1886 5169 di-

276 5204 473 5276 gnitati
499 5204 714 5277 ascribo
748 5223 761 5258 :
795 5206 918 5276 quia
945 5205 1084 5261 sicut
1114 5206 1305 5261 beatus
1338 5208 1445 5261 Leo
1474 5206 1604 5261 dicit
1641 5222 1653 5260 :
1702 5229 1722 5252 ‹‹
1768 5205 1891 5268 Etsi

274 5307 669 5364 nonnunquam
717 5293 931 5349 diversa
974 5301 1097 5348 sunt
1142 5295 1336 5349 merita
1392 5294 1703 5365 praesulum,
1762 5294 1887 5362 jura

273 5388 453 5438 tamen
510 5389 833 5453 permanent
879 5381 1114 5449 sedium,
1181 5382 1375 5454 quibus
1420 5390 1649 5452 possunt
1705 5381 1887 5437 aemuli

276 5468 715 5539 pertubationem
736 5520 745 5527 ,
764 5468 1002 5544 aliquam
1058 5469 1306 5527 fortassis
1361 5469 1585 5536 inferre,
1644 5485 1752 5525 non
1809 5478 1886 5525 ta-

613 5575 857 5630 ΡΑτιιοι..
890 5574 1133 5632 CXXVI.

1991 4499 2306 4560 pateremur
2361 4488 2836 4558 providentissime
2895 4505 3166 4545 canonum
3215 4493 3430 4550 decreta
3479 4498 3593 4554 vio-

1990 4577 2107 4632 lari.
2143 4578 2220 4631 Tu
2251 4584 2432 4631 autem
2472 4577 2721 4645 cogitans
2766 4578 2993 4633 consilia
3051 4595 3171 4650 quae
3225 4596 3333 4635 non
3383 4586 3596 4653 poteris

1990 4665 2247 4733 stabilire,
2324 4664 2744 4719 inobedientiam
2816 4674 2984 4733 tuam,
3055 4683 3123 4722 ne
3178 4670 3428 4741 corrigas
3468 4689 3591 4743 qua

1987 4769 2220 4823 perpere
2251 4752 2535 4817 admisisti,
2568 4762 2619 4807 et
2649 4753 3052 4809 effrenationem
3082 4754 3398 4812 desideratm
3430 4758 3590 4815 liber-

1988 4842 2130 4908 tatis,
2163 4841 2421 4907 indebite,
2463 4849 2655 4895 utnon
2698 4842 2773 4895 sis
2829 4842 3240 4911 metropolitano
3291 4845 3586 4916 subjectus,

1988 4930 2055 4984 de
2096 4930 2481 5000 appellatione,
2527 4937 2578 4983 et
2635 4945 2742 4984 non
2791 4924 3470 5001 reddenda‘compellatus
3520 4938 3588 4993 de

1987 5018 2199 5086 injustis
2223 5017 2439 5086 judiciis
2470 5016 2573 5069 tuis
2604 5016 2972 5093 responsione,
3021 5019 3319 5074 secundum
3369 5039 3590 5080 sensum

1988 5113 2158 5168 tuum,
2211 5105 2307 5159 sed
2358 5120 2465 5157 non
2513 5112 2739 5166 rectum,
2790 5104 3143 5173 interpretata
3190 5107 3271 5161 vis
3313 5110 3583 5179 palliare:

1987 5208 2108 5247 cum
2132 5194 2266 5247 sicut
2297 5191 2494 5245 Africa:
2521 5190 2814 5261 provinciae
2856 5206 3096 5247 canones
3147 5195 3429 5250 manifeste
3485 5198 3583 5252 de-

1985 5289 2288 5335 monstrent
2320 5295 2352 5333 a
2381 5278 2577 5349 quibus
2607 5293 2714 5332 non
2745 5278 2868 5334 licet
2898 5269 3204 5350 provocari,
3266 5282 3339 5337 ita
3398 5283 3585 5340 Sardi-

1986 5383 2181 5423 censes
2253 5382 2492 5422 canones
2578 5374 2828 5437 patenter
2901 5369 3209 5435 ostendant,
3293 5371 3584 5442 appellatio

1985 5464 2225 5536 episcopi
2253 5465 2324 5519 ad
2352 5464 2537 5520 sedem
2559 5464 2911 5534 apostolicam
2940 5466 3178 5538 quando,
3224 5467 3336 5533 ubi,
3389 5478 3440 5524 et
3482 5486 3582 5542 pro

3083 5582 3148 5633 13
