4020 6182
563 352 669 406 395

1371 333 1714 390 HINCMARI
1741 327 2144 386 RHEMENSIS
2174 322 2704 422 ARCHIEPISCOPI

3703 273 3863 369 “hos

579 469 777 542 quibus
805 465 927 523 fieri
957 473 1012 520 et
1039 463 1274 535 qualiter
1295 459 1519 529 exsequi
1551 457 1768 542 debeat,
1801 455 1898 509 sed
1929 462 1982 507 et
2024 453 2184 506 lnno—
2205 452 2261 511 A
2291 463 2415 502 eum
2445 455 2773 517 postponere
2802 445 2856 496 in
2887 443 3070 512 aliquo
3117 439 3483 542 prasumatis,
3545 447 3761 542 excepto
3810 439 3866 502 si,

577 535 810 618 centius,
841 569 906 611 ac
935 549 1270 614 Bonifacius,
1323 555 1484 618 atque
1538 544 1647 599 Leo
1693 535 1931 613 idipsum
1988 543 2186 596 decer-

577 652 711 700 nant
743 662 758 698 :
790 643 885 714 qui
913 641 1075 696 etiam
1100 647 1155 693 et
1181 651 1284 708 pro
1315 635 1508 707 quibus
1550 633 1829 703 appellans
1885 629 2189 698 constringi

574 747 686 788 non
712 729 930 797 debeat,
959 727 1142 797 leges.
1159 723 1558 780 concordantes
1608 719 1813 791 regulis
1842 718 2185 787 eloquuntur.

573 818 805 875 Attende
834 816 1000 888 igitur
1027 813 1417 870 convenienter
1447 810 1593 880 quod
1621 809 1748 862 item
1804 806 1950 860 idem
1999 804 2190 858 beatus

2291 535 2438 607 quod
2467 549 2576 588 non
2605 540 2875 604 optamus,
2907 539 3097 585 contra
3125 527 3380 584 eumdem
3418 524 3868 595 metropolitanum

2291 631 2534 679 vestrum
2563 637 2662 676 vos
2693 621 2896 674 habere
2923 617 3128 689 aliquid
3151 632 3330 672 causa
3373 615 3671 685 contingat,
3717 623 3772 666 ut
3810 614 3868 668 ob

2291 713 2394 766 hoc
2439 710 2586 764 sedis
2635 707 2950 778 apostolica
2987 705 3250 774 judicium
3293 701 3599 774 requiratis.
3643 701 3776 756 Nam
3815 702 3869 754 iis

2291 799 2384 870 qui
2413 807 2602 868 petere
2631 796 2888 850 festinant
2917 795 3214 858 licentiam,
3247 792 3396 862 quod
3443 791 3614 854 scitis,
3660 806 3751 859 per
3786 805 3866 844 ca-

566 907 686 962 -Leo
737 879 990 960 ΛυαῖοΗο
1033 879 1635 968 Constantinopolitano
1695 895 1952 964 episcopo
2012 891 2188 946 extol-
2291 902 2462 941 nones
2513 886 2674 940 etiam
2724 885 3070 954 antiquorum
3115 881 3336 936 Patrum
3390 879 3722 968 institutione
3757 893 3867 947 per-

572 994 707 1050 lenti
773 1008 834 1048 se
909 1005 1078 1062 supra
1159 1001 1472 1043 mensuram
1519 999 1671 1038 suam
1729 982 1945 1051 scripsit
2001 980 2190 1034 dicens

577 1082 772 1154 (epist.
805 1080 900 1149 56)
931 1095 946 1132 :
982 1101 1004 1124 α
1041 1076 1234 1132 Virum
1262 1072 1610 1135 catholicum,
1660 1079 1712 1125 et
1762 1070 2036 1139 praecipue
2081 1069 2190 1122 Do-

581 1168 715 1224 mini
763 1167 1124 1230 sacerdotem,
1173 1163 1311 1217 sicut
1351 1160 1502 1215 nullo
1547 1175 1738 1214 errore
1784 1156 2071 1227 implicari,
2117 1156 2192 1210 ita

577 1255 728 1313 nulla
769 1261 982 1325 oportet
1025 1249 1321 1321 cupiditate
1378 1246 1670 1316 corrumpi.
1721 1245 1949 1300 Dicente
1992 1242 2191 1313 quippe

587 1351 782 1400 sancta
828 1340 1111 1410 Scriptura
1163 1355 1176 1389 :
1221 1338 1354 1392 Post
1379 1335 1869 1406 concupiscentias
1910 1337 2038 1387 tuas
2077 1347 2191 1387 non

586 1449 700 1497 eos,
727 1435 784 1486 et
810 1446 846 1484 α
875 1428 1169 1484 voluntate
1201 1429 1302 1479 tua
1328 1427 1519 1478 vetare
1548 1422 1744 1491 (Eccli.
1777 1421 1962 1489 xvm),
2010 1418 2193 1474 multis

585 1517 776 1574 mundi
803 1514 964 1584 hujus
991 1511 1284 1580 illecebris,
1333 1509 1518 1565 multis
1553 1509 1880 1565 vanitatibus
1924 1507 2192 1562 resisten-

590 1608 720 1662 dum
749 1612 852 1670 est,
885 1610 946 1657 ut
971 1616 1118 1658 verae
1146 1599 1492 1657 continentia
1519 1595 1831 1653 obtineatur
1884 1595 2190 1668 integritas,

521 1702 527 1710 '
586 1695 742 1764 cujus
770 1690 946 1764 prima
973 1696 1060 1746 est
1085 1688 1243 1744 labes
1271 1686 1550 1758 superbia,
1609 1685 1822 1740 initium
1877 1693 2194 1759 transgres-

2291 975 2538 1028 missum.
2581 996 2602 1021 ν
2635 971 2977 1026 Manifestum
3008 979 3089 1024 est
3119 970 3284 1036 enim,
3331 967 3425 1037 qui
3466 981 3704 1020 canones
3751 967 3868 1020 hanc

2293 1063 2570 1117 licentiam
2629 1077 2662 1116 a
2714 1058 3140 1130 metropolitanis
3182 1055 3471 1126 petendam
3521 1053 3590 1108 ab
3632 1053 3872 1123 episcopis

2293 1150 2670 1204 decreverunt.
2709 1148 2850 1215 Quin
2882 1146 3283 1201 Antiochenum
3306 1141 3624 1206 concilium,
3641 1155 3676 1196 a
3696 1141 3873 1211 synodo

2295 1236 2725 1292 Chalcedonensi
2787 1233 3159 1288 favorabiliter
3213 1231 3656 1301 comprobatum.
3703 1229 3802 1284 Sed
3831 1236 3875 1283 et

2295 1324 2650 1380 Sardicenses
2696 1337 2938 1379 canones
2964 1322 3150 1376 dicunt
3179 1319 3330 1389 (can.
3362 1322 3418 1386 9)
3451 1335 3468 1372 :
3503 1339 3526 1366 ε
3563 1317 3719 1372 Utde
3733 1316 3873 1387 quali-

2295 1413 2387 1466 bet
2415 1412 2696 1482 provincia
2726 1409 2971 1480 cpiscopi
2999 1409 3069 1464 ad
3101 1423 3224 1463 eum
3255 1406 3477 1462 fratrem
3515 1413 3571 1460 et
3619 1405 3872 1475 coepisco-

2295 1517 2427 1570 pum
2477 1509 2727 1555 nostrum
2785 1513 2981 1569 preces
3035 1497 3270 1560 mittant,
3339 1496 3432 1566 qui
3489 1495 3545 1549 in
3615 1492 3873 1562 metropoli

2297 1588 2567 1653 consistit,
2601 1595 2659 1641 ut
2687 1585 2778 1641 ille
2807 1595 2859 1641 et
2914 1585 3204 1641 diaconum
3261 1585 3398 1652 ejus,
3453 1591 3510 1637 et
3549 1581 3880 1652 supplicatio-

2298 1692 2398 1730 nes
2445 1676 2698 1748 destinet,
2748 1674 2991 1729 tribuens
3029 1671 3500 1728 commendatitias
3538 1669 3807 1741 epistolas,
3831 1677 3874 1723 et

516 1787 530 1798 '
590 1759 847 1838 sionis-et
903 1777 1060 1849 origo
1109 1774 1338 1846 peccati.
1399 1772 1670 1841 Quoniam
1724 1787 1883 1826 mens
1936 1771 2191 1841 potentia
2211 1796 2265 1855 B
2298 1764 2525 1834 reliqua.
2577 1785 2597 1812 ››
2633 1764 2714 1816 De
2746 1762 2942 1829 iudicio
2970 1760 3133 1816 etiam
3178 1759 3488 1831 apostolica
3535 1759 3688 1814 sedis
3741 1773 3875 1827 expe-

589 1869 766 1938 avida,
799 1883 904 1923 nec
939 1864 1175 1921 abstinet
1216 1861 1417 1928 vetitis,
1475 1877 1579 1916 nec
1631 1860 1837 1933 gaudet
1893 1859 2187 1924 concessis,

593 1957 725 2014 dum
736 1956 792 2011 in
803 1953 1051 2011 ordinato
1061 1965 1340 2023 pravoque
1355 1963 1652 2021 progressu
1665 1955 1988 2003 excrescunt
2003 1946 2196 2016 culpa,

595 2060 718 2118 qua
743 2043 990 2098 tolerata
1019 2047 1145 2094 sunt
1171 2037 1351 2094 studio
1379 2037 1702 2108 reparanda
1729 2033 1857 2116 fidei
1901 2043 1956 2091 et
2012 2049 2196 2089 amore

594 2131 922 2191 concordia.
962 2152 984 2177 ι»
1018 2127 1361 2198 Quapropter
1384 2139 1588 2182 revoca
1615 2124 1800 2180 oculos
1840 2123 2040 2177 mentis
2094 2129 2198 2177 tua

594 2237 630 2277 a
683 2219 870 2293 pravis
935 2213 1438 2288 progressionibus,
1501 2220 1558 2267 et
1600 2200 1783 2268 rectos
1831 2226 2055 2282 gressus
2113 2209 2198 2266 fac

505 2319 516 2328 °
597 2309 828 2380 pedibus
856 2303 1171 2360 intentionis
1197 2310 1306 2356 tua
1335 2309 1389 2356 et
1416 2300 1691 2356 actionum
1719 2307 1955 2362 tuarum,
2004 2305 2062 2352 ut
2106 2303 2200 2368 qui

591 2410 738 2452 nunc
765 2393 836 2450 de
863 2401 918 2448 te
945 2389 1238 2464 gemimus,
1271 2389 1342 2444 de
1378 2396 1430 2442 te
1470 2388 1528 2442 in
1565 2387 1797 2442 Domino
1843 2386 2196 2458 gaudeamus.

592 2483 663 2541 Et
689 2481 908 2538 attende
937 2478 1081 2551 quod
1110 2477 1300 2534 beatus
1329 2475 1633 2546 Gregorius
1675 2474 1746 2529 ad
1795 2473 2032 2529 Felicem
2079 2475 2198 2546 epi-

513 2573 523 2581 “
595 2585 821 2642 scopum
881 2569 940 2622 in
985 2565 1214 2623 Serdica
1269 2562 1488 2634 scripsit
1533 2564 1652 2632 (lib.
1701 2578 1776 2626 iv,
1827 2563 1990 2632 epist.
2045 2562 2132 2630 10)
2181 2581 2194 2614 :

598 2679 622 2709 ι
657 2657 924 2728 Qualiter,
969 2653 1245 2726 inquiens,
1293 2650 1601 2706 obedientia
1649 2649 1736 2704 vel
1782 2649 1852 2703 sit
1894 2649 2199 2705 reverentia

591 2744 900 2819 prapositis
927 2740 1256 2807 exhidenda,
1286 2755 1354 2796 ex
1380 2739 1489 2794 tuis
1516 2753 1734 2810 quoque
1780 2737 2040 2806 subjectis
2081 2735 2198 2808 ipse

592 2849 706 2890 non
731 2832 986 2904 ambigis.
1019 2831 1081 2884 In
1107 2843 1217 2900 qua
1242 2843 1305 2884 re
1333 2826 1495 2883 valde
1524 2833 1610 2882 est
1636 2826 1788 2890 utile,
1833 2825 1880 2879 si
1934 2824 1992 2879 id
2053 2824 2199 2894 quod

594 2920 900 2990 disciplina
941 2918 1103 2986 vigor
1147 2915 1394 2984 imponit,
1457 2913 1607 2968 nullo
1649 2920 1884 2984 cogente
1929 2912 2199 2967 humilitas

593 3007 870 3062 laudanda
905 3003 1231 3060 servaverit.
1274 3001 1527 3057 Pervenit
1570 3001 1643 3055 ad
1681 3015 1783 3055 nos
1824 3000 2010 3070 itaque
2053 2999 2197 3070 quod

591 3092 909 3150 fraternitas
951 3098 1043 3144 tua
1097 3088 1295 3144 Joanni
1336 3087 1494 3144 fratri
1540 3096 1743 3151 nostro,
1787 3087 1980 3156 prima
2025 3087 2196 3140 Justi-

591 3183 771 3239 niana
829 3179 1118 3251 episcopo,
1183 3175 1483 3232 secundum
1559 3191 1770 3230 morem
1845 3175 2192 3229 constitutum

587 3284 786 3343 parere
810 3265 1094 3339 despiciat,
1125 3273 1181 3320 et
1210 3279 1312 3320 nec
1355 3265 1576 3320 decreto
1613 3263 1751 3331 ejus,
1802 3277 1905 3318 nec
1944 3262 2197 3328 relationi

582 3359 747 3428 juxta
773 3353 1225 3414 consuetudinem
1253 3351 1515 3408 voluisset
1549 3351 1914 3407 subscribere.
1959 3350 2120 3420 Quod
2148 3350 2196 3405 si

590 3447 673 3502 ita
715 3452 819 3510 est,
867 3441 1272 3504 contristamur,
1323 3440 1452 3512 quia
1493 3439 1762 3510 superbia
1809 3439 1878 3493 de
1922 3447 1972 3493 te
2016 3437 2194 3492 mani-

507 3537 526 3544 “
589 3533 743 3590 festa
771 3531 988 3606 prabes
1016 3529 1296 3594 indicium,
1327 3529 1474 3599 quod
1513 3544 1672 3599 quam
1705 3528 1774 3582 sit
1815 3527 2090 3597 pracipue
2141 3527 2197 3580 in

599 3620 888 3678 sacerdote
915 3616 1201 3688 culpabile,
1235 3617 1434 3671 divina
1481 3615 1766 3675 clementia
1811 3615 2196 3670 admonitionis

591 3708 883 3780 eloquitur.
944 3707 1240 3776 Propterea
1284 3705 1585 3770 hortamur,
1637 3713 1694 3756 ut
1743 3703 1939 3757 mentis
1979 3712 2194 3757 tumore

592 3796 865 3870 deposito,
895 3793 1167 3849 antedicto
1196 3790 1348 3846 fratri
1387 3800 1439 3847 et
1486 3791 1813 3861 coepiscopo
1859 3799 2043 3846 nostro
2090 3791 2197 3845 hu-

589 3884 776 3940 milem
805 3891 859 3938 te
887 3881 1148 3938 exhibere
1177 3887 1230 3934 et
1259 3892 1458 3950 parere
1489 3893 1598 3932 non
1640 3879 1880 3942 desinas,
1928 3887 2199 3948 quatenus

509 3963 532 3990 "
585 3980 640 4028 et
685 3973 832 4040 Deus
887 3967 1124 4042 gaudeat
1163 3968 1219 4022 in
1266 3965 1618 4022 fraternitatis
1663 3974 1857 4020 vestra
1887 3965 2197 4037 concordia,

587 4067 642 4116 et
695 4057 786 4114 alii
831 4059 901 4113 de
943 4065 996 4112 te
1027 4061 1242 4110 sumant
1270 4054 1527 4110 bonitatis
1555 4053 1885 4125 exemplum.
1943 4054 2082 4108 Nam
2131 4055 2198 4122 si,

593 4146 743 4219 quod
772 4159 886 4202 non
921 4143 1218 4212 credimus,
1262 4150 1317 4197 te
1345 4142 1402 4196 in
1431 4142 1687 4213 superbia
1715 4157 2040 4212 permanere
2069 4158 2200 4197 con-

537 4231 546 4238 ’
589 4234 795 4308 tigerit,
837 4233 1140 4289 districtam
1188 4230 1617 4300 canonicamque
1666 4230 1968 4300 disciplina
2010 4247 2200 4286 corre-

593 4323 826 4380 ctionem
857 4319 1212 4377 contumacia
1239 4327 1348 4374 tua
1377 4318 1513 4374 scito
1557 4334 1745 4374 sacros
1777 4333 2014 4373 canones
2060 4318 2200 4373 ulci-

525 4417 532 4427 '
594 4418 808 4467 scenter
853 4410 1158 4481 imponere.
1185 4408 1328 4463 Bene
1357 4422 1492 4479 ergo
1523 4405 1680 4471 facis,
1710 4406 1871 4462 talem
1917 4416 1967 4460 te
2015 4416 2205 4476 sponte

2297 1852 2460 1906 tendo
2517 1851 2782 1905 adversus
2839 1849 3334 1919 metr0politanum,
3397 1848 3443 1902 si
3497 1847 3760 1918 episc0po
3800 1861 3873 1899 ne-

2297 1963 2452 2003 cesse
2479 1946 2660 2012 fuerit,
2695 1947 2855 2001 iidem
2887 1946 3242 2001 Sardicenses
3257 1959 3499 2000 canones
3515 1945 3874 2008 decreverunt,

2298 2037 2438 2092 sicut
2476 2043 2531 2090 et
2577 2034 2924 2090 Innocentius
2961 2035 3032 2088 ad
3085 2032 3368 2088 Vitricium
3409 2033 3876 2103 Rothomagensem

2298 2125 2614 2195 episcopum
2643 2131 2887 2192 patenter
2930 2121 3189 2187 ostendit,
3237 2129 3290 2175 et
3331 2121 3550 2175 Hilarus
3597 2135 3740 2191 papa
3778 2119 3884 2175 dicit

2299 2214 2488 2284 (epist.
2523 2216 2554 2264 8
2587 2211 2658 2266 ad
2696 2211 2982 2279 Metropol.
3038 2210 3256 2279 Gallia)
3287 2226 3301 2261 :
3337 2229 3361 2258 ι
3394 2208 3539 2263 Illud
3585 2208 3750 2264 etiam
3791 2223 3878 2261 non

2299 2300 2575 2371 potuimus
2636 2298 2915 2368 praeterire
2963 2296 3110 2367 quod
3151 2295 3518 2352 sollicitudine
3561 2295 3880 2368 diligentiore

2298 2387 2598 2443 curandum
2627 2395 2728 2451 est,
2761 2402 2830 2442 ne
2861 2393 3060 2455 prater
3087 2384 3634 2454 metropolitanorum
3682 2399 3879 2438 suorum

2300 2476 2509 2530 litteras
2561 2475 2724 2544 aliqui
2799 2473 3043 2544 episcOpi
3097 2474 3167 2527 ad
3224 2471 3522 2542 quamlibet
3565 2472 3877 2542 provinciam

2299 2565 2530 2617 audeant
2558 2560 2850 2632 proficisci,
2888 2561 3034 2632 quod
3061 2561 3228 2616 etiam
3251 2560 3308 2614 in
3336 2561 3487 2616 omni
3503 2575 3711 2631 genere
3737 2559 3876 2615 otlicii

2299 2649 2568 2707 clericalis
2597 2665 2697 2720 per
2742 2649 2992 2722 singulas
3033 2650 3204 2705 debet
3243 2648 3512 2706 ecclesias
3555 2648 3826 2704 custodiri.
3856 2669 3874 2695 ι

2299 2738 2368 2794 Et
2396 2746 2612 2794 sanctus
2651 2739 2760 2792 Leo
2808 2736 2878 2791 ad
2919 2736 3267 2792 Theodorum
3310 2736 3740 2806 Forojuliensem
3777 2735 3877 2807 epi-

2300 2841 2528 2896 scopum
2587 2825 2720 2880 dicit
2765 2828 2952 2894 (ept’st.
3003 2825 3097 2894 59)
3137 2843 3150 2878 :
3202 2844 3228 2876 ι
3278 2824 3669 2880 Sollicitudinis
3705 2833 3804 2880 tua
3843 2823 3879 2874 is

2299 2916 2436 2970 ordo
2467 2929 2589 2968 esse
2621 2915 2905 2979 debuerat,
2939 2921 2999 2967 ut
3025 2929 3150 2968 cum
3179 2911 3598 2984 metropolitano
3625 2920 3715 2968 tuo
3739 2913 3804 2968 de
3828 2926 3881 2965 eo

2300 3003 2446 3073 quod
2477 3002 2831 3073 quarendum
2861 3001 3142 3056 videbatur
3171 3016 3296 3056 esse
3327 3001 3635 3070 conferres,
3665 3016 3730 3056 ac
3753 3001 3799 3056 si
3836 2999 3881 3054 id

2299 3089 2448 3161 quod
2498 3090 2789 3161 ignorabat
2857 3089 3076 3146 dilectio
3133 3097 3224 3148 tua
3277 3089 3443 3144 etiam
3498 3090 3620 3161 ipse
3669 3088 3882 3146 nesciret

2293 3179 2486 3233 instrui
2525 3193 2623 3234 vos
2653 3179 2856 3249 pariter
2884 3179 3187 3248 posceretis
3219 3196 3233 3231 :
3263 3177 3394 3250 quia
3421 3177 3478 3232 in
3516 3178 3713 3244 causis,
3769 3191 3878 3248 qua

2293 3267 2364 3321 ad
2455 3265 2766 3339 generalem
2841 3266 3244 3323 observantiam
3317 3266 3598 3336 pertinent
3659 3265 3878 3321 omnium

2295 3355 2512 3408 Domini
2557 3354 2922 3418 sacerdotum,
2967 3353 3100 3410 nihil
3147 3355 3266 3410 sine
3305 3353 3631 3424 primatibus
3689 3359 3878 3423 oportet

2294 3442 2492 3512 inquiri
2526 3463 2550 3491 ι
2583 3443 2650 3496 Et
2683 3443 3042 3511 Symmachus
3070 3443 3138 3496 ad
3169 3441 3468 3498 Casarium
3498 3441 3874 3498 Aerelatensem

2296 3531 2614 3600 episcopum
2645 3532 2910 3602 (epistii)
2945 3547 2958 3584 :
2994 3552 3016 3579 «
3053 3530 3111 3586 Si
3141 3529 3388 3600 quilibet,
3440 3530 3634 3601 inquit,
3681 3529 3874 3600 episco-

2295 3635 2399 3689 pus
2429 3618 2844 3688 metropolitano
2873 3617 3130 3688 pontiﬁci,
3175 3619 3330 3686 juxta
3383 3632 3659 3675 canonum
3697 3616 3876 3672 diuini—

2296 3707 2498 3762 tionem
2573 3715 2822 3776 vocatus,
2897 3707 3282 3777 obtemperare
3357 3707 3622 3773 noluerit,
3693 3705 3879 3762 noverit

2299 3795 2687 3851 succidendum
2728 3810 2806 3863 se,
2864 3795 3009 3864 quod
3056 3810 3167 3851 non
3197 3803 3473 3866 optamus,
3518 3794 3879 3852 ecclesiastica

2299 3881 2620 3952 disciplina.
2659 3904 2680 3930 ιι
2735 3885 2802 3936 Et
2846 3882 3048 3939 Africa
3091 3883 3388 3953 provincia
3429 3898 3669 3939 canones
3713 3882 3878 3940 dicunt

2301 3971 2451 4038 (can.
2486 3973 2576 4032 43)
2611 3988 2622 4022 :
2665 3991 2684 4022 ι
2739 3971 2805 4026 Ut
2851 3971 3140 4041 episcopus
3188 3987 3221 4025 a
3263 3971 3494 4041 primate
3541 3987 3642 4028 suo
3680 3979 3877 4026 vocatus

2301 4058 2370 4112 ad
2443 4058 2712 4127 synodum
2777 4066 3148 4128 competenter
3193 4068 3464 4114 occurrat.
3507 4059 3668 4128 Quod
3711 4060 3754 4113 si
3787 4072 3880 4111 non

2301 4145 2535 4216 potuerit
2608 4161 2916 4211 occurrere,
2947 4146 3052 4201 nisi
3081 4147 3350 4204 rationem
3378 4147 3754 4218 impedimenti
3808 4147 3876 4199 sui

2303 4234 2450 4303 apud
2481 4249 2638 4287 suum
2659 4235 2942 4304 primatem
2971 4233 3293 4304 reddiderit,
3318 4235 3585 4292 Ecclesia
3613 4251 3722 4290 sua
3745 4247 3878 4290 com-

2303 4320 2561 4376 munione
2591 4321 2793 4378 debere
2822 4338 2947 4377 esse
2981 4330 3317 4378 contentum.
3372 4344 3393 4371 »
3447 4323 3516 4378 Et
3560 4325 3711 4393 (can.
3756 4320 3878 4388 20):

2309 4430 2330 4458 α
2409 4407 2512 4476 Qui
2566 4424 2674 4464 non
2733 4409 2891 4466 fuerit
2947 4425 3181 4466 concors
3239 4409 3386 4467 circa
3435 4411 3877 4482 metropolitanam

513 4495 536 4506 “
594 4497 798 4554 salubri
826 4495 1267 4554 consideratione
1297 4495 1563 4566 prabere,
1599 4493 1771 4565 qualis
1803 4511 1925 4548 esse
1948 4489 2275 4549 canonicaD
2306 4497 2612 4562 ecclesiam,
2691 4505 2744 4553 et
2787 4498 2934 4554 circa
2991 4499 3332 4555 sacerdotale
3389 4499 3744 4563 consortium,
3790 4495 3876 4551 sed

515 4581 526 4590 ’
594 4585 924 4643 coercitione
954 4583 1205 4653 exigente
1233 4582 1592 4652 compelleris.
1626 4583 1768 4637 Nam
1784 4599 1886 4638 nec
1907 4583 2000 4636 tibi
2017 4583 2196 4639 denuo

595 4681 720 4747 post
773 4673 917 4728 hanc
980 4677 1222 4726 nostram
1266 4669 1687 4724 admonitionem
1744 4671 1925 4725 licebit
1979 4671 2046 4724 ad
2093 4677 2198 4726 tua

594 4759 884 4817 voluntatis
914 4757 1200 4813 arbitrium
1249 4765 1438 4812 contra
1481 4773 1688 4812 morem
1742 4759 2034 4826 majoribus
2093 4759 2198 4813 tuis

600 4845 1006 4902 inobedientem
1036 4845 1289 4910 existere,
1322 4861 1424 4900 nec
1469 4861 1568 4899 nos
1609 4854 1771 4899 tanta
1821 4846 2198 4916 indisciplinao

599 4933 734 4990 tioni
765 4933 1199 4989 ecclesiasticam
1230 4949 1532 5006 cognoscas
1562 4933 1908 4987 dissimulare
1956 4934 2042 4988 vel
2090 4933 2200 4990 dif-

601 5021 746 5078 ferre
776 5020 1088 5077 vindictam.
1142 5043 1164 5070 »
1217 5022 1284 5076 Et
1325 5020 1452 5075 item
1499 5021 1644 5075 idem
1687 5021 1743 5076 S.
1793 5020 2093 5092 Gregorius
2135 5024 2201 5078 ad

599 5109 963 5176 Vincentium,
997 5118 1052 5163 et
1080 5117 1308 5164 cateros
1337 5108 1624 5180 episcopos
1653 5109 1769 5178 (lib.
1815 5124 1910 5173 vn,
1945 5111 2065 5164 ind.
2115 5115 2208 5188 tt,

599 5201 764 5274 epist.
828 5198 884 5269 8)
941 5213 1016 5252 τε
1051 5198 1360 5266 Hortamur,
1392 5197 1584 5267 inquit,
1662 5197 2050 5252 fraternitatem
2104 5215 2203 5252 ve-

601 5296 796 5353 stram,
829 5293 889 5344 ut
914 5284 962 5340 si
991 5299 1319 5356 quemquam
1349 5293 1591 5340 vestrum
1618 5299 1718 5355 pro
1749 5285 1926 5340 causis
1968 5287 2204 5356 propriis

601 5375 911 5450 ubicunque
940 5373 1158 5445 longius
1195 5374 1516 5444 compulerit
1559 5373 1839 5429 ambulare
1885 5373 2200 5441 necessitas,

529 5453 548 5474 ν
604 5479 642 5518 a
668 5463 1077 5534 metropolitano
1104 5469 1303 5532 vestro,
1337 5463 1634 5518 secundum
1661 5463 1918 5518 indictam
1949 5481 1982 5518 a
2003 5465 2205 5520 sanctis

605 5549 855 5608 Patribus
915 5552 1180 5623 regulam,
1229 5557 1419 5623 petere
1462 5551 1734 5608 licentiam
1783 5553 2044 5618 debeatis,
2105 5571 2205 5608 nec

2296 4574 2536 4652 inﬂatus,
2569 4594 2623 4639 et
2652 4586 2723 4640 ab
2753 4587 2856 4641 hoc
2901 4586 3176 4642 consortio
3222 4596 3531 4659 separatus,
3574 4595 3724 4658 putat
3759 4599 3874 4656 pro-

2296 4674 2428 4744 pria
2456 4673 2600 4743 plebi
2629 4674 3014 4739 incubandum,
3061 4683 3114 4730 et
3170 4687 3560 4746 nonnunquam
3599 4681 3876 4732 conventus

2299 4761 2367 4814 ad
2430 4761 2718 4817 concilium
2791 4763 2980 4818 venire
3033 4762 3321 4828 detrectat,
3389 4764 3537 4819 circa
3591 4764 3735 4819 hunc
3781 4774 3874 4816 non

2299 4856 2506 4903 tantum
2534 4849 2817 4905 ditncesim
2847 4865 2956 4904 non
2984 4865 3107 4906 esse
3154 4851 3501 4912 servandam,
3545 4867 3732 4907 verum
3755 4847 3876 4904 etde

2301 4938 2521 5007 propria
2549 4939 2805 5005 ecclesia,
2854 4955 2976 5009 qua
3017 4939 3092 4993 illi
3135 4941 3276 4994 male
3319 4939 3535 5004 faverit,
3586 4935 3871 4996 omnimodo

2303 5025 2653 5080 adnitendum
2684 5035 2742 5081 ut
2771 5027 2934 5082 etiam
2975 5028 3292 5084 auctoritate
3336 5028 3556 5099 publica
3603 5028 3872 5097 rejiciatur.

2304 5121 2467 5183 atque
2493 5113 2561 5168 ab
2589 5113 2710 5184 ipsa
2737 5115 3020 5186 principali
3058 5117 3320 5172 cathedra
3366 5125 3734 5173 removeatur.
3773 5135 3793 5164 ι
3819 5110 3880 5164 Et

2303 5203 2456 5271 (can.
2515 5206 2616 5256 190
2670 5203 2953 5274 Carthag.)
2999 5221 3064 5257 ε(
3113 5205 3170 5259 Si
3199 5211 3480 5262 accusatus
3538 5206 3610 5260 ad
3639 5203 3880 5260 rationem

2305 5289 2640 5344 reddendam
2695 5290 2885 5347 venire
2938 5291 3216 5362 refugerit,
3283 5300 3337 5346 et
3406 5291 3878 5348 excommuniqu

2306 5392 2339 5434 a
2413 5379 2642 5448 primate
2719 5393 2821 5436 suo
2903 5380 3204 5446 exstiterit,
3267 5388 3516 5452 tempore
3596 5397 3706 5453 quo
3787 5391 3879 5434 non

2307 5469 2698 5532 communicat.
2759 5487 2863 5526 nec
2939 5471 2993 5526 in
3049 5487 3146 5528 sua
3200 5470 3448 5529 Ecclesia
3504 5472 3591 5527 vel
3644 5464 3873 5541 ρει-κλύε

2309 5558 2689 5614 communicet.
2726 5581 2746 5607 »
2778 5560 2847 5612 Et
2876 5568 3096 5617 sanctus
3152 5560 3367 5616 Hilarus
3399 5575 3561 5630 papa
3611 5560 3682 5614 ad
3727 5558 3879 5613 Leon-
