4054 6180
241 223 345 290 597

925 224 1166 310 OPUSC.
1211 225 1302 282 ΕΤ
1357 225 1572 282 EPIST.
1623 225 1696 280 IN
1753 225 1978 282 CAUSA
2035 225 2376 280 HINCMARI
2432 227 2734 284 LAUDUN.

3439 242 3542 334 39‘8

240 350 400 421 tium,
461 355 517 420 et
574 357 805 406 ceteros
863 349 1152 430 episcopos
1225 349 1413 405 scribit
1467 349 1654 421 (epist.
1714 350 1771 417 2)
1833 347 2300 420 :AAugustinus,
2324 349 2516 406 doctor
2558 350 2970 420 famosissimus,
3021 363 3182 426 atque
3223 355 3290 410 ab
3318 324 3540 428 aposto-

252 457 278 485 ι
311 436 453 504 Quia
483 452 597 492 non
625 436 805 492 minus
847 437 904 491 in
949 445 1260 492 sanctarum
1291 437 1638 492 traditionum
1670 435 1848 491 delin-

250 525 428 597 quitur
454 525 794 590 sanctiones,
845 541 1009 598 quam
1057 525 1112 580 in
1152 525 1408 595 injuriam
1434 525 1604 597 ipsius
1635 523 1850 580 Domini

248 613 553 686 prosilitur.
592 634 615 664 κ
648 615 720 668 Et
745 613 1044 670 Dioscorus
1071 613 1126 668 in
1156 614 1367 684 synodo
1397 612 1847 680 Chalcedonensi,

250 702 384 758 sicut
412 703 470 757 in
499 703 672 776 gestis
702 701 948 770 ejusdem
977 700 1212 768 concilii,
1243 702 1343 758 sed
1375 709 1427 756 et
1456 703 1512 756 in
1541 701 1722 757 edicto
1751 702 1850 756 Ju-

239 790 467 860 stiniani
497 807 664 860 super
692 791 930 861 quintam
963 791 1233 860 synodum
1281 790 1709 856 demonstratur,
1743 803 1852 844 non

247 873 370 946 quia
398 875 456 928 in
485 873 653 930 ﬁdem
675 875 1005 945 peccaverit,
1051 875 1148 929 sed
1194 881 1416 945 propter
1461 872 1638 928 solum
1669 873 1851 929 eccle-

247 962 534 1018 siasticum
565 963 833 1028 o:dinem,
883 970 937 1017 et
984 961 1113 1033 quia
1153 968 1346 1018 contra
1392 978 1550 1017 suum
1579 961 1851 1032 archiepi-

249 1066 480 1122 scopum
508 1051 686 1106 sacris
733 1050 1034 1106 canonibus
1083 1050 1311 1106 obvians
1358 1049 1738 1116 rebellaverat,
1771 1058 1854 1104 est

239 1139 564 1212 damnatus.
595 1139 666 1194 Et
693 1137 922 1194 Aeacius
970 1138 1601 1209 Constantinopolitanus
1640 1138 1852 1208 episco-

241 1243 348 1300 pus
375 1234 610 1298 propter
637 1223 1138 1310 praevaricationem
1153 1226 1358 1282 Nicieni
1379 1225 1594 1282 concilii
1611 1242 1644 1280 a
1675 1225 1852 1280 Felice

247 1330 390 1387 papa
419 1323 505 1370 est
562 1315 968 1377 condemnatus,
1014 1313 1156 1370 sicut
1207 1313 1354 1368 idem
1412 1313 1562 1368 Felix
1611 1314 1681 1368 ad
1729 1328 1851 1368 eum

248 1403 468 1476 scripsit
493 1402 686 1458 dicens
717 1403 902 1474 (epist.
938 1403 990 1470 4)
1023 1420 1036 1455 ;
1075 1423 1097 1452 «
1133 1401 1418 1456 Multarum
1457 1401 1854 1474 transgressio-

249 1507 382 1548 num
437 1490 697 1560 reperitis
753 1489 1038 1556 obnoxius,
1085 1497 1139 1544 et
1180 1489 1236 1544 in
1283 1489 1616 1546 venerabilis
1643 1489 1853 1544 Nicaeni

251 1578 470 1636 concilii
495 1577 828 1635 contumelia
855 1594 915 1633 es
945 1593 1093 1648 saepe
1131 1585 1402 1634 versatus.
1439 1599 1462 1628 ι
1498 1579 1628 1634 Haec
1657 1576 1854 1632 mentis

1949 434 2051 490 lica
2079 435 2208 492 sede
2239 439 2665 508 receptissimus,
2715 443 2809 511 qui
2845 441 3262 515 Carthaginensi
3282 441 3540 516 concilio,

1950 521 2006 576 in
2035 539 2145 594 quo
2171 526 2288 580 haec
2319 541 2440 597 quae
2468 542 2534 582 eo
2561 529 2944 598 praemisimus,
2975 531 3271 600 apostolica
3307 535 3543 594 auctori“-

1951 618 2056 665 tate
2085 611 2298 667 ﬁrmato
2334 613 2593 683 interfuit,
2644 624 2696 670 et
2743 616 3056 686 plenissime
3100 634 3322 674 sensum
3369 623 3538 688 novit,

1952 714 2060 769 quo
2089 699 2282 754 eadem
2338 703 2578 772 synodus
2633 703 2924 774 capitulum
2971 705 3103 760 illud
3149 707 3426 766 constituit
3473 711 3543 772 de

1951 803 2059 857 quo
2087 787 2143 840 in
2173 787 2401 858 epistola
2431 791 2501 844 ad
2530 790 2736 846 clerum
2765 801 2818 846 et
2846 793 3065 862 plebem
3093 794 3542 866 Hipponiensium

1952 873 2092 929 inter
2118 875 2221 928 alia
2249 876 2378 931 dicit
2405 878 2591 949 (epist.
2616 879 2741 950 137)
2773 897 2788 933 :
2817 901 2840 929 ι
2869 882 3057 951 Nuper
3083 881 3139 935 in
3167 883 3398 940 concilio
3427 886 3544 956 epis-

1953 977 2244 1033 scoporum
2303 965 2650 1020 constitutum
2707 975 2806 1034 est,
2862 969 3068 1023 nullum
3115 969 3392 1041 clericum,
3450 974 3544 1046 qui

1951 1052 2192 1106 nondum
2220 1053 2498 1108 convictus
2525 1063 2625 1120 est,
2660 1057 2918 1125 suspendi
2964 1073 2995 1110 a
3039 1060 3420 1115 communione
3449 1061 3546 1118 de-

1952 1139 2101 1207 bere,
2133 1140 2238 1194 nisi
2269 1141 2338 1194 ad
2395 1156 2615 1196 causam
2671 1159 2821 1196 suam
2876 1146 3293 1202 examinandam
3329 1163 3388 1204 se
3432 1162 3543 1209 non

1953 1229 2381 1298 praesentaverit.
2420 1251 2440 1277 υ
2477 1231 2650 1300 Ipsam
2684 1239 2864 1285 autem
2891 1235 3365 1302 praesentationem
3394 1235 3542 1292 idem

1952 1315 2283 1371 demonstrat
2315 1317 2606 1372 concilium
2633 1318 2813 1389 (conc.
2853 1321 3134 1392 Carthag.,
3161 1337 3288 1378 can.
3315 1327 3425 1394 19),
3456 1325 3542 1380 vi-

1952 1403 2166 1470 delicet,
2204 1425 2226 1454 «
2259 1413 2316 1459 ut
2346 1413 2438 1459 aut
2491 1405 2611 1476 ipse
2666 1415 2973 1477 accusatus,
3014 1409 3083 1464 ad
3130 1425 3348 1465 causam
3392 1427 3547 1468 suam

1952 1491 2242 1548 dicendam
2271 1492 2566 1548 electorum
2591 1494 2834 1564 judicum
2855 1495 2944 1551 die
2973 1504 3172 1552 statuta
3197 1497 3389 1554 litteris
3419 1513 3548 1556 evo-

1951 1588 2106 1635 catus
2135 1589 2401 1644 occurrat,
2436 1590 2528 1636 aut
2558 1581 2764 1653 aliquas
2795 1599 2953 1638 veras
2981 1585 3324 1641 necessitatis
3353 1601 3550 1643 causas

251 1665 409 1723 oculo
438 1665 712 1738 perspice,
745 1673 799 1722 et
825 1682 892 1722 ne
930 1666 1040 1733 illa,
1091 1667 1238 1738 quod
1277 1665 1437 1734 absit,
1479 1665 1728 1722 incurras
1756 1681 1850 1720 so-
1881 1668 2160 1758 Bprobet,
2214 1668 2411 1740 quibus
2453 1686 2740 1726 occurrere
2789 1687 2898 1726 non
2925 1673 3168 1742 potuisse
3197 1674 3548 1734 manifestum

253 1755 542 1812 lenissime
570 1770 722 1811 cave.

794 1856 1018 1912 CAPUT
1066 1856 1317 1911 XXVIII.

251 1958 325 2012 De
345 1957 496 2011 male
525 1955 594 2010 ab
621 1971 684 2010 eo
705 1957 1221 2012 excommunicatis
1243 1973 1262 2010 :
1284 1956 1382 2024 qui
1399 1959 1457 2010 et
1483 1955 1730 2024 qualiter
1759 1970 1852 2008 ex-

319 2025 741 2098 communicari
785 2025 1057 2098 debeant,
1100 2031 1158 2080 et
1211 2025 1308 2098 qui
1354 2026 1486 2081 ordo
1533 2026 1595 2080 in
1613 2024 1853 2096 judieii:

320 2093 726 2154 ecclesiasticis
750 2097 1148 2152 observandas.

321 2195 461 2250 Nam
488 2207 616 2250 cuin
644 2193 788 2250 dicat
817 2192 1010 2249 beatus
1059 2193 1248 2247 Petrus
1275 2190 1554 2264 apostolus
1587 2206 1600 2246 :
1632 2191 1690 2247 Si
1719 2193 1855 2248 bene

250 2284 529 2352 facientes
563 2285 856 2355 patienter
871 2269 1196 2348 sustinetis,
1237 2283 1352 2337 haec
1382 2284 1467 2336 est
1495 2283 1680 2352 gratia
1702 2280 1855 2352 apud

256 2373 426 2428 Deum
455 2371 510 2441 (I
533 2373 690 2426 Petr.
721 2373 808 2440 ιι),
841 2385 1009 2426 causa
1037 2369 1350 2439 injuriarum
1375 2377 1604 2436 tuarum,
1631 2368 1769 2424 sicut
1798 2368 1854 2422 in

239 2459 510 2532 petitione
534 2457 668 2514 mihi
699 2459 770 2514 ab
798 2459 1029 2516 ecclesia
1067 2457 1416 2512 Laudunensi
1445 2457 1573 2512 data
1602 2457 1853 2512 contine-

252 2554 354 2614 tur,
384 2547 744 2618 presbyteros
763 2553 818 2601 et
836 2544 1122 2612 diaconos,
1144 2559 1212 2602 ac
1225 2545 1473 2616 reliquos
1495 2544 1728 2600 clericos
1745 2560 1855 2600 non

253 2641 558 2702 accusatos,
592 2649 696 2691 nec
725 2633 1028 2701 confessos,
1057 2649 1238 2704 neque
1276 2633 1574 2699 convictos,
1608 2633 1675 2688 ab
1705 2633 1853 2687 omni

255 2721 623 2789 ecclesiastico
678 2721 857 2778 ofﬁcio
913 2720 1412 2789 excommunicasti,
1475 2729 1529 2775 et
1589 2728 1650 2776 ut
1691 2735 1852 2775 nemo

253 2826 404 2866 sacra
460 2810 752 2866 missarum
808 2808 986 2865 ofﬁcia
1031 2809 1087 2863 in
1118 2815 1209 2863 tua
1237 2808 1495 2880 parochia
1522 2807 1848 2878 celebraret,

256 2899 575 2954 interdixisti
608 2915 620 2954 :
657 2913 780 2955 cum
811 2897 950 2954 sacri
997 2911 1238 2954 canones
1267 2897 1542 2952 neminem
1571 2895 1640 2951 ab
1671 2897 1852 2953 oﬁicio

257 2987 518 3043 removeri
549 2987 891 3058 permittant,
915 2984 1033 3041 nise
1063 2994 1156 3040 aut
1183 2991 1375 3057 sponte
1405 2984 1737 3054 confessum,
1763 2993 1855 3040 aut

253 3075 582 3148 regulariter
608 3074 934 3141 convictum,
985 3082 1078 3129 aut
1121 3089 1248 3128 eum
1278 3073 1372 3146 qui
1401 3073 1730 3146 regulariter
1757 3090 1854 3130 vo-

255 3171 405 3220 catus
432 3163 508 3220 ad
536 3162 829 3219 reddenda
859 3160 1082 3218 rationis
1095 3160 1361 3230 judicium
1377 3161 1564 3216 venire
1594 3161 1848 3231 noluerit,

256 3250 388 3306 sicut
415 3251 680 3322 scriptum
709 3258 792 3306 est
818 3250 873 3306 in
903 3249 1138 3321 capitulo
1171 3253 1233 3303 19
1259 3249 1702 3323 Carthaginensis
1729 3264 1851 3304 con-

255 3339 360 3396 cilii
385 3340 458 3396 de
487 3339 784 3411 episcopis,
817 3347 871 3395 et
897 3338 954 3393 in
983 3341 1050 3395 20
1078 3337 1148 3394 de
1169 3337 1502 3408 presbyteris
1532 3344 1586 3392 et
1613 3337 1853 3392 diaconi-

255 3427 372 3494 bus,
399 3443 468 3483 ac
525 3425 756 3499 reliquis
799 3425 1032 3482 clericis.
1089 3448 1110 3474 α
1165 3425 1242 3490 Si,
1275 3425 1528 3498 inquiunt
1557 3424 1708 3495 (can.
1735 3428 1849 3494 29),

253 3515 560 3588 presbyteri
590 3514 678 3570 vel
708 3513 921 3570 diaconi
953 3511 1150 3569 fuerint
1179 3513 1440 3578 accusati,
1467 3511 1721 3580 adjuncto
1749 3511 1854 3566 sibi

254 3618 318 3658 ex
342 3603 545 3660 vicinis
573 3602 710 3658 locis
740 3601 998 3673 proprius
1028 3601 1319 3672 episcOpus
1349 3600 1596 3674 legitimo
1624 3615 1850 3655 numero

254 3691 612 3766 collegarum,
644 3705 783 3762 quos
811 3691 882 3745 ab
911 3689 1109 3746 eodem
1134 3689 1374 3746 accusati
1404 3689 1671 3760 petierint,
1697 3687 1753 3744 id
1773 3698 1857 3744 est

255 3797 354 3839 una
379 3795 576 3838 secum
605 3781 661 3834 in
685 3779 991 3850 presbyteri
1021 3777 1240 3834 nomine
1269 3793 1384 3847 sex,
1410 3777 1466 3832 in
1481 3776 1696 3833 diaconi
1717 3785 1852 3844 tres,

227 3869 492 3939 .ipsonnn
535 3882 734 3924 causas
781 3867 1120 3932 discutiant,_
1147 3865 1344 3922 eadem
1387 3865 1601 3922 dierum
1629 3874 1683 3920 et
1709 3865 1854 3921 dila-

227 3957 480 4034 tionem,
511 3965 566 4012 et
593 3971 627 4010 a
655 3955 1037 4012 communione
1066 3954 1448 4020 remotionum,
1485 3963 1538 4009 et
1566 3954 1857 4010 discussio-

253 4061 318 4101 ne
343 4058 714 4119 personarum
739 4043 881 4098 inter
909 4049 1252 4098 accusatores
1271 4050 1325 4096 et
1355 4056 1452 4096 eos
1481 4040 1573 4114 qui
1594 4057 1855 4097 accusan-

1953 1755 2040 1810 sit.
2082 1778 2103 1806 υ
2134 1757 2203 1810 Et
2232 1757 2640 1822 attendendum,
2695 1758 2821 1828 quia
2867 1759 3000 1814 dicit
3039 1777 3156 1818 non
3197 1763 3468 1834 potuisse,
3491 1772 3548 1820 et

1952 1861 2064 1900 non
2093 1843 2223 1902 dicit
2250 1861 2366 1901 non
2395 1847 2653 1901 voluisse.
2703 1845 2795 1901 Sic
2841 1855 2894 1902 et
2922 1848 2991 1902 de
3021 1857 3340 1924 accqsatore
3369 1851 3502 1907 dicit
3529 1869 3544 1906 :

1955 1956 1975 1979 «
2007 1933 2078 1988 Ut
2104 1947 2206 1989 nec
2230 1933 2335 2004 ipsi
2361 1933 2628 1988 adimatur
2657 1933 2885 1989 facultas
2913 1951 3094 1992 causa;
3122 1953 3237 1994 suae
3264 1953 3544 2012 peragen-

1951 2020 2055 2090 dae,
2089 2021 2135 2075 si
2165 2037 2224 2076 se
2255 2021 2326 2076 ad
2356 2021 2498 2076 diem
2528 2037 2820 2077 occurrere
2862 2037 2972 2078 non
3000 2023 3240 2080 valuisse
3268 2027 3545 2096 probave-

1951 2108 2036 2163 rit.
2077 2129 2099 2158 ››
2133 2109 2224 2164 Sic
2251 2117 2300 2164 et
2358 2109 2553 2164 iterum
2613 2111 2684 2166 de
2739 2118 3014 2176 accusata,
3065 2111 3110 2166 si
3157 2112 3229 2166 ad
3257 2113 3543 2172 concilium

1951 2197 2263 2254 universale
2292 2198 2722 2254 anniversarium
2760 2213 3054 2255 occurrere
3082 2199 3334 2265 noluerit,
3368 2201 3500 2276 dicit
3531 2220 3546 2257 :

1957 2307 1978 2334 ‹‹
2007 2283 2169 2354 Quod
2197 2285 2243 2342 si
2273 2294 2556 2342 accusatus
2569 2286 2658 2342 vel
2673 2293 2962 2344 accusator
2979 2301 3268 2344 occurrere
3296 2289 3466 2345 voluit
3495 2297 3551 2346 et

1951 2388 2061 2428 non
2092 2374 2273 2440 valuit,
2327 2374 2692 2430 excusabilem
2735 2374 3032 2448 quemlibet
3075 2389 3265 2432 eorum
3309 2377 3550 2449 synodus

1953 2476 2076 2516 esse
2103 2461 2293 2516 voluit.
2322 2483 2344 2511 ι
2382 2463 2497 2518 Hoc
2527 2463 2728 2534 quippe
2755 2463 3010 2520 Africana
3037 2464 3277 2534 synodus
3301 2473 3550 2536 patenter

1950 2549 2206 2616 ostendit,
2239 2550 2428 2604 dicens
2457 2551 2608 2622 (can.
2644 2550 2732 2618 46)
2767 2567 2781 2606 :
2817 2573 2840 2602 «
2877 2553 2948 2607 Ut
2974 2551 3019 2606 si
3048 2551 3192 2606 intra
3221 2565 3423 2608 annum
3451 2567 3552 2608 ex—

1950 2637 2454 2694 communicationis
2483 2640 2710 2693 causam
2738 2653 2894 2692 suam
2933 2653 3172 2710 purgare
3199 2647 3552 2711 contempse-

1953 2724 2040 2778 rit.
2079 2745 2102 2774 »
2133 2725 2290 2780 Unde
2335 2733 2390 2779 et
2437 2725 2868 2796 Carthaginense
2889 2726 3203 2782 .concilium
3230 2726 3363 2784 dicit
3391 2727 3544 2799 (can.

1955 2814 2070 2882 l9):
2097 2833 2118 2864 ι
2144 2811 2404 2884 Quisquis
2423 2813 2804 2885 episcoporum
2833 2821 3137 2880 accusatur,
3168 2815 3238 2870 ad
3266 2816 3551 2886 primatem

1950 2901 2246 2972 provincia:
2300 2900 2472 2970 ipsius
2527 2915 2746 2956 causam
2789 2900 3002 2958 deferat
3051 2911 3351 2967 accusator,
3384 2909 3488 2960 nec
3517 2919 3552 2960 a

1949 2988 2330 3045 communione
2361 2989 2729 3060 suspendatur
2757 2989 2839 3046 cui
2871 2989 3078 3046 crimen
3109 2990 3425 3058 intenditur,
3444 2991 3554 3048 nisi

1881 3047 1932 3110 δ
1951 3077 2018 3130 ad
2047 3092 2268 3132 causam
2313 3047 2474 3132 suam
2515 3077 2804 3134 dicendam
2851 3077 3148 3134 electorum
3184 3047 3429 3148 judicum
3465 3078 3558 3136 die

1953 3173 2152 3219 statuta
2182 3165 2374 3220 litteris
2394 3174 2649 3222 evocatus
2669 3165 2890 3220 minime
2909 3167 3229 3222 occurrerit.
3251 3190 3277 3215 η
3295 3167 3417 3236 Qua
3436 3183 3555 3224 sen-

1953 3253 2120 3308 tentia
2149 3253 2429 3308 evidenter
2457 3251 2775 3320 ostenditur,
2829 3253 2953 3324 quia
2983 3261 3270 3310 accusator
3297 3267 3556 3311 accusare

1954 3356 2064 3396 non
2094 3349 2292 3411 potest,
2325 3341 2430 3395 nisi
2446 3341 2500 3394 in
2521 3341 2864 3396 accusatione
2885 3355 3130 3411 praesens
3159 3341 3346 3409 fuerit;
3375 3351 3554 3414 potest

1953 3437 2133 3483 autem
2165 3443 2427 3484 accusare
2459 3429 2768 3482 absentem:
2794 3436 2848 3482 et
2867 3428 2959 3500 qui
2978 3443 3088 3484 non
3106 3437 3284 3500 potest
3304 3431 3554 3486 accusari

1953 3517 2056 3570 nisi
2087 3531 2184 3585 per
2213 3515 2562 3586 praesentiam
2592 3515 2950 3578 accusatoris,
2982 3525 3158 3586 potest
3185 3517 3388 3571 absens
3409 3517 3553 3585 judi-

1953 3602 2082 3672 cari,
2115 3603 2224 3659 imo
2255 3603 2411 3658 etiam
2442 3602 2511 3658 ab
2541 3603 2626 3658 his
2653 3603 2744 3674 qui
2763 3604 2866 3658 hoc
2881 3603 3247 3658 decreverunt
3271 3605 3386 3673 jam
3409 3604 3554 3674 judi-

1955 3698 2106 3747 catus
2137 3701 2238 3759 est,
2273 3691 2319 3746 si
2347 3691 2416 3746 ad
2439 3691 2704 3760 judicium
2743 3689 2935 3746 litteris
2965 3697 3222 3746 evocatus
3253 3692 3552 3748 secundum

1955 3780 2102 3852 quod
2131 3780 2406 3837 decretum
2433 3788 2516 3834 est
2545 3793 2656 3833 non
2684 3779 2999 3844 occurrerit,
3045 3779 3130 3835 vel
3157 3778 3365 3850 aliquas
3393 3793 3553 3836 veras

1955 3869 2296 3925 necessitatis
2324 3883 2536 3932 causas,
2586 3866 2785 3938 quibus
2834 3883 2960 3922 eum
2989 3881 3282 3924 occurrere
3309 3875 3418 3924 non
3446 3879 3552 3940 po-

1957 3956 2125 4012 tuisse
2154 3956 2504 4011 manifesttim
2553 3957 2643 4022 sit,
2687 3969 2796 4010 non
2843 3955 3176 4026 probaverit.
3211 3955 3473 4012 Similiter
3500 3965 3558 4012 ut

1955 4045 2024 4100 de
2051 4044 2327 4115 episcopo,
2347 4043 2422 4100 ita
2451 4052 2503 4099 et
2533 4045 2602 4100 de
2631 4043 2974 4115 presbytero,
2993 4043 3080 4099 vel
3105 4043 3338 4099 diacono
3367 4043 3557 4100 subse-

252 4141 330 4188 tur
357 4131 537 4190 forma
567 4140 804 4188 servata.
842 4152 866 4180 »
917 4129 1134 4186 Scilicet
1189 4129 1326 4186 sicut
1383 4130 1452 4184 de
1499 4129 1770 4200 episcOpis
1798 4129 1855 4183 in
1955 4132 2140 4202 quenti
2196 4130 2430 4202 capitulo
2481 4133 2910 4187 demonstratur.
2963 4131 3102 4186 Hinc
3150 4131 3457 4188 Bonifacius
3484 4133 3554 4188 ad

229 4219 582 4297 Tpraacedenti
612 4217 844 4290 capitqu
873 4226 953 4274 est
969 4216 1256 4272 difﬁnitum
1280 4235 1292 4272 :
1319 4217 1653 4288 reliquorum
1674 4225 1854 4272 autem
1955 4227 2163 4290 septem
2193 4218 2500 4289 provincias
2521 4217 2754 4288 scripsit,
2788 4218 2978 4272 dicens
3008 4219 3078 4272 de
3107 4219 3340 4274 Maximo
3363 4220 3553 4291 (epist.

250 4308 576 4366 clericorum
608 4323 803 4364 causas
833 4307 994 4362 etiam
1025 4305 1176 4362 solus
1205 4305 1497 4378 episcopus
1529 4305 1636 4361 loci
1675 4319 1854 4377 agno-
1954 4307 2012 4377 2)
2045 4324 2058 4359 :
2097 4329 2117 4356 α
2155 4307 2212 4362 Si
2242 4307 2438 4362 adesse
2464 4305 2710 4370 voluerit,
2761 4321 3008 4376 praesens
3039 4305 3085 4359 si
3105 4304 3330 4362 conﬁdit
3347 4306 3418 4362 ad
3447 4306 3554 4361 ob-

184 4461 224 4467 ”
253 4405 366 4453 seat
395 4404 450 4451 et
480 4394 650 4450 ﬁniat.
677 4395 750 4450 Et
774 4395 901 4450 item
947 4396 1100 4462 (can.
1133 4396 1225 4464 28)
1259 4412 1271 4448 :
1310 4415 1332 4444 ι
1372 4393 1696 4464 Presbyteri,
1731 4391 1850 4446 dia-
1871 4393 1924 4454 D
1947 4394 2094 4464 jecta
2134 4393 2467 4464 respondeat
2497 4409 2510 4446 :
2546 4393 2593 4446 si
2635 4393 2827 4447 adesse
2873 4390 3197 4464 neglexerit,
3237 4393 3554 4448 dilationem

253 4485 390 4550 coni,
444 4483 536 4539 vel
592 4483 774 4540 caeteri
829 4481 1116 4540 inferiores
1156 4481 1362 4550 clerici,
1413 4481 1467 4536 in
1497 4481 1673 4537 causis
1712 4494 1850 4551 quas
1952 4481 2234 4538 sententiae
2281 4481 2350 4535 de
2410 4479 2653 4535 absentia
2695 4495 2805 4536 non
2850 4479 3108 4536 lucretur.
3150 4480 3292 4534 Nam
3319 4479 3553 4536 manife-

1950 4577 2093 4625 stum
2123 4576 2203 4624 est
2233 4567 2481 4624 conﬁteri
2537 4585 2661 4624 eum
2721 4569 2789 4623 de
2840 4567 3087 4633 crimine,
3137 4567 3232 4638 qui
3260 4566 3470 4622 indulto
3501 4576 3556 4622 et

1949 4657 2107 4712 toties
2136 4657 2390 4730 delegato
2431 4656 2654 4726 judicio,
2716 4654 2986 4729 purgandi
3027 4669 3091 4712 se
3129 4654 3418 4711 occasione
3445 4668 3555 4710 non

1951 4745 2136 4800 utitur.
2176 4766 2198 4794 ι

2022 4832 2129 4902 Qui
2159 4841 2342 4889 autem
2372 4834 2444 4888 ad
2473 4831 2878 4890 accusationem
2911 4831 3121 4886 admitti
3155 4845 3264 4886 non
3291 4830 3548 4902 debeant,

1951 4921 2108 4995 leges
2135 4921 2346 4977 dicunt:
2372 4943 2393 4971 α
2417 4922 2560 4977 Sane
2581 4921 2633 4976 hi
2654 4921 2746 4992 qui
2777 4919 3008 4976 crimina
3037 4934 3135 4974 sua
3164 4919 3221 4972 in
3250 4919 3550 4990 quastione

1951 5009 2190 5066 confessi
2219 5018 2360 5076 sunt,
2412 5009 2480 5064 de
2526 5009 2645 5063 aliis
2691 5009 2739 5062 si
2778 5008 2962 5064 dicere
2992 5005 3282 5076 voluerint,
3316 5022 3348 5062 a
3369 5007 3552 5076 judice

1950 5113 2061 5154 non
2092 5097 2386 5154 credantur
2417 5114 2430 5150 :
2463 5096 2586 5168 quia
2611 5097 2732 5164 jure
2754 5103 2806 5151 et
2825 5096 3039 5168 legibus
3061 5097 3416 5152 constitutum
3443 5103 3548 5162 est,

1951 5193 2010 5241 ut
2037 5193 2337 5258 spontanee
2363 5175 2705 5254 professione
2735 5199 2863 5238 reus
2891 5199 3046 5239 reum
3095 5199 3207 5238 non
3234 5181 3414 5248 faciat,
3443 5192 3549 5237 ne-

254 4573 557 4639 habuerint,
590 4571 640 4627 si
669 4572 738 4628 de
761 4571 982 4640 judiciis
1013 4571 1399 4642 episcOporum
1425 4585 1643 4624 suorum
1673 4567 1850 4640 questi

253 4658 472 4725 fuerint,
503 4659 669 4718 vicini
699 4659 941 4730 episcopi
995 4675 1091 4714 eos
1139 4675 1267 4714 cum
1314 4672 1586 4713 consensu
1616 4655 1700 4709 sui
1728 4655 1848 4726 epi-

225 4811 238 4822 ,
255 4747 402 4818 scopi
430 4747 674 4813 audiant,
707 4754 760 4802 et
787 4747 924 4802 inter
943 4761 1037 4801 eos
1058 4745 1322 4801 diﬁiniant
1346 4763 1360 4799 :
1384 4743 1471 4799 vel
1495 4743 1565 4798 ad
1593 4743 1850 4813 primates

256 4851 478 4891 suarum
504 4833 906 4907 provinciarum
932 4841 1250 4906 provocent,
1283 4832 1422 4888 sicut
1452 4839 1504 4886 et
1535 4830 1605 4886 de
1630 4829 1849 4902 episco-

257 4921 339 4994 pis
365 4939 520 4994 sape
547 4922 899 4979 constitutum
929 4930 1030 4977 est.
1071 4943 1093 4970 »
1137 4922 1207 4976 Et
1231 4919 1531 4976 secundum
1559 4919 1850 4974 Antioche-

254 5025 354 5066 nos
372 5027 617 5070 canones
644 5014 796 5082 (can.
829 5011 886 5080 9)
909 5027 923 5064 :
951 5031 974 5060 «
1000 5009 1083 5065 Ad
1106 5007 1449 5080 metropolim
1478 4997 1670 5063 omnes
1694 5007 1852 5062 undi-

255 5115 358 5169 que
404 5100 497 5171 qui
541 5098 765 5172 negotia
805 5097 1057 5154 videntur
1097 5096 1304 5152 habere
1342 5101 1690 5151 concurrant.
1729 5116 1751 5144 »
1786 5095 1852 5150 Et

227 5187 406 5264 tam.
429 5185 523 5252 20)
555 5203 570 5241 :
605 5207 630 5236 ι
665 5186 728 5242 In
755 5185 1032 5242 canonicis
1061 5183 1306 5240 conciliis
1333 5183 1508 5238 adsint
1526 5183 1848 5254 presbyteri,

211 5281 311 5350 et
335 5273 570 5342 diaconi,
633 5285 685 5330 et
739 5290 931 5330 omnes
985 5273 1075 5346 qui
1133 5289 1194 5328 se
1250 5273 1411 5328 laesos
1439 5271 1765 5337 existimant,
1799 5279 1852 5326 et

223 5405 239 5442 ζ
258 5362 448 5442 synodi
471 5363 836 5442 experiantur
853 5377 1101 5418 examen.
1151 5359 1330 5416 Nullis
1356 5376 1490 5416 vero
1517 5359 1676 5416 liceat
1706 5359 1851 5431 apud

348 5437 631 5530 celebrare,
661 5448 918 5518 concilia,
936 5457 1135 5522 praeter
1179 5465 1275 5504 eos
1304 5447 1501 5521 quibus
1532 5446 1850 5518 metropoli-

199 5525 524 5606 "'tana‘jur'a
553 5527 807 5596 videntur
835 5542 956 5594 eSSe
979 5537 1287 5595 commissa.
1324 5558 1346 5589 υ
1378 5535 1448 5591 Et
1476 5535 1604 5592 hinc
1635 5543 1852 5590 sanctus

1952 5288 2056 5346 que
2077 5273 2155 5328 illi
2179 5273 2250 5328 de
2283 5272 2454 5328 altero
2485 5271 2759 5340 credatur,
2813 5272 2905 5344 qui
2952 5287 3012 5328 se
3038 5271 3392 5327 criminosum
3420 5285 3544 5326 esse

1950 5361 2234 5418 confessus
2265 5367 2366 5416 est.
2389 5384 2410 5406 ιι
2443 5361 2512 5415 Ει
2541 5359 2666 5414 item
2693 5377 2707 5413 :
2741 5383 2764 5408 ‹‹
2797 5360 2918 5415 Non
2947 5359 3286 5415 credendum
3316 5366 3400 5415 est
3421 5373 3550 5416 con-

1951 5457 2031 5506 tra
2059 5449 2197 5506 alios
2229 5463 2415 5506 eorum
2447 5447 2796 5513 confessioni,
2830 5447 2920 5520 qui
2948 5447 3353 5504 in‘criminibus
3381 5463 3548 5504 accu-

1955 5545 2153 5606 santur,
2208 5538 2314 5594 nisi
2347 5547 2423 5593 '-se
2481 5536 2632 5608 prius
2675 5536 3040 5609 p‘robaverint'
3053 5535 3392 5608 innocentes,
3421 5537 3552 5608 'quia.
