4054 6180
588 316 693 371 399

1604 292 1965 393 umerum
2004 303 2403 362 anamsrs
2439 304 2986 361 ARCHIEPISCOPI.

3781 302 3881 357 ιω

574 439 888 513 periculosa
916 446 1017 503 est,
1050 444 1105 493 et
1131 436 1343 493 admitti
1401 451 1510 490 non
1562 433 1726 488 debet
1768 433 1848 487 rei
1888 431 2183 486 adversum
2212 429 2568 489 Aaccusatos
2595 443 2761 485 causa
2790 427 2987 483 debeat
3033 425 3249 498 agitari,
3304 426 3730 498 Carthaginense
3753 439 3878 481 con-

578 542 959 601 quemcunque
1011 524 1297 597 professio.
1338 548 1359 571 ι»
1404 524 1473 579 Et
1516 521 1807 578 concilium
1864 519 2182 576 Africanum

580 616 921 673 demonstrat
952 632 966 668 :
1007 637 1029 661 α
1068 612 1175 682 Qui
1219 620 1432 684 postea,
1465 611 1720 681 inquiens
1751 610 1902 679 (can.
1945 610 2031 674 96,
2065 605 2178 674 97),

576 719 744 777 quam
801 701 1302 759 excommunicatus
1356 698 1538 764 fuerit,
1597 697 1653 752 in
1712 697 1832 767 ipsa
1873 695 2051 749 adhuc
2080 710 2180 747 ex-

576 790 1067 849 communicatione
1113 788 1456 851 constitutus,
1505 785 1621 840 sive
1669 784 1737 838 sit
1776 782 2028 849 clericus,
2066 780 2187 835 sive

576 880 649 935 sit
673 879 861 944 laicus,
919 892 1175 933 accusare
1233 874 1495 939 voluerit;
1555 887 1851 942 omnesque
1895 869 2061 934 servi,
2093 867 2182 923 vel

573 967 785 1039 proprii
812 965 1009 1031 liberti,
1058 964 1130 1019 ad
1188 962 1591 1018 accusationem
1648 975 1757 1013 non
1804 957 2177 1020 admittantur,

578 1055 667 1110 vel
693 1070 883 1110 omnes
911 1068 1050 1126 quos
1079 1051 1150 1107 ad
1179 1048 1482 1107 accusanda
1524 1046 1741 1118 publica
1770 1045 1997 1101 crimina
2027 1044 2181 1117 leges

577 1142 811 1213 publica
834 1158 943 1197 non
971 1140 1285 1203 admittunt;
1339 1152 1531 1193 omnes
1573 1136 1734 1190 etiam
1776 1134 2011 1188 infamia
2057 1148 2180 1187 ma-

581 1232 717 1290 culis
746 1228 977 1301 aspersi,
1031 1227 1088 1283 id
1133 1234 1217 1282 est
1266 1225 1582 1288 histriones,
1637 1230 1727 1277 aut
1757 1220 2182 1292 turpitudinibus

579 1320 838 1388 subjecta
891 1331 1179 1387 persona;
1232 1312 1471 1369 haretici
1530 1311 1724 1377 etiam,
1784 1310 1899 1364 sive
1954 1307 2177 1379 pagani,

581 1423 680 1465 seu
725 1404 900 1461 Judai
932 1422 945 1457 :
979 1403 1077 1458 sed
1135 1411 1315 1457 tamen
1365 1400 1638 1467 omnibus,
1678 1398 1876 1470 quibus
1905 1396 2181 1452 accusatio

581 1496 917 1566 denegatur,
975 1491 1031 1546 in
1083 1490 1266 1546 causis
1322 1487 1560 1559 propriis
1614 1485 1910 1542 accusandi
1964 1484 2183 1539 licentia

581 1597 691 1638 non
736 1589 819 1636 est
876 1578 1151 1652 neganda.
1206 1598 1228 1627 ι
1276 1577 1440 1643 (Can.
1489 1578 1603 1643 98.)
1657 1597 1677 1623 ιι
1730 1574 1797 1628 Et
1826 1573 2181 1644 quotiescun-

583 1686 691 1742 que
729 1667 943 1726 clericis
990 1666 1060 1722 ab
1105 1664 1514 1721 accusatoribus
1558 1662 1722 1716 multa
1761 1661 1991 1716 crimina
2038 1658 2182 1728 obji-

2280 518 2461 573 cilium
2494 518 2676 571 statuit
2719 517 2908 572 dicens
2957 518 3109 586 (can.
3146 514 3237 585 30)
3270 532 3283 569 :
3322 535 3343 563 α
3380 514 3449 570 Ut
3481 522 3767 569 accusatus
3795 513 3881 569 vel

2279 613 2567 661 accusator
2604 605 2659 659 in
2692 621 2758 659 eo
2787 605 2910 660 loco
2939 604 3081 659 unde
3113 611 3195 658 est
3232 603 3325 675 qui
3372 610 3677 666 accusatur,
3709 601 3883 657 locum

2281 694 2385 748 sibi
2416 694 2582 765 eligat
2610 692 2937 763 proximum,
2961 707 3069 763 quo
3091 707 3199 747 non
3221 691 3289 745 sit
3317 689 3533 746 difﬁcile
3562 697 3728 744 testes
3756 704 3878 760 pro-

2280 781 2484 836 ducere
2512 781 2604 835 ubi
2634 796 2801 836 causa
2844 780 3091 846 ﬁniatur;
3132 804 3153 826 ι»
3202 787 3254 833 et
3297 779 3423 834 hinc
3468 777 3622 850 leges
3651 777 3874 832 dicunt:

2286 892 2308 919 ι
2345 868 2641 926 Criminum
2671 868 2943 925 discussio
2995 868 3068 922 ibi
3116 867 3375 941 agitanda
3420 873 3519 928 est.
3554 866 3646 920 ubi
3676 865 3876 921 crimen

2280 957 2581 1013 admissum
2610 965 2693 1012 est
2725 973 2737 1011 :
2770 972 2894 1011 nam
2926 955 3055 1010 alibi
3102 955 3389 1010 criminum
3419 969 3543 1009 reus
3573 953 3879 1024 prohibetur

2280 1045 2475 1100 audiri.
2518 1066 2539 1094 ι
2574 1046 2640 1099 Et
2667 1044 2797 1098 item
2831 1062 2843 1098 :
2879 1069 2898 1091 ιι
2938 1044 2994 1099 Si
3025 1043 3147 1115 quis
3178 1042 3549 1098 adversarium
3596 1050 3688 1096 aut
3716 1057 3875 1111 repe-

2282 1134 2488 1199 titione,
2522 1141 2613 1187 aut
2634 1132 2878 1189 criminis
2908 1131 3213 1200 objectione
3235 1130 3550 1201 pulsaverit,
3572 1128 3627 1183 in
3657 1128 3876 1200 provin-

2281 1221 2361 1276 cia
2390 1221 2446 1275 in
2476 1235 2584 1292 qua
2613 1219 2858 1276 consistit
2906 1218 2995 1275 ille
3043 1219 3137 1291 qui
3194 1218 3457 1289 pulsatur,
3509 1233 3635 1272 suas
3691 1225 3880 1271 exerat

2280 1308 2541 1377 actiones,
2573 1325 2676 1364 nec
2720 1307 2951 1363 astimet
2994 1306 3370 1361 adversarium
3417 1320 3578 1360 suum
3628 1304 3758 1359 alibi
3788 1312 3879 1360 aut

2281 1396 2499 1467 longius
2528 1397 2597 1450 ad
2629 1396 2886 1465 judicium
2946 1394 3391 1466 pertrahendum.
3451 1394 3549 1449 Ille
3604 1409 3734 1448 vero
3788 1392 3881 1464 qui

2282 1484 2529 1554 pulsatus
2557 1483 2717 1538 fuerit
2749 1484 2794 1537 si
2835 1483 3079 1552 judicem
3136 1491 3446 1553 suspectum
3506 1482 3777 1545 habuerit,
3811 1480 3877 1535 li-

2282 1580 2402 1627 ceat
2430 1572 2731 1642 appellare.
2772 1596 2793 1619 η
2842 1572 2910 1627 Ει
2956 1571 3387 1644 Carthaginense
3434 1570 3566 1626 dicit
3591 1569 3879 1626 concilium

2281 1659 2432 1730 (can.
2470 1663 2556 1729 t3)
2584 1676 2595 1714 :
2630 1683 2651 1706 ιι
2675 1661 2743 1715 Ul.
2775 1675 2807 1713 a
2839 1659 3253 1731 quibuscunque
3276 1659 3552 1728 judicibus
3583 1658 3878 1714 ecclesias-

584 1758 818 1822 ciuntur,
852 1764 902 1812 et
932 1770 1097 1810 unum
1128 1769 1194 1808 ex
1220 1751 1373 1823 ipsis,
1415 1752 1483 1805 de
1531 1765 1639 1821 quo
1685 1749 1837 1820 prius
1880 1748 2056 1820 egerit
2083 1761 2181 1801 ac-
2210 1747 2409 1842 Bticis
2439 1748 2508 1802 ad
2540 1748 2679 1802 alios
2709 1747 2924 1816 judices
2978 1747 3398 1812 ecclesiasticos,
3443 1746 3537 1800 ubi
3584 1754 3662 1801 est
3707 1746 3879 1815 major

586 1852 824 1913 cusator,
883 1842 1119 1915 probare
1165 1856 1272 1896 non
1322 1837 1568 1903 valuerit,
1613 1837 1681 1892 ad
1713 1844 1908 1892 catera
1933 1836 2043 1904 jam
2073 1850 2183 1889 non

586 1932 915 1990 admittatur.
997 1930 1184 1985 Testes
1252 1936 1433 1983 autem
1510 1926 1580 1980 ad
1651 1923 2018 1980 testimonium
2075 1938 2185 1977 non

587 2018 994 2079 admittendos.
1072 2016 1165 2089 qui
1238 2030 1342 2070 nec
1395 2014 1462 2068 ad
1520 2012 1919 2069 accusationem
1978 2008 2186 2064 admitti

587 2106 849 2182 pracepti
906 2112 1047 2169 sunt,
1107 2103 1195 2159 vel
1247 2103 1411 2159 etiam
1462 2117 1597 2173 quos
1645 2101 1762 2171 ipse
1803 2106 2088 2155 accusator
2116 2096 2184 2151 de

592 2212 688 2264 sua
740 2194 904 2250 domo
955 2191 1267 2264 produxerit
1300 2208 1314 2245 :
1348 2190 1418 2244 ad
1477 2188 1846 2244 testimonium
1887 2195 2066 2241 autem
2096 2185 2185 2239 in-

589 2261 675 2340 tra
703 2298 878 2337 annos
905 2261 1312 2352 quatuordecim
1358 2277 1528 2332 atatis
1577 2292 1690 2331 sua
1737 2275 2185 2345 non.admittan-

592 2379 699 2427 tur.
740 2394 763 2419 η
792 2371 860 2425 Ει
890 2376 1107 2423 sanctus
1136 2365 1472 2437 Augustinus
1519 2364 1685 2419 dicit:
1720 2388 1740 2411 «
1776 2362 2064 2433 Quamvis,
2097 2362 2186 2415 in-

593 2458 804 2530 quiens,
858 2472 988 2512 vera
1032 2455 1140 2510 sint
1186 2454 1453 2526 quadam,
1485 2468 1596 2508 non
1625 2460 1807 2506 tamen
1828 2450 1998 2519 judici
2029 2449 2188 2506 facile

598 2544 877 2603 credenda
906 2551 1050 2609 sunt,
1082 2542 1188 2598 nisi
1215 2542 1381 2597 certis
1420 2539 1637 2595 indiciis
1666 2540 2125 2594 demonstrentur.
2162 2561 2183 2586 ιι

597 2632 706 2703 Qui
759 2632 885 2690 fecit
940 2632 1085 2703 quod
1140 2630 1342 2696 docuit,
1393 2646 1516 2684 cum
1557 2628 1613 2682 in
1643 2627 1855 2683 reddita
1886 2626 2089 2681 ratione
2117 2625 2188 2680 ad

583 2722 879 2795 primatem
909 2735 1023 2776 sua
1049 2718 1341 2790 provincia
1362 2716 1695 2788 Xantippum
1715 2714 1983 2780 scribens,
2008 2730 2191 2785 quem-

596 2811 726 2866 dam
768 2807 1143 2880 presbyterum
1190 2821 1349 2861 suum
1389 2804 1794 2860 Abundantium
1833 2819 1864 2856 a
1893 2820 1952 2857 se
1975 2801 2189 2871 judica-

597 2906 710 2952 tum
739 2911 863 2951 esse
890 2895 1248 2959 demonstrat,
1309 2893 1379 2948 de
1434 2908 1501 2947 eo
1546 2893 1735 2947 dicens
1777 2892 1973 2962 (epist.
2012 2893 2140 2959 236)
2173 2906 2186 2943 :

596 3006 618 3029 κ
657 2984 878 3038 lnsinuo
905 2981 1208 3052 prudentia
1235 2989 1360 3045 tua,
1393 2979 1789 3033 Abundantium
1815 2977 2105 3048 quemdam
2135 2977 2191 3031 in

595 3068 764 3126 fundo
794 3068 1230 3125 Strabonianensi
1276 3067 1577 3137 pertinente
1621 3066 1689 3120 ad
1735 3081 1921 3121 curam
1952 3072 2189 3119 nostram

2284 1835 2598 1901 auctoritas,
2633 1834 2794 1890 fuerit
2822 1844 3201 1906 provocatum,
3232 1851 3341 1890 non
3370 1835 3449 1890 eis
3481 1833 3622 1889 obsit
3649 1849 3880 1906 quorum

2285 1922 2449 1977 fuerit
2505 1923 2681 1979 soluta
2730 1924 3019 1993 sententia,
3072 1924 3119 1977 si
3170 1923 3420 1979 convinci
3447 1938 3556 1978 non
3584 1924 3878 1994 potuerint,

2285 2011 2373 2066 vel
2401 2011 2620 2067 inimico
2650 2011 2833 2066 animo
2880 2011 3177 2080 judicasse,
3236 2011 3323 2066 vel
3364 2011 3549 2083 aliqua
3590 2010 3878 2081 cupiditate

2286 2108 2375 2153 aut
2405 2099 2579 2172 gratia
2625 2099 2930 2170 depravari.
2984 2099 3123 2154 Sane
3167 2099 3213 2153 si
3257 2116 3323 2154 ex
3352 2115 3621 2155 consensu
3648 2100 3878 2169 partium

2287 2186 2443 2242 electi
2475 2186 2674 2242 fuerint
2696 2186 3108 2257 judices,etiam
3128 2204 3158 2241 a
3177 2187 3420 2259 pauciori
3456 2202 3684 2242 numero
3721 2202 3880 2258 quam

2286 2274 2631 2330 constitutum
2686 2283 2790 2343 est,
2851 2291 2960 2330 non
3014 2275 3533 2347 liceat.provocari.
3573 2296 3595 2325 ι
3639 2273 3880 2344 Qualiter

2286 2371 2464 2418 autem
2493 2363 2757 2419 sententia
2787 2363 2929 2417 ﬁniri
2956 2363 3166 2425 debeat,
3202 2363 3356 2437 leges
3386 2371 3443 2418 et
3470 2363 3606 2419 sacri
3635 2377 3877 2418 canones

2288 2460 2608 2518 monstrant,
2639 2453 2885 2507 dicentes
2915 2460 2971 2507 ut
3001 2452 3085 2508 vel
3114 2452 3168 2506 in
3197 2452 3426 2524 synodo,
3458 2452 3544 2507 vel
3588 2468 3689 2522 per
3726 2451 3877 2521 judi-

2288 2556 2399 2606 ces,
2433 2539 2547 2594 sive
2577 2556 2712 2610 quos
2742 2541 3123 2611 conquirentes
3169 2540 3430 2611 primates
3459 2539 3727 2605 dederint,
3762 2540 3879 2594 sive

2290 2643 2427 2699 quos
2456 2627 2559 2698 ipsi
2590 2627 2797 2682 vicinos
2827 2645 2891 2682 ex
2925 2644 3195 2683 consensu
3227 2627 3546 2701 delegerint.
3577 2650 3598 2675 η
3632 2627 3884 2698 Deputati

2288 2724 2466 2770 autem
2514 2715 2727 2784 judices
2771 2715 3034 2787 episcOpi,
3084 2724 3140 2771 ut
3188 2715 3502 2773 Africanum
3530 2716 3661 2771 dicit
3690 2716 3879 2771 conci-

2287 2803 2418 2858 lium
2448 2805 2598 2871 (ctm.
2633 2805 2744 2874 88),
2777 2804 2846 2858 ab
2888 2803 2982 2858 illo
3012 2804 3244 2874 primate
3275 2812 3401 2858 sunt
3429 2804 3609 2868 dandi,
3643 2803 3697 2859 in
3731 2805 3882 2873 cujus

2289 2891 2567 2961 provincia
2622 2908 2787 2946 causa
2842 2901 3135 2947 versatur:
3168 2893 3213 2947 si
3268 2900 3447 2947 autem
3490 2909 3556 2948 ex
3600 2890 3878 2947 communi

2288 2978 2486 3047 placito
2516 2978 2900 3049 conquirentes
2943 2979 3149 3035 vicinos
3188 2979 3402 3049 judices
3448 2980 3734 3051 elegerint,
3793 2986 3879 3034 aut

2292 3082 2428 3118 unus
2485 3066 2735 3136 eligatur.
2795 3074 2886 3120 aut
2944 3074 3075 3131 tres,
3131 3075 3185 3122 et
3240 3067 3285 3121 si
3332 3076 3439 3122 tres
3468 3066 3757 3140 elegerint,
3792 3073 3881 3121 aut

592 3158 901 3215 ordinatum
929 3156 1096 3211 fuisse
1118 3156 1521 3227 presbyterum.
1554 3154 1658 3222 Qui
1696 3170 1821 3209 cum
1850 3168 1957 3207 non
1987 3153 2184 3206 ambu-
2218 3127 2521 3208 Ctomnium
2579 3154 2901 3209 sententiam
2957 3163 3271 3226 sequantur,
3320 3164 3411 3209 aut
3447 3127 3696 3210 duorum.
3738 3176 3764 3205 ι
3814 3154 3882 3209 Et

591 3247 725 3303 laret
745 3246 860 3301 vias
887 3260 1168 3301 servorum
1213 3243 1331 3307 Dei,
1375 3259 1486 3298 non
1529 3243 1724 3298 bonam
1757 3240 1952 3305 famam
1984 3240 2185 3295 habere

595 3342 859 3406 caperet,
894 3349 998 3405 qua
1055 3348 1160 3404 ego
1215 3332 1564 3397 conterritus,
1620 3346 1728 3385 non
1772 3337 1954 3384 tamen
1980 3336 2184 3385 temere

590 3423 793 3495 aliquid
822 3422 1043 3478 credere
1072 3420 1280 3486 volens,
1314 3420 1410 3475 sed
1450 3419 1612 3491 plane
1658 3417 1942 3472 sollicitior
1992 3415 2179 3485 factus,

591 3526 814 3581 operam
864 3509 1012 3575 dedi,
1059 3508 1106 3563 si
1151 3509 1425 3580 quomodo
1470 3522 1689 3579 possem
1716 3505 1785 3560 ad
1816 3506 1995 3576 aliqua
2025 3503 2184 3559 mala

529 3668 532 3671 Α
588 3598 1020 3655 conversationis
1085 3596 1203 3665 ejus
1268 3604 1416 3652 certa
1479 3595 1675 3650 indicia
1738 3593 2045 3665 pervenire.
2105 3595 2182 3647 Ac

587 3687 766 3757 primo
794 3686 1057 3756 comperi,
1110 3701 1231 3740 eum
1279 3684 1568 3754 pecuniam
1610 3683 1894 3751 cujusdam
1924 3679 2183 3736 rusticani

585 3774 656 3831 de
688 3774 815 3829 vino
843 3774 988 3843 apud
1041 3788 1100 3827 se
1146 3772 1524 3827 commendato
1580 3769 1974 3833 intervertisse,
2023 3769 2098 3822 ita
2125 3776 2182 3822 ut

582 3860 789 3916 nullam
844 3860 970 3914 inde
1013 3866 1199 3928 posset
1241 3857 1580 3928 probabilem
1627 3857 1860 3912 reddere
1890 3855 2176 3910 rationem.

585 3947 798 4002 Deinde
827 3946 1108 4002 convictus
1138 3954 1299 4016 atque
1323 3944 1608 4001 confessus
1630 3953 1730 4010 est,
1752 3944 1839 3997 die
1861 3943 2053 4012 jejunii
2082 3957 2179 3997 na-

585 4034 711 4089 talis
740 4032 977 4099 Domini,
1020 4049 1129 4103 quo
1176 4033 1338 4088 etiam
1377 4033 1666 4103 Gippitana
1696 4031 1928 4087 ecclesia
1958 4031 2097 4086 sicut
2126 4037 2179 4085 et

583 4129 792 4181 cetera
817 4120 1114 4189 jejunabat,
1156 4136 1279 4175 cum
1323 4128 1577 4192 tanquam
1607 4126 1952 4190 perrecturus
1983 4119 2051 4172 ad
2080 4133 2177 4174 ec-

581 4208 803 4266 clesiam
833 4224 987 4263 suam
1035 4206 1376 4263 valefecisset
1430 4208 1657 4280 collega
1704 4222 1804 4262 suo
1858 4207 2177 4276 presbytero

581 4297 875 4368 Gippitano
904 4297 1037 4352 hora
1064 4295 1178 4351 fere
1228 4296 1434 4367 quinta,
1494 4304 1546 4350 et
1592 4311 1716 4351 cum
1755 4310 1938 4349 secum
1969 4293 2175 4348 nullum

579 4384 838 4442 clericum
869 4384 1112 4449 haberet,
1144 4384 1200 4438 in
1220 4384 1414 4440 eodem
1446 4383 1613 4439 fundo
1632 4382 1915 4447 restitisse,
1948 4390 2001 4436 et
2030 4381 2175 4451 apud

2285 3241 2729 3297 Chalcedonense
2783 3241 3070 3297 concilium
3114 3243 3246 3298 dicit
3292 3245 3442 3311 (can.
3474 3244 3567 3315 9):
3605 3267 3627 3291 α
3666 3243 3725 3299 Si
3757 3242 3877 3315 quis

2284 3329 2514 3394 clericus
2569 3330 2829 3385 adversus
2886 3329 3142 3386 clericum
3199 3331 3364 3386 habet
3419 3330 3717 3402 negotium.
3770 3346 3877 3385 non

2284 3417 2500 3471 deserat
2528 3418 2844 3488 episcopum
2890 3418 3191 3488 proprium,
3236 3426 3289 3473 et
3334 3418 3404 3473 ad
3436 3419 3714 3474 sacularia
3748 3434 3876 3489 per—

2284 3498 2464 3560 currat
2488 3505 2727 3573 judicia;
2762 3505 2858 3560 sed
2889 3505 3036 3576 prius
3080 3506 3218 3561 actio
3267 3507 3552 3562 ventiletur
3581 3507 3724 3578 apud
3761 3506 3877 3577 epi-
3900 3545 3917 3555 .

2284 3608 2511 3663 scopum
2558 3594 2858 3664 proprium,
2905 3594 2991 3649 vel
3038 3603 3186 3650 certe
3231 3594 3459 3650 consilio
3488 3595 3735 3665 ejusdem
3768 3593 3878 3665 epi-

2282 3681 2455 3751 scOpi,
2487 3682 2630 3751 apud
2660 3697 2797 3752 quos
2828 3690 3070 3753 utraque
3097 3690 3279 3754 partes
3306 3682 3592 3749 voluerint,
3609 3683 3877 3752 judicium

2281 3768 2654 3824 continebunt.
2687 3768 2743 3825 Si
2776 3769 2897 3840 quis
2927 3778 3110 3824 autem
3154 3778 3354 3841 prater
3398 3771 3514 3827 hac
3544 3769 3758 3837 fecerit,
3790 3785 3877 3827 ca-

2280 3855 2491 3910 nonicis
2534 3857 2967 3926 correptionibus
3003 3858 3324 3927 subjacebit.
3374 3883 3395 3906 n
3444 3859 3511 3915 Et
3540 3866 3762 3915 sanctus
3793 3859 3878 3915 In-

2280 3943 2565 3998 nocentius
2592 3944 2661 3997 ad
2702 3944 3015 4000 Victricium
3059 3946 3377 4017 episcopum
3412 3965 3425 4001 :
3464 3968 3486 3997 ι
3522 3946 3579 4003 Si
3609 3962 3757 4018 qua,
3790 3947 3877 4001 in-

2280 4030 2392 4101 quit
2422 4033 2608 4103 (epist.
2632 4033 2704 4101 1),
2738 4048 2935 4101 causa,
2958 4032 3044 4087 vel
3069 4034 3443 4090 contentiones
3474 4035 3615 4090 inter
3642 4034 3878 4090 clericos

2280 4125 2389 4172 tam
2420 4119 2717 4189 superioris
2749 4120 2956 4175 ordinis
2987 4137 3151 4192 quam
3181 4121 3338 4177 etiam
3380 4122 3651 4178 inferioris
3679 4121 3880 4178 fuerint

2278 4214 2499 4271 exortae,
2535 4214 2591 4260 ut
2620 4208 2919 4263 secundum
2940 4210 3207 4280 synodum
3221 4210 3502 4266 Nicanam
3522 4210 3878 4284 congregatis

2278 4294 2518 4362 ejusdem
2571 4295 2869 4365 provincia
2917 4297 3191 4369 episcopis
3232 4298 3472 4371 jurgium
3503 4299 3875 4359 terminatur:

2277 4398 2379 4437 nec
2433 4382 2593 4438 alicui
2648 4382 2809 4439 liceat
2865 4384 3006 4455 (sine
3053 4386 3364 4457 prajudicio
3402 4396 3584 4443 tamen
3610 4387 3877 4443 Romana

580 4473 876 4546 quamdam
933 4473 1088 4529 mala
1143 4472 1302 4527 fama
1355 4471 1661 4537 mulierem,
1711 4479 1762 4525 et
1804 4468 2093 4540 prandisse
2124 4472 2245 4531 etD
2275 4469 2555 4540 Ecclesia,
2587 4471 2672 4526 cui
2711 4472 2765 4525 in
2813 4473 3062 4528 omnibus
3119 4474 3298 4530 causis
3352 4475 3514 4531 debet
3569 4474 3879 4532 reverentia

581 4577 851 4630 cenasse,
886 4563 938 4616 et
966 4561 1023 4615 in
1051 4575 1160 4615 una
1187 4560 1352 4615 domo
1407 4560 1692 4623 mansisse,
1742 4566 1794 4612 et
1825 4559 1930 4612 hoc
1971 4572 2179 4628 negare

579 4664 689 4704 non
719 4649 909 4720 potuit.
940 4648 1083 4703 Nam
1113 4663 1235 4718 qua
1282 4648 1500 4719 negavit
1547 4648 1662 4701 Deo
1691 4645 1891 4709 dimisi,
1935 4661 2056 4716 qua
2084 4660 2179 4701 oc-

578 4736 778 4792 cultare
813 4736 1114 4807 permissus
1157 4750 1268 4790 non
1313 4743 1414 4799 est,
1441 4734 1703 4803 judicavi.
1737 4732 1911 4787 Timui
1941 4732 1991 4787 ei
2021 4748 2177 4787 com-

580 4824 795 4879 mittere
853 4823 1141 4880 ecclesiam
1163 4866 1180 4890 ,
1248 4822 1547 4893 praesertim
1605 4822 1745 4876 inter
1796 4820 2176 4876 haereticorum

583 4911 1098 4967 circumlatrantium
1154 4911 1362 4966 rabiem
1409 4911 1773 4966 constitutam.
1834 4910 1958 4963 Hac
2000 4918 2178 4963 autem

580 5013 670 5053 me
697 4998 996 5068 prudentia
1044 5008 1148 5054 tua
1188 4998 1457 5069 praecipue
1485 4998 1735 5052 intimare
1766 4996 2073 5066 oportebat,
2107 5011 2176 5051 ne

580 5085 764 5157 aliqua
817 5086 911 5140 tibi
968 5084 1175 5142 fallacia
1220 5086 1564 5157 subreperet.
1604 5110 1625 5134 »ι
1662 5085 1876 5141 Sciebat
1904 5083 2049 5138 enim
2078 5083 2178 5138 iste

579 5173 662 5229 vir
689 5173 906 5229 Domini
933 5190 1189 5238 canones,
1236 5183 1288 5229 et
1332 5190 1441 5230 non
1469 5173 1850 5229 contemnebat
1879 5169 2177 5227 secundum

579 5262 804 5318 eosdem
835 5277 1021 5318 sacros
1050 5277 1308 5327 canones,
1341 5262 1555 5332 primati
1599 5277 1718 5328 suo,
1768 5259 1964 5315 minori
1994 5258 2177 5314 scien-

580 5349 654 5404 tia
685 5359 737 5405 et
766 5349 906 5406 forte
927 5350 1139 5418 merito,
1174 5350 1271 5405 sed
1292 5350 1489 5420 potiori
1516 5350 1637 5416 loco
1665 5349 1843 5417 subdi,
1878 5346 2179 5403 obaudiens

583 5435 852 5495 dicentem
881 5437 1197 5510 Apostolum
1232 5455 1246 5491 :
1280 5437 1502 5495 Obedite
1535 5440 1852 5511 praepositis
1882 5436 2084 5492 vestris
2113 5437 2178 5490 in

588 5534 820 5591 Domino
848 5534 1029 5605 (Hebr.
1057 5537 1203 5599 xui).
1239 5534 1341 5590 Ubi
1368 5542 1545 5591 autem
1576 5534 1716 5592 inter
1745 5540 2095 5590 accusatores
2123 5538 2179 5587 et

2279 4559 2584 4630 custodiri),
2636 4560 2840 4616 relictis
2883 4559 3413 4630 his'sacerdotibus,
3463 4564 3556 4635 qui
3593 4563 3650 4619 in
3679 4564 3876 4619 eadem

2276 4647 2558 4717 provincia
2588 4647 2688 4702 Dei
2716 4647 3021 4721 Ecclesiam
3068 4658 3202 4705 nutu
3232 4651 3414 4707 divino
3444 4651 3773 4723 gubernant,
3806 4650 3876 4705 ad

2277 4733 2408 4788 alias
2437 4735 2729 4790 convolare
2756 4735 3090 4806 provincias.
3126 4737 3285 4806 Quod
3315 4738 3362 4814 si
3408 4739 3530 4811 quis
3558 4738 3701 4795 forte
3730 4748 3877 4810 pra-

2277 4822 2587 4892 sumpserit,
2621 4831 2673 4877 et
2699 4824 2768 4877 ab
2798 4823 2976 4879 officio
3027 4825 3161 4881 cleri
3209 4827 3509 4895 submotus,
3563 4836 3615 4882 et
3644 4827 3875 4897 injuria-

2277 4925 2399 4964 rum
2430 4926 2557 4964 reus
2588 4910 2656 4964 ab
2685 4911 2937 4967 omnibus
2974 4912 3269 4982 judicetur.
3321 4915 3379 4971 Si
3426 4924 3605 4971 autem
3634 4917 3878 4985 majores

2276 5013 2454 5054 causa
2484 4997 2540 5052 in
2570 4999 2751 5054 medio
2788 5000 2984 5055 fuerint
3011 5001 3297 5071 devoluta,
3331 5004 3398 5057 ad
3429 5004 3614 5059 sedem
3646 5011 3878 5075 aposto-

2277 5085 2457 5150 licam,
2492 5087 2631 5142 sicut
2662 5088 2903 5158 synodus
2961 5090 3163 5154 statuit,
3225 5098 3281 5145 et
3337 5098 3494 5147 vetus
3536 5091 3883 5147 consuetudo

2277 5173 2462 5247 exigit,
2495 5183 2617 5246 post
2641 5176 2904 5244 judicium
2936 5177 3245 5249 episcopale
3273 5178 3592 5243 referantur.
3633 5204 3655 5229 ι

2347 5264 2414 5317 Ει
2443 5263 2570 5334 quia
2600 5263 2735 5318 sicut
2787 5264 2895 5319 duo
2951 5274 3076 5320 sunt
3135 5275 3382 5338 peccata,
3431 5276 3483 5323 et
3530 5268 3640 5322 duo
3669 5284 3884 5341 genera

2276 5359 2627 5421 peccatorum
2656 5352 2770 5421 (aut
2801 5351 2947 5407 enim
2988 5352 3043 5408 in
3088 5354 3265 5409 Deum
3318 5363 3513 5426 peccat
3558 5355 3750 5423 homo,
3793 5364 3882 5411 aut

2276 5438 2330 5493 in
2361 5438 2678 5508 hominem),
2738 5447 2788 5496 et
2843 5440 2952 5496 duo
3006 5449 3132 5498 sunt
3184 5442 3447 5499 adventus
3492 5443 3737 5514 Domini,
3787 5442 3883 5519 qui

2276 5536 2421 5591 venit
2448 5544 2769 5606 peccatores
2796 5537 2974 5593 salvos
3015 5537 3213 5596 facere.
3266 5540 3468 5598 0mm
3497 5541 3654 5598 enim
3679 5557 3887 5614 pecca-
