4020 6182
194 273 271 327 ιρι
598 336 601 337 ν
862 265 1104 322 OPUSC.
1166 266 1255 321 ET
1300 265 1517 321 EPIST.
1579 265 1651 318 IN
1709 263 1936 320 CAUSA
1984 264 2325 321 HINCMARI
2374 266 2678 323 LAUDUN.

3351 271 3455 327 ιοι

202 396 398 459 perunt,
429 393 657 462 etegent
672 389 853 462 gloria
869 388 969 445 Dei
989 390 1166 457 (Rom.
1191 388 1295 459 ut).
1321 405 1458 443 unus
1488 387 1753 453 occultus,
1777 386 1833 448 Α
1859 386 1989 443 latio
2020 404 2226 455 eorum,
2260 389 2351 462 qui
2380 391 2645 447 versutias
2689 390 2890 465 agendi
2918 391 3147 449 credunt
3167 408 3291 449 esse
3318 388 3463 450 con-'

202 491 244 538 et
265 480 390 535 alter
416 476 727 534 manifestus
761 494 774 532 :
800 493 960 541 unus,
980 477 1047 532 de
1083 493 1191 548 quo
1214 477 1474 547 scriptum
1495 485 1577 531 est
1603 494 1616 530 :
1654 479 1755 531 De-

201 568 391 626 scendit
409 568 552 622 sicut
566 566 758 637 pluvia
777 567 840 620 in
862 567 1040 620 vellus
1060 566 1235 633 (Psal.
1255 567 1435 633 LXXI),
1455 573 1507 619 et
1528 564 1666 619 alter
1685 563 1755 619 de

200 672 289 728 quo
298 655 540 725 scriptum
554 661 634 707 est
650 671 664 706 :
679 655 825 709 Deus
842 654 1146 724 manifeste
1165 655 1351 708 veniet
1367 654 1542 722 (l‘sal.
1569 651 1751 721 xux);

200 760 314 799 unus
337 743 401 798 de
429 756 533 812 quo
565 740 794 795 dicitur:
835 742 995 796 Venit
1035 741 1192 809 ﬁlius
1228 741 1490 804 hominis,
1536 757 1651 796 non
1688 744 1752 795 ut

188 832 377 904 judicet
404 829 697 893 mundum,
721 829 816 884 sed
837 833 903 883 ut
918 830 1170 884 salvetur
1188 829 1434 884 mundus
1442 845 1545 901 per
1561 831 1749 901 ipsum

196 920 352 991 (toan.
383 918 483 985 ut),
506 917 642 971 alter
668 916 886 988 quando
898 918 1082 972 veniet
1091 918 1354 989 judicare
1368 918 1514 973 vivos
1532 922 1590 972 et
1603 934 1751 974 mor-

197 1014 299 1063 tuos
326 1010 377 1061 et
397 1005 668 1077 saeculum
709 1021 810 1077 per
839 1007 1061 1077 ignem;
1092 1005 1166 1059 ita
1210 1005 1317 1059 duo
1360 1012 1482 1059 sunt
1522 1005 1746 1074 judicia,

197 1110 336 1149 unum
360 1092 644 1159 occultum,
679 1100 730 1147 et
760 1092 994 1147 alterum
1023 1092 1370 1147 manifestum
1394 1110 1409 1159 ;
1442 1101 1493 1147 et
1522 1092 1632 1147 duo
1657 1093 1775 1161 ju--

192 1181 371 1238 diciarii
396 1181 631 1247 ordines,
663 1197 802 1234 unus
830 1181 899 1235 de
921 1196 1029 1252 quo
1049 1181 1179 1236 dicit
1199 1181 1491 1251 Apostolus
1515 1198 1529 1235 :
1552 1181 1609 1236 Si
1625 1182 1749 1252 quis

191 1275 346 1341 frater
368 1271 698 1325 nominatur
715 1271 1031 1339 fornicator
1050 1270 1101 1337 (I
1120 1269 1240 1325 Cor.
1266 1268 1342 1338 v),
1368 1276 1471 1324 etc.
1485 1311 1497 1333 ,
1518 1285 1637 1323 eam
1657 1284 1749 1322 no-

192 1358 503 1413 minationem
529 1356 760 1428 intelligi
802 1356 1011 1423 volens,
1060 1364 1117 1410 ut
1147 1356 1275 1411 dicit
1310 1356 1644 1428 Augustinus
1692 1356 1745 1409 in

189 1446 306 1500 libro
330 1445 392 1499 de
422 1443 741 1499 Pmnitentia
770 1446 917 1517 (cap.
948 1447 1023 1514 3),
1057 1461 1179 1515 qua
1211 1442 1268 1497 fit
1310 1444 1367 1497 in
1396 1460 1747 1515 quemquam,

187 1545 290 1585 cum
315 1527 569 1583 sententia
602 1526 793 1581 ordine
835 1527 1125 1595 judiciario
1168 1536 1222 1581 et
1277 1543 1400 1581 cum
1436 1526 1746 1599 integritate

188 1616 445 1688 profertur.
475 1615 663 1670 Noluit
691 1616 835 1671 enim
864 1615 1140 1670 hominem
1170 1614 1237 1668 ab
1267 1615 1485 1669 homine
1509 1614 1745 1684 judicari

189 1722 242 1760 ex
277 1704 481 1759 arbitrio
533 1703 883 1775 suspicionis,
944 1703 1029 1758 vel
1086 1702 1249 1758 etiam
1311 1702 1744 1759 extraordinario

187 1800 409 1863 usurpato
426 1792 637 1861 judicio
671 1810 684 1846 :
717 1792 813 1847 sed
843 1792 1020 1862 potius
1041 1809 1107 1846 ex
1135 1791 1259 1864 lege
1296 1791 1399 1846 Dei
1445 1792 1744 1847 secundum

188 1881 397 1936 ordinem
423 1880 707 1945 Ecclesiae,
743 1880 858 1935 sive
889 1880 1033 1935 ultro
1061 1878 1392 1944 confessum,
1436 1880 1549 1934 sive
1578 1895 1744 1935 accu-

188 1978 330 2024 satum
363 1979 519 2041 atque
566 1968 873 2025 convictum
920 1968 1061 2023 Nam
1110 1969 1154 2023 si
1199 1966 1494 2023 nominatio
1527 1967 1739 2033 sufficit,

188 2057 307 2111 multi
331 2057 623 2112 damnandi
655 2064 777 2111 sunt
806 2057 1144 2121 innocentes,
1178 2057 1305 2127 quia
1345 2072 1489 2127 saepe
1520 2054 1659 2111 falso
1688 2058 1744 2110 in

184 2160 462 2217 quemquam
490 2144 703 2201 crimen
731 2144 1064 2199 nominatur.
1113 2143 1221 2212 Qui
1250 2144 1386 2199 ordo
1419 2144 1742 2214 judiciarius

184 2232 371 2303 qualiter
397 2233 625 2304 exsequi
654 2232 871 2300 debeat,
905 2232 1093 2288 beatus
1124 2231 1431 2305 Gregorius
1479 2232 1534 2286 in
1586 2247 1741 2288 com-

185 2321 427 2376 monitorio
453 2320 519 2375 ad
570 2320 837 2375 Joannem
886 2319 1227 2375 defensorem
1278 2327 1494 2375 euntem
1541 2320 1597 2373 in
1642 2320 1742 2374 Hi-

184 2408 364 2477 spanias
386 2408 511 2463 dicit
540 2408 670 2477 (lib.
691 2423 766 2471 ιι,
792 2408 915 2463 ind.
950 2411 1002 2476 6,
1026 2410 1193 2479 epist.
1221 2410 1311 2477 52)
1345 2424 1357 2462 :
1397 2429 1418 2457 ι
1455 2406 1739 2473 Videlicet,

139 2547 145 2552 .
185 2504 226 2549 ut
248 2496 326 2551 alii
349 2496 448 2551 sint
474 2506 860 2562 accusatores,
884 2503 938 2550 et
967 2495 1061 2549 alii
1090 2504 1260 2551 testes
1292 2513 1304 2549 :
1336 2496 1536 2550 deinde
1558 2511 1745 2550 causa-

182 2600 272 2637 rum
321 2584 541 2655 qualitas
603 2592 688 2638 est
744 2583 1120 2653 examinanda,
1170 2591 1224 2638 et
1268 2592 1325 2637 ut
1354 2590 1620 2653 praesente
1651 2599 1742 2639 ac-

182 2680 335 2727 cusato
360 2672 454 2727 sub
478 2671 837 2742 jurejurando
865 2671 1079 2727 dicatur
1108 2671 1475 2726 testimonium
1520 2672 1741 2742 scriptis

180 2759 445 2832 allegatum,
477 2769 530 2816 et
564 2768 853 2817 accusatus
897 2759 1268 2831 respondendi
1316 2767 1369 2814 et
1412 2758 1742 2814 defendendi

180 2848 402 2909 selocum
426 2848 644 2913 habeat,
696 2856 750 2903 et
788 2847 1117 2903 examinatio
1162 2863 1521 2919 personarum
1570 2862 1737 2902 accu-

178 2937 374 2991 santium
399 2928 479 2992 'ac
524 2934 931 2992 testiﬁcantium
978 2935 1308 3008 regulariter
1353 2933 1465 2989 ﬁat.
1508 2959 1529 2983 π
1563 2934 1737 3004 Quem

176 3022 403 3091 judiciarii
449 3024 664 3080 ordinis
719 3023 938 3079 modum
990 3024 1149 3078 etiam
1204 3024 1469 3079 Dominus
1524 3023 1732 3089 innuit,

1857 476 1997 543 silia,
2030 494 2307 549 nunquam
2356 479 2680 536 innocentiae
2708 497 2907 536 nomen
2939 481 3189 553 accipiet.
3212 481 3453 539 Conﬁte-

1854 573 1939 619 tur
1967 566 2109 621 enim
2141 568 2210 622 de
2241 568 2493 623 omnibus
2534 568 2779 641 quisquis
2809 586 2868 625 se
2898 570 3279 643 subterfugere
3299 570 3453 639 judi-

1854 652 1997 708 cium
2045 654 2392 710 dilationibus
2421 664 2589 726 putat.
2624 657 2768 711 Nihil
2826 657 2971 712 enim
3018 659 3244 713 interest
3273 666 3453 714 utrum

1852 739 1907 794 in
1928 742 2185 811 praesenti
2220 743 2468 798 examine
2497 744 2681 799 omnia
2711 761 2833 816 quae
2860 744 3008 801 dicta
3038 755 3161 800 sunt
3193 762 3451 818 compro-

1852 828 2069 895 bentur,
2105 845 2231 885 cum
2259 831 2379 901 ipsa
2416 847 2632 902 quoque
2673 848 2774 904 pro
2794 832 3137 889 confessione
3158 842 3451 904 procurata

1852 917 2009 971 toties
2053 926 2264 972 constet
2294 919 2561 975 absentia.
2596 918 2753 988 Quod
2789 920 2833 974 si
2882 922 3076 977 adesse
3119 921 3444 994 neglexerit,

1848 1004 2167 1060 dilationem
2200 1007 2480 1062 sententia:
2510 1008 2577 1062 de
2608 1008 2857 1063 absentia
2878 1025 2988 1064 non
3016 1009 3271 1065 lucretur.
3297 1030 3319 1059 ι
3355 1010 3447 1067 Sic

1850 1093 2173 1148 leestinus
2204 1096 2391 1165 (epist.
2430 1097 2482 1156 1)
2501 1096 2568 1150 de
2602 1097 2825 1151 Daniele
2839 1097 3138 1153 Galliarum
3169 1098 3445 1171 quondam

1848 1180 2105 1251 episcopo
2129 1182 2408 1251 judicavit.
2448 1204 2469 1232 ι
2508 1184 2573 1237 Et
2602 1184 2726 1254 quia
2768 1201 2926 1240 nemo
2954 1202 3326 1257 praepropere,
3359 1186 3447 1241 vel

1846 1277 2201 1339 praepostere,
2236 1270 2442 1326 scilicet
2462 1286 2570 1326 non
2590 1272 2972 1339 commonitus,
3006 1289 3184 1346 neque
3206 1289 3444 1330 conven.

1846 1364 1933 1410 tus
1965 1365 2045 1411 est
2068 1358 2413 1425 judicandus,
2450 1360 2518 1414 de
2539 1360 2897 1415 conventione
2927 1361 3235 1430 hujusmodi
3262 1370 3445 1433 patra-

1846 1444 1980 1499 toris
2022 1444 2429 1501 manifestorum
2460 1448 2746 1503 criminum
2792 1447 2880 1503 lex
2909 1448 3039 1503 dicit
3074 1466 3086 1502 :
3125 1447 3444 1521 Quicunque

1846 1532 2021 1587 tribus
2051 1534 2465 1589 auctoritatibus
2509 1534 2708 1604 judicis
2763 1544 3093 1605 conventus,
3142 1536 3231 1591 vel
3274 1538 3445 1593 tribus

1844 1621 2038 1676 edictis
2084 1622 2152 1676 ad
2194 1622 2431 1690 judicem
2482 1622 2640 1679 fuerit
2687 1633 3029 1695 provocatus,
3058 1633 3149 1680 aut
3205 1640 3313 1681 uno
3346 1612 3446 1698 pro

1764 1736 1817 1796 Β
1848 1709 2100 1763 omnibus
2140 1712 2528 1780 peremptorio,
2559 1712 2613 1766 id
2665 1720 2765 1779 est,
2819 1714 2965 1785 quod
2995 1729 3214 1769 causam
3263 1713 3442 1770 extin-

1846 1798 1983 1868 guit,
2018 1796 2179 1852 fuerit
2207 1807 2482 1862 evocatus,
2516 1809 2568 1854 et
2597 1801 2946 1871 praesentiam
2976 1818 3128 1856 suam
3156 1802 3302 1873 apud
3317 1818 3443 1859 eum

1840 1884 2081 1954 judicem
2135 1902 2167 1940 a
2200 1902 2306 1958 quo
2322 1887 2371 1941 ei
2389 1887 2763 1943 denuntiatum
2793 1897 2876 1944 est
2893 1890 3152 1946 exhibere
3182 1891 3436 1959 noluerit,

1846 1974 2109 2029 adversus
2140 1991 2262 2029 eum
2293 1976 2447 2047 quasi
2494 1976 2548 2030 in
2571 1984 2951 2033 contumacem
2972 1978 3204 2047 judicari
3238 1987 3437 2051 potest,

1843 2061 2086 2133 quinimo
2115 2078 2216 2118 nec
2265 2064 2576 2118 rectractari
2605 2080 2701 2134 per
2749 2065 3164 2136 appellationem
3222 2067 3445 2140 negotia

1843 2159 2089 2220 possunt,
2125 2152 2336 2222 quoties
2366 2152 2419 2205 in
2478 2160 2851 2209 contumacem
2882 2152 3045 2208 fuerit
3067 2153 3382 2223 judicatum.
3413 2176 3436 2205 ι

1913 2239 1980 2292 Et
2000 2240 2142 2294 hanc
2181 2239 2508 2295 sententiam
2548 2240 2618 2295 de
2648 2241 2824 2295 tribus
2857 2242 3262 2297 auctoritatibus
3314 2258 3446 2298 con-

1843 2327 2017 2381 ventis
2057 2343 2123 2381 ex
2163 2327 2480 2398 evangelica
2508 2329 2758 2398 veritate,
2791 2329 3122 2384 Ccelestinus
3153 2330 3224 2385 ad
3244 2330 3439 2386 Nesto-

1842 2414 1981 2469 rium
2011 2415 2279 2482 scribens,
2312 2423 2363 2469 et
2402 2415 2679 2486 Ephesina
2719 2418 2958 2488 synodus
3002 2418 3071 2473 de
3109 2419 3304 2474 eodem
3346 2419 3442 2474 de-

1841 2518 2094 2569 cernens,
2129 2511 2181 2557 et
2227 2503 2414 2558 beatus
2444 2503 2744 2576 Gregorius
2781 2506 2852 2561 ad
2879 2506 3144 2561 Joannem
3193 2507 3438 2563 scribens

1840 2592 2211 2661 comprobant.
2244 2593 2324 2646 De
2379 2593 2746 2662 peremptorio
2799 2601 2981 2648 autem
3037 2594 3259 2665 scripto,
3293 2594 3436 2650 Afri-

1840 2693 2034 2734 canum
2068 2679 2356 2734 concilium
2393 2688 2656 2734 monstrat
2686 2680 2755 2734 de
2788 2681 3084 2737 Cresconio
3115 2683 3266 2750 (can.
3302 2684 3429 2737 15}:

1844 2787 1866 2815 α
1904 2767 1969 2822 Ut
2000 2766 2045 2819 si
2066 2774 2365 2821 conventus
2403 2767 2723 2837 resipiscere
2770 2768 3153 2825 detrectaverit
3183 2784 3282 2824 suo
3302 2785 3434 2825 con-

1839 2862 2044 2924 temptu
2068 2863 2119 2909 et
2150 2855 2490 2910 contumacia
2518 2854 2766 2921 faciente,
2796 2857 3118 2912 auctoritate
3141 2857 3435 2926 iudiciaria

1836 2942 2077 3013 protinus
2106 2942 2446 2997 excludatur.
2487 2964 2508 2992 ι
2543 2945 2611 2998 Et
2642 2944 2769 2999 item
2799 2944 2990 2999 beatus
3019 2945 3324 3018 Gregorius
3361 2944 3432 3002 de

1839 3030 2104 3085 sententia
2161 3030 2214 3084 in
2269 3039 2645 3086 contumacem
2719 3032 2964 3087 scribens
3021 3032 3091 3087 ad
3143 3032 3433 3088 Maximum

177 3124 276 3164 cum
301 3113 347 3165 in
378 3112 796 3168 resuscitatione
824 3111 1022 3182 puella:
1050 3112 1107 3166 in
1135 3112 1297 3166 domo
1329 3112 1566 3180 jacentis
1595 3127 1737 3166 mor-
1756 3083 1806 3146 Ο
1836 3126 2295 3189 ριοεεευηιριοτεηι
2328 3119 2693 3174 Salonitanum
2725 3120 3044 3191 episcopum
3064 3120 3195 3181 dicit
3222 3121 3341 3190 (lib.
3375 3137 3431 3187 v,

180 3206 277 3264 tua,
306 3215 363 3255 ac
391 3201 434 3255 si
456 3201 510 3254 in
539 3200 881 3255 revelatione
910 3214 1020 3255 non
1051 3200 1305 3254 omnibus
1349 3214 1530 3255 causa:
1567 3207 1729 3268 nota,

177 3288 397 3357 quosdam
424 3287 820 3359 discipulorum
848 3304 1071 3342 suorum
1100 3295 1289 3355 testes,
1325 3288 1423 3343 sed
1445 3296 1497 3343 et
1520 3296 1733 3358 patrem

176 3382 217 3427 et
237 3383 440 3431 mtrem
468 3376 670 3447 puellas
699 3391 888 3432 secum
920 3376 1164 3431 adhibuit
1200 3377 1352 3447 (Luc.
1386 3377 1527 3445 vui).
1580 3376 1732 3430 Alter

176 3479 280 3518 vero
297 3465 556 3533 judiciarii
572 3464 790 3531 ordinis
809 3464 1005 3519 modus
1025 3471 1105 3519 est
1127 3480 1336 3529 eorum,
1360 3480 1480 3536 qua:
1499 3479 1609 3518 non
1629 3463 1729 3518 sub

175 3565 421 3618 paucorum
451 3554 664 3619 notitia,
715 3553 873 3624 quasi
921 3552 1099 3609 adhuc
1146 3552 1201 3607 in
1244 3552 1493 3608 cubiculo
1535 3560 1729 3608 conte-

173 3646 254 3706 cta,
304 3649 357 3695 ut
402 3650 617 3712 patrata
669 3641 962 3706 credantur
1015 3640 1245 3697 testibus
1303 3640 1569 3714 indigent,
1629 3641 1729 3695 sed

173 3728 297 3796 quasi
316 3729 417 3797 jam
444 3737 598 3785 extra
632 3737 847 3800 portam
875 3726 1111 3785 civitatis
1140 3728 1311 3783 multa
1349 3729 1509 3783 turba
1566 3728 1730 3784 comi-

173 3822 285 3871 tante
319 3816 483 3874 elatus
531 3819 694 3888 (Luc.
728 3816 848 3886 vn),
897 3817 969 3872 ad
1018 3817 1309 3873 multorum
1357 3816 1727 3889 cognitionem

173 3901 318 3959 delata
331 3921 444 3961 esse
464 3913 789 3962 noscuntur.
809 3905 890 3960 De
910 3921 1017 3977 quo
1026 3905 1297 3974 judiciarii
1313 3904 1522 3960 ordinis
1539 3905 1721 3973 modo,

172 3988 273 4046 dicit
289 3994 573 4064 Apostolus
598 4010 611 4049 :
638 3995 748 4065 Ego
763 3995 987 4066 quidem
999 3995 1196 4049 absens
1211 4010 1455 4066 corpore,
1472 4009 1725 4064 praesens

172 4085 323 4135 autem
351 4083 576 4154 spiritu,
610 4084 730 4150 iam
748 4082 1005 4154 judican
1034 4086 1096 4137 ut
1113 4098 1363 4154 praesens
1383 4097 1512 4137 eum
1533 4081 1625 4153 qui
1642 4082 1723 4136 sic

171 4172 391 4237 operatus
418 4175 521 4240 est,
539 4172 609 4226 in
636 4172 864 4227 nomine
894 4170 1118 4225 Domini
1139 4170 1320 4225 nostri
1339 4171 1469 4225 Iesu
1490 4169 1719 4235 Christi,

170 4262 493 4329 congregatus
525 4258 677 4314 vobis
698 4262 755 4313 et
773 4274 895 4314 meo
912 4259 1139 4330 spiritu,
1159 4274 1287 4313 cum
1309 4258 1518 4313 virtute
1537 4258 1723 4312 Domi-

170 4342 219 4394 ni
240 4345 370 4409 Iesu,
404 4346 635 4402 tradere
656 4346 978 4414 huiusmodi
997 4346 1281 4401 hominem
1299 4347 1526 4401 Satanae
1541 4345 1604 4399 in
1623 4347 1719 4400 in-

1834 3208 2000 3277 epist.
2031 3210 2121 3275 3):
2177 3228 2199 3256 «
2237 3207 2527 3261 Hortamur
2554 3215 2608 3261 ut
2638 3207 2705 3261 ad
2735 3222 2839 3262 nos
2880 3208 3068 3263 venire
3097 3209 3244 3262 omni
3272 3217 3430 3278 post—

1831 3295 2010 3364 posita
2038 3295 2386 3350 excusatione
2409 3294 2652 3363 festines,
2672 3303 2941 3366 quatenus
2971 3303 3185 3350 servata
3201 3295 3430 3365 justitia,

1833 3381 1947 3436 haec
1974 3382 2042 3435 de
2101 3382 2295 3452 quibus
2351 3382 2624 3438 accusaris
2653 3390 2707 3437 et
2765 3397 3103 3455 cognoscere
3161 3390 3213 3437 et
3268 3380 3421 3439 linire

1832 3469 2131 3524 secundum
2174 3469 2435 3524 canonica
2468 3470 2707 3523 instituta
2737 3469 2956 3524 Christo
3005 3469 3279 3525 revelante
3308 3485 3431 3542 pos-

1829 3557 2018 3611 simus.
2054 3559 2130 3611 Ita
2158 3564 2339 3612 autem
2367 3556 2472 3623 fac,
2503 3564 2562 3613 ut
2591 3557 2661 3612 ad
2701 3557 3029 3614 veniendum
3057 3556 3290 3629 amplius
3311 3558 3427 3627 jam

1829 3659 2015 3700 moras
2043 3660 2151 3699 non
2182 3644 2425 3718 ingeras,
2474 3659 2545 3700 ne
2584 3645 2703 3716 ipsa
2731 3653 2785 3701 te
2824 3646 3005 3718 magis
3046 3645 3296 3701 absentia
3322 3645 3429 3701 ob-

1828 3733 2048 3788 noxium
2078 3732 2162 3787 his
2192 3749 2314 3804 quae
2343 3733 2597 3789 dicuntur
2623 3733 2886 3807 assignat,
2928 3742 2981 3790 et
3009 3748 3110 3790 nos
3138 3733 3195 3789 in
3221 3740 3277 3790 te
3307 3735 3427 3792 hac

1827 3836 1937 3887 res,
1971 3836 2080 3876 non
2111 3820 2286 3876 solum
2313 3829 2540 3892 propter
2581 3821 2728 3878 dicta
2770 3821 2996 3877 crimina
3028 3836 3152 3894 que
3178 3836 3421 3896 purgare

1825 3908 2175 3982 subterfugis,
2205 3909 2305 3965 sed
2332 3910 2497 3965 etiam
2526 3918 2753 3982 propter
2771 3909 3155 3967 inobedientia:
3184 3909 3423 3983 culpam,

1825 3997 2015 4053 durius
2049 3997 2257 4054 scilicet
2310 4005 2367 4053 ut
2422 3999 2477 4052 in
2518 3988 2874 4054 contumacen
2903 4007 3065 4072 cogat
3092 4015 3160 4055 ex
3196 3998 3429 4057 concilio

1825 4084 1969 4141 ferre
1992 4086 2277 4155 judicium.
2305 4107 2326 4136 ι
2359 4087 2430 4141 Et
2461 4085 2777 4143 Africanum
2799 4086 3092 4143 concilium
3123 4088 3275 4155 (can.
3309 4088 3421 4157 67),

1824 4174 1893 4228 ad
1923 4175 2334 4247 suggestionem
2364 4175 2449 4230 vel
2477 4175 2807 4246 postulatum
2838 4175 3125 4230 Maurentii
3156 4174 3421 4248 episcopi,

1821 4270 1945 4333 post
1965 4263 2244 4317 recitatam
2273 4262 2585 4318 schedulam
2617 4277 2776 4334 quam
2806 4262 3001 4317 obtulit
3033 4263 3376 4318 Placentinus
3404 4279 3418 4318 :

1840 4370 1862 4399 α
1895 4349 2163 4405 Debuisse
2190 4350 2405 4421 quidem
2437 4365 2502 4404 ex
2533 4357 2719 4404 sancto
2749 4348 2980 4405 concilio
3000 4349 3265 4404 adversus
3284 4363 3422 4405 con-

169 4432 365 4487 terilum
379 4437 572 4490 carnis
594 4433 651 4503 (1
668 4433 788 4489 Cor.
822 4438 901 4501 v);
926 4440 977 4487 et
997 4434 1159 4504 paulo
1192 4434 1443 4503 superius
1470 4449 1481 4487 :
1508 4435 1575 4489 Ut
1607 4436 1717 4489 tot-
1751 4429 2052 4493 Dtumaces
2104 4437 2413 4508 episcopos,
2448 4437 2540 4508 qui
2568 4436 2828 4508 praecepti
2858 4434 3069 4492 fuerant
3099 4451 3130 4491 a
3185 4437 3419 4508 primate

168 4515 294 4573 tatur
310 4520 370 4575 de
396 4522 583 4579 medio
634 4524 884 4576 vestrum
914 4521 1013 4593 qui
1049 4522 1148 4576 hoc
1187 4537 1323 4591 opus
1363 4521 1730 4592 fecit(ibid.)-

164 4603 288 4660 Unde
305 4609 620 4664 Ambrosius
653 4630 675 4658 ι
709 4609 931 4681 cognito
961 4625 1129 4679 opere
1169 4609 1480 4680 pellendum
1499 4624 1732 4679 peccan-

165 4698 247 4744 tem
277 4693 430 4751 fuisse
456 4698 527 4752 de
559 4705 706 4752 coetu
735 4695 1081 4752 fraternitatis
1110 4718 1131 4745 ι
1157 4696 1307 4752 dicit.
1350 4696 1555 4753 Omnes
1587 4697 1733 4752 enim

164 4780 336 4836 crimen
361 4786 474 4853 ejus
506 4785 774 4847 sciebant,
808 4784 864 4838 in
893 4801 997 4856 qua
1028 4801 1085 4839 re
1116 4801 1293 4856 neque
1333 4786 1562 4841 testibus
1593 4801 1730 4856 opus

165 4878 272 4933 erat,
299 4887 468 4943 neque
497 4872 955 4943 tergiversatione
985 4872 1163 4943 aliqua
1194 4881 1407 4943 poterat
1452 4874 1562 4946 tegi
1616 4873 1730 4929 cri-

164 4970 280 5011 men.
318 4959 392 5014 De
439 4968 721 5032 patratore
769 4968 948 5015 autem
990 4960 1424 5028 manifestorum,
1472 4970 1524 5016 et
1566 4962 1611 5015 si
1661 4962 1729 5016 ad

158 5041 380 5107 judicium
436 5048 640 5103 adduci
697 5064 805 5104 non
860 5056 1060 5121 potest,
1120 5048 1429 5104 Bonifacius
1472 5066 1610 5120 papa
1659 5050 1729 5118 ad

163 5140 333 5201 septem
363 5137 680 5207 provincias
711 5137 1015 5192 decernens
1051 5137 1180 5193 dicit
1227 5137 1296 5192 de
1336 5138 1589 5207 Maximo,
1636 5131 1730 5209 qui

158 5231 415 5277 conventus
445 5224 620 5279 etiam
649 5224 944 5292 devitabat,
971 5233 1022 5279 et
1052 5226 1249 5279 adesse
1298 5225 1521 5280 minime
1570 5226 1726 5281 vole-

160 5303 269 5362 bat:
305 5332 325 5361 α
355 5311 576 5375 Nullus,
613 5311 784 5384 inquit
824 5315 1013 5384 (epist.
1055 5316 1130 5382 2),
1178 5314 1405 5377 dubitat,
1457 5314 1604 5386 quod
1653 5314 1727 5369 ita

155 5394 376 5458 judicium
406 5415 621 5455 nocens
652 5399 994 5474 subterfugit,
1027 5402 1491 5473 quemadmodum
1534 5410 1591 5456 ut
1621 5403 1724 5457 ab-

159 5480 366 5541 solvatur
393 5488 487 5559 qui
518 5496 610 5543 est
637 5487 897 5543 innocens
928 5490 1138 5561 quaerit.
1188 5490 1294 5545 Sed
1344 5498 1520 5545 astuta
1560 5490 1726 5547 cavil-

1834 4540 1935 4580 suo
1963 4533 2020 4579 ut
2060 4534 2412 4580 occurrerent
2468 4525 2538 4579 ad
2567 4524 2877 4591 concilium,
2919 4532 2972 4581 et
2999 4539 3108 4579 non
3135 4532 3422 4591 venerunt,

1834 4612 2132 4668 secundum
2196 4627 2511 4668 mensuram
2562 4612 2962 4669 sacerdotalem
3009 4612 3138 4668 ferri
3195 4620 3421 4668 senten-

1834 4701 1994 4767 tiam;
2027 4701 2125 4756 sed
2172 4710 2384 4756 servata
2426 4701 2797 4757 ecclesiastica
2846 4700 3278 4768 mansuetudine,
3311 4699 3423 4756 dati

1833 4797 1957 4845 sunt
1984 4789 2053 4845 de
2074 4788 2306 4845 concilio
2334 4790 2492 4847 electi
2516 4790 2749 4860 judices,
2782 4798 2837 4845 et
2863 4790 3045 4844 missae
3074 4796 3201 4843 sunt
3227 4788 3424 4846 littere

1831 4877 1901 4933 ad
1938 4878 2235 4933 eorundem
2294 4879 2676 4950 episcoporum
2731 4878 3046 4948 primatem.
3090 4898 3111 4926 υ
3174 4875 3422 4946 Qualiter

1831 4974 2013 5020 autem
2034 4966 2351 5021 examinatis
2380 4966 2632 5021 omnibus
2680 4973 2733 5020 et
2774 4965 2845 5019 ad
2872 4963 3136 5037 liquidum
3165 4966 3422 5039 cognitis,

1831 5053 2091 5109 sententia
2113 5053 2434 5126 regulariter
2460 5069 2526 5109 ac
2554 5052 2802 5123 legaliter
2839 5051 3077 5124 proferri
3122 5054 3336 5121 debeat,
3373 5061 3424 5111 et

1828 5141 2215 5198 ecclesiasticae
2231 5149 2279 5197 et
2296 5141 2526 5212 publica:
2554 5143 2707 5213 leges
2735 5140 3113 5197 demonstrant
3142 5142 3421 5197 dicentes:

1834 5252 1855 5280 ι
1892 5230 2201 5285 Observare
2227 5229 2439 5299 judices
2466 5228 2780 5300 specialiter
2807 5228 3030 5297 debent,
3062 5238 3121 5285 ut
3149 5231 3206 5284 in
3233 5229 3415 5285 omni—

1828 5318 1928 5372 bus
1957 5316 2134 5373 causis
2164 5316 2450 5381 sententia,
2496 5332 2619 5389 que
2662 5316 2959 5373 deliberata
2995 5316 3175 5387 fuerit,
3206 5318 3419 5374 consti-

1826 5406 1953 5460 tutis
1981 5404 2185 5476 pariter
2212 5405 2459 5476 partibus
2488 5405 2761 5473 recitetur,
2795 5414 2852 5460 ut
2906 5407 2977 5460 ab
3007 5405 3095 5461 his
3142 5421 3174 5461 a
3220 5406 3419 5480 quibus

1826 5508 1993 5548 causa
2021 5492 2166 5548 dicta
2197 5502 2280 5548 est
2310 5493 2377 5548 ad
2399 5493 2672 5565 integrum
2702 5509 2822 5566 quae
2849 5494 2997 5550 dicta
3023 5494 3185 5550 fuerit
3214 5504 3428 5552 senten-
