  <div class='ocr_page' id='page_1' title='image "/cluster/home/n/w/nwhite01/storage/ocr_20150623/126/hvd.32044052819513/207.png"; bbox 0 0 4020 6182; ppageno 0'>
   <div class='ocr_carea' id='block_1_1' title="bbox 563 289 664 348">
    <p class='ocr_par' dir='ltr' id='par_1_1' title="bbox 563 289 664 348">
     <span class='ocr_line' id='line_1_1' title="bbox 563 289 664 348; baseline 0 -1"><span class='ocrx_word' id='word_1_1' title='bbox 563 289 664 348; x_wconf 74' lang='grc' dir='ltr'><strong>ιο3</strong></span> 
     </span>
    </p>
   </div>
   <div class='ocr_carea' id='block_1_2' title="bbox 1595 273 2999 352">
    <p class='ocr_par' dir='ltr' id='par_1_2' title="bbox 1595 273 2999 352">
     <span class='ocr_line' id='line_1_2' title="bbox 1595 273 2999 352; baseline -0.003 0"><span class='ocrx_word' id='word_1_2' title='bbox 1595 294 1931 352; x_wconf 76' lang='lat' dir='ltr'><strong>HINCMARI</strong></span> <span class='ocrx_word' id='word_1_3' title='bbox 1990 291 2393 352; x_wconf 69' lang='lat' dir='ltr'><strong>annuansrs</strong></span> <span class='ocrx_word' id='word_1_4' title='bbox 2451 273 2999 350; x_wconf 72' lang='lat' dir='ltr'><strong>ARCHIEPISCOPI.</strong></span> 
     </span>
    </p>
   </div>
   <div class='ocr_carea' id='block_1_3' title="bbox 3751 287 3840 350">
    <p class='ocr_par' dir='ltr' id='par_1_3' title="bbox 3751 287 3840 350">
     <span class='ocr_line' id='line_1_3' title="bbox 3751 287 3840 350; baseline 0.045 -3"><span class='ocrx_word' id='word_1_5' title='bbox 3751 287 3840 350; x_wconf 79' lang='lat' dir='ltr'><strong>tu</strong></span> 
     </span>
    </p>
   </div>
   <div class='ocr_carea' id='block_1_4' title="bbox 565 415 3840 495">
    <p class='ocr_par' dir='ltr' id='par_1_4' title="bbox 565 415 3840 495">
     <span class='ocr_line' id='line_1_4' title="bbox 565 415 3840 495; baseline 0 -19"><span class='ocrx_word' id='word_1_6' title='bbox 565 421 640 476; x_wconf 89' lang='lat' dir='ltr'><strong>tia</strong></span> <span class='ocrx_word' id='word_1_7' title='bbox 669 425 1052 495; x_wconf 76' lang='lat' dir='ltr'><strong>cognoscatur.</strong></span> <span class='ocrx_word' id='word_1_8' title='bbox 1095 440 1113 472; x_wconf 73' lang='grc' dir='ltr'>ι</span> <span class='ocrx_word' id='word_1_9' title='bbox 1161 419 1229 476; x_wconf 84' lang='lat' dir='ltr'><strong>Et</strong></span> <span class='ocrx_word' id='word_1_10' title='bbox 1272 422 1401 476; x_wconf 98' lang='lat' dir='ltr'><strong>item</strong></span> <span class='ocrx_word' id='word_1_11' title='bbox 1435 440 1446 475; x_wconf 90' lang='lat'><strong>:</strong></span> <span class='ocrx_word' id='word_1_12' title='bbox 1485 443 1505 471; x_wconf 74' lang='grc' dir='ltr'><strong><em>ι</em></strong></span> <span class='ocrx_word' id='word_1_13' title='bbox 1544 420 1819 493; x_wconf 87' lang='lat' dir='ltr'><strong>Quidquid</strong></span> <span class='ocrx_word' id='word_1_14' title='bbox 1876 419 2166 493; x_wconf 84' lang='lat' dir='ltr'><strong>praesenti-</strong></span> <span class='ocrx_word' id='word_1_15' title='bbox 2197 415 2252 480; x_wconf 85' lang='grc' dir='ltr'><strong>Α</strong></span> <span class='ocrx_word' id='word_1_16' title='bbox 2273 433 2341 473; x_wconf 89' lang='lat' dir='ltr'><strong>ne</strong></span> <span class='ocrx_word' id='word_1_17' title='bbox 2371 417 2590 474; x_wconf 80' lang='lat' dir='ltr'><strong>fuerint.</strong></span> <span class='ocrx_word' id='word_1_18' title='bbox 2624 417 2764 488; x_wconf 84' lang='lat' dir='ltr'><strong>Quia</strong></span> <span class='ocrx_word' id='word_1_19' title='bbox 2809 431 2936 474; x_wconf 84' lang='lat' dir='ltr'><strong>vero</strong></span> <span class='ocrx_word' id='word_1_20' title='bbox 2968 428 3171 474; x_wconf 88' lang='lat' dir='ltr'><strong>certum</strong></span> <span class='ocrx_word' id='word_1_21' title='bbox 3217 426 3298 472; x_wconf 90' lang='lat' dir='ltr'><strong>est</strong></span> <span class='ocrx_word' id='word_1_22' title='bbox 3345 427 3394 472; x_wconf 88' lang='lat' dir='ltr'><strong>te</strong></span> <span class='ocrx_word' id='word_1_23' title='bbox 3428 434 3533 473; x_wconf 87' lang='lat' dir='ltr'><strong>non</strong></span> <span class='ocrx_word' id='word_1_24' title='bbox 3566 419 3840 476; x_wconf 85' lang='lat' dir='ltr'><strong>secundum</strong></span> 
     </span>
    </p>
   </div>
   <div class='ocr_carea' id='block_1_5' title="bbox 563 507 2166 580">
    <p class='ocr_par' dir='ltr' id='par_1_5' title="bbox 563 507 2166 580">
     <span class='ocr_line' id='line_1_5' title="bbox 563 507 2166 580; baseline -0.001 -15"><span class='ocrx_word' id='word_1_25' title='bbox 563 509 667 566; x_wconf 90' lang='lat' dir='ltr'><strong>bus</strong></span> <span class='ocrx_word' id='word_1_26' title='bbox 703 507 948 580; x_wconf 89' lang='lat' dir='ltr'><strong>partibus</strong></span> <span class='ocrx_word' id='word_1_27' title='bbox 1001 507 1056 564; x_wconf 92' lang='lat' dir='ltr'><strong>in</strong></span> <span class='ocrx_word' id='word_1_28' title='bbox 1114 509 1292 564; x_wconf 81' lang='lat' dir='ltr'><strong>causis</strong></span> <span class='ocrx_word' id='word_1_29' title='bbox 1339 509 1500 566; x_wconf 86' lang='lat' dir='ltr'><strong>fuerit</strong></span> <span class='ocrx_word' id='word_1_30' title='bbox 1559 510 1885 576; x_wconf 91' lang='lat' dir='ltr'><strong>ordinatum,</strong></span> <span class='ocrx_word' id='word_1_31' title='bbox 1944 508 2166 564; x_wconf 77' lang='lat' dir='ltr'><strong>habebit</strong></span> 
     </span>
    </p>
   </div>
   <div class='ocr_carea' id='block_1_6' title="bbox 559 593 2164 672">
    <p class='ocr_par' dir='ltr' id='par_1_6' title="bbox 559 593 2164 672">
     <span class='ocr_line' id='line_1_6' title="bbox 559 593 2164 672; baseline -0.001 -20"><span class='ocrx_word' id='word_1_32' title='bbox 559 595 936 672; x_wconf 77' lang='lat' dir='ltr'><strong>plenissimam</strong></span> <span class='ocrx_word' id='word_1_33' title='bbox 965 593 1294 664; x_wconf 83' lang='lat' dir='ltr'><strong>firmitatem,</strong></span> <span class='ocrx_word' id='word_1_34' title='bbox 1327 614 1430 654; x_wconf 91' lang='lat' dir='ltr'><strong>nec</strong></span> <span class='ocrx_word' id='word_1_35' title='bbox 1460 598 1660 669; x_wconf 91' lang='lat' dir='ltr'><strong>poterit</strong></span> <span class='ocrx_word' id='word_1_36' title='bbox 1695 597 1982 652; x_wconf 89' lang='lat' dir='ltr'><strong>immutari.</strong></span> <span class='ocrx_word' id='word_1_37' title='bbox 2022 619 2044 645; x_wconf 73' lang='grc' dir='ltr'><strong>ιι</strong></span> <span class='ocrx_word' id='word_1_38' title='bbox 2095 597 2164 652; x_wconf 85' lang='lat' dir='ltr'><strong>Et</strong></span> 
     </span>
    </p>
   </div>
   <div class='ocr_carea' id='block_1_7' title="bbox 507 683 2160 758">
    <p class='ocr_par' dir='ltr' id='par_1_7' title="bbox 507 683 2160 758">
     <span class='ocr_line' id='line_1_7' title="bbox 507 683 2160 758; baseline 0 -18"><span class='ocrx_word' id='word_1_39' title='bbox 507 694 520 700; x_wconf 85' lang='lat'>&#39;</span> <span class='ocrx_word' id='word_1_40' title='bbox 561 683 693 742; x_wconf 92' lang='lat' dir='ltr'><strong>item</strong></span> <span class='ocrx_word' id='word_1_41' title='bbox 727 703 742 741; x_wconf 88' lang='lat'>:</span> <span class='ocrx_word' id='word_1_42' title='bbox 783 709 804 736; x_wconf 72' lang='grc' dir='ltr'><strong><em>α</em></strong></span> <span class='ocrx_word' id='word_1_43' title='bbox 843 686 927 740; x_wconf 87' lang='lat' dir='ltr'><strong>Ea</strong></span> <span class='ocrx_word' id='word_1_44' title='bbox 956 703 1096 758; x_wconf 76' lang='lat' dir='ltr'><strong>quae,</strong></span> <span class='ocrx_word' id='word_1_45' title='bbox 1129 687 1301 742; x_wconf 88' lang='lat' dir='ltr'><strong>altera</strong></span> <span class='ocrx_word' id='word_1_46' title='bbox 1332 694 1488 758; x_wconf 88' lang='lat' dir='ltr'><strong>parte</strong></span> <span class='ocrx_word' id='word_1_47' title='bbox 1515 685 1738 742; x_wconf 78' lang='lat' dir='ltr'><strong>absente</strong></span> <span class='ocrx_word' id='word_1_48' title='bbox 1771 686 2160 751; x_wconf 90' lang='lat' dir='ltr'><strong>decernuntur,</strong></span> 
     </span>
    </p>
   </div>
   <div class='ocr_carea' id='block_1_8' title="bbox 565 773 2161 844">
    <p class='ocr_par' dir='ltr' id='par_1_8' title="bbox 565 773 2161 844">
     <span class='ocr_line' id='line_1_8' title="bbox 565 773 2161 844; baseline -0.003 -12"><span class='ocrx_word' id='word_1_49' title='bbox 565 773 676 832; x_wconf 88' lang='lat' dir='ltr'><strong>vim</strong></span> <span class='ocrx_word' id='word_1_50' title='bbox 718 790 904 830; x_wconf 88' lang='lat' dir='ltr'><strong>rerum</strong></span> <span class='ocrx_word' id='word_1_51' title='bbox 944 774 1305 844; x_wconf 88' lang='lat' dir='ltr'><strong>judicatarum</strong></span> <span class='ocrx_word' id='word_1_52' title='bbox 1345 790 1456 830; x_wconf 90' lang='lat' dir='ltr'><strong>non</strong></span> <span class='ocrx_word' id='word_1_53' title='bbox 1517 775 1781 830; x_wconf 83' lang='lat' dir='ltr'><strong>obtinent.</strong></span> <span class='ocrx_word' id='word_1_54' title='bbox 1820 799 1841 821; x_wconf 86' lang='lat'><strong>»</strong></span> <span class='ocrx_word' id='word_1_55' title='bbox 1898 775 1969 828; x_wconf 89' lang='lat' dir='ltr'><strong>Et</strong></span> <span class='ocrx_word' id='word_1_56' title='bbox 2011 773 2161 838; x_wconf 91' lang='lat' dir='ltr'><strong>item,</strong></span> 
     </span>
    </p>
   </div>
   <div class='ocr_carea' id='block_1_9' title="bbox 569 859 2163 936">
    <p class='ocr_par' dir='ltr' id='par_1_9' title="bbox 569 859 2163 936">
     <span class='ocr_line' id='line_1_9' title="bbox 569 859 2163 936; baseline -0.001 -18"><span class='ocrx_word' id='word_1_57' title='bbox 569 861 715 935; x_wconf 90' lang='lat' dir='ltr'><strong>quod</strong></span> <span class='ocrx_word' id='word_1_58' title='bbox 769 869 824 918; x_wconf 92' lang='lat' dir='ltr'><strong>et</strong></span> <span class='ocrx_word' id='word_1_59' title='bbox 891 871 1110 918; x_wconf 87' lang='lat' dir='ltr'><strong>sanctus</strong></span> <span class='ocrx_word' id='word_1_60' title='bbox 1167 862 1468 936; x_wconf 83' lang='lat' dir='ltr'><strong>Gregorius</strong></span> <span class='ocrx_word' id='word_1_61' title='bbox 1525 864 1578 916; x_wconf 89' lang='lat' dir='ltr'><strong>in</strong></span> <span class='ocrx_word' id='word_1_62' title='bbox 1637 859 2050 918; x_wconf 90' lang='lat' dir='ltr'><strong>commonitorio</strong></span> <span class='ocrx_word' id='word_1_63' title='bbox 2095 861 2163 916; x_wconf 90' lang='lat' dir='ltr'><strong>ad</strong></span> 
     </span>
    </p>
   </div>
   <div class='ocr_carea' id='block_1_10' title="bbox 562 946 2158 1022">
    <p class='ocr_par' dir='ltr' id='par_1_10' title="bbox 562 946 2158 1022">
     <span class='ocr_line' id='line_1_10' title="bbox 562 946 2158 1022; baseline -0.001 -16"><span class='ocrx_word' id='word_1_64' title='bbox 562 946 830 1008; x_wconf 79' lang='lat' dir='ltr'><strong>Joannem</strong></span> <span class='ocrx_word' id='word_1_65' title='bbox 910 949 1260 1006; x_wconf 83' lang='lat' dir='ltr'><strong>defensorem</strong></span> <span class='ocrx_word' id='word_1_66' title='bbox 1336 958 1551 1006; x_wconf 88' lang='lat' dir='ltr'><strong>euntem</strong></span> <span class='ocrx_word' id='word_1_67' title='bbox 1621 950 1677 1004; x_wconf 90' lang='lat' dir='ltr'><strong>in</strong></span> <span class='ocrx_word' id='word_1_68' title='bbox 1733 949 2022 1022; x_wconf 86' lang='lat' dir='ltr'><strong>Hispanias</strong></span> <span class='ocrx_word' id='word_1_69' title='bbox 2095 965 2158 1005; x_wconf 86' lang='lat' dir='ltr'><strong>ex</strong></span> 
     </span>
    </p>
   </div>
   <div class='ocr_carea' id='block_1_11' title="bbox 565 1035 2163 1114">
    <p class='ocr_par' dir='ltr' id='par_1_11' title="bbox 565 1035 2163 1114">
     <span class='ocr_line' id='line_1_11' title="bbox 565 1035 2163 1114; baseline 0.001 -21"><span class='ocrx_word' id='word_1_70' title='bbox 565 1035 782 1114; x_wconf 82' lang='lat' dir='ltr'><strong>fegibus</strong></span> <span class='ocrx_word' id='word_1_71' title='bbox 854 1038 1084 1094; x_wconf 76' lang='lat' dir='ltr'><strong>novellae</strong></span> <span class='ocrx_word' id='word_1_72' title='bbox 1165 1039 1564 1094; x_wconf 84' lang='lat' dir='ltr'><strong>constitutionis</strong></span> <span class='ocrx_word' id='word_1_73' title='bbox 1627 1039 1872 1110; x_wconf 80' lang='lat' dir='ltr'><strong>‘capitulo</strong></span> <span class='ocrx_word' id='word_1_74' title='bbox 1948 1038 2163 1094; x_wconf 88' lang='lat' dir='ltr'><strong>decimo</strong></span> 
     </span>
    </p>
   </div>
   <div class='ocr_carea' id='block_1_12' title="bbox 564 1126 2163 1198">
    <p class='ocr_par' dir='ltr' id='par_1_12' title="bbox 564 1126 2163 1198">
     <span class='ocr_line' id='line_1_12' title="bbox 564 1126 2163 1198; baseline -0.001 -14"><span class='ocrx_word' id='word_1_75' title='bbox 564 1135 717 1184; x_wconf 86' lang='lat' dir='ltr'><strong>sexto</strong></span> <span class='ocrx_word' id='word_1_76' title='bbox 765 1127 832 1184; x_wconf 88' lang='lat' dir='ltr'><strong>de</strong></span> <span class='ocrx_word' id='word_1_77' title='bbox 890 1126 1118 1183; x_wconf 86' lang='lat' dir='ltr'><strong>testibus</strong></span> <span class='ocrx_word' id='word_1_78' title='bbox 1171 1127 1392 1198; x_wconf 87' lang='lat' dir='ltr'><strong>posuit,</strong></span> <span class='ocrx_word' id='word_1_79' title='bbox 1437 1135 1488 1182; x_wconf 92' lang='lat' dir='ltr'><strong>et</strong></span> <span class='ocrx_word' id='word_1_80' title='bbox 1537 1127 1857 1183; x_wconf 88' lang='lat' dir='ltr'><strong>canonicum</strong></span> <span class='ocrx_word' id='word_1_81' title='bbox 1896 1143 2021 1182; x_wconf 89' lang='lat' dir='ltr'><strong>esse</strong></span> <span class='ocrx_word' id='word_1_82' title='bbox 2068 1127 2163 1182; x_wconf 88' lang='lat' dir='ltr'><strong>de-</strong></span> 
     </span>
    </p>
   </div>
   <div class='ocr_carea' id='block_1_13' title="bbox 563 1214 2162 1288">
    <p class='ocr_par' dir='ltr' id='par_1_13' title="bbox 563 1214 2162 1288">
     <span class='ocr_line' id='line_1_13' title="bbox 563 1214 2162 1288; baseline -0.003 -17"><span class='ocrx_word' id='word_1_83' title='bbox 563 1214 782 1272; x_wconf 86' lang='lat' dir='ltr'><strong>crevit:</strong></span> <span class='ocrx_word' id='word_1_84' title='bbox 835 1239 855 1265; x_wconf 72' lang='grc' dir='ltr'><strong><em>α</em></strong></span> <span class='ocrx_word' id='word_1_85' title='bbox 918 1215 1034 1271; x_wconf 81' lang='lat' dir='ltr'><strong>Hoc</strong></span> <span class='ocrx_word' id='word_1_86' title='bbox 1085 1231 1319 1287; x_wconf 89' lang='lat' dir='ltr'><strong>quoque,</strong></span> <span class='ocrx_word' id='word_1_87' title='bbox 1373 1215 1644 1287; x_wconf 83' lang='lat' dir='ltr'><strong>inquiens,</strong></span> <span class='ocrx_word' id='word_1_88' title='bbox 1704 1215 1902 1286; x_wconf 62' lang='lat' dir='ltr'><strong>saepius</strong></span> <span class='ocrx_word' id='word_1_89' title='bbox 1984 1230 2162 1288; x_wconf 85' lang='lat' dir='ltr'><strong>agno-</strong></span> 
     </span>
    </p>
   </div>
   <div class='ocr_carea' id='block_1_14' title="bbox 567 1301 2162 1376">
    <p class='ocr_par' dir='ltr' id='par_1_14' title="bbox 567 1301 2162 1376">
     <span class='ocr_line' id='line_1_14' title="bbox 567 1301 2162 1376; baseline 0.001 -18"><span class='ocrx_word' id='word_1_90' title='bbox 567 1302 765 1373; x_wconf 87' lang='lat' dir='ltr'><strong>vimus,</strong></span> <span class='ocrx_word' id='word_1_91' title='bbox 813 1302 1066 1376; x_wconf 90' lang='lat' dir='ltr'><strong>quoniam</strong></span> <span class='ocrx_word' id='word_1_92' title='bbox 1120 1302 1362 1373; x_wconf 86' lang='lat' dir='ltr'><strong>quidam,</strong></span> <span class='ocrx_word' id='word_1_93' title='bbox 1413 1309 1502 1356; x_wconf 90' lang='lat' dir='ltr'><strong>aut</strong></span> <span class='ocrx_word' id='word_1_94' title='bbox 1559 1303 1703 1374; x_wconf 88' lang='lat' dir='ltr'><strong>apud</strong></span> <span class='ocrx_word' id='word_1_95' title='bbox 1745 1301 1990 1359; x_wconf 88' lang='lat' dir='ltr'><strong>locorum</strong></span> <span class='ocrx_word' id='word_1_96' title='bbox 2060 1304 2162 1359; x_wconf 92' lang='lat' dir='ltr'><strong>de-</strong></span> 
     </span>
    </p>
   </div>
   <div class='ocr_carea' id='block_1_15' title="bbox 564 1389 2163 1462">
    <p class='ocr_par' dir='ltr' id='par_1_15' title="bbox 564 1389 2163 1462">
     <span class='ocr_line' id='line_1_15' title="bbox 564 1389 2163 1462; baseline 0 -16"><span class='ocrx_word' id='word_1_97' title='bbox 564 1391 835 1457; x_wconf 88' lang='lat' dir='ltr'><strong>fensores,</strong></span> <span class='ocrx_word' id='word_1_98' title='bbox 879 1397 972 1446; x_wconf 89' lang='lat' dir='ltr'><strong>aut</strong></span> <span class='ocrx_word' id='word_1_99' title='bbox 1036 1390 1181 1460; x_wconf 89' lang='lat' dir='ltr'><strong>apud</strong></span> <span class='ocrx_word' id='word_1_100' title='bbox 1245 1389 1580 1445; x_wconf 90' lang='lat' dir='ltr'><strong>clarissimos</strong></span> <span class='ocrx_word' id='word_1_101' title='bbox 1627 1391 2032 1462; x_wconf 86' lang='lat' dir='ltr'><strong>provinciarum</strong></span> <span class='ocrx_word' id='word_1_102' title='bbox 2084 1393 2163 1460; x_wconf 85' lang='lat' dir='ltr'><strong>ju-</strong></span> 
     </span>
    </p>
   </div>
   <div class='ocr_carea' id='block_1_16' title="bbox 565 1473 2164 1550">
    <p class='ocr_par' dir='ltr' id='par_1_16' title="bbox 565 1473 2164 1550">
     <span class='ocr_line' id='line_1_16' title="bbox 565 1473 2164 1550; baseline 0.001 -18"><span class='ocrx_word' id='word_1_103' title='bbox 565 1473 734 1548; x_wconf 89' lang='lat' dir='ltr'><strong>dices,</strong></span> <span class='ocrx_word' id='word_1_104' title='bbox 793 1487 887 1532; x_wconf 88' lang='lat' dir='ltr'><strong>aut</strong></span> <span class='ocrx_word' id='word_1_105' title='bbox 943 1475 1106 1533; x_wconf 90' lang='lat' dir='ltr'><strong>etiam</strong></span> <span class='ocrx_word' id='word_1_106' title='bbox 1163 1485 1220 1532; x_wconf 89' lang='lat' dir='ltr'><strong>ut</strong></span> <span class='ocrx_word' id='word_1_107' title='bbox 1251 1477 1454 1534; x_wconf 88' lang='lat' dir='ltr'><strong>assolet</strong></span> <span class='ocrx_word' id='word_1_108' title='bbox 1481 1477 1569 1534; x_wconf 89' lang='lat' dir='ltr'><strong>hic</strong></span> <span class='ocrx_word' id='word_1_109' title='bbox 1624 1479 1768 1550; x_wconf 91' lang='lat' dir='ltr'><strong>apud</strong></span> <span class='ocrx_word' id='word_1_110' title='bbox 1798 1479 2164 1535; x_wconf 90' lang='lat' dir='ltr'><strong>clarissimum</strong></span> 
     </span>
    </p>
   </div>
   <div class='ocr_carea' id='block_1_17' title="bbox 564 1565 2158 1640">
    <p class='ocr_par' dir='ltr' id='par_1_17' title="bbox 564 1565 2158 1640">
     <span class='ocr_line' id='line_1_17' title="bbox 564 1565 2158 1640; baseline 0.001 -19"><span class='ocrx_word' id='word_1_111' title='bbox 564 1565 890 1639; x_wconf 83' lang='lat' dir='ltr'><strong>magistrum</strong></span> <span class='ocrx_word' id='word_1_112' title='bbox 965 1581 1166 1622; x_wconf 85' lang='lat' dir='ltr'><strong>census</strong></span> <span class='ocrx_word' id='word_1_113' title='bbox 1249 1565 1632 1639; x_wconf 89' lang='lat' dir='ltr'><strong>ingrediuntur</strong></span> <span class='ocrx_word' id='word_1_114' title='bbox 1713 1573 1767 1622; x_wconf 87' lang='lat' dir='ltr'><strong>et</strong></span> <span class='ocrx_word' id='word_1_115' title='bbox 1842 1575 2158 1640; x_wconf 90' lang='lat' dir='ltr'><strong>queruntur,</strong></span> 
     </span>
    </p>
   </div>
   <div class='ocr_carea' id='block_1_18' title="bbox 566 1652 2160 1727">
    <p class='ocr_par' dir='ltr' id='par_1_18' title="bbox 566 1652 2160 1727">
     <span class='ocr_line' id='line_1_18' title="bbox 566 1652 2160 1727; baseline 0.001 -19"><span class='ocrx_word' id='word_1_116' title='bbox 566 1661 828 1726; x_wconf 83' lang='lat' dir='ltr'><strong>tanquam</strong></span> <span class='ocrx_word' id='word_1_117' title='bbox 883 1655 952 1708; x_wconf 90' lang='lat' dir='ltr'><strong>ab</strong></span> <span class='ocrx_word' id='word_1_118' title='bbox 1035 1652 1144 1710; x_wconf 86' lang='lat' dir='ltr'><strong>alio</strong></span> <span class='ocrx_word' id='word_1_119' title='bbox 1213 1655 1362 1725; x_wconf 84' lang='lat' dir='ltr'><strong>passi</strong></span> <span class='ocrx_word' id='word_1_120' title='bbox 1434 1653 1638 1726; x_wconf 89' lang='lat' dir='ltr'><strong>aliquid</strong></span> <span class='ocrx_word' id='word_1_121' title='bbox 1705 1665 1891 1710; x_wconf 88' lang='lat' dir='ltr'><strong>contra</strong></span> <span class='ocrx_word' id='word_1_122' title='bbox 1961 1657 2114 1727; x_wconf 81' lang='lat' dir='ltr'><strong>leges</strong></span> <span class='ocrx_word' id='word_1_123' title='bbox 2145 1697 2160 1725; x_wconf 90' lang='lat'><strong>,</strong></span> 
     </span>
    </p>
   </div>
   <div class='ocr_carea' id='block_1_19' title="bbox 2269 505 3839 580">
    <p class='ocr_par' dir='ltr' id='par_1_19' title="bbox 2269 505 3839 580">
     <span class='ocr_line' id='line_1_19' title="bbox 2269 505 3839 580; baseline 0.003 -20"><span class='ocrx_word' id='word_1_124' title='bbox 2269 505 2368 561; x_wconf 88' lang='lat' dir='ltr'><strong>has</strong></span> <span class='ocrx_word' id='word_1_125' title='bbox 2396 507 2616 580; x_wconf 85' lang='lat' dir='ltr'><strong>regulas</strong></span> <span class='ocrx_word' id='word_1_126' title='bbox 2641 505 2932 576; x_wconf 90' lang='lat' dir='ltr'><strong>judicasse,</strong></span> <span class='ocrx_word' id='word_1_127' title='bbox 2967 523 3067 563; x_wconf 86' lang='lat' dir='ltr'><strong>nec</strong></span> <span class='ocrx_word' id='word_1_128' title='bbox 3098 521 3164 564; x_wconf 84' lang='lat' dir='ltr'><strong>ex</strong></span> <span class='ocrx_word' id='word_1_129' title='bbox 3192 521 3464 563; x_wconf 90' lang='lat' dir='ltr'><strong>consensu</strong></span> <span class='ocrx_word' id='word_1_130' title='bbox 3491 507 3716 578; x_wconf 87' lang='lat' dir='ltr'><strong>partium</strong></span> <span class='ocrx_word' id='word_1_131' title='bbox 3743 509 3839 564; x_wconf 88' lang='lat' dir='ltr'><strong>ele-</strong></span> 
     </span>
    </p>
   </div>
   <div class='ocr_carea' id='block_1_20' title="bbox 2265 591 3839 665">
    <p class='ocr_par' dir='ltr' id='par_1_20' title="bbox 2265 591 3839 665">
     <span class='ocr_line' id='line_1_20' title="bbox 2265 591 3839 665; baseline 0.002 -15"><span class='ocrx_word' id='word_1_132' title='bbox 2265 602 2384 650; x_wconf 91' lang='lat' dir='ltr'><strong>ctus</strong></span> <span class='ocrx_word' id='word_1_133' title='bbox 2415 595 2470 648; x_wconf 92' lang='lat' dir='ltr'><strong>in</strong></span> <span class='ocrx_word' id='word_1_134' title='bbox 2499 596 2601 651; x_wconf 87' lang='lat' dir='ltr'><strong>hac</strong></span> <span class='ocrx_word' id='word_1_135' title='bbox 2618 595 2950 665; x_wconf 90' lang='lat' dir='ltr'><strong>judicatione</strong></span> <span class='ocrx_word' id='word_1_136' title='bbox 2973 596 3141 664; x_wconf 84' lang='lat' dir='ltr'><strong>judex</strong></span> <span class='ocrx_word' id='word_1_137' title='bbox 3171 591 3340 660; x_wconf 85' lang='lat' dir='ltr'><strong>fuisti,</strong></span> <span class='ocrx_word' id='word_1_138' title='bbox 3382 610 3415 649; x_wconf 87' lang='lat' dir='ltr'><strong>a</strong></span> <span class='ocrx_word' id='word_1_139' title='bbox 3444 603 3494 651; x_wconf 88' lang='lat' dir='ltr'><strong>te</strong></span> <span class='ocrx_word' id='word_1_140' title='bbox 3535 595 3711 664; x_wconf 86' lang='lat' dir='ltr'><strong>judice</strong></span> <span class='ocrx_word' id='word_1_141' title='bbox 3755 611 3839 653; x_wconf 85' lang='lat' dir='ltr'><strong>ec-</strong></span> 
     </span>
    </p>
   </div>
   <div class='ocr_carea' id='block_1_21' title="bbox 2265 683 3839 752">
    <p class='ocr_par' dir='ltr' id='par_1_21' title="bbox 2265 683 3839 752">
     <span class='ocr_line' id='line_1_21' title="bbox 2265 683 3839 752; baseline 0.001 -14"><span class='ocrx_word' id='word_1_142' title='bbox 2265 683 2576 738; x_wconf 89' lang='lat' dir='ltr'><strong>clesiastico</strong></span> <span class='ocrx_word' id='word_1_143' title='bbox 2604 685 2673 738; x_wconf 92' lang='lat' dir='ltr'><strong>ad</strong></span> <span class='ocrx_word' id='word_1_144' title='bbox 2701 699 2788 738; x_wconf 89' lang='lat' dir='ltr'><strong>me</strong></span> <span class='ocrx_word' id='word_1_145' title='bbox 2819 683 3042 752; x_wconf 87' lang='lat' dir='ltr'><strong>majoris</strong></span> <span class='ocrx_word' id='word_1_146' title='bbox 3073 683 3413 738; x_wconf 83' lang='lat' dir='ltr'><strong>auctoritatis</strong></span> <span class='ocrx_word' id='word_1_147' title='bbox 3425 683 3663 752; x_wconf 89' lang='lat' dir='ltr'><strong>judicem</strong></span> <span class='ocrx_word' id='word_1_148' title='bbox 3690 683 3839 740; x_wconf 81' lang='lat' dir='ltr'><strong>eccle-</strong></span> 
     </span>
    </p>
   </div>
   <div class='ocr_carea' id='block_1_22' title="bbox 2266 769 3839 844">
    <p class='ocr_par' dir='ltr' id='par_1_22' title="bbox 2266 769 3839 844">
     <span class='ocr_line' id='line_1_22' title="bbox 2266 769 3839 844; baseline 0.001 -19"><span class='ocrx_word' id='word_1_149' title='bbox 2266 769 2544 827; x_wconf 88' lang='lat' dir='ltr'><strong>siasticum</strong></span> <span class='ocrx_word' id='word_1_150' title='bbox 2569 772 2815 841; x_wconf 92' lang='lat' dir='ltr'><strong>judicati,</strong></span> <span class='ocrx_word' id='word_1_151' title='bbox 2846 772 2987 827; x_wconf 89' lang='lat' dir='ltr'><strong>sicut</strong></span> <span class='ocrx_word' id='word_1_152' title='bbox 3014 779 3066 826; x_wconf 90' lang='lat' dir='ltr'><strong>et</strong></span> <span class='ocrx_word' id='word_1_153' title='bbox 3095 770 3362 838; x_wconf 83' lang='lat' dir='ltr'><strong>fecerunt,</strong></span> <span class='ocrx_word' id='word_1_154' title='bbox 3412 769 3707 827; x_wconf 87' lang='lat' dir='ltr'><strong>debuerant</strong></span> <span class='ocrx_word' id='word_1_155' title='bbox 3732 787 3839 844; x_wconf 89' lang='lat' dir='ltr'><strong>pro-</strong></span> 
     </span>
    </p>
   </div>
   <div class='ocr_carea' id='block_1_23' title="bbox 2265 859 3840 930">
    <p class='ocr_par' dir='ltr' id='par_1_23' title="bbox 2265 859 3840 930">
     <span class='ocr_line' id='line_1_23' title="bbox 2265 859 3840 930; baseline 0 -16"><span class='ocrx_word' id='word_1_156' title='bbox 2265 873 2482 925; x_wconf 90' lang='lat' dir='ltr'><strong>vocare,</strong></span> <span class='ocrx_word' id='word_1_157' title='bbox 2519 868 2571 914; x_wconf 92' lang='lat' dir='ltr'><strong>et</strong></span> <span class='ocrx_word' id='word_1_158' title='bbox 2600 869 2686 914; x_wconf 91' lang='lat' dir='ltr'><strong>tua</strong></span> <span class='ocrx_word' id='word_1_159' title='bbox 2717 859 2912 928; x_wconf 90' lang='lat' dir='ltr'><strong>injusta</strong></span> <span class='ocrx_word' id='word_1_160' title='bbox 2941 859 3204 914; x_wconf 85' lang='lat' dir='ltr'><strong>sententia</strong></span> <span class='ocrx_word' id='word_1_161' title='bbox 3225 875 3257 914; x_wconf 88' lang='lat' dir='ltr'><strong>a</strong></span> <span class='ocrx_word' id='word_1_162' title='bbox 3284 875 3373 914; x_wconf 90' lang='lat' dir='ltr'><strong>me</strong></span> <span class='ocrx_word' id='word_1_163' title='bbox 3393 868 3477 914; x_wconf 92' lang='lat' dir='ltr'><strong>est</strong></span> <span class='ocrx_word' id='word_1_164' title='bbox 3493 869 3840 930; x_wconf 85' lang='lat' dir='ltr'><strong>competenter</strong></span> 
     </span>
    </p>
   </div>
   <div class='ocr_carea' id='block_1_24' title="bbox 2265 947 3842 1020">
    <p class='ocr_par' dir='ltr' id='par_1_24' title="bbox 2265 947 3842 1020">
     <span class='ocr_line' id='line_1_24' title="bbox 2265 947 3842 1020; baseline 0.002 -19"><span class='ocrx_word' id='word_1_165' title='bbox 2265 947 2438 1002; x_wconf 85' lang='lat' dir='ltr'><strong>soluta</strong></span> <span class='ocrx_word' id='word_1_166' title='bbox 2466 949 2714 1012; x_wconf 78' lang='lat' dir='ltr'><strong>Placuit,</strong></span> <span class='ocrx_word' id='word_1_167' title='bbox 2761 947 2933 1019; x_wconf 89' lang='lat' dir='ltr'><strong>inquit</strong></span> <span class='ocrx_word' id='word_1_168' title='bbox 2981 947 3413 1020; x_wconf 85' lang='lat' dir='ltr'><strong>Carthaginense</strong></span> <span class='ocrx_word' id='word_1_169' title='bbox 3455 947 3756 1012; x_wconf 87' lang='lat' dir='ltr'><strong>concilium,</strong></span> <span class='ocrx_word' id='word_1_170' title='bbox 3784 954 3842 1004; x_wconf 82' lang='lat' dir='ltr'><strong>at</strong></span> 
     </span>
    </p>
   </div>
   <div class='ocr_carea' id='block_1_25' title="bbox 2263 1035 3834 1108">
    <p class='ocr_par' dir='ltr' id='par_1_25' title="bbox 2263 1035 3834 1108">
     <span class='ocr_line' id='line_1_25' title="bbox 2263 1035 3834 1108; baseline 0.001 -18"><span class='ocrx_word' id='word_1_171' title='bbox 2263 1053 2299 1090; x_wconf 81' lang='grc' dir='ltr'><em>α</em></span> <span class='ocrx_word' id='word_1_172' title='bbox 2324 1037 2740 1108; x_wconf 82' lang='lat' dir='ltr'><strong>quibuscunque</strong></span> <span class='ocrx_word' id='word_1_173' title='bbox 2762 1035 3048 1108; x_wconf 85' lang='lat' dir='ltr'><strong>judicibus</strong></span> <span class='ocrx_word' id='word_1_174' title='bbox 3079 1037 3478 1092; x_wconf 73' lang='lat' dir='ltr'><strong>ecclesiastici:</strong></span> <span class='ocrx_word' id='word_1_175' title='bbox 3509 1035 3582 1090; x_wconf 89' lang='lat' dir='ltr'><strong>ad</strong></span> <span class='ocrx_word' id='word_1_176' title='bbox 3605 1035 3744 1092; x_wconf 81' lang='lat' dir='ltr'><strong>alios</strong></span> <span class='ocrx_word' id='word_1_177' title='bbox 3753 1040 3834 1108; x_wconf 81' lang='lat' dir='ltr'><strong>ju-</strong></span> 
     </span>
    </p>
   </div>
   <div class='ocr_carea' id='block_1_26' title="bbox 2268 1121 3842 1196">
    <p class='ocr_par' dir='ltr' id='par_1_26' title="bbox 2268 1121 3842 1196">
     <span class='ocr_line' id='line_1_26' title="bbox 2268 1121 3842 1196; baseline 0.001 -18"><span class='ocrx_word' id='word_1_178' title='bbox 2268 1123 2419 1180; x_wconf 85' lang='lat' dir='ltr'><strong>dices</strong></span> <span class='ocrx_word' id='word_1_179' title='bbox 2436 1125 2866 1190; x_wconf 73' lang='lat' dir='ltr'><strong>ecclesiasticos,</strong></span> <span class='ocrx_word' id='word_1_180' title='bbox 2903 1125 2999 1180; x_wconf 87' lang='lat' dir='ltr'><strong>ubi</strong></span> <span class='ocrx_word' id='word_1_181' title='bbox 3028 1127 3114 1180; x_wconf 87' lang='lat' dir='ltr'><strong>est</strong></span> <span class='ocrx_word' id='word_1_182' title='bbox 3133 1126 3317 1196; x_wconf 85' lang='lat' dir='ltr'><strong>major</strong></span> <span class='ocrx_word' id='word_1_183' title='bbox 3335 1125 3669 1193; x_wconf 77' lang='lat' dir='ltr'><strong>auctoritas,</strong></span> <span class='ocrx_word' id='word_1_184' title='bbox 3685 1121 3842 1196; x_wconf 77' lang='lat' dir='ltr'><strong>fuerit</strong></span> 
     </span>
    </p>
   </div>
   <div class='ocr_carea' id='block_1_27' title="bbox 2263 1211 3842 1286">
    <p class='ocr_par' dir='ltr' id='par_1_27' title="bbox 2263 1211 3842 1286">
     <span class='ocr_line' id='line_1_27' title="bbox 2263 1211 3842 1286; baseline 0.001 -19"><span class='ocrx_word' id='word_1_185' title='bbox 2263 1217 2645 1282; x_wconf 82' lang='lat' dir='ltr'><strong>provocatum,</strong></span> <span class='ocrx_word' id='word_1_186' title='bbox 2671 1229 2785 1268; x_wconf 88' lang='lat' dir='ltr'><strong>non</strong></span> <span class='ocrx_word' id='word_1_187' title='bbox 2805 1214 2884 1267; x_wconf 86' lang='lat' dir='ltr'><strong>eis</strong></span> <span class='ocrx_word' id='word_1_188' title='bbox 2905 1213 3046 1268; x_wconf 84' lang='lat' dir='ltr'><strong>obsit</strong></span> <span class='ocrx_word' id='word_1_189' title='bbox 3069 1227 3308 1286; x_wconf 85' lang='lat' dir='ltr'><strong>quorum</strong></span> <span class='ocrx_word' id='word_1_190' title='bbox 3325 1211 3506 1283; x_wconf 78' lang='lat' dir='ltr'><strong>fuerit</strong></span> <span class='ocrx_word' id='word_1_191' title='bbox 3523 1213 3708 1268; x_wconf 83' lang='lat' dir='ltr'><strong>soluta</strong></span> <span class='ocrx_word' id='word_1_192' title='bbox 3727 1229 3842 1268; x_wconf 76' lang='lat' dir='ltr'><strong>sen-</strong></span> 
     </span>
    </p>
   </div>
   <div class='ocr_carea' id='block_1_28' title="bbox 2269 1300 3841 1370">
    <p class='ocr_par' dir='ltr' id='par_1_28' title="bbox 2269 1300 3841 1370">
     <span class='ocr_line' id='line_1_28' title="bbox 2269 1300 3841 1370; baseline 0 -16"><span class='ocrx_word' id='word_1_193' title='bbox 2269 1302 2470 1363; x_wconf 78' lang='lat' dir='ltr'><strong>tentia,</strong></span> <span class='ocrx_word' id='word_1_194' title='bbox 2495 1302 2543 1355; x_wconf 76' lang='lat' dir='ltr'><strong>si</strong></span> <span class='ocrx_word' id='word_1_195' title='bbox 2559 1301 2823 1356; x_wconf 80' lang='lat' dir='ltr'><strong>convinci</strong></span> <span class='ocrx_word' id='word_1_196' title='bbox 2839 1315 2955 1356; x_wconf 86' lang='lat' dir='ltr'><strong>non</strong></span> <span class='ocrx_word' id='word_1_197' title='bbox 2970 1301 3282 1370; x_wconf 82' lang='lat' dir='ltr'><strong>potuerint,</strong></span> <span class='ocrx_word' id='word_1_198' title='bbox 3310 1301 3396 1354; x_wconf 86' lang='lat' dir='ltr'><strong>vel</strong></span> <span class='ocrx_word' id='word_1_199' title='bbox 3421 1300 3656 1355; x_wconf 79' lang='lat' dir='ltr'><strong>inimico</strong></span> <span class='ocrx_word' id='word_1_200' title='bbox 3673 1302 3841 1354; x_wconf 78' lang='lat' dir='ltr'><strong>animo</strong></span> 
     </span>
    </p>
   </div>
   <div class='ocr_carea' id='block_1_29' title="bbox 2253 1387 3843 1461">
    <p class='ocr_par' dir='ltr' id='par_1_29' title="bbox 2253 1387 3843 1461">
     <span class='ocr_line' id='line_1_29' title="bbox 2253 1387 3843 1461; baseline -0.001 -17"><span class='ocrx_word' id='word_1_201' title='bbox 2253 1389 2564 1459; x_wconf 83' lang='lat' dir='ltr'><strong>judicasse,</strong></span> <span class='ocrx_word' id='word_1_202' title='bbox 2600 1387 2686 1444; x_wconf 85' lang='lat' dir='ltr'><strong>vel</strong></span> <span class='ocrx_word' id='word_1_203' title='bbox 2697 1387 2890 1461; x_wconf 85' lang='lat' dir='ltr'><strong>aliqua</strong></span> <span class='ocrx_word' id='word_1_204' title='bbox 2909 1388 3240 1459; x_wconf 76' lang='lat' dir='ltr'><strong>cupiditate,</strong></span> <span class='ocrx_word' id='word_1_205' title='bbox 3273 1392 3376 1442; x_wconf 88' lang='lat' dir='ltr'><strong>aut</strong></span> <span class='ocrx_word' id='word_1_206' title='bbox 3395 1390 3582 1459; x_wconf 77' lang='lat' dir='ltr'><strong>gratia</strong></span> <span class='ocrx_word' id='word_1_207' title='bbox 3608 1389 3843 1458; x_wconf 79' lang='lat' dir='ltr'><strong>deprava-</strong></span> 
     </span>
    </p>
   </div>
   <div class='ocr_carea' id='block_1_30' title="bbox 2265 1475 3839 1549">
    <p class='ocr_par' dir='ltr' id='par_1_30' title="bbox 2265 1475 3839 1549">
     <span class='ocr_line' id='line_1_30' title="bbox 2265 1475 3839 1549; baseline -0.001 -19"><span class='ocrx_word' id='word_1_208' title='bbox 2265 1478 2329 1543; x_wconf 80' lang='lat' dir='ltr'><strong>ti,</strong></span> <span class='ocrx_word' id='word_1_209' title='bbox 2352 1485 2404 1530; x_wconf 92' lang='lat' dir='ltr'><strong>et</strong></span> <span class='ocrx_word' id='word_1_210' title='bbox 2431 1475 2663 1548; x_wconf 88' lang='lat' dir='ltr'><strong>reliqua.</strong></span> <span class='ocrx_word' id='word_1_211' title='bbox 2684 1475 2819 1544; x_wconf 65' lang='lat' dir='ltr'><strong>Qua:</strong></span> <span class='ocrx_word' id='word_1_212' title='bbox 2839 1477 3103 1530; x_wconf 87' lang='lat' dir='ltr'><strong>sententia</strong></span> <span class='ocrx_word' id='word_1_213' title='bbox 3125 1484 3305 1530; x_wconf 90' lang='lat' dir='ltr'><strong>utrum</strong></span> <span class='ocrx_word' id='word_1_214' title='bbox 3333 1483 3388 1530; x_wconf 88' lang='lat' dir='ltr'><strong>te</strong></span> <span class='ocrx_word' id='word_1_215' title='bbox 3418 1490 3488 1530; x_wconf 89' lang='lat' dir='ltr'><strong>an</strong></span> <span class='ocrx_word' id='word_1_216' title='bbox 3515 1491 3631 1532; x_wconf 89' lang='lat' dir='ltr'><strong>non</strong></span> <span class='ocrx_word' id='word_1_217' title='bbox 3660 1483 3839 1549; x_wconf 76' lang='lat' dir='ltr'><strong>tangat,</strong></span> 
     </span>
    </p>
   </div>
   <div class='ocr_carea' id='block_1_31' title="bbox 2265 1563 3842 1635">
    <p class='ocr_par' dir='ltr' id='par_1_31' title="bbox 2265 1563 3842 1635">
     <span class='ocr_line' id='line_1_31' title="bbox 2265 1563 3842 1635; baseline 0.001 -18"><span class='ocrx_word' id='word_1_218' title='bbox 2265 1564 2402 1618; x_wconf 88' lang='lat' dir='ltr'><strong>ratio</strong></span> <span class='ocrx_word' id='word_1_219' title='bbox 2432 1563 2553 1634; x_wconf 90' lang='lat' dir='ltr'><strong>ipsa</strong></span> <span class='ocrx_word' id='word_1_220' title='bbox 2608 1563 2963 1618; x_wconf 84' lang='lat' dir='ltr'><strong>demonstrat.</strong></span> <span class='ocrx_word' id='word_1_221' title='bbox 3009 1565 3166 1619; x_wconf 86' lang='lat' dir='ltr'><strong>Nunc</strong></span> <span class='ocrx_word' id='word_1_222' title='bbox 3212 1563 3494 1620; x_wconf 88' lang='lat' dir='ltr'><strong>videamus</strong></span> <span class='ocrx_word' id='word_1_223' title='bbox 3539 1563 3673 1635; x_wconf 88' lang='lat' dir='ltr'><strong>quid</strong></span> <span class='ocrx_word' id='word_1_224' title='bbox 3725 1564 3842 1620; x_wconf 88' lang='lat' dir='ltr'><strong>sacri</strong></span> 
     </span>
    </p>
   </div>
   <div class='ocr_carea' id='block_1_32' title="bbox 2265 1643 3843 1723">
    <p class='ocr_par' dir='ltr' id='par_1_32' title="bbox 2265 1643 3843 1723">
     <span class='ocr_line' id='line_1_32' title="bbox 2265 1643 3843 1723; baseline 0 -16"><span class='ocrx_word' id='word_1_225' title='bbox 2265 1667 2504 1707; x_wconf 90' lang='lat' dir='ltr'><strong>canones</strong></span> <span class='ocrx_word' id='word_1_226' title='bbox 2533 1651 2716 1706; x_wconf 90' lang='lat' dir='ltr'><strong>dicant</strong></span> <span class='ocrx_word' id='word_1_227' title='bbox 2744 1651 2812 1706; x_wconf 90' lang='lat' dir='ltr'><strong>de</strong></span> <span class='ocrx_word' id='word_1_228' title='bbox 2839 1643 2943 1716; x_wconf 86' lang='lat' dir='ltr'><strong>his,</strong></span> <span class='ocrx_word' id='word_1_229' title='bbox 2977 1651 3066 1722; x_wconf 93' lang='lat' dir='ltr'><strong>qui</strong></span> <span class='ocrx_word' id='word_1_230' title='bbox 3096 1667 3128 1706; x_wconf 89' lang='lat' dir='ltr'><strong>a</strong></span> <span class='ocrx_word' id='word_1_231' title='bbox 3160 1651 3388 1722; x_wconf 82' lang='lat' dir='ltr'><strong>singulis</strong></span> <span class='ocrx_word' id='word_1_232' title='bbox 3431 1652 3705 1723; x_wconf 87' lang='lat' dir='ltr'><strong>episcopis</strong></span> <span class='ocrx_word' id='word_1_233' title='bbox 3739 1668 3843 1723; x_wconf 89' lang='lat' dir='ltr'><strong>pro-</strong></span> 
     </span>
    </p>
   </div>
   <div class='ocr_carea' id='block_1_33' title="bbox 569 1736 3842 1828">
    <p class='ocr_par' dir='ltr' id='par_1_33' title="bbox 569 1736 3842 1828">
     <span class='ocr_line' id='line_1_33' title="bbox 569 1736 3842 1828; baseline -0.001 -30"><span class='ocrx_word' id='word_1_234' title='bbox 569 1749 661 1798; x_wconf 90' lang='lat' dir='ltr'><strong>aut</strong></span> <span class='ocrx_word' id='word_1_235' title='bbox 698 1736 858 1800; x_wconf 86' lang='lat' dir='ltr'><strong>aliter</strong></span> <span class='ocrx_word' id='word_1_236' title='bbox 903 1741 1214 1812; x_wconf 88' lang='lat' dir='ltr'><strong>injustitiam</strong></span> <span class='ocrx_word' id='word_1_237' title='bbox 1271 1743 1622 1813; x_wconf 88' lang='lat' dir='ltr'><strong>sustinentes,</strong></span> <span class='ocrx_word' id='word_1_238' title='bbox 1683 1751 1775 1798; x_wconf 91' lang='lat' dir='ltr'><strong>aut</strong></span> <span class='ocrx_word' id='word_1_239' title='bbox 1828 1743 2159 1800; x_wconf 82' lang='lat' dir='ltr'><strong>damnificati</strong></span> <span class='ocrx_word' id='word_1_240' title='bbox 2191 1765 2243 1828; x_wconf 76' lang='grc' dir='ltr'>Β</span> <span class='ocrx_word' id='word_1_241' title='bbox 2265 1738 2601 1807; x_wconf 90' lang='lat' dir='ltr'><strong>vincialibus,</strong></span> <span class='ocrx_word' id='word_1_242' title='bbox 2636 1756 2734 1810; x_wconf 92' lang='lat' dir='ltr'><strong>pro</strong></span> <span class='ocrx_word' id='word_1_243' title='bbox 2763 1739 3055 1811; x_wconf 84' lang='lat' dir='ltr'><strong>incognitis</strong></span> <span class='ocrx_word' id='word_1_244' title='bbox 3084 1741 3266 1795; x_wconf 90' lang='lat' dir='ltr'><strong>causis</strong></span> <span class='ocrx_word' id='word_1_245' title='bbox 3305 1741 3522 1811; x_wconf 89' lang='lat' dir='ltr'><strong>primati</strong></span> <span class='ocrx_word' id='word_1_246' title='bbox 3565 1739 3842 1812; x_wconf 69' lang='lat' dir='ltr'><strong>provinciae</strong></span> 
     </span>
    </p>
   </div>
   <div class='ocr_carea' id='block_1_34' title="bbox 567 1829 2162 1902">
    <p class='ocr_par' dir='ltr' id='par_1_34' title="bbox 567 1829 2162 1902">
     <span class='ocr_line' id='line_1_34' title="bbox 567 1829 2162 1902; baseline 0.002 -18"><span class='ocrx_word' id='word_1_247' title='bbox 567 1837 736 1888; x_wconf 87' lang='lat' dir='ltr'><strong>testes</strong></span> <span class='ocrx_word' id='word_1_248' title='bbox 763 1829 947 1886; x_wconf 89' lang='lat' dir='ltr'><strong>volunt</strong></span> <span class='ocrx_word' id='word_1_249' title='bbox 975 1831 1300 1901; x_wconf 86' lang='lat' dir='ltr'><strong>producere.</strong></span> <span class='ocrx_word' id='word_1_250' title='bbox 1347 1833 1414 1884; x_wconf 82' lang='lat' dir='ltr'><strong>At</strong></span> <span class='ocrx_word' id='word_1_251' title='bbox 1445 1847 1514 1886; x_wconf 91' lang='lat' dir='ltr'><strong>ne</strong></span> <span class='ocrx_word' id='word_1_252' title='bbox 1541 1839 1729 1902; x_wconf 92' lang='lat' dir='ltr'><strong>postea</strong></span> <span class='ocrx_word' id='word_1_253' title='bbox 1759 1831 2044 1902; x_wconf 89' lang='lat' dir='ltr'><strong>objiciatur</strong></span> <span class='ocrx_word' id='word_1_254' title='bbox 2081 1833 2162 1888; x_wconf 90' lang='lat' dir='ltr'><strong>eis</strong></span> 
     </span>
    </p>
   </div>
   <div class='ocr_carea' id='block_1_35' title="bbox 568 1917 2164 1994">
    <p class='ocr_par' dir='ltr' id='par_1_35' title="bbox 568 1917 2164 1994">
     <span class='ocr_line' id='line_1_35' title="bbox 568 1917 2164 1994; baseline 0.001 -22"><span class='ocrx_word' id='word_1_255' title='bbox 568 1917 693 1994; x_wconf 87' lang='lat' dir='ltr'><strong>quia</strong></span> <span class='ocrx_word' id='word_1_256' title='bbox 723 1935 825 1992; x_wconf 91' lang='lat' dir='ltr'><strong>per</strong></span> <span class='ocrx_word' id='word_1_257' title='bbox 845 1934 1008 1974; x_wconf 86' lang='lat' dir='ltr'><strong>unam</strong></span> <span class='ocrx_word' id='word_1_258' title='bbox 1039 1926 1246 1990; x_wconf 90' lang='lat' dir='ltr'><strong>partem</strong></span> <span class='ocrx_word' id='word_1_259' title='bbox 1267 1926 1420 1992; x_wconf 87' lang='lat' dir='ltr'><strong>gesta</strong></span> <span class='ocrx_word' id='word_1_260' title='bbox 1436 1917 1682 1974; x_wconf 85' lang='lat' dir='ltr'><strong>confecta</strong></span> <span class='ocrx_word' id='word_1_261' title='bbox 1705 1928 1846 1987; x_wconf 91' lang='lat' dir='ltr'><strong>sunt,</strong></span> <span class='ocrx_word' id='word_1_262' title='bbox 1879 1927 2093 1991; x_wconf 88' lang='lat' dir='ltr'><strong>oportet</strong></span> <span class='ocrx_word' id='word_1_263' title='bbox 2112 1929 2164 1974; x_wconf 89' lang='lat' dir='ltr'><strong>et</strong></span> 
     </span>
    </p>
   </div>
   <div class='ocr_carea' id='block_1_36' title="bbox 565 1999 2163 2079">
    <p class='ocr_par' dir='ltr' id='par_1_36' title="bbox 565 1999 2163 2079">
     <span class='ocr_line' id='line_1_36' title="bbox 565 1999 2163 2079; baseline 0.001 -17"><span class='ocrx_word' id='word_1_264' title='bbox 565 1999 718 2062; x_wconf 83' lang='lat' dir='ltr'><strong>illum</strong></span> <span class='ocrx_word' id='word_1_265' title='bbox 749 2006 842 2079; x_wconf 89' lang='lat' dir='ltr'><strong>qui</strong></span> <span class='ocrx_word' id='word_1_266' title='bbox 870 2007 1163 2078; x_wconf 86' lang='lat' dir='ltr'><strong>impetitur,</strong></span> <span class='ocrx_word' id='word_1_267' title='bbox 1188 2006 1242 2061; x_wconf 89' lang='lat' dir='ltr'><strong>in</strong></span> <span class='ocrx_word' id='word_1_268' title='bbox 1284 2007 1405 2078; x_wconf 90' lang='lat' dir='ltr'><strong>ipsa</strong></span> <span class='ocrx_word' id='word_1_269' title='bbox 1433 2007 1648 2062; x_wconf 76' lang='lat' dir='ltr'><strong>civitate</strong></span> <span class='ocrx_word' id='word_1_270' title='bbox 1689 2007 2040 2063; x_wconf 89' lang='lat' dir='ltr'><strong>constitutum</strong></span> <span class='ocrx_word' id='word_1_271' title='bbox 2071 2007 2163 2063; x_wconf 89' lang='lat' dir='ltr'><strong>ubi</strong></span> 
     </span>
    </p>
   </div>
   <div class='ocr_carea' id='block_1_37' title="bbox 565 2093 2161 2166">
    <p class='ocr_par' dir='ltr' id='par_1_37' title="bbox 565 2093 2161 2166">
     <span class='ocr_line' id='line_1_37' title="bbox 565 2093 2161 2166; baseline 0.001 -18"><span class='ocrx_word' id='word_1_272' title='bbox 565 2095 872 2152; x_wconf 81' lang='lat' dir='ltr'><strong>testimonia</strong></span> <span class='ocrx_word' id='word_1_273' title='bbox 899 2093 1118 2162; x_wconf 90' lang='lat' dir='ltr'><strong>dantur,</strong></span> <span class='ocrx_word' id='word_1_274' title='bbox 1151 2095 1483 2150; x_wconf 89' lang='lat' dir='ltr'><strong>admonitum</strong></span> <span class='ocrx_word' id='word_1_275' title='bbox 1507 2109 1541 2151; x_wconf 90' lang='lat' dir='ltr'><strong>a</strong></span> <span class='ocrx_word' id='word_1_276' title='bbox 1564 2095 1748 2166; x_wconf 90' lang='lat' dir='ltr'><strong>judice</strong></span> <span class='ocrx_word' id='word_1_277' title='bbox 1763 2096 1878 2151; x_wconf 90' lang='lat' dir='ltr'><strong>sive</strong></span> <span class='ocrx_word' id='word_1_278' title='bbox 1907 2111 1939 2150; x_wconf 89' lang='lat' dir='ltr'><strong>a</strong></span> <span class='ocrx_word' id='word_1_279' title='bbox 1967 2096 2161 2151; x_wconf 85' lang='lat' dir='ltr'><strong>defen-</strong></span> 
     </span>
    </p>
   </div>
   <div class='ocr_carea' id='block_1_38' title="bbox 567 2182 2166 2249">
    <p class='ocr_par' dir='ltr' id='par_1_38' title="bbox 567 2182 2166 2249">
     <span class='ocr_line' id='line_1_38' title="bbox 567 2182 2166 2249; baseline 0.001 -11"><span class='ocrx_word' id='word_1_280' title='bbox 567 2199 714 2249; x_wconf 86' lang='lat' dir='ltr'><strong>sore,</strong></span> <span class='ocrx_word' id='word_1_281' title='bbox 747 2182 1002 2240; x_wconf 86' lang='lat' dir='ltr'><strong>advenire</strong></span> <span class='ocrx_word' id='word_1_282' title='bbox 1021 2191 1113 2239; x_wconf 91' lang='lat' dir='ltr'><strong>aut</strong></span> <span class='ocrx_word' id='word_1_283' title='bbox 1141 2183 1331 2238; x_wconf 90' lang='lat' dir='ltr'><strong>audire</strong></span> <span class='ocrx_word' id='word_1_284' title='bbox 1353 2189 1540 2238; x_wconf 87' lang='lat' dir='ltr'><strong>testes.</strong></span> <span class='ocrx_word' id='word_1_285' title='bbox 1569 2183 1626 2238; x_wconf 90' lang='lat' dir='ltr'><strong>Si</strong></span> <span class='ocrx_word' id='word_1_286' title='bbox 1655 2199 1784 2240; x_wconf 87' lang='lat' dir='ltr'><strong>vero</strong></span> <span class='ocrx_word' id='word_1_287' title='bbox 1816 2183 2046 2240; x_wconf 87' lang='lat' dir='ltr'><strong>noluerit</strong></span> <span class='ocrx_word' id='word_1_288' title='bbox 2075 2183 2166 2239; x_wconf 91' lang='lat' dir='ltr'><strong>ad-</strong></span> 
     </span>
    </p>
   </div>
   <div class='ocr_carea' id='block_1_39' title="bbox 565 2267 2162 2344">
    <p class='ocr_par' dir='ltr' id='par_1_39' title="bbox 565 2267 2162 2344">
     <span class='ocr_line' id='line_1_39' title="bbox 565 2267 2162 2344; baseline 0.001 -16"><span class='ocrx_word' id='word_1_289' title='bbox 565 2267 772 2338; x_wconf 86' lang='lat' dir='ltr'><strong>venire,</strong></span> <span class='ocrx_word' id='word_1_290' title='bbox 805 2270 906 2328; x_wconf 90' lang='lat' dir='ltr'><strong>sed</strong></span> <span class='ocrx_word' id='word_1_291' title='bbox 934 2271 1318 2342; x_wconf 89' lang='lat' dir='ltr'><strong>contempserit</strong></span> <span class='ocrx_word' id='word_1_292' title='bbox 1349 2279 1403 2326; x_wconf 91' lang='lat' dir='ltr'><strong>ut</strong></span> <span class='ocrx_word' id='word_1_293' title='bbox 1434 2288 1500 2326; x_wconf 83' lang='lat' dir='ltr'><strong>ex</strong></span> <span class='ocrx_word' id='word_1_294' title='bbox 1527 2271 1634 2327; x_wconf 93' lang='lat' dir='ltr'><strong>hoc</strong></span> <span class='ocrx_word' id='word_1_295' title='bbox 1661 2273 1732 2326; x_wconf 89' lang='lat' dir='ltr'><strong>ab</strong></span> <span class='ocrx_word' id='word_1_296' title='bbox 1761 2288 1866 2326; x_wconf 90' lang='lat' dir='ltr'><strong>una</strong></span> <span class='ocrx_word' id='word_1_297' title='bbox 1893 2281 2046 2344; x_wconf 90' lang='lat' dir='ltr'><strong>parte</strong></span> <span class='ocrx_word' id='word_1_298' title='bbox 2077 2279 2162 2329; x_wconf 88' lang='lat' dir='ltr'><strong>te-</strong></span> 
     </span>
    </p>
   </div>
   <div class='ocr_carea' id='block_1_40' title="bbox 570 2357 2164 2425">
    <p class='ocr_par' dir='ltr' id='par_1_40' title="bbox 570 2357 2164 2425">
     <span class='ocr_line' id='line_1_40' title="bbox 570 2357 2164 2425; baseline 0.001 -11"><span class='ocrx_word' id='word_1_299' title='bbox 570 2358 819 2414; x_wconf 88' lang='lat' dir='ltr'><strong>stimonia</strong></span> <span class='ocrx_word' id='word_1_300' title='bbox 846 2357 1092 2414; x_wconf 86' lang='lat' dir='ltr'><strong>adversis</strong></span> <span class='ocrx_word' id='word_1_301' title='bbox 1120 2358 1286 2413; x_wconf 88' lang='lat' dir='ltr'><strong>aliam</strong></span> <span class='ocrx_word' id='word_1_302' title='bbox 1332 2359 1541 2413; x_wconf 87' lang='lat' dir='ltr'><strong>inutilia</strong></span> <span class='ocrx_word' id='word_1_303' title='bbox 1569 2359 1698 2425; x_wconf 89' lang='lat' dir='ltr'><strong>sint,</strong></span> <span class='ocrx_word' id='word_1_304' title='bbox 1741 2359 2018 2415; x_wconf 89' lang='lat' dir='ltr'><strong>sancimus</strong></span> <span class='ocrx_word' id='word_1_305' title='bbox 2059 2361 2164 2416; x_wconf 88' lang='lat' dir='ltr'><strong>hu-</strong></span> 
     </span>
    </p>
   </div>
   <div class='ocr_carea' id='block_1_41' title="bbox 560 2445 2196 2518">
    <p class='ocr_par' dir='ltr' id='par_1_41' title="bbox 560 2445 2196 2518">
     <span class='ocr_line' id='line_1_41' title="bbox 560 2445 2196 2518; baseline 0.005 -18"><span class='ocrx_word' id='word_1_306' title='bbox 560 2446 802 2517; x_wconf 90' lang='lat' dir='ltr'><strong>jusmodi</strong></span> <span class='ocrx_word' id='word_1_307' title='bbox 828 2445 1133 2501; x_wconf 90' lang='lat' dir='ltr'><strong>testimonia</strong></span> <span class='ocrx_word' id='word_1_308' title='bbox 1163 2446 1236 2500; x_wconf 92' lang='lat' dir='ltr'><strong>ita</strong></span> <span class='ocrx_word' id='word_1_309' title='bbox 1264 2446 1465 2511; x_wconf 90' lang='lat' dir='ltr'><strong>valere,</strong></span> <span class='ocrx_word' id='word_1_310' title='bbox 1492 2454 1747 2518; x_wconf 86' lang='lat' dir='ltr'><strong>tanquam</strong></span> <span class='ocrx_word' id='word_1_311' title='bbox 1779 2447 1826 2502; x_wconf 89' lang='lat' dir='ltr'><strong>si</strong></span> <span class='ocrx_word' id='word_1_312' title='bbox 1853 2464 1960 2503; x_wconf 91' lang='lat' dir='ltr'><strong>non</strong></span> <span class='ocrx_word' id='word_1_313' title='bbox 1982 2465 2047 2504; x_wconf 84' lang='lat' dir='ltr'><strong>ex</strong></span> <span class='ocrx_word' id='word_1_314' title='bbox 2059 2463 2165 2504; x_wconf 90' lang='lat' dir='ltr'><strong>una</strong></span> <span class='ocrx_word' id='word_1_315' title='bbox 2191 2502 2196 2508; x_wconf 91' lang='lat'><strong>.</strong></span> 
     </span>
    </p>
   </div>
   <div class='ocr_carea' id='block_1_42' title="bbox 567 2531 2164 2615">
    <p class='ocr_par' dir='ltr' id='par_1_42' title="bbox 567 2531 2164 2615">
     <span class='ocr_line' id='line_1_42' title="bbox 567 2531 2164 2615; baseline 0.002 -27"><span class='ocrx_word' id='word_1_316' title='bbox 567 2539 722 2615; x_wconf 87' lang='lat' dir='ltr'><strong>parte</strong></span> <span class='ocrx_word' id='word_1_317' title='bbox 749 2531 1129 2600; x_wconf 88' lang='lat' dir='ltr'><strong>consisterent,</strong></span> <span class='ocrx_word' id='word_1_318' title='bbox 1163 2535 1261 2589; x_wconf 91' lang='lat' dir='ltr'><strong>sed</strong></span> <span class='ocrx_word' id='word_1_319' title='bbox 1293 2535 1456 2588; x_wconf 89' lang='lat' dir='ltr'><strong>etiam</strong></span> <span class='ocrx_word' id='word_1_320' title='bbox 1485 2535 1604 2604; x_wconf 89' lang='lat' dir='ltr'><strong>ipso</strong></span> <span class='ocrx_word' id='word_1_321' title='bbox 1635 2543 1904 2606; x_wconf 62' lang='lat' dir='ltr'><strong>praesente</strong></span> <span class='ocrx_word' id='word_1_322' title='bbox 1937 2535 2164 2591; x_wconf 84' lang='lat' dir='ltr'><strong>fuissent</strong></span> 
     </span>
    </p>
   </div>
   <div class='ocr_carea' id='block_1_43' title="bbox 573 2619 2164 2694">
    <p class='ocr_par' dir='ltr' id='par_1_43' title="bbox 573 2619 2164 2694">
     <span class='ocr_line' id='line_1_43' title="bbox 573 2619 2164 2694; baseline 0.003 -19"><span class='ocrx_word' id='word_1_323' title='bbox 573 2619 736 2679; x_wconf 87' lang='lat' dir='ltr'><strong>facta.</strong></span> <span class='ocrx_word' id='word_1_324' title='bbox 771 2620 829 2676; x_wconf 90' lang='lat' dir='ltr'><strong>Si</strong></span> <span class='ocrx_word' id='word_1_325' title='bbox 859 2621 1004 2678; x_wconf 90' lang='lat' dir='ltr'><strong>enim</strong></span> <span class='ocrx_word' id='word_1_326' title='bbox 1034 2621 1489 2694; x_wconf 88' lang='lat' dir='ltr'><strong>repudiaverit,et</strong></span> <span class='ocrx_word' id='word_1_327' title='bbox 1505 2623 1692 2678; x_wconf 88' lang='lat' dir='ltr'><strong>venire</strong></span> <span class='ocrx_word' id='word_1_328' title='bbox 1720 2623 1958 2678; x_wconf 91' lang='lat' dir='ltr'><strong>noluerit</strong></span> <span class='ocrx_word' id='word_1_329' title='bbox 1988 2631 2041 2679; x_wconf 89' lang='lat' dir='ltr'><strong>et</strong></span> <span class='ocrx_word' id='word_1_330' title='bbox 2068 2639 2164 2680; x_wconf 83' lang='lat' dir='ltr'><strong>au-</strong></span> 
     </span>
    </p>
   </div>
   <div class='ocr_carea' id='block_1_44' title="bbox 567 2707 2166 2784">
    <p class='ocr_par' dir='ltr' id='par_1_44' title="bbox 567 2707 2166 2784">
     <span class='ocr_line' id='line_1_44' title="bbox 567 2707 2166 2784; baseline 0.003 -21"><span class='ocrx_word' id='word_1_331' title='bbox 567 2707 686 2766; x_wconf 89' lang='lat' dir='ltr'><strong>dire</strong></span> <span class='ocrx_word' id='word_1_332' title='bbox 713 2725 836 2784; x_wconf 71' lang='lat' dir='ltr'><strong>quae</strong></span> <span class='ocrx_word' id='word_1_333' title='bbox 888 2709 1248 2781; x_wconf 88' lang='lat' dir='ltr'><strong>deponuntur,</strong></span> <span class='ocrx_word' id='word_1_334' title='bbox 1311 2726 1434 2766; x_wconf 91' lang='lat' dir='ltr'><strong>cum</strong></span> <span class='ocrx_word' id='word_1_335' title='bbox 1462 2711 1646 2782; x_wconf 89' lang='lat' dir='ltr'><strong>utique</strong></span> <span class='ocrx_word' id='word_1_336' title='bbox 1682 2710 1737 2765; x_wconf 93' lang='lat' dir='ltr'><strong>in</strong></span> <span class='ocrx_word' id='word_1_337' title='bbox 1767 2711 1983 2782; x_wconf 91' lang='lat' dir='ltr'><strong>publico</strong></span> <span class='ocrx_word' id='word_1_338' title='bbox 2014 2711 2081 2767; x_wconf 89' lang='lat' dir='ltr'><strong>sit</strong></span> <span class='ocrx_word' id='word_1_339' title='bbox 2113 2719 2166 2768; x_wconf 92' lang='lat' dir='ltr'><strong>et</strong></span> 
     </span>
    </p>
   </div>
   <div class='ocr_carea' id='block_1_45' title="bbox 565 2797 2165 2869">
    <p class='ocr_par' dir='ltr' id='par_1_45' title="bbox 565 2797 2165 2869">
     <span class='ocr_line' id='line_1_45' title="bbox 565 2797 2165 2869; baseline 0.001 -17"><span class='ocrx_word' id='word_1_340' title='bbox 565 2813 678 2852; x_wconf 89' lang='lat' dir='ltr'><strong>non</strong></span> <span class='ocrx_word' id='word_1_341' title='bbox 705 2813 772 2852; x_wconf 76' lang='lat' dir='ltr'><strong>ex</strong></span> <span class='ocrx_word' id='word_1_342' title='bbox 827 2797 1125 2852; x_wconf 90' lang='lat' dir='ltr'><strong>inevitabili</strong></span> <span class='ocrx_word' id='word_1_343' title='bbox 1180 2799 1418 2869; x_wconf 90' lang='lat' dir='ltr'><strong>quadam</strong></span> <span class='ocrx_word' id='word_1_344' title='bbox 1475 2799 1801 2854; x_wconf 87' lang='lat' dir='ltr'><strong>necessitate</strong></span> <span class='ocrx_word' id='word_1_345' title='bbox 1830 2800 2015 2855; x_wconf 90' lang='lat' dir='ltr'><strong>venire</strong></span> <span class='ocrx_word' id='word_1_346' title='bbox 2055 2815 2165 2854; x_wconf 90' lang='lat' dir='ltr'><strong>non</strong></span> 
     </span>
    </p>
   </div>
   <div class='ocr_carea' id='block_1_46' title="bbox 566 2884 2164 2960">
    <p class='ocr_par' dir='ltr' id='par_1_46' title="bbox 566 2884 2164 2960">
     <span class='ocr_line' id='line_1_46' title="bbox 566 2884 2164 2960; baseline 0.001 -20"><span class='ocrx_word' id='word_1_347' title='bbox 566 2884 758 2960; x_wconf 84' lang='lat' dir='ltr'><strong>possit,</strong></span> <span class='ocrx_word' id='word_1_348' title='bbox 790 2885 1076 2957; x_wconf 69' lang='lat' dir='ltr'><strong>aequaliter</strong></span> <span class='ocrx_word' id='word_1_349' title='bbox 1131 2894 1292 2940; x_wconf 90' lang='lat' dir='ltr'><strong>erunt</strong></span> <span class='ocrx_word' id='word_1_350' title='bbox 1347 2893 1604 2956; x_wconf 88' lang='lat' dir='ltr'><strong>tanquam</strong></span> <span class='ocrx_word' id='word_1_351' title='bbox 1651 2888 1699 2942; x_wconf 91' lang='lat' dir='ltr'><strong>si</strong></span> <span class='ocrx_word' id='word_1_352' title='bbox 1745 2887 2076 2954; x_wconf 83' lang='lat' dir='ltr'><strong>advenisset,</strong></span> <span class='ocrx_word' id='word_1_353' title='bbox 2111 2895 2164 2942; x_wconf 90' lang='lat' dir='ltr'><strong>et</strong></span> 
     </span>
    </p>
   </div>
   <div class='ocr_carea' id='block_1_47' title="bbox 569 2971 2163 3044">
    <p class='ocr_par' dir='ltr' id='par_1_47' title="bbox 569 2971 2163 3044">
     <span class='ocr_line' id='line_1_47' title="bbox 569 2971 2163 3044; baseline 0.003 -18"><span class='ocrx_word' id='word_1_354' title='bbox 569 2972 720 3026; x_wconf 87' lang='lat' dir='ltr'><strong>nulla</strong></span> <span class='ocrx_word' id='word_1_355' title='bbox 765 2971 970 3028; x_wconf 86' lang='lat' dir='ltr'><strong>utilitas</strong></span> <span class='ocrx_word' id='word_1_356' title='bbox 1019 2990 1084 3026; x_wconf 88' lang='lat' dir='ltr'><strong>ex</strong></span> <span class='ocrx_word' id='word_1_357' title='bbox 1113 2982 1424 3044; x_wconf 91' lang='lat' dir='ltr'><strong>contemptu</strong></span> <span class='ocrx_word' id='word_1_358' title='bbox 1453 2990 1552 3028; x_wconf 90' lang='lat' dir='ltr'><strong>suo</strong></span> <span class='ocrx_word' id='word_1_359' title='bbox 1583 2975 1633 3027; x_wconf 89' lang='lat' dir='ltr'><strong>ei</strong></span> <span class='ocrx_word' id='word_1_360' title='bbox 1663 2975 2030 3041; x_wconf 80' lang='lat' dir='ltr'><strong>adhibebitur,</strong></span> <span class='ocrx_word' id='word_1_361' title='bbox 2065 2976 2163 3030; x_wconf 91' lang='lat' dir='ltr'><strong>sed</strong></span> 
     </span>
    </p>
   </div>
   <div class='ocr_carea' id='block_1_48' title="bbox 565 3059 2158 3133">
    <p class='ocr_par' dir='ltr' id='par_1_48' title="bbox 565 3059 2158 3133">
     <span class='ocr_line' id='line_1_48' title="bbox 565 3059 2158 3133; baseline 0 -19"><span class='ocrx_word' id='word_1_362' title='bbox 565 3059 896 3116; x_wconf 89' lang='lat' dir='ltr'><strong>videbuntur</strong></span> <span class='ocrx_word' id='word_1_363' title='bbox 953 3059 1174 3132; x_wconf 89' lang='lat' dir='ltr'><strong>quidem</strong></span> <span class='ocrx_word' id='word_1_364' title='bbox 1219 3061 1273 3115; x_wconf 92' lang='lat' dir='ltr'><strong>in</strong></span> <span class='ocrx_word' id='word_1_365' title='bbox 1303 3061 1582 3133; x_wconf 88' lang='lat' dir='ltr'><strong>utriusque</strong></span> <span class='ocrx_word' id='word_1_366' title='bbox 1615 3063 1903 3133; x_wconf 74' lang='lat' dir='ltr'><strong>praesentia</strong></span> <span class='ocrx_word' id='word_1_367' title='bbox 1933 3063 2094 3119; x_wconf 86' lang='lat' dir='ltr'><strong>facta.</strong></span> <span class='ocrx_word' id='word_1_368' title='bbox 2136 3086 2158 3114; x_wconf 75' lang='grc' dir='ltr'><strong><em>ι</em></strong></span> 
     </span>
    </p>
   </div>
   <div class='ocr_carea' id='block_1_49' title="bbox 568 3145 2161 3222">
    <p class='ocr_par' dir='ltr' id='par_1_49' title="bbox 568 3145 2161 3222">
     <span class='ocr_line' id='line_1_49' title="bbox 568 3145 2161 3222; baseline 0.004 -23"><span class='ocrx_word' id='word_1_369' title='bbox 568 3170 591 3199; x_wconf 74' lang='grc' dir='ltr'>ι</span> <span class='ocrx_word' id='word_1_370' title='bbox 625 3147 788 3216; x_wconf 86' lang='lat' dir='ltr'><strong>Ecce,</strong></span> <span class='ocrx_word' id='word_1_371' title='bbox 828 3145 1003 3220; x_wconf 86' lang='lat' dir='ltr'><strong>inquit</strong></span> <span class='ocrx_word' id='word_1_372' title='bbox 1030 3155 1252 3204; x_wconf 87' lang='lat' dir='ltr'><strong>sanctus</strong></span> <span class='ocrx_word' id='word_1_373' title='bbox 1283 3149 1608 3222; x_wconf 75' lang='lat' dir='ltr'><strong>Gregorius,</strong></span> <span class='ocrx_word' id='word_1_374' title='bbox 1658 3149 2030 3206; x_wconf 87' lang='lat' dir='ltr'><strong>admonendus</strong></span> <span class='ocrx_word' id='word_1_375' title='bbox 2080 3161 2161 3207; x_wconf 90' lang='lat' dir='ltr'><strong>est</strong></span> 
     </span>
    </p>
   </div>
   <div class='ocr_carea' id='block_1_50' title="bbox 562 3235 2154 3309">
    <p class='ocr_par' dir='ltr' id='par_1_50' title="bbox 562 3235 2154 3309">
     <span class='ocr_line' id='line_1_50' title="bbox 562 3235 2154 3309; baseline 0.001 -17"><span class='ocrx_word' id='word_1_376' title='bbox 562 3253 783 3308; x_wconf 87' lang='lat' dir='ltr'><strong>semper</strong></span> <span class='ocrx_word' id='word_1_377' title='bbox 813 3235 1182 3302; x_wconf 87' lang='lat' dir='ltr'><strong>adversarius,</strong></span> <span class='ocrx_word' id='word_1_378' title='bbox 1206 3245 1261 3291; x_wconf 90' lang='lat' dir='ltr'><strong>ut</strong></span> <span class='ocrx_word' id='word_1_379' title='bbox 1289 3237 1360 3292; x_wconf 89' lang='lat' dir='ltr'><strong>ad</strong></span> <span class='ocrx_word' id='word_1_380' title='bbox 1379 3237 1680 3292; x_wconf 88' lang='lat' dir='ltr'><strong>audiendos</strong></span> <span class='ocrx_word' id='word_1_381' title='bbox 1698 3246 1864 3292; x_wconf 89' lang='lat' dir='ltr'><strong>testes</strong></span> <span class='ocrx_word' id='word_1_382' title='bbox 1881 3237 2154 3309; x_wconf 85' lang='lat' dir='ltr'><strong>adveniat,</strong></span> 
     </span>
    </p>
   </div>
   <div class='ocr_carea' id='block_1_51' title="bbox 559 3319 2157 3398">
    <p class='ocr_par' dir='ltr' id='par_1_51' title="bbox 559 3319 2157 3398">
     <span class='ocr_line' id='line_1_51' title="bbox 559 3319 2157 3398; baseline 0.002 -18"><span class='ocrx_word' id='word_1_383' title='bbox 559 3319 802 3397; x_wconf 81' lang='lat' dir='ltr'><strong>alioquin</strong></span> <span class='ocrx_word' id='word_1_384' title='bbox 829 3340 1057 3380; x_wconf 90' lang='lat' dir='ltr'><strong>necesse</strong></span> <span class='ocrx_word' id='word_1_385' title='bbox 1087 3333 1168 3380; x_wconf 82' lang='lat' dir='ltr'><strong>est</strong></span> <span class='ocrx_word' id='word_1_386' title='bbox 1201 3333 1255 3380; x_wconf 91' lang='lat' dir='ltr'><strong>ut</strong></span> <span class='ocrx_word' id='word_1_387' title='bbox 1287 3325 1432 3398; x_wconf 89' lang='lat' dir='ltr'><strong>quod</strong></span> <span class='ocrx_word' id='word_1_388' title='bbox 1463 3334 1652 3381; x_wconf 89' lang='lat' dir='ltr'><strong>contra</strong></span> <span class='ocrx_word' id='word_1_389' title='bbox 1678 3325 1833 3398; x_wconf 82' lang='lat' dir='ltr'><strong>leges</strong></span> <span class='ocrx_word' id='word_1_390' title='bbox 1863 3334 2047 3382; x_wconf 90' lang='lat' dir='ltr'><strong>actum</strong></span> <span class='ocrx_word' id='word_1_391' title='bbox 2073 3337 2157 3383; x_wconf 89' lang='lat' dir='ltr'><strong>est</strong></span> 
     </span>
    </p>
   </div>
   <div class='ocr_carea' id='block_1_52' title="bbox 559 3408 2158 3482">
    <p class='ocr_par' dir='ltr' id='par_1_52' title="bbox 559 3408 2158 3482">
     <span class='ocr_line' id='line_1_52' title="bbox 559 3408 2158 3482; baseline 0.003 -16"><span class='ocrx_word' id='word_1_392' title='bbox 559 3408 872 3469; x_wconf 82' lang='lat' dir='ltr'><strong>ﬁrmitatem</strong></span> <span class='ocrx_word' id='word_1_393' title='bbox 927 3429 1037 3469; x_wconf 90' lang='lat' dir='ltr'><strong>non</strong></span> <span class='ocrx_word' id='word_1_394' title='bbox 1081 3413 1296 3470; x_wconf 87' lang='lat' dir='ltr'><strong>habeat.</strong></span> <span class='ocrx_word' id='word_1_395' title='bbox 1337 3433 1358 3463; x_wconf 75' lang='grc' dir='ltr'><strong><em>ι</em></strong></span> <span class='ocrx_word' id='word_1_396' title='bbox 1394 3413 1598 3482; x_wconf 86' lang='lat' dir='ltr'><strong>Quales</strong></span> <span class='ocrx_word' id='word_1_397' title='bbox 1640 3423 1823 3470; x_wconf 90' lang='lat' dir='ltr'><strong>autem</strong></span> <span class='ocrx_word' id='word_1_398' title='bbox 1853 3424 2038 3482; x_wconf 90' lang='lat' dir='ltr'><strong>testes,</strong></span> <span class='ocrx_word' id='word_1_399' title='bbox 2070 3417 2158 3474; x_wconf 92' lang='lat' dir='ltr'><strong>vel</strong></span> 
     </span>
    </p>
   </div>
   <div class='ocr_carea' id='block_1_53' title="bbox 558 3501 2154 3574">
    <p class='ocr_par' dir='ltr' id='par_1_53' title="bbox 558 3501 2154 3574">
     <span class='ocr_line' id='line_1_53' title="bbox 558 3501 2154 3574; baseline 0.001 -17"><span class='ocrx_word' id='word_1_400' title='bbox 558 3501 710 3572; x_wconf 88' lang='lat' dir='ltr'><strong>cujus</strong></span> <span class='ocrx_word' id='word_1_401' title='bbox 758 3501 1050 3574; x_wconf 89' lang='lat' dir='ltr'><strong>opinionis,</strong></span> <span class='ocrx_word' id='word_1_402' title='bbox 1093 3502 1163 3556; x_wconf 89' lang='lat' dir='ltr'><strong>ad</strong></span> <span class='ocrx_word' id='word_1_403' title='bbox 1213 3502 1578 3558; x_wconf 88' lang='lat' dir='ltr'><strong>testimonium</strong></span> <span class='ocrx_word' id='word_1_404' title='bbox 1634 3503 1952 3558; x_wconf 89' lang='lat' dir='ltr'><strong>admittendi</strong></span> <span class='ocrx_word' id='word_1_405' title='bbox 2010 3512 2154 3571; x_wconf 90' lang='lat' dir='ltr'><strong>sunt,</strong></span> 
     </span>
    </p>
   </div>
   <div class='ocr_carea' id='block_1_54' title="bbox 556 3586 2158 3666">
    <p class='ocr_par' dir='ltr' id='par_1_54' title="bbox 556 3586 2158 3666">
     <span class='ocr_line' id='line_1_54' title="bbox 556 3586 2158 3666; baseline 0.002 -22"><span class='ocrx_word' id='word_1_406' title='bbox 556 3586 807 3666; x_wconf 65' lang='lat' dir='ltr'><strong>plurimae</strong></span> <span class='ocrx_word' id='word_1_407' title='bbox 827 3589 982 3664; x_wconf 84' lang='lat' dir='ltr'><strong>leges</strong></span> <span class='ocrx_word' id='word_1_408' title='bbox 1012 3590 1324 3658; x_wconf 87' lang='lat' dir='ltr'><strong>ostendunt,</strong></span> <span class='ocrx_word' id='word_1_409' title='bbox 1349 3608 1472 3663; x_wconf 68' lang='lat' dir='ltr'><strong>qua:</strong></span> <span class='ocrx_word' id='word_1_410' title='bbox 1525 3607 1666 3662; x_wconf 90' lang='lat' dir='ltr'><strong>pene</strong></span> <span class='ocrx_word' id='word_1_411' title='bbox 1723 3592 1858 3646; x_wconf 91' lang='lat' dir='ltr'><strong>nulli</strong></span> <span class='ocrx_word' id='word_1_412' title='bbox 1889 3593 2158 3647; x_wconf 85' lang='lat' dir='ltr'><strong>habentur</strong></span> 
     </span>
    </p>
   </div>
   <div class='ocr_carea' id='block_1_55' title="bbox 555 3677 2156 3751">
    <p class='ocr_par' dir='ltr' id='par_1_55' title="bbox 555 3677 2156 3751">
     <span class='ocr_line' id='line_1_55' title="bbox 555 3677 2156 3751; baseline 0.002 -19"><span class='ocrx_word' id='word_1_413' title='bbox 555 3677 868 3751; x_wconf 78' lang='lat' dir='ltr'><strong>incognitae,</strong></span> <span class='ocrx_word' id='word_1_414' title='bbox 904 3695 1026 3751; x_wconf 79' lang='lat' dir='ltr'><strong>quae</strong></span> <span class='ocrx_word' id='word_1_415' title='bbox 1046 3677 1210 3734; x_wconf 85' lang='lat' dir='ltr'><strong>etiam</strong></span> <span class='ocrx_word' id='word_1_416' title='bbox 1231 3688 1283 3734; x_wconf 90' lang='lat' dir='ltr'><strong>et</strong></span> <span class='ocrx_word' id='word_1_417' title='bbox 1304 3678 1437 3734; x_wconf 87' lang='lat' dir='ltr'><strong>illud</strong></span> <span class='ocrx_word' id='word_1_418' title='bbox 1456 3679 1706 3735; x_wconf 86' lang='lat' dir='ltr'><strong>sanciunt</strong></span> <span class='ocrx_word' id='word_1_419' title='bbox 1729 3697 1743 3733; x_wconf 90' lang='lat'>:</span> <span class='ocrx_word' id='word_1_420' title='bbox 1772 3682 1834 3738; x_wconf 89' lang='lat' dir='ltr'><strong>Ut</strong></span> <span class='ocrx_word' id='word_1_421' title='bbox 1863 3682 2156 3736; x_wconf 80' lang='lat' dir='ltr'><strong>vilissimis</strong></span> 
     </span>
    </p>
   </div>
   <div class='ocr_carea' id='block_1_56' title="bbox 559 3767 2155 3838">
    <p class='ocr_par' dir='ltr' id='par_1_56' title="bbox 559 3767 2155 3838">
     <span class='ocr_line' id='line_1_56' title="bbox 559 3767 2155 3838; baseline -0.001 -15"><span class='ocrx_word' id='word_1_422' title='bbox 559 3767 796 3823; x_wconf 81' lang='lat' dir='ltr'><strong>testibus</strong></span> <span class='ocrx_word' id='word_1_423' title='bbox 827 3767 1001 3823; x_wconf 86' lang='lat' dir='ltr'><strong>etiam</strong></span> <span class='ocrx_word' id='word_1_424' title='bbox 1032 3769 1156 3821; x_wconf 88' lang='lat' dir='ltr'><strong>sine</strong></span> <span class='ocrx_word' id='word_1_425' title='bbox 1193 3769 1477 3838; x_wconf 86' lang='lat' dir='ltr'><strong>corporali</strong></span> <span class='ocrx_word' id='word_1_426' title='bbox 1505 3767 1852 3823; x_wconf 82' lang='lat' dir='ltr'><strong>discussione</strong></span> <span class='ocrx_word' id='word_1_427' title='bbox 1873 3768 2025 3824; x_wconf 89' lang='lat' dir='ltr'><strong>credi</strong></span> <span class='ocrx_word' id='word_1_428' title='bbox 2041 3785 2155 3824; x_wconf 86' lang='lat' dir='ltr'><strong>non</strong></span> 
     </span>
    </p>
   </div>
   <div class='ocr_carea' id='block_1_57' title="bbox 559 3851 2152 3927">
    <p class='ocr_par' dir='ltr' id='par_1_57' title="bbox 559 3851 2152 3927">
     <span class='ocr_line' id='line_1_57' title="bbox 559 3851 2152 3927; baseline 0.002 -18"><span class='ocrx_word' id='word_1_429' title='bbox 559 3851 788 3920; x_wconf 84' lang='lat' dir='ltr'><strong>debeat;</strong></span> <span class='ocrx_word' id='word_1_430' title='bbox 819 3862 874 3909; x_wconf 93' lang='lat' dir='ltr'><strong>et</strong></span> <span class='ocrx_word' id='word_1_431' title='bbox 920 3855 1050 3907; x_wconf 86' lang='lat' dir='ltr'><strong>item</strong></span> <span class='ocrx_word' id='word_1_432' title='bbox 1077 3853 1134 3907; x_wconf 92' lang='lat' dir='ltr'><strong>in</strong></span> <span class='ocrx_word' id='word_1_433' title='bbox 1177 3853 1316 3908; x_wconf 91' lang='lat' dir='ltr'><strong>libro</strong></span> <span class='ocrx_word' id='word_1_434' title='bbox 1345 3863 1518 3919; x_wconf 80' lang='lat' dir='ltr'><strong>sexto,</strong></span> <span class='ocrx_word' id='word_1_435' title='bbox 1551 3855 1703 3910; x_wconf 89' lang='lat' dir='ltr'><strong>titulo</strong></span> <span class='ocrx_word' id='word_1_436' title='bbox 1733 3855 1948 3911; x_wconf 89' lang='lat' dir='ltr'><strong>decimo</strong></span> <span class='ocrx_word' id='word_1_437' title='bbox 1989 3872 2152 3927; x_wconf 90' lang='lat' dir='ltr'><strong>nono,</strong></span> 
     </span>
    </p>
   </div>
   <div class='ocr_carea' id='block_1_58' title="bbox 557 3939 2154 4016">
    <p class='ocr_par' dir='ltr' id='par_1_58' title="bbox 557 3939 2154 4016">
     <span class='ocr_line' id='line_1_58' title="bbox 557 3939 2154 4016; baseline 0.004 -22"><span class='ocrx_word' id='word_1_438' title='bbox 557 3941 698 3996; x_wconf 86' lang='lat' dir='ltr'><strong>inter</strong></span> <span class='ocrx_word' id='word_1_439' title='bbox 707 3939 813 3996; x_wconf 89' lang='lat' dir='ltr'><strong>alia</strong></span> <span class='ocrx_word' id='word_1_440' title='bbox 825 3940 1140 4012; x_wconf 64' lang='lat' dir='ltr'><strong>praecipitur</strong></span> <span class='ocrx_word' id='word_1_441' title='bbox 1159 3959 1172 3994; x_wconf 88' lang='lat'><strong>:</strong></span> <span class='ocrx_word' id='word_1_442' title='bbox 1193 3943 1257 3999; x_wconf 88' lang='lat' dir='ltr'><strong>Ut</strong></span> <span class='ocrx_word' id='word_1_443' title='bbox 1271 3944 1576 4007; x_wconf 82' lang='lat' dir='ltr'><strong>sententia,</strong></span> <span class='ocrx_word' id='word_1_444' title='bbox 1598 3945 1649 3998; x_wconf 81' lang='lat' dir='ltr'><strong>si</strong></span> <span class='ocrx_word' id='word_1_445' title='bbox 1669 3945 1792 3998; x_wconf 88' lang='lat' dir='ltr'><strong>sine</strong></span> <span class='ocrx_word' id='word_1_446' title='bbox 1809 3945 2020 4016; x_wconf 86' lang='lat' dir='ltr'><strong>scripto</strong></span> <span class='ocrx_word' id='word_1_447' title='bbox 2032 3945 2154 4000; x_wconf 82' lang='lat' dir='ltr'><strong>dic-</strong></span> 
     </span>
    </p>
   </div>
   <div class='ocr_carea' id='block_1_59' title="bbox 557 4029 2153 4099">
    <p class='ocr_par' dir='ltr' id='par_1_59' title="bbox 557 4029 2153 4099">
     <span class='ocr_line' id='line_1_59' title="bbox 557 4029 2153 4099; baseline 0.003 -16"><span class='ocrx_word' id='word_1_448' title='bbox 557 4031 618 4084; x_wconf 85' lang='lat' dir='ltr'><strong>ta</strong></span> <span class='ocrx_word' id='word_1_449' title='bbox 646 4029 844 4099; x_wconf 81' lang='lat' dir='ltr'><strong>fuerit,</strong></span> <span class='ocrx_word' id='word_1_450' title='bbox 878 4046 981 4085; x_wconf 86' lang='lat' dir='ltr'><strong>nec</strong></span> <span class='ocrx_word' id='word_1_451' title='bbox 1011 4045 1218 4083; x_wconf 75' lang='lat' dir='ltr'><strong>nomen</strong></span> <span class='ocrx_word' id='word_1_452' title='bbox 1265 4032 1566 4086; x_wconf 73' lang='lat' dir='ltr'><strong>sententiae</strong></span> <span class='ocrx_word' id='word_1_453' title='bbox 1597 4032 1798 4087; x_wconf 83' lang='lat' dir='ltr'><strong>habere</strong></span> <span class='ocrx_word' id='word_1_454' title='bbox 1843 4036 2153 4088; x_wconf 84' lang='lat' dir='ltr'><strong>mereatur.</strong></span> 
     </span>
    </p>
   </div>
   <div class='ocr_carea' id='block_1_60' title="bbox 556 4111 2157 4191">
    <p class='ocr_par' dir='ltr' id='par_1_60' title="bbox 556 4111 2157 4191">
     <span class='ocr_line' id='line_1_60' title="bbox 556 4111 2157 4191; baseline 0.004 -21"><span class='ocrx_word' id='word_1_455' title='bbox 556 4111 719 4184; x_wconf 85' lang='lat' dir='ltr'><strong>Quod</strong></span> <span class='ocrx_word' id='word_1_456' title='bbox 746 4113 922 4188; x_wconf 82' lang='lat' dir='ltr'><strong>legale</strong></span> <span class='ocrx_word' id='word_1_457' title='bbox 951 4116 1232 4172; x_wconf 90' lang='lat' dir='ltr'><strong>decretum</strong></span> <span class='ocrx_word' id='word_1_458' title='bbox 1272 4125 1326 4172; x_wconf 89' lang='lat' dir='ltr'><strong>et</strong></span> <span class='ocrx_word' id='word_1_459' title='bbox 1357 4117 1412 4172; x_wconf 91' lang='lat' dir='ltr'><strong>in</strong></span> <span class='ocrx_word' id='word_1_460' title='bbox 1443 4119 1703 4188; x_wconf 91' lang='lat' dir='ltr'><strong>passione</strong></span> <span class='ocrx_word' id='word_1_461' title='bbox 1733 4119 1968 4187; x_wconf 89' lang='lat' dir='ltr'><strong>Domini,</strong></span> <span class='ocrx_word' id='word_1_462' title='bbox 1993 4136 2157 4191; x_wconf 90' lang='lat' dir='ltr'><strong>super</strong></span> 
     </span>
    </p>
   </div>
   <div class='ocr_carea' id='block_1_61' title="bbox 555 4203 2156 4279">
    <p class='ocr_par' dir='ltr' id='par_1_61' title="bbox 555 4203 2156 4279">
     <span class='ocr_line' id='line_1_61' title="bbox 555 4203 2156 4279; baseline 0.001 -17"><span class='ocrx_word' id='word_1_463' title='bbox 555 4203 712 4274; x_wconf 86' lang='lat' dir='ltr'><strong>cujus</strong></span> <span class='ocrx_word' id='word_1_464' title='bbox 739 4213 900 4276; x_wconf 87' lang='lat' dir='ltr'><strong>caput</strong></span> <span class='ocrx_word' id='word_1_465' title='bbox 936 4214 1234 4276; x_wconf 86' lang='lat' dir='ltr'><strong>posuerunt</strong></span> <span class='ocrx_word' id='word_1_466' title='bbox 1265 4221 1488 4262; x_wconf 89' lang='lat' dir='ltr'><strong>causam</strong></span> <span class='ocrx_word' id='word_1_467' title='bbox 1515 4207 1687 4277; x_wconf 91' lang='lat' dir='ltr'><strong>ipsius</strong></span> <span class='ocrx_word' id='word_1_468' title='bbox 1717 4209 1996 4279; x_wconf 88' lang='lat' dir='ltr'><strong>scriptam,</strong></span> <span class='ocrx_word' id='word_1_469' title='bbox 2029 4217 2081 4264; x_wconf 91' lang='lat' dir='ltr'><strong>et</strong></span> <span class='ocrx_word' id='word_1_470' title='bbox 2101 4209 2156 4264; x_wconf 90' lang='lat' dir='ltr'><strong>in</strong></span> 
     </span>
    </p>
   </div>
   <div class='ocr_carea' id='block_1_62' title="bbox 551 4293 2152 4366">
    <p class='ocr_par' dir='ltr' id='par_1_62' title="bbox 551 4293 2152 4366">
     <span class='ocr_line' id='line_1_62' title="bbox 551 4293 2152 4366; baseline 0.003 -18"><span class='ocrx_word' id='word_1_471' title='bbox 551 4300 854 4366; x_wconf 83' lang='lat' dir='ltr'><strong>martyrum</strong></span> <span class='ocrx_word' id='word_1_472' title='bbox 884 4293 1253 4366; x_wconf 88' lang='lat' dir='ltr'><strong>passionibus,</strong></span> <span class='ocrx_word' id='word_1_473' title='bbox 1287 4295 1506 4366; x_wconf 89' lang='lat' dir='ltr'><strong>quando</strong></span> <span class='ocrx_word' id='word_1_474' title='bbox 1527 4295 1756 4364; x_wconf 90' lang='lat' dir='ltr'><strong>judicati</strong></span> <span class='ocrx_word' id='word_1_475' title='bbox 1789 4305 1930 4364; x_wconf 89' lang='lat' dir='ltr'><strong>sunt,</strong></span> <span class='ocrx_word' id='word_1_476' title='bbox 1963 4298 2152 4353; x_wconf 91' lang='lat' dir='ltr'><strong>obser-</strong></span> 
     </span>
    </p>
   </div>
   <div class='ocr_carea' id='block_1_63' title="bbox 551 4381 2150 4456">
    <p class='ocr_par' dir='ltr' id='par_1_63' title="bbox 551 4381 2150 4456">
     <span class='ocr_line' id='line_1_63' title="bbox 551 4381 2150 4456; baseline 0.002 -19"><span class='ocrx_word' id='word_1_477' title='bbox 551 4391 733 4440; x_wconf 87' lang='lat' dir='ltr'><strong>vatum</strong></span> <span class='ocrx_word' id='word_1_478' title='bbox 761 4381 1039 4440; x_wconf 90' lang='lat' dir='ltr'><strong>multoties</strong></span> <span class='ocrx_word' id='word_1_479' title='bbox 1056 4381 1308 4454; x_wconf 85' lang='lat' dir='ltr'><strong>legimus,</strong></span> <span class='ocrx_word' id='word_1_480' title='bbox 1334 4393 1386 4437; x_wconf 91' lang='lat' dir='ltr'><strong>et</strong></span> <span class='ocrx_word' id='word_1_481' title='bbox 1407 4383 1624 4456; x_wconf 85' lang='lat' dir='ltr'><strong>legatos</strong></span> <span class='ocrx_word' id='word_1_482' title='bbox 1640 4385 1955 4456; x_wconf 68' lang='lat' dir='ltr'><strong>apostolicae</strong></span> <span class='ocrx_word' id='word_1_483' title='bbox 1984 4387 2150 4456; x_wconf 88' lang='lat' dir='ltr'><strong>sedis,</strong></span> 
     </span>
    </p>
   </div>
   <div class='ocr_carea' id='block_1_64' title="bbox 2267 1827 3840 1899">
    <p class='ocr_par' dir='ltr' id='par_1_64' title="bbox 2267 1827 3840 1899">
     <span class='ocr_line' id='line_1_64' title="bbox 2267 1827 3840 1899; baseline 0.001 -17"><span class='ocrx_word' id='word_1_484' title='bbox 2267 1835 2318 1882; x_wconf 91' lang='lat' dir='ltr'><strong>et</strong></span> <span class='ocrx_word' id='word_1_485' title='bbox 2345 1829 2560 1883; x_wconf 69' lang='lat' dir='ltr'><strong>caeteris</strong></span> <span class='ocrx_word' id='word_1_486' title='bbox 2591 1827 2864 1899; x_wconf 90' lang='lat' dir='ltr'><strong>episcopis</strong></span> <span class='ocrx_word' id='word_1_487' title='bbox 2894 1829 3448 1884; x_wconf 78' lang='lat' dir='ltr'><strong>excommunicantur.</strong></span> <span class='ocrx_word' id='word_1_488' title='bbox 3486 1851 3508 1878; x_wconf 72' lang='grc' dir='ltr'><strong><em>ι</em></strong></span> <span class='ocrx_word' id='word_1_489' title='bbox 3543 1829 3630 1884; x_wconf 91' lang='lat' dir='ltr'><strong>De</strong></span> <span class='ocrx_word' id='word_1_490' title='bbox 3658 1827 3755 1899; x_wconf 87' lang='lat' dir='ltr'><strong>his,</strong></span> <span class='ocrx_word' id='word_1_491' title='bbox 3780 1829 3840 1883; x_wconf 86' lang='lat' dir='ltr'><strong>in-</strong></span> 
     </span>
    </p>
   </div>
   <div class='ocr_carea' id='block_1_65' title="bbox 2267 1915 3842 1988">
    <p class='ocr_par' dir='ltr' id='par_1_65' title="bbox 2267 1915 3842 1988">
     <span class='ocr_line' id='line_1_65' title="bbox 2267 1915 3842 1988; baseline 0.001 -18"><span class='ocrx_word' id='word_1_492' title='bbox 2267 1916 2456 1988; x_wconf 91' lang='lat' dir='ltr'><strong>quiunt</strong></span> <span class='ocrx_word' id='word_1_493' title='bbox 2483 1915 2692 1971; x_wconf 62' lang='lat' dir='ltr'><strong>Nicaéni</strong></span> <span class='ocrx_word' id='word_1_494' title='bbox 2731 1931 2970 1972; x_wconf 89' lang='lat' dir='ltr'><strong>canones</strong></span> <span class='ocrx_word' id='word_1_495' title='bbox 3020 1918 3170 1985; x_wconf 73' lang='lat' dir='ltr'><strong>(can.</strong></span> <span class='ocrx_word' id='word_1_496' title='bbox 3218 1918 3292 1986; x_wconf 81' lang='grc'><strong>5),</strong></span> <span class='ocrx_word' id='word_1_497' title='bbox 3344 1917 3434 1988; x_wconf 92' lang='lat' dir='ltr'><strong>qui</strong></span> <span class='ocrx_word' id='word_1_498' title='bbox 3480 1917 3842 1972; x_wconf 82' lang='lat' dir='ltr'><strong>communione</strong></span> 
     </span>
    </p>
   </div>
   <div class='ocr_carea' id='block_1_66' title="bbox 2265 2005 3839 2076">
    <p class='ocr_par' dir='ltr' id='par_1_66' title="bbox 2265 2005 3839 2076">
     <span class='ocr_line' id='line_1_66' title="bbox 2265 2005 3839 2076; baseline 0.001 -18"><span class='ocrx_word' id='word_1_499' title='bbox 2265 2005 2565 2074; x_wconf 82' lang='lat' dir='ltr'><strong>privamur,</strong></span> <span class='ocrx_word' id='word_1_500' title='bbox 2599 2021 2694 2059; x_wconf 90' lang='lat' dir='ltr'><strong>seu</strong></span> <span class='ocrx_word' id='word_1_501' title='bbox 2722 2021 2788 2060; x_wconf 84' lang='lat' dir='ltr'><strong>ex</strong></span> <span class='ocrx_word' id='word_1_502' title='bbox 2818 2005 2963 2060; x_wconf 91' lang='lat' dir='ltr'><strong>clero</strong></span> <span class='ocrx_word' id='word_1_503' title='bbox 2994 2021 3089 2059; x_wconf 90' lang='lat' dir='ltr'><strong>seu</strong></span> <span class='ocrx_word' id='word_1_504' title='bbox 3121 2021 3186 2059; x_wconf 83' lang='lat' dir='ltr'><strong>ex</strong></span> <span class='ocrx_word' id='word_1_505' title='bbox 3218 2006 3359 2060; x_wconf 87' lang='lat' dir='ltr'><strong>laico</strong></span> <span class='ocrx_word' id='word_1_506' title='bbox 3389 2006 3607 2073; x_wconf 90' lang='lat' dir='ltr'><strong>ordine,</strong></span> <span class='ocrx_word' id='word_1_507' title='bbox 3645 2007 3710 2060; x_wconf 85' lang='lat' dir='ltr'><strong>ab</strong></span> <span class='ocrx_word' id='word_1_508' title='bbox 3738 2007 3839 2076; x_wconf 81' lang='lat' dir='ltr'><strong>epi-</strong></span> 
     </span>
    </p>
   </div>
   <div class='ocr_carea' id='block_1_67' title="bbox 2266 2092 3841 2164">
    <p class='ocr_par' dir='ltr' id='par_1_67' title="bbox 2266 2092 3841 2164">
     <span class='ocr_line' id='line_1_67' title="bbox 2266 2092 3841 2164; baseline 0.002 -19"><span class='ocrx_word' id='word_1_509' title='bbox 2266 2092 2446 2162; x_wconf 88' lang='lat' dir='ltr'><strong>scopis</strong></span> <span class='ocrx_word' id='word_1_510' title='bbox 2474 2109 2574 2163; x_wconf 90' lang='lat' dir='ltr'><strong>per</strong></span> <span class='ocrx_word' id='word_1_511' title='bbox 2602 2108 3035 2164; x_wconf 90' lang='lat' dir='ltr'><strong>unamquamque</strong></span> <span class='ocrx_word' id='word_1_512' title='bbox 3064 2093 3424 2164; x_wconf 89' lang='lat' dir='ltr'><strong>provinciam,</strong></span> <span class='ocrx_word' id='word_1_513' title='bbox 3473 2094 3736 2149; x_wconf 86' lang='lat' dir='ltr'><strong>sententia</strong></span> <span class='ocrx_word' id='word_1_514' title='bbox 3762 2109 3841 2149; x_wconf 87' lang='lat' dir='ltr'><strong>re-</strong></span> 
     </span>
    </p>
   </div>
   <div class='ocr_carea' id='block_1_68' title="bbox 2265 2180 3841 2254">
    <p class='ocr_par' dir='ltr' id='par_1_68' title="bbox 2265 2180 3841 2254">
     <span class='ocr_line' id='line_1_68' title="bbox 2265 2180 3841 2254; baseline 0.001 -20"><span class='ocrx_word' id='word_1_515' title='bbox 2265 2180 2469 2250; x_wconf 86' lang='lat' dir='ltr'><strong>gularis</strong></span> <span class='ocrx_word' id='word_1_516' title='bbox 2497 2181 2756 2249; x_wconf 86' lang='lat' dir='ltr'><strong>obtineat,</strong></span> <span class='ocrx_word' id='word_1_517' title='bbox 2791 2189 2849 2235; x_wconf 88' lang='lat' dir='ltr'><strong>ut</strong></span> <span class='ocrx_word' id='word_1_518' title='bbox 2878 2181 2930 2234; x_wconf 81' lang='lat' dir='ltr'><strong>lii</strong></span> <span class='ocrx_word' id='word_1_519' title='bbox 2961 2181 3051 2254; x_wconf 87' lang='lat' dir='ltr'><strong>qui</strong></span> <span class='ocrx_word' id='word_1_520' title='bbox 3090 2181 3416 2251; x_wconf 88' lang='lat' dir='ltr'><strong>abjiciuntur</strong></span> <span class='ocrx_word' id='word_1_521' title='bbox 3464 2183 3535 2236; x_wconf 90' lang='lat' dir='ltr'><strong>ab</strong></span> <span class='ocrx_word' id='word_1_522' title='bbox 3585 2182 3708 2237; x_wconf 87' lang='lat' dir='ltr'><strong>aliis</strong></span> <span class='ocrx_word' id='word_1_523' title='bbox 3750 2192 3841 2237; x_wconf 86' lang='lat' dir='ltr'><strong>nOn</strong></span> 
     </span>
    </p>
   </div>
   <div class='ocr_carea' id='block_1_69' title="bbox 2265 2268 3838 2341">
    <p class='ocr_par' dir='ltr' id='par_1_69' title="bbox 2265 2268 3838 2341">
     <span class='ocr_line' id='line_1_69' title="bbox 2265 2268 3838 2341; baseline 0.002 -19"><span class='ocrx_word' id='word_1_524' title='bbox 2265 2268 2628 2338; x_wconf 86' lang='lat' dir='ltr'><strong>recipiantur;</strong></span> <span class='ocrx_word' id='word_1_525' title='bbox 2680 2268 2990 2340; x_wconf 87' lang='lat' dir='ltr'><strong>requiratur</strong></span> <span class='ocrx_word' id='word_1_526' title='bbox 3036 2279 3235 2334; x_wconf 87' lang='lat' dir='ltr'><strong>autem,</strong></span> <span class='ocrx_word' id='word_1_527' title='bbox 3288 2285 3357 2325; x_wconf 89' lang='lat' dir='ltr'><strong>ne</strong></span> <span class='ocrx_word' id='word_1_528' title='bbox 3402 2269 3838 2341; x_wconf 88' lang='lat' dir='ltr'><strong>pusillanimitate,</strong></span> 
     </span>
    </p>
   </div>
   <div class='ocr_carea' id='block_1_70' title="bbox 2263 2356 3839 2430">
    <p class='ocr_par' dir='ltr' id='par_1_70' title="bbox 2263 2356 3839 2430">
     <span class='ocr_line' id='line_1_70' title="bbox 2263 2356 3839 2430; baseline 0.001 -20"><span class='ocrx_word' id='word_1_529' title='bbox 2263 2365 2354 2410; x_wconf 89' lang='lat' dir='ltr'><strong>aut</strong></span> <span class='ocrx_word' id='word_1_530' title='bbox 2385 2356 2751 2423; x_wconf 90' lang='lat' dir='ltr'><strong>contentione,</strong></span> <span class='ocrx_word' id='word_1_531' title='bbox 2786 2357 2870 2430; x_wconf 83' lang='lat' dir='ltr'><strong>vel</strong></span> <span class='ocrx_word' id='word_1_532' title='bbox 2904 2357 3012 2412; x_wconf 88' lang='lat' dir='ltr'><strong>alio</strong></span> <span class='ocrx_word' id='word_1_533' title='bbox 3045 2357 3282 2428; x_wconf 89' lang='lat' dir='ltr'><strong>quolibet</strong></span> <span class='ocrx_word' id='word_1_534' title='bbox 3313 2357 3557 2430; x_wconf 89' lang='lat' dir='ltr'><strong>episcopi</strong></span> <span class='ocrx_word' id='word_1_535' title='bbox 3607 2359 3733 2414; x_wconf 85' lang='lat' dir='ltr'><strong>vitio</strong></span> <span class='ocrx_word' id='word_1_536' title='bbox 3769 2359 3839 2413; x_wconf 89' lang='lat' dir='ltr'><strong>vi-</strong></span> 
     </span>
    </p>
   </div>
   <div class='ocr_carea' id='block_1_71' title="bbox 2265 2428 3842 2518">
    <p class='ocr_par' dir='ltr' id='par_1_71' title="bbox 2265 2428 3842 2518">
     <span class='ocr_line' id='line_1_71' title="bbox 2265 2428 3842 2518; baseline 0.001 -20"><span class='ocrx_word' id='word_1_537' title='bbox 2265 2444 2454 2498; x_wconf 90' lang='lat' dir='ltr'><strong>deatur</strong></span> <span class='ocrx_word' id='word_1_538' title='bbox 2483 2460 2515 2498; x_wconf 86' lang='lat' dir='ltr'><strong>a</strong></span> <span class='ocrx_word' id='word_1_539' title='bbox 2543 2428 2967 2516; x_wconf 73' lang='lat' dir='ltr'><strong>congregatione</strong></span> <span class='ocrx_word' id='word_1_540' title='bbox 2997 2445 3262 2500; x_wconf 87' lang='lat' dir='ltr'><strong>seclusus.</strong></span> <span class='ocrx_word' id='word_1_541' title='bbox 3287 2445 3357 2501; x_wconf 90' lang='lat' dir='ltr'><strong>Ut</strong></span> <span class='ocrx_word' id='word_1_542' title='bbox 3377 2447 3483 2502; x_wconf 87' lang='lat' dir='ltr'><strong>hoc</strong></span> <span class='ocrx_word' id='word_1_543' title='bbox 3503 2428 3641 2518; x_wconf 79' lang='lat' dir='ltr'><strong>ergo</strong></span> <span class='ocrx_word' id='word_1_544' title='bbox 3671 2446 3842 2502; x_wconf 83' lang='lat' dir='ltr'><strong>decen-</strong></span> 
     </span>
    </p>
   </div>
   <div class='ocr_carea' id='block_1_72' title="bbox 2264 2531 3840 2606">
    <p class='ocr_par' dir='ltr' id='par_1_72' title="bbox 2264 2531 3840 2606">
     <span class='ocr_line' id='line_1_72' title="bbox 2264 2531 3840 2606; baseline 0.003 -22"><span class='ocrx_word' id='word_1_545' title='bbox 2264 2531 2372 2586; x_wconf 90' lang='lat' dir='ltr'><strong>tius</strong></span> <span class='ocrx_word' id='word_1_546' title='bbox 2431 2531 2756 2604; x_wconf 90' lang='lat' dir='ltr'><strong>inquiratur,</strong></span> <span class='ocrx_word' id='word_1_547' title='bbox 2813 2533 2953 2587; x_wconf 87' lang='lat' dir='ltr'><strong>bene</strong></span> <span class='ocrx_word' id='word_1_548' title='bbox 3008 2533 3212 2604; x_wconf 91' lang='lat' dir='ltr'><strong>placuit</strong></span> <span class='ocrx_word' id='word_1_549' title='bbox 3264 2533 3420 2588; x_wconf 90' lang='lat' dir='ltr'><strong>annis</strong></span> <span class='ocrx_word' id='word_1_550' title='bbox 3477 2533 3706 2606; x_wconf 88' lang='lat' dir='ltr'><strong>singulis</strong></span> <span class='ocrx_word' id='word_1_551' title='bbox 3755 2549 3840 2606; x_wconf 85' lang='lat' dir='ltr'><strong>per</strong></span> 
     </span>
    </p>
   </div>
   <div class='ocr_carea' id='block_1_73' title="bbox 2264 2621 3840 2692">
    <p class='ocr_par' dir='ltr' id='par_1_73' title="bbox 2264 2621 3840 2692">
     <span class='ocr_line' id='line_1_73' title="bbox 2264 2621 3840 2692; baseline 0.003 -19"><span class='ocrx_word' id='word_1_552' title='bbox 2264 2635 2705 2692; x_wconf 88' lang='lat' dir='ltr'><strong>unamquamque</strong></span> <span class='ocrx_word' id='word_1_553' title='bbox 2729 2621 3062 2691; x_wconf 82' lang='lat' dir='ltr'><strong>provinciam</strong></span> <span class='ocrx_word' id='word_1_554' title='bbox 3093 2621 3176 2675; x_wconf 90' lang='lat' dir='ltr'><strong>bis</strong></span> <span class='ocrx_word' id='word_1_555' title='bbox 3201 2621 3255 2676; x_wconf 91' lang='lat' dir='ltr'><strong>in</strong></span> <span class='ocrx_word' id='word_1_556' title='bbox 3285 2637 3429 2677; x_wconf 90' lang='lat' dir='ltr'><strong>anno</strong></span> <span class='ocrx_word' id='word_1_557' title='bbox 3459 2623 3690 2678; x_wconf 89' lang='lat' dir='ltr'><strong>concilia</strong></span> <span class='ocrx_word' id='word_1_558' title='bbox 3716 2623 3840 2678; x_wconf 87' lang='lat' dir='ltr'><strong>cele-</strong></span> 
     </span>
    </p>
   </div>
   <div class='ocr_carea' id='block_1_74' title="bbox 2264 2707 3840 2782">
    <p class='ocr_par' dir='ltr' id='par_1_74' title="bbox 2264 2707 3840 2782">
     <span class='ocr_line' id='line_1_74' title="bbox 2264 2707 3840 2782; baseline 0.001 -20"><span class='ocrx_word' id='word_1_559' title='bbox 2264 2707 2464 2774; x_wconf 90' lang='lat' dir='ltr'><strong>brari,</strong></span> <span class='ocrx_word' id='word_1_560' title='bbox 2534 2717 2590 2762; x_wconf 86' lang='lat' dir='ltr'><strong>ut</strong></span> <span class='ocrx_word' id='word_1_561' title='bbox 2647 2709 3008 2764; x_wconf 89' lang='lat' dir='ltr'><strong>communiter</strong></span> <span class='ocrx_word' id='word_1_562' title='bbox 3063 2710 3316 2765; x_wconf 91' lang='lat' dir='ltr'><strong>omnibus</strong></span> <span class='ocrx_word' id='word_1_563' title='bbox 3372 2710 3532 2765; x_wconf 89' lang='lat' dir='ltr'><strong>simul</strong></span> <span class='ocrx_word' id='word_1_564' title='bbox 3588 2709 3840 2782; x_wconf 88' lang='lat' dir='ltr'><strong>episc0pis</strong></span> 
     </span>
    </p>
   </div>
   <div class='ocr_carea' id='block_1_75' title="bbox 2265 2797 3843 2871">
    <p class='ocr_par' dir='ltr' id='par_1_75' title="bbox 2265 2797 3843 2871">
     <span class='ocr_line' id='line_1_75' title="bbox 2265 2797 3843 2871; baseline 0.001 -19"><span class='ocrx_word' id='word_1_565' title='bbox 2265 2797 2616 2869; x_wconf 86' lang='lat' dir='ltr'><strong>congregatis</strong></span> <span class='ocrx_word' id='word_1_566' title='bbox 2643 2797 2960 2867; x_wconf 64' lang='lat' dir='ltr'><strong>provinciae,</strong></span> <span class='ocrx_word' id='word_1_567' title='bbox 2991 2797 3350 2853; x_wconf 87' lang='lat' dir='ltr'><strong>discutiantur</strong></span> <span class='ocrx_word' id='word_1_568' title='bbox 3387 2797 3693 2868; x_wconf 78' lang='lat' dir='ltr'><strong>liujusmodi</strong></span> <span class='ocrx_word' id='word_1_569' title='bbox 3723 2815 3843 2871; x_wconf 63' lang='lat' dir='ltr'><strong>quaa-</strong></span> 
     </span>
    </p>
   </div>
   <div class='ocr_carea' id='block_1_76' title="bbox 2263 2884 3839 2969">
    <p class='ocr_par' dir='ltr' id='par_1_76' title="bbox 2263 2884 3839 2969">
     <span class='ocr_line' id='line_1_76' title="bbox 2263 2884 3839 2969; baseline 0.002 -31"><span class='ocrx_word' id='word_1_570' title='bbox 2263 2884 2488 2948; x_wconf 89' lang='lat' dir='ltr'><strong>stiones,</strong></span> <span class='ocrx_word' id='word_1_571' title='bbox 2519 2891 2571 2938; x_wconf 91' lang='lat' dir='ltr'><strong>et</strong></span> <span class='ocrx_word' id='word_1_572' title='bbox 2601 2885 2680 2940; x_wconf 91' lang='lat' dir='ltr'><strong>sic</strong></span> <span class='ocrx_word' id='word_1_573' title='bbox 2734 2885 2824 2956; x_wconf 90' lang='lat' dir='ltr'><strong>qui</strong></span> <span class='ocrx_word' id='word_1_574' title='bbox 2874 2901 2974 2941; x_wconf 90' lang='lat' dir='ltr'><strong>suo</strong></span> <span class='ocrx_word' id='word_1_575' title='bbox 3010 2895 3372 2957; x_wconf 88' lang='lat' dir='ltr'><strong>peccaverunt</strong></span> <span class='ocrx_word' id='word_1_576' title='bbox 3418 2887 3839 2969; x_wconf 57' lang='lat' dir='ltr'><strong>evidenter.epi-</strong></span> 
     </span>
    </p>
   </div>
   <div class='ocr_carea' id='block_1_77' title="bbox 2262 2973 3840 3041">
    <p class='ocr_par' dir='ltr' id='par_1_77' title="bbox 2262 2973 3840 3041">
     <span class='ocr_line' id='line_1_77' title="bbox 2262 2973 3840 3041; baseline 0.003 -16"><span class='ocrx_word' id='word_1_577' title='bbox 2262 2986 2430 3041; x_wconf 92' lang='lat' dir='ltr'><strong>scopo</strong></span> <span class='ocrx_word' id='word_1_578' title='bbox 2456 3015 2468 3036; x_wconf 94' lang='lat'><strong>,</strong></span> <span class='ocrx_word' id='word_1_579' title='bbox 2529 2973 2976 3029; x_wconf 85' lang='lat' dir='ltr'><strong>excommunicati</strong></span> <span class='ocrx_word' id='word_1_580' title='bbox 3033 2973 3425 3028; x_wconf 87' lang='lat' dir='ltr'><strong>rationabiliter</strong></span> <span class='ocrx_word' id='word_1_581' title='bbox 3480 2975 3550 3030; x_wconf 88' lang='lat' dir='ltr'><strong>ab</strong></span> <span class='ocrx_word' id='word_1_582' title='bbox 3606 2977 3840 3030; x_wconf 87' lang='lat' dir='ltr'><strong>omnibus</strong></span> 
     </span>
    </p>
   </div>
   <div class='ocr_carea' id='block_1_78' title="bbox 2261 3059 3840 3135">
    <p class='ocr_par' dir='ltr' id='par_1_78' title="bbox 2261 3059 3840 3135">
     <span class='ocr_line' id='line_1_78' title="bbox 2261 3059 3840 3135; baseline 0.004 -21"><span class='ocrx_word' id='word_1_583' title='bbox 2261 3059 2618 3125; x_wconf 56' lang='lat' dir='ltr'><strong>aestimentur,</strong></span> <span class='ocrx_word' id='word_1_584' title='bbox 2651 3077 2936 3132; x_wconf 90' lang='lat' dir='ltr'><strong>usquequo</strong></span> <span class='ocrx_word' id='word_1_585' title='bbox 2965 3062 3051 3116; x_wconf 90' lang='lat' dir='ltr'><strong>vel</strong></span> <span class='ocrx_word' id='word_1_586' title='bbox 3084 3061 3137 3115; x_wconf 86' lang='lat' dir='ltr'><strong>in</strong></span> <span class='ocrx_word' id='word_1_587' title='bbox 3168 3062 3460 3129; x_wconf 89' lang='lat' dir='ltr'><strong>communi,</strong></span> <span class='ocrx_word' id='word_1_588' title='bbox 3483 3064 3568 3119; x_wconf 86' lang='lat' dir='ltr'><strong>vel</strong></span> <span class='ocrx_word' id='word_1_589' title='bbox 3601 3064 3840 3135; x_wconf 85' lang='lat' dir='ltr'><strong>episcopo</strong></span> 
     </span>
    </p>
   </div>
   <div class='ocr_carea' id='block_1_79' title="bbox 2263 3147 3836 3220">
    <p class='ocr_par' dir='ltr' id='par_1_79' title="bbox 2263 3147 3836 3220">
     <span class='ocr_line' id='line_1_79' title="bbox 2263 3147 3836 3220; baseline 0.004 -20"><span class='ocrx_word' id='word_1_590' title='bbox 2263 3147 2475 3218; x_wconf 89' lang='lat' dir='ltr'><strong>placeat</strong></span> <span class='ocrx_word' id='word_1_591' title='bbox 2506 3148 2877 3203; x_wconf 86' lang='lat' dir='ltr'><strong>humaniorem</strong></span> <span class='ocrx_word' id='word_1_592' title='bbox 2908 3166 3008 3220; x_wconf 90' lang='lat' dir='ltr'><strong>pro</strong></span> <span class='ocrx_word' id='word_1_593' title='bbox 3039 3150 3234 3204; x_wconf 91' lang='lat' dir='ltr'><strong>talibus</strong></span> <span class='ocrx_word' id='word_1_594' title='bbox 3264 3149 3403 3206; x_wconf 87' lang='lat' dir='ltr'><strong>ferre</strong></span> <span class='ocrx_word' id='word_1_595' title='bbox 3451 3153 3783 3206; x_wconf 89' lang='lat' dir='ltr'><strong>sententiam.</strong></span> <span class='ocrx_word' id='word_1_596' title='bbox 3818 3181 3836 3198; x_wconf 79' lang='grc' dir='ltr'><strong>ιι</strong></span> 
     </span>
    </p>
   </div>
   <div class='ocr_carea' id='block_1_80' title="bbox 2259 3235 3839 3312">
    <p class='ocr_par' dir='ltr' id='par_1_80' title="bbox 2259 3235 3839 3312">
     <span class='ocr_line' id='line_1_80' title="bbox 2259 3235 3839 3312; baseline 0.003 -23"><span class='ocrx_word' id='word_1_597' title='bbox 2259 3235 2329 3289; x_wconf 81' lang='lat' dir='ltr'><strong>Et</strong></span> <span class='ocrx_word' id='word_1_598' title='bbox 2371 3235 2764 3292; x_wconf 80' lang='lat' dir='ltr'><strong>Antiochenum</strong></span> <span class='ocrx_word' id='word_1_599' title='bbox 2809 3237 3095 3292; x_wconf 89' lang='lat' dir='ltr'><strong>concilium</strong></span> <span class='ocrx_word' id='word_1_600' title='bbox 3145 3239 3294 3307; x_wconf 86' lang='lat' dir='ltr'><strong>(can.</strong></span> <span class='ocrx_word' id='word_1_601' title='bbox 3329 3240 3430 3309; x_wconf 88' lang='lat'><strong>6):</strong></span> <span class='ocrx_word' id='word_1_602' title='bbox 3479 3262 3500 3288; x_wconf 71' lang='grc' dir='ltr'>ι</span> <span class='ocrx_word' id='word_1_603' title='bbox 3557 3241 3614 3296; x_wconf 91' lang='lat' dir='ltr'><strong>Si</strong></span> <span class='ocrx_word' id='word_1_604' title='bbox 3660 3242 3772 3312; x_wconf 89' lang='lat' dir='ltr'><strong>quis</strong></span> <span class='ocrx_word' id='word_1_605' title='bbox 3813 3256 3839 3293; x_wconf 87' lang='lat' dir='ltr'><strong>a</strong></span> 
     </span>
    </p>
   </div>
   <div class='ocr_carea' id='block_1_81' title="bbox 2259 3323 3838 3398">
    <p class='ocr_par' dir='ltr' id='par_1_81' title="bbox 2259 3323 3838 3398">
     <span class='ocr_line' id='line_1_81' title="bbox 2259 3323 3838 3398; baseline 0.003 -21"><span class='ocrx_word' id='word_1_606' title='bbox 2259 3323 2486 3396; x_wconf 84' lang='lat' dir='ltr'><strong>prOprio</strong></span> <span class='ocrx_word' id='word_1_607' title='bbox 2518 3325 2774 3396; x_wconf 90' lang='lat' dir='ltr'><strong>episcopo</strong></span> <span class='ocrx_word' id='word_1_608' title='bbox 2805 3325 3186 3381; x_wconf 88' lang='lat' dir='ltr'><strong>communione</strong></span> <span class='ocrx_word' id='word_1_609' title='bbox 3213 3327 3459 3398; x_wconf 86' lang='lat' dir='ltr'><strong>privatus</strong></span> <span class='ocrx_word' id='word_1_610' title='bbox 3481 3337 3582 3393; x_wconf 90' lang='lat' dir='ltr'><strong>est,</strong></span> <span class='ocrx_word' id='word_1_611' title='bbox 3605 3345 3712 3383; x_wconf 92' lang='lat' dir='ltr'><strong>non</strong></span> <span class='ocrx_word' id='word_1_612' title='bbox 3732 3336 3838 3384; x_wconf 86' lang='lat' dir='ltr'><strong>ante</strong></span> 
     </span>
    </p>
   </div>
   <div class='ocr_carea' id='block_1_82' title="bbox 2261 3411 3834 3488">
    <p class='ocr_par' dir='ltr' id='par_1_82' title="bbox 2261 3411 3834 3488">
     <span class='ocr_line' id='line_1_82' title="bbox 2261 3411 3834 3488; baseline 0.005 -24"><span class='ocrx_word' id='word_1_613' title='bbox 2261 3411 2584 3482; x_wconf 88' lang='lat' dir='ltr'><strong>suscipiatur</strong></span> <span class='ocrx_word' id='word_1_614' title='bbox 2609 3413 2680 3466; x_wconf 89' lang='lat' dir='ltr'><strong>ab</strong></span> <span class='ocrx_word' id='word_1_615' title='bbox 2708 3412 2849 3473; x_wconf 87' lang='lat' dir='ltr'><strong>aliis,</strong></span> <span class='ocrx_word' id='word_1_616' title='bbox 2875 3429 3039 3485; x_wconf 89' lang='lat' dir='ltr'><strong>quam</strong></span> <span class='ocrx_word' id='word_1_617' title='bbox 3059 3429 3158 3469; x_wconf 92' lang='lat' dir='ltr'><strong>suo</strong></span> <span class='ocrx_word' id='word_1_618' title='bbox 3177 3414 3558 3471; x_wconf 89' lang='lat' dir='ltr'><strong>reconcilietur</strong></span> <span class='ocrx_word' id='word_1_619' title='bbox 3577 3416 3834 3488; x_wconf 83' lang='lat' dir='ltr'><strong>episcopo,</strong></span> 
     </span>
    </p>
   </div>
   <div class='ocr_carea' id='block_1_83' title="bbox 2259 3499 3838 3577">
    <p class='ocr_par' dir='ltr' id='par_1_83' title="bbox 2259 3499 3838 3577">
     <span class='ocr_line' id='line_1_83' title="bbox 2259 3499 3838 3577; baseline 0.003 -24"><span class='ocrx_word' id='word_1_620' title='bbox 2259 3506 2352 3554; x_wconf 90' lang='lat' dir='ltr'><strong>aut</strong></span> <span class='ocrx_word' id='word_1_621' title='bbox 2380 3508 2527 3556; x_wconf 90' lang='lat' dir='ltr'><strong>certe</strong></span> <span class='ocrx_word' id='word_1_622' title='bbox 2555 3501 2624 3556; x_wconf 89' lang='lat' dir='ltr'><strong>ad</strong></span> <span class='ocrx_word' id='word_1_623' title='bbox 2670 3499 2938 3571; x_wconf 85' lang='lat' dir='ltr'><strong>synodum</strong></span> <span class='ocrx_word' id='word_1_624' title='bbox 2987 3518 3108 3573; x_wconf 68' lang='lat' dir='ltr'><strong>quae</strong></span> <span class='ocrx_word' id='word_1_625' title='bbox 3147 3511 3521 3577; x_wconf 87' lang='lat' dir='ltr'><strong>congregatur</strong></span> <span class='ocrx_word' id='word_1_626' title='bbox 3562 3519 3838 3560; x_wconf 86' lang='lat' dir='ltr'><strong>occurrens</strong></span> 
     </span>
    </p>
   </div>
   <div class='ocr_carea' id='block_1_84' title="bbox 2258 3587 3836 3660">
    <p class='ocr_par' dir='ltr' id='par_1_84' title="bbox 2258 3587 3836 3660">
     <span class='ocr_line' id='line_1_84' title="bbox 2258 3587 3836 3660; baseline 0.004 -19"><span class='ocrx_word' id='word_1_627' title='bbox 2258 3603 2360 3659; x_wconf 91' lang='lat' dir='ltr'><strong>pro</strong></span> <span class='ocrx_word' id='word_1_628' title='bbox 2391 3605 2449 3642; x_wconf 89' lang='lat' dir='ltr'><strong>se</strong></span> <span class='ocrx_word' id='word_1_629' title='bbox 2481 3587 2794 3655; x_wconf 84' lang='lat' dir='ltr'><strong>satisfaciat,</strong></span> <span class='ocrx_word' id='word_1_630' title='bbox 2827 3598 2877 3644; x_wconf 90' lang='lat' dir='ltr'><strong>et</strong></span> <span class='ocrx_word' id='word_1_631' title='bbox 2907 3590 3244 3660; x_wconf 87' lang='lat' dir='ltr'><strong>persuadens</strong></span> <span class='ocrx_word' id='word_1_632' title='bbox 3273 3591 3508 3648; x_wconf 90' lang='lat' dir='ltr'><strong>concilio</strong></span> <span class='ocrx_word' id='word_1_633' title='bbox 3536 3593 3836 3648; x_wconf 83' lang='lat' dir='ltr'><strong>sententiam</strong></span> 
     </span>
    </p>
   </div>
   <div class='ocr_carea' id='block_1_85' title="bbox 2260 3675 3836 3746">
    <p class='ocr_par' dir='ltr' id='par_1_85' title="bbox 2260 3675 3836 3746">
     <span class='ocr_line' id='line_1_85' title="bbox 2260 3675 3836 3746; baseline 0.005 -17"><span class='ocrx_word' id='word_1_634' title='bbox 2260 3675 2517 3746; x_wconf 86' lang='lat' dir='ltr'><strong>suscipiat</strong></span> <span class='ocrx_word' id='word_1_635' title='bbox 2546 3675 2793 3732; x_wconf 88' lang='lat' dir='ltr'><strong>alteram.</strong></span> <span class='ocrx_word' id='word_1_636' title='bbox 2827 3678 2954 3733; x_wconf 67' lang='lat' dir='ltr'><strong>Haec</strong></span> <span class='ocrx_word' id='word_1_637' title='bbox 2985 3686 3165 3734; x_wconf 88' lang='lat' dir='ltr'><strong>autem</strong></span> <span class='ocrx_word' id='word_1_638' title='bbox 3195 3679 3444 3736; x_wconf 77' lang='lat' dir='ltr'><strong>diﬁinitio</strong></span> <span class='ocrx_word' id='word_1_639' title='bbox 3471 3689 3684 3736; x_wconf 88' lang='lat' dir='ltr'><strong>maneat</strong></span> <span class='ocrx_word' id='word_1_640' title='bbox 3705 3681 3836 3737; x_wconf 83' lang='lat' dir='ltr'><strong>circa</strong></span> 
     </span>
    </p>
   </div>
   <div class='ocr_carea' id='block_1_86' title="bbox 2257 3763 3835 3842">
    <p class='ocr_par' dir='ltr' id='par_1_86' title="bbox 2257 3763 3835 3842">
     <span class='ocr_line' id='line_1_86' title="bbox 2257 3763 3835 3842; baseline 0.004 -26"><span class='ocrx_word' id='word_1_641' title='bbox 2257 3763 2447 3828; x_wconf 89' lang='lat' dir='ltr'><strong>laicos,</strong></span> <span class='ocrx_word' id='word_1_642' title='bbox 2482 3773 2534 3817; x_wconf 90' lang='lat' dir='ltr'><strong>et</strong></span> <span class='ocrx_word' id='word_1_643' title='bbox 2567 3765 2942 3836; x_wconf 74' lang='lat' dir='ltr'><strong>presbyteros,</strong></span> <span class='ocrx_word' id='word_1_644' title='bbox 2993 3775 3044 3821; x_wconf 92' lang='lat' dir='ltr'><strong>et</strong></span> <span class='ocrx_word' id='word_1_645' title='bbox 3092 3767 3373 3835; x_wconf 91' lang='lat' dir='ltr'><strong>diaconos,</strong></span> <span class='ocrx_word' id='word_1_646' title='bbox 3425 3783 3720 3842; x_wconf 90' lang='lat' dir='ltr'><strong>omnesque</strong></span> <span class='ocrx_word' id='word_1_647' title='bbox 3755 3769 3835 3842; x_wconf 90' lang='lat' dir='ltr'><strong>qui</strong></span> 
     </span>
    </p>
   </div>
   <div class='ocr_carea' id='block_1_87' title="bbox 2258 3851 3836 3930">
    <p class='ocr_par' dir='ltr' id='par_1_87' title="bbox 2258 3851 3836 3930">
     <span class='ocr_line' id='line_1_87' title="bbox 2258 3851 3836 3930; baseline 0.004 -25"><span class='ocrx_word' id='word_1_648' title='bbox 2258 3851 2361 3905; x_wconf 91' lang='lat' dir='ltr'><strong>sub</strong></span> <span class='ocrx_word' id='word_1_649' title='bbox 2409 3851 2600 3924; x_wconf 91' lang='lat' dir='ltr'><strong>regula</strong></span> <span class='ocrx_word' id='word_1_650' title='bbox 2647 3869 2770 3908; x_wconf 88' lang='lat' dir='ltr'><strong>esse</strong></span> <span class='ocrx_word' id='word_1_651' title='bbox 2812 3862 3204 3910; x_wconf 88' lang='lat' dir='ltr'><strong>monstrantur.</strong></span> <span class='ocrx_word' id='word_1_652' title='bbox 3254 3881 3275 3903; x_wconf 85' lang='lat'><strong>»</strong></span> <span class='ocrx_word' id='word_1_653' title='bbox 3309 3857 3376 3912; x_wconf 88' lang='lat' dir='ltr'><strong>Et</strong></span> <span class='ocrx_word' id='word_1_654' title='bbox 3425 3855 3836 3930; x_wconf 85' lang='lat' dir='ltr'><strong>Carthaginense</strong></span> 
     </span>
    </p>
   </div>
   <div class='ocr_carea' id='block_1_88' title="bbox 2259 3939 3834 4018">
    <p class='ocr_par' dir='ltr' id='par_1_88' title="bbox 2259 3939 3834 4018">
     <span class='ocr_line' id='line_1_88' title="bbox 2259 3939 3834 4018; baseline 0.003 -24"><span class='ocrx_word' id='word_1_655' title='bbox 2259 3939 2570 4006; x_wconf 88' lang='lat' dir='ltr'><strong>concilium,</strong></span> <span class='ocrx_word' id='word_1_656' title='bbox 2619 3941 2766 4012; x_wconf 91' lang='lat' dir='ltr'><strong>quod</strong></span> <span class='ocrx_word' id='word_1_657' title='bbox 2820 3942 2874 3996; x_wconf 89' lang='lat' dir='ltr'><strong>in</strong></span> <span class='ocrx_word' id='word_1_658' title='bbox 2921 3943 3160 4013; x_wconf 88' lang='lat' dir='ltr'><strong>capitulo</strong></span> <span class='ocrx_word' id='word_1_659' title='bbox 3205 3944 3472 4018; x_wconf 89' lang='lat' dir='ltr'><strong>vigesimo</strong></span> <span class='ocrx_word' id='word_1_660' title='bbox 3519 3945 3739 4012; x_wconf 81' lang='lat' dir='ltr'><strong>dixerat,</strong></span> <span class='ocrx_word' id='word_1_661' title='bbox 3788 3953 3834 3999; x_wconf 88' lang='lat' dir='ltr'><strong>ut</strong></span> 
     </span>
    </p>
   </div>
   <div class='ocr_carea' id='block_1_89' title="bbox 2258 4029 3836 4104">
    <p class='ocr_par' dir='ltr' id='par_1_89' title="bbox 2258 4029 3836 4104">
     <span class='ocr_line' id='line_1_89' title="bbox 2258 4029 3836 4104; baseline 0.004 -24"><span class='ocrx_word' id='word_1_662' title='bbox 2258 4033 2454 4082; x_wconf 89' lang='lat' dir='ltr'><strong>statuto</strong></span> <span class='ocrx_word' id='word_1_663' title='bbox 2485 4044 2714 4084; x_wconf 90' lang='lat' dir='ltr'><strong>numero</strong></span> <span class='ocrx_word' id='word_1_664' title='bbox 2743 4029 2876 4084; x_wconf 90' lang='lat' dir='ltr'><strong>uniti</strong></span> <span class='ocrx_word' id='word_1_665' title='bbox 2907 4029 3148 4102; x_wconf 89' lang='lat' dir='ltr'><strong>episcopi</strong></span> <span class='ocrx_word' id='word_1_666' title='bbox 3179 4048 3302 4086; x_wconf 87' lang='lat' dir='ltr'><strong>cum</strong></span> <span class='ocrx_word' id='word_1_667' title='bbox 3331 4033 3557 4104; x_wconf 89' lang='lat' dir='ltr'><strong>proprio</strong></span> <span class='ocrx_word' id='word_1_668' title='bbox 3598 4033 3836 4104; x_wconf 87' lang='lat' dir='ltr'><strong>episcopo</strong></span> 
     </span>
    </p>
   </div>
   <div class='ocr_carea' id='block_1_90' title="bbox 2257 4115 3831 4186">
    <p class='ocr_par' dir='ltr' id='par_1_90' title="bbox 2257 4115 3831 4186">
     <span class='ocr_line' id='line_1_90' title="bbox 2257 4115 3831 4186; baseline 0.004 -17"><span class='ocrx_word' id='word_1_669' title='bbox 2257 4115 2702 4186; x_wconf 87' lang='lat' dir='ltr'><strong>presbyterorum</strong></span> <span class='ocrx_word' id='word_1_670' title='bbox 2747 4125 2799 4172; x_wconf 92' lang='lat' dir='ltr'><strong>et</strong></span> <span class='ocrx_word' id='word_1_671' title='bbox 2829 4119 3178 4174; x_wconf 90' lang='lat' dir='ltr'><strong>diaconorum</strong></span> <span class='ocrx_word' id='word_1_672' title='bbox 3231 4137 3429 4176; x_wconf 91' lang='lat' dir='ltr'><strong>causas</strong></span> <span class='ocrx_word' id='word_1_673' title='bbox 3479 4122 3831 4183; x_wconf 87' lang='lat' dir='ltr'><strong>terminarent,</strong></span> 
     </span>
    </p>
   </div>
   <div class='ocr_carea' id='block_1_91' title="bbox 2255 4203 3832 4282">
    <p class='ocr_par' dir='ltr' id='par_1_91' title="bbox 2255 4203 3832 4282">
     <span class='ocr_line' id='line_1_91' title="bbox 2255 4203 3832 4282; baseline 0.004 -26"><span class='ocrx_word' id='word_1_674' title='bbox 2255 4203 2586 4274; x_wconf 86' lang='lat' dir='ltr'><strong>reliquorum</strong></span> <span class='ocrx_word' id='word_1_675' title='bbox 2658 4205 2982 4260; x_wconf 90' lang='lat' dir='ltr'><strong>clericorum</strong></span> <span class='ocrx_word' id='word_1_676' title='bbox 3054 4209 3306 4279; x_wconf 89' lang='lat' dir='ltr'><strong>querelas</strong></span> <span class='ocrx_word' id='word_1_677' title='bbox 3364 4209 3514 4265; x_wconf 90' lang='lat' dir='ltr'><strong>solus</strong></span> <span class='ocrx_word' id='word_1_678' title='bbox 3566 4210 3832 4282; x_wconf 88' lang='lat' dir='ltr'><strong>episcopus</strong></span> 
     </span>
    </p>
   </div>
   <div class='ocr_carea' id='block_1_92' title="bbox 2257 4292 3832 4369">
    <p class='ocr_par' dir='ltr' id='par_1_92' title="bbox 2257 4292 3832 4369">
     <span class='ocr_line' id='line_1_92' title="bbox 2257 4292 3832 4369; baseline 0.003 -23"><span class='ocrx_word' id='word_1_679' title='bbox 2257 4301 2616 4364; x_wconf 82' lang='lat' dir='ltr'><strong>cognosceret</strong></span> <span class='ocrx_word' id='word_1_680' title='bbox 2647 4303 2698 4348; x_wconf 91' lang='lat' dir='ltr'><strong>et</strong></span> <span class='ocrx_word' id='word_1_681' title='bbox 2728 4292 2926 4359; x_wconf 86' lang='lat' dir='ltr'><strong>finiret,</strong></span> <span class='ocrx_word' id='word_1_682' title='bbox 2962 4296 3198 4366; x_wconf 89' lang='lat' dir='ltr'><strong>capitulo</strong></span> <span class='ocrx_word' id='word_1_683' title='bbox 3227 4299 3496 4369; x_wconf 89' lang='lat' dir='ltr'><strong>vigesimo</strong></span> <span class='ocrx_word' id='word_1_684' title='bbox 3525 4305 3709 4354; x_wconf 87' lang='lat' dir='ltr'><strong>octavo</strong></span> <span class='ocrx_word' id='word_1_685' title='bbox 3751 4297 3832 4351; x_wconf 92' lang='lat' dir='ltr'><strong>di-</strong></span> 
     </span>
    </p>
   </div>
   <div class='ocr_carea' id='block_1_93' title="bbox 2254 4379 3831 4454">
    <p class='ocr_par' dir='ltr' id='par_1_93' title="bbox 2254 4379 3831 4454">
     <span class='ocr_line' id='line_1_93' title="bbox 2254 4379 3831 4454; baseline 0.003 -20"><span class='ocrx_word' id='word_1_686' title='bbox 2254 4379 2324 4434; x_wconf 92' lang='lat' dir='ltr'><strong>cit</strong></span> <span class='ocrx_word' id='word_1_687' title='bbox 2359 4398 2370 4433; x_wconf 91' lang='lat'><strong>:</strong></span> <span class='ocrx_word' id='word_1_688' title='bbox 2409 4404 2428 4426; x_wconf 86' lang='lat'><strong>«</strong></span> <span class='ocrx_word' id='word_1_689' title='bbox 2469 4381 2534 4436; x_wconf 90' lang='lat' dir='ltr'><strong>Ut</strong></span> <span class='ocrx_word' id='word_1_690' title='bbox 2563 4381 2887 4454; x_wconf 78' lang='lat' dir='ltr'><strong>presbyteri,</strong></span> <span class='ocrx_word' id='word_1_691' title='bbox 2917 4383 3154 4451; x_wconf 92' lang='lat' dir='ltr'><strong>diaconi,</strong></span> <span class='ocrx_word' id='word_1_692' title='bbox 3202 4385 3288 4440; x_wconf 90' lang='lat' dir='ltr'><strong>vel</strong></span> <span class='ocrx_word' id='word_1_693' title='bbox 3338 4387 3520 4441; x_wconf 73' lang='lat' dir='ltr'><strong>cancri</strong></span> <span class='ocrx_word' id='word_1_694' title='bbox 3566 4385 3831 4441; x_wconf 83' lang='lat' dir='ltr'><strong>inferiores</strong></span> 
     </span>
    </p>
   </div>
   <div class='ocr_carea' id='block_1_94' title="bbox 549 4465 3833 4543">
    <p class='ocr_par' dir='ltr' id='par_1_94' title="bbox 549 4465 3833 4543">
     <span class='ocr_line' id='line_1_94' title="bbox 549 4465 3833 4543; baseline 0.002 -17"><span class='ocrx_word' id='word_1_695' title='bbox 549 4470 868 4526; x_wconf 84' lang='lat' dir='ltr'><strong>auctoritate</strong></span> <span class='ocrx_word' id='word_1_696' title='bbox 899 4471 1094 4526; x_wconf 86' lang='lat' dir='ltr'><strong>Leonis</strong></span> <span class='ocrx_word' id='word_1_697' title='bbox 1132 4486 1310 4542; x_wconf 85' lang='lat' dir='ltr'><strong>papae,</strong></span> <span class='ocrx_word' id='word_1_698' title='bbox 1348 4471 1669 4528; x_wconf 89' lang='lat' dir='ltr'><strong>Dioscorum</strong></span> <span class='ocrx_word' id='word_1_699' title='bbox 1726 4473 1778 4526; x_wconf 91' lang='lat' dir='ltr'><strong>in</strong></span> <span class='ocrx_word' id='word_1_700' title='bbox 1831 4474 2140 4530; x_wconf 89' lang='lat' dir='ltr'><strong>Chalcedo-</strong></span> <span class='ocrx_word' id='word_1_701' title='bbox 2169 4465 2450 4535; x_wconf 79' lang='lat' dir='ltr'><strong>Dclerici,</strong></span> <span class='ocrx_word' id='word_1_702' title='bbox 2511 4469 2562 4522; x_wconf 85' lang='lat' dir='ltr'><strong>in</strong></span> <span class='ocrx_word' id='word_1_703' title='bbox 2627 4470 2806 4524; x_wconf 76' lang='lat' dir='ltr'><strong>causis</strong></span> <span class='ocrx_word' id='word_1_704' title='bbox 2865 4488 2999 4543; x_wconf 85' lang='lat' dir='ltr'><strong>quas</strong></span> <span class='ocrx_word' id='word_1_705' title='bbox 3054 4473 3356 4541; x_wconf 85' lang='lat' dir='ltr'><strong>habuerint,</strong></span> <span class='ocrx_word' id='word_1_706' title='bbox 3417 4475 3464 4528; x_wconf 92' lang='lat' dir='ltr'><strong>si</strong></span> <span class='ocrx_word' id='word_1_707' title='bbox 3515 4475 3583 4530; x_wconf 86' lang='lat' dir='ltr'><strong>de</strong></span> <span class='ocrx_word' id='word_1_708' title='bbox 3631 4473 3833 4543; x_wconf 76' lang='lat' dir='ltr'><strong>iudiciis</strong></span> 
     </span>
    </p>
   </div>
   <div class='ocr_carea' id='block_1_95' title="bbox 549 4557 2143 4629">
    <p class='ocr_par' dir='ltr' id='par_1_95' title="bbox 549 4557 2143 4629">
     <span class='ocr_line' id='line_1_95' title="bbox 549 4557 2143 4629; baseline 0.001 -15"><span class='ocrx_word' id='word_1_709' title='bbox 549 4557 705 4616; x_wconf 90' lang='lat' dir='ltr'><strong>nensi</strong></span> <span class='ocrx_word' id='word_1_710' title='bbox 737 4558 987 4629; x_wconf 91' lang='lat' dir='ltr'><strong>concilio,</strong></span> <span class='ocrx_word' id='word_1_711' title='bbox 1021 4567 1074 4614; x_wconf 93' lang='lat' dir='ltr'><strong>et</strong></span> <span class='ocrx_word' id='word_1_712' title='bbox 1129 4557 1367 4614; x_wconf 79' lang='lat' dir='ltr'><strong>Felicem</strong></span> <span class='ocrx_word' id='word_1_713' title='bbox 1413 4561 1692 4626; x_wconf 81' lang='lat' dir='ltr'><strong>Acacium,</strong></span> <span class='ocrx_word' id='word_1_714' title='bbox 1753 4568 1805 4616; x_wconf 89' lang='lat' dir='ltr'><strong>et</strong></span> <span class='ocrx_word' id='word_1_715' title='bbox 1854 4560 2143 4618; x_wconf 88' lang='lat' dir='ltr'><strong>Silverium</strong></span> 
     </span>
    </p>
   </div>
   <div class='ocr_carea' id='block_1_96' title="bbox 547 4647 2146 4722">
    <p class='ocr_par' dir='ltr' id='par_1_96' title="bbox 547 4647 2146 4722">
     <span class='ocr_line' id='line_1_96' title="bbox 547 4647 2146 4722; baseline -0.001 -17"><span class='ocrx_word' id='word_1_716' title='bbox 547 4663 751 4720; x_wconf 83' lang='lat' dir='ltr'><strong>papam</strong></span> <span class='ocrx_word' id='word_1_717' title='bbox 781 4647 1058 4722; x_wconf 78' lang='lat' dir='ltr'><strong>Vigilium,</strong></span> <span class='ocrx_word' id='word_1_718' title='bbox 1083 4656 1134 4703; x_wconf 90' lang='lat' dir='ltr'><strong>et</strong></span> <span class='ocrx_word' id='word_1_719' title='bbox 1156 4657 1384 4703; x_wconf 66' lang='lat' dir='ltr'><strong>caeteros</strong></span> <span class='ocrx_word' id='word_1_720' title='bbox 1413 4648 1670 4704; x_wconf 71' lang='lat' dir='ltr'><strong>Romana:</strong></span> <span class='ocrx_word' id='word_1_721' title='bbox 1686 4649 1832 4704; x_wconf 91' lang='lat' dir='ltr'><strong>sedis</strong></span> <span class='ocrx_word' id='word_1_722' title='bbox 1863 4650 2146 4720; x_wconf 86' lang='lat' dir='ltr'><strong>pontifices</strong></span> 
     </span>
    </p>
   </div>
   <div class='ocr_carea' id='block_1_97' title="bbox 546 4734 2143 4809">
    <p class='ocr_par' dir='ltr' id='par_1_97' title="bbox 546 4734 2143 4809">
     <span class='ocr_line' id='line_1_97' title="bbox 546 4734 2143 4809; baseline 0.001 -17"><span class='ocrx_word' id='word_1_723' title='bbox 546 4753 645 4808; x_wconf 86' lang='lat' dir='ltr'><strong>per</strong></span> <span class='ocrx_word' id='word_1_724' title='bbox 673 4737 999 4809; x_wconf 87' lang='lat' dir='ltr'><strong>scripturam</strong></span> <span class='ocrx_word' id='word_1_725' title='bbox 1029 4735 1212 4806; x_wconf 88' lang='lat' dir='ltr'><strong>plures</strong></span> <span class='ocrx_word' id='word_1_726' title='bbox 1258 4735 1349 4808; x_wconf 91' lang='lat' dir='ltr'><strong>qui</strong></span> <span class='ocrx_word' id='word_1_727' title='bbox 1381 4734 1709 4806; x_wconf 84' lang='lat' dir='ltr'><strong>resipiscere</strong></span> <span class='ocrx_word' id='word_1_728' title='bbox 1740 4738 2028 4793; x_wconf 89' lang='lat' dir='ltr'><strong>noluerunt</strong></span> <span class='ocrx_word' id='word_1_729' title='bbox 2066 4738 2143 4794; x_wconf 90' lang='lat' dir='ltr'><strong>le-</strong></span> 
     </span>
    </p>
   </div>
   <div class='ocr_carea' id='block_1_98' title="bbox 546 4823 1176 4894">
    <p class='ocr_par' dir='ltr' id='par_1_98' title="bbox 546 4823 1176 4894">
     <span class='ocr_line' id='line_1_98' title="bbox 546 4823 1176 4894; baseline 0.003 -17"><span class='ocrx_word' id='word_1_730' title='bbox 546 4823 728 4894; x_wconf 76' lang='lat' dir='ltr'><strong>gimus</strong></span> <span class='ocrx_word' id='word_1_731' title='bbox 758 4824 1176 4880; x_wconf 89' lang='lat' dir='ltr'><strong>condemnasse.</strong></span> 
     </span>
    </p>
   </div>
   <div class='ocr_carea' id='block_1_99' title="bbox 1115 4921 1574 4978">
    <p class='ocr_par' dir='ltr' id='par_1_99' title="bbox 1115 4921 1574 4978">
     <span class='ocr_line' id='line_1_99' title="bbox 1115 4921 1574 4978; baseline -0.002 -2"><span class='ocrx_word' id='word_1_732' title='bbox 1115 4923 1340 4978; x_wconf 78' lang='lat' dir='ltr'><strong>CAPUT</strong></span> <span class='ocrx_word' id='word_1_733' title='bbox 1368 4921 1574 4976; x_wconf 79' lang='lat' dir='ltr'>XXIX.</span> 
     </span>
    </p>
   </div>
   <div class='ocr_carea' id='block_1_100' title="bbox 552 4989 2207 5063">
    <p class='ocr_par' dir='ltr' id='par_1_100' title="bbox 552 4989 2207 5063">
     <span class='ocr_line' id='line_1_100' title="bbox 552 4989 2207 5063; baseline 0.002 -18"><span class='ocrx_word' id='word_1_734' title='bbox 552 4989 693 5060; x_wconf 84' lang='lat' dir='ltr'><strong>Quid</strong></span> <span class='ocrx_word' id='word_1_735' title='bbox 750 5007 990 5047; x_wconf 82' lang='lat' dir='ltr'><strong>canones</strong></span> <span class='ocrx_word' id='word_1_736' title='bbox 1045 4997 1309 5048; x_wconf 83' lang='lat' dir='ltr'><strong>statuant</strong></span> <span class='ocrx_word' id='word_1_737' title='bbox 1363 4991 1428 5047; x_wconf 88' lang='lat' dir='ltr'><strong>de</strong></span> <span class='ocrx_word' id='word_1_738' title='bbox 1487 4993 1883 5063; x_wconf 84' lang='lat' dir='ltr'><strong>irregulariter</strong></span> <span class='ocrx_word' id='word_1_739' title='bbox 1913 5008 2143 5049; x_wconf 70' lang='lat' dir='ltr'><strong>excom-</strong></span> <span class='ocrx_word' id='word_1_740' title='bbox 2192 5015 2207 5027; x_wconf 85' lang='grc'><strong>·</strong></span> 
     </span>
    </p>
   </div>
   <div class='ocr_carea' id='block_1_101' title="bbox 1192 5064 1522 5118">
    <p class='ocr_par' dir='ltr' id='par_1_101' title="bbox 1192 5064 1522 5118">
     <span class='ocr_line' id='line_1_101' title="bbox 1192 5064 1522 5118; baseline 0 0"><span class='ocrx_word' id='word_1_741' title='bbox 1192 5064 1522 5118; x_wconf 80' lang='lat' dir='ltr'><strong>manicatis.</strong></span> 
     </span>
    </p>
   </div>
   <div class='ocr_carea' id='block_1_102' title="bbox 621 5145 2140 5224">
    <p class='ocr_par' dir='ltr' id='par_1_102' title="bbox 621 5145 2140 5224">
     <span class='ocr_line' id='line_1_102' title="bbox 621 5145 2140 5224; baseline 0.001 -19"><span class='ocrx_word' id='word_1_742' title='bbox 621 5149 777 5213; x_wconf 77' lang='lat' dir='ltr'><strong>Vide,</strong></span> <span class='ocrx_word' id='word_1_743' title='bbox 811 5145 1003 5214; x_wconf 85' lang='lat' dir='ltr'><strong>frater,</strong></span> <span class='ocrx_word' id='word_1_744' title='bbox 1061 5151 1106 5204; x_wconf 92' lang='lat' dir='ltr'><strong>si</strong></span> <span class='ocrx_word' id='word_1_745' title='bbox 1147 5149 1248 5205; x_wconf 87' lang='lat' dir='ltr'><strong>bas</strong></span> <span class='ocrx_word' id='word_1_746' title='bbox 1279 5166 1465 5208; x_wconf 88' lang='lat' dir='ltr'><strong>sacras</strong></span> <span class='ocrx_word' id='word_1_747' title='bbox 1508 5150 1663 5224; x_wconf 83' lang='lat' dir='ltr'><strong>leges</strong></span> <span class='ocrx_word' id='word_1_748' title='bbox 1719 5150 1868 5205; x_wconf 86' lang='lat' dir='ltr'><strong>fuisti</strong></span> <span class='ocrx_word' id='word_1_749' title='bbox 1899 5160 2140 5218; x_wconf 90' lang='lat' dir='ltr'><strong>secutus,</strong></span> 
     </span>
    </p>
   </div>
   <div class='ocr_carea' id='block_1_103' title="bbox 538 5238 2144 5312">
    <p class='ocr_par' dir='ltr' id='par_1_103' title="bbox 538 5238 2144 5312">
     <span class='ocr_line' id='line_1_103' title="bbox 538 5238 2144 5312; baseline 0.001 -19"><span class='ocrx_word' id='word_1_750' title='bbox 538 5239 756 5312; x_wconf 87' lang='lat' dir='ltr'><strong>quando</strong></span> <span class='ocrx_word' id='word_1_751' title='bbox 787 5238 1141 5310; x_wconf 81' lang='lat' dir='ltr'><strong>presbyteros</strong></span> <span class='ocrx_word' id='word_1_752' title='bbox 1172 5246 1222 5292; x_wconf 94' lang='lat' dir='ltr'><strong>et</strong></span> <span class='ocrx_word' id='word_1_753' title='bbox 1278 5239 1542 5296; x_wconf 89' lang='lat' dir='ltr'><strong>diaconos</strong></span> <span class='ocrx_word' id='word_1_754' title='bbox 1602 5239 1883 5310; x_wconf 74' lang='lat' dir='ltr'><strong>parochia:</strong></span> <span class='ocrx_word' id='word_1_755' title='bbox 1927 5248 2035 5296; x_wconf 65' lang='lat' dir='ltr'><strong>tua:</strong></span> <span class='ocrx_word' id='word_1_756' title='bbox 2074 5242 2144 5294; x_wconf 89' lang='lat' dir='ltr'><strong>ab</strong></span> 
     </span>
    </p>
   </div>
   <div class='ocr_carea' id='block_1_104' title="bbox 545 5325 2142 5398">
    <p class='ocr_par' dir='ltr' id='par_1_104' title="bbox 545 5325 2142 5398">
     <span class='ocr_line' id='line_1_104' title="bbox 545 5325 2142 5398; baseline 0 -16"><span class='ocrx_word' id='word_1_757' title='bbox 545 5325 726 5382; x_wconf 72' lang='lat' dir='ltr'><strong>ofﬁcio</strong></span> <span class='ocrx_word' id='word_1_758' title='bbox 756 5325 1129 5384; x_wconf 90' lang='lat' dir='ltr'><strong>ecclesiastico</strong></span> <span class='ocrx_word' id='word_1_759' title='bbox 1146 5328 1481 5398; x_wconf 87' lang='lat' dir='ltr'><strong>generaliter</strong></span> <span class='ocrx_word' id='word_1_760' title='bbox 1497 5329 1998 5395; x_wconf 84' lang='lat' dir='ltr'><strong>excommunicasti,</strong></span> <span class='ocrx_word' id='word_1_761' title='bbox 2019 5345 2142 5384; x_wconf 90' lang='lat' dir='ltr'><strong>cum</strong></span> 
     </span>
    </p>
   </div>
   <div class='ocr_carea' id='block_1_105' title="bbox 537 5413 2140 5488">
    <p class='ocr_par' dir='ltr' id='par_1_105' title="bbox 537 5413 2140 5488">
     <span class='ocr_line' id='line_1_105' title="bbox 537 5413 2140 5488; baseline 0.001 -19"><span class='ocrx_word' id='word_1_762' title='bbox 537 5413 904 5470; x_wconf 89' lang='lat' dir='ltr'><strong>certissimum</strong></span> <span class='ocrx_word' id='word_1_763' title='bbox 944 5424 1106 5488; x_wconf 88' lang='lat' dir='ltr'><strong>atque</strong></span> <span class='ocrx_word' id='word_1_764' title='bbox 1138 5414 1480 5470; x_wconf 81' lang='lat' dir='ltr'><strong>notissimum</strong></span> <span class='ocrx_word' id='word_1_765' title='bbox 1511 5425 1562 5471; x_wconf 89' lang='lat' dir='ltr'><strong>et</strong></span> <span class='ocrx_word' id='word_1_766' title='bbox 1591 5417 1750 5473; x_wconf 92' lang='lat' dir='ltr'><strong>nobis</strong></span> <span class='ocrx_word' id='word_1_767' title='bbox 1776 5425 1828 5471; x_wconf 87' lang='lat' dir='ltr'><strong>et</strong></span> <span class='ocrx_word' id='word_1_768' title='bbox 1885 5417 2140 5472; x_wconf 90' lang='lat' dir='ltr'><strong>omnibus</strong></span> 
     </span>
    </p>
   </div>
   <div class='ocr_carea' id='block_1_106' title="bbox 535 5501 2136 5577">
    <p class='ocr_par' dir='ltr' id='par_1_106' title="bbox 535 5501 2136 5577">
     <span class='ocr_line' id='line_1_106' title="bbox 535 5501 2136 5577; baseline 0.003 -21"><span class='ocrx_word' id='word_1_769' title='bbox 535 5501 593 5557; x_wconf 88' lang='lat' dir='ltr'><strong>in</strong></span> <span class='ocrx_word' id='word_1_770' title='bbox 621 5502 725 5557; x_wconf 89' lang='lat' dir='ltr'><strong>hac</strong></span> <span class='ocrx_word' id='word_1_771' title='bbox 739 5501 1032 5560; x_wconf 78' lang='lat' dir='ltr'><strong>Bhemensi</strong></span> <span class='ocrx_word' id='word_1_772' title='bbox 1058 5504 1342 5576; x_wconf 87' lang='lat' dir='ltr'><strong>provincia</strong></span> <span class='ocrx_word' id='word_1_773' title='bbox 1371 5503 1655 5570; x_wconf 86' lang='lat' dir='ltr'><strong>habeatur,</strong></span> <span class='ocrx_word' id='word_1_774' title='bbox 1708 5506 1854 5577; x_wconf 87' lang='lat' dir='ltr'><strong>quod</strong></span> <span class='ocrx_word' id='word_1_775' title='bbox 1893 5521 1996 5561; x_wconf 92' lang='lat' dir='ltr'><strong>nec</strong></span> <span class='ocrx_word' id='word_1_776' title='bbox 2045 5519 2136 5562; x_wconf 87' lang='lat' dir='ltr'><strong>ac-</strong></span> 
     </span>
    </p>
   </div>
   <div class='ocr_carea' id='block_1_107' title="bbox 533 5591 2144 5664">
    <p class='ocr_par' dir='ltr' id='par_1_107' title="bbox 533 5591 2144 5664">
     <span class='ocr_line' id='line_1_107' title="bbox 533 5591 2144 5664; baseline 0.001 -19"><span class='ocrx_word' id='word_1_777' title='bbox 533 5591 727 5652; x_wconf 82' lang='lat' dir='ltr'><strong>cusati,</strong></span> <span class='ocrx_word' id='word_1_778' title='bbox 762 5606 860 5645; x_wconf 78' lang='lat' dir='ltr'><strong>nec</strong></span> <span class='ocrx_word' id='word_1_779' title='bbox 882 5591 1138 5651; x_wconf 81' lang='lat' dir='ltr'><strong>confessi,</strong></span> <span class='ocrx_word' id='word_1_780' title='bbox 1175 5609 1352 5663; x_wconf 87' lang='lat' dir='ltr'><strong>neque</strong></span> <span class='ocrx_word' id='word_1_781' title='bbox 1383 5593 1614 5648; x_wconf 87' lang='lat' dir='ltr'><strong>convicti</strong></span> <span class='ocrx_word' id='word_1_782' title='bbox 1645 5594 1715 5647; x_wconf 90' lang='lat' dir='ltr'><strong>de</strong></span> <span class='ocrx_word' id='word_1_783' title='bbox 1747 5593 1928 5664; x_wconf 90' lang='lat' dir='ltr'><strong>aliquo</strong></span> <span class='ocrx_word' id='word_1_784' title='bbox 1960 5593 2144 5648; x_wconf 89' lang='lat' dir='ltr'><strong>crimi-</strong></span> 
     </span>
    </p>
   </div>
   <div class='ocr_carea' id='block_1_108' title="bbox 2245 4555 3826 4634">
    <p class='ocr_par' dir='ltr' id='par_1_108' title="bbox 2245 4555 3826 4634">
     <span class='ocr_line' id='line_1_108' title="bbox 2245 4555 3826 4634; baseline 0.002 -24"><span class='ocrx_word' id='word_1_785' title='bbox 2245 4555 2627 4627; x_wconf 89' lang='lat' dir='ltr'><strong>episcoporum</strong></span> <span class='ocrx_word' id='word_1_786' title='bbox 2682 4573 2903 4614; x_wconf 86' lang='lat' dir='ltr'><strong>suorum</strong></span> <span class='ocrx_word' id='word_1_787' title='bbox 2934 4561 3113 4630; x_wconf 88' lang='lat' dir='ltr'><strong>questi</strong></span> <span class='ocrx_word' id='word_1_788' title='bbox 3148 4560 3366 4628; x_wconf 84' lang='lat' dir='ltr'><strong>fuerint,</strong></span> <span class='ocrx_word' id='word_1_789' title='bbox 3421 4561 3579 4618; x_wconf 87' lang='lat' dir='ltr'><strong>vicini</strong></span> <span class='ocrx_word' id='word_1_790' title='bbox 3605 4561 3826 4634; x_wconf 84' lang='lat' dir='ltr'><strong>episcOpi</strong></span> 
     </span>
    </p>
   </div>
   <div class='ocr_carea' id='block_1_109' title="bbox 2245 4657 3826 4730">
    <p class='ocr_par' dir='ltr' id='par_1_109' title="bbox 2245 4657 3826 4730">
     <span class='ocr_line' id='line_1_109' title="bbox 2245 4657 3826 4730; baseline -0.001 -20"><span class='ocrx_word' id='word_1_791' title='bbox 2245 4669 2342 4710; x_wconf 89' lang='lat' dir='ltr'><strong>eos</strong></span> <span class='ocrx_word' id='word_1_792' title='bbox 2371 4670 2493 4710; x_wconf 90' lang='lat' dir='ltr'><strong>cum</strong></span> <span class='ocrx_word' id='word_1_793' title='bbox 2524 4671 2797 4710; x_wconf 84' lang='lat' dir='ltr'><strong>consensu</strong></span> <span class='ocrx_word' id='word_1_794' title='bbox 2830 4657 2915 4711; x_wconf 92' lang='lat' dir='ltr'><strong>sui</strong></span> <span class='ocrx_word' id='word_1_795' title='bbox 2944 4658 3187 4730; x_wconf 89' lang='lat' dir='ltr'><strong>episcopi</strong></span> <span class='ocrx_word' id='word_1_796' title='bbox 3217 4659 3455 4729; x_wconf 90' lang='lat' dir='ltr'><strong>audiant,</strong></span> <span class='ocrx_word' id='word_1_797' title='bbox 3508 4669 3560 4716; x_wconf 88' lang='lat' dir='ltr'><strong>et</strong></span> <span class='ocrx_word' id='word_1_798' title='bbox 3588 4661 3716 4714; x_wconf 89' lang='lat' dir='ltr'><strong>inter</strong></span> <span class='ocrx_word' id='word_1_799' title='bbox 3741 4672 3826 4711; x_wconf 81' lang='lat' dir='ltr'><strong>eos</strong></span> 
     </span>
    </p>
   </div>
   <div class='ocr_carea' id='block_1_110' title="bbox 2243 4750 3828 4826">
    <p class='ocr_par' dir='ltr' id='par_1_110' title="bbox 2243 4750 3828 4826">
     <span class='ocr_line' id='line_1_110' title="bbox 2243 4750 3828 4826; baseline 0.001 -20"><span class='ocrx_word' id='word_1_800' title='bbox 2243 4750 2510 4806; x_wconf 79' lang='lat' dir='ltr'><strong>diﬁiniant</strong></span> <span class='ocrx_word' id='word_1_801' title='bbox 2538 4753 2767 4807; x_wconf 89' lang='lat' dir='ltr'><strong>adhibiti</strong></span> <span class='ocrx_word' id='word_1_802' title='bbox 2797 4754 2866 4808; x_wconf 92' lang='lat' dir='ltr'><strong>ab</strong></span> <span class='ocrx_word' id='word_1_803' title='bbox 2895 4754 2975 4808; x_wconf 91' lang='lat' dir='ltr'><strong>eis</strong></span> <span class='ocrx_word' id='word_1_804' title='bbox 3006 4757 3270 4826; x_wconf 87' lang='lat' dir='ltr'><strong>episcopi.</strong></span> <span class='ocrx_word' id='word_1_805' title='bbox 3322 4756 3480 4825; x_wconf 86' lang='lat' dir='ltr'><strong>Quod</strong></span> <span class='ocrx_word' id='word_1_806' title='bbox 3517 4759 3562 4812; x_wconf 91' lang='lat' dir='ltr'><strong>si</strong></span> <span class='ocrx_word' id='word_1_807' title='bbox 3592 4766 3642 4812; x_wconf 91' lang='lat' dir='ltr'><strong>et</strong></span> <span class='ocrx_word' id='word_1_808' title='bbox 3668 4757 3730 4811; x_wconf 91' lang='lat' dir='ltr'><strong>ab</strong></span> <span class='ocrx_word' id='word_1_809' title='bbox 3755 4753 3828 4809; x_wconf 89' lang='lat' dir='ltr'><strong>eis</strong></span> 
     </span>
    </p>
   </div>
   <div class='ocr_carea' id='block_1_111' title="bbox 2244 4849 3824 4922">
    <p class='ocr_par' dir='ltr' id='par_1_111' title="bbox 2244 4849 3824 4922">
     <span class='ocr_line' id='line_1_111' title="bbox 2244 4849 3824 4922; baseline 0.001 -19"><span class='ocrx_word' id='word_1_810' title='bbox 2244 4849 2647 4919; x_wconf 88' lang='lat' dir='ltr'><strong>provocandum</strong></span> <span class='ocrx_word' id='word_1_811' title='bbox 2675 4851 2997 4920; x_wconf 86' lang='lat' dir='ltr'><strong>putaverint,</strong></span> <span class='ocrx_word' id='word_1_812' title='bbox 3033 4868 3142 4908; x_wconf 91' lang='lat' dir='ltr'><strong>non</strong></span> <span class='ocrx_word' id='word_1_813' title='bbox 3167 4863 3467 4922; x_wconf 83' lang='lat' dir='ltr'><strong>provocent</strong></span> <span class='ocrx_word' id='word_1_814' title='bbox 3493 4856 3562 4910; x_wconf 93' lang='lat' dir='ltr'><strong>ad</strong></span> <span class='ocrx_word' id='word_1_815' title='bbox 3582 4863 3824 4910; x_wconf 82' lang='lat' dir='ltr'><strong>transma-</strong></span> 
     </span>
    </p>
   </div>
   <div class='ocr_carea' id='block_1_112' title="bbox 2246 4935 3825 5013">
    <p class='ocr_par' dir='ltr' id='par_1_112' title="bbox 2246 4935 3825 5013">
     <span class='ocr_line' id='line_1_112' title="bbox 2246 4935 3825 5013; baseline 0.002 -24"><span class='ocrx_word' id='word_1_816' title='bbox 2246 4936 2361 4990; x_wconf 89' lang='lat' dir='ltr'><strong>rina</strong></span> <span class='ocrx_word' id='word_1_817' title='bbox 2388 4935 2613 5004; x_wconf 78' lang='lat' dir='ltr'><strong>judicia,</strong></span> <span class='ocrx_word' id='word_1_818' title='bbox 2645 4939 2744 4993; x_wconf 90' lang='lat' dir='ltr'><strong>sed</strong></span> <span class='ocrx_word' id='word_1_819' title='bbox 2774 4938 2845 4994; x_wconf 88' lang='lat' dir='ltr'><strong>ad</strong></span> <span class='ocrx_word' id='word_1_820' title='bbox 2873 4939 3136 5009; x_wconf 88' lang='lat' dir='ltr'><strong>primates</strong></span> <span class='ocrx_word' id='word_1_821' title='bbox 3166 4957 3386 4996; x_wconf 88' lang='lat' dir='ltr'><strong>suarum</strong></span> <span class='ocrx_word' id='word_1_822' title='bbox 3424 4942 3825 5013; x_wconf 84' lang='lat' dir='ltr'><strong>provinciarum,</strong></span> 
     </span>
    </p>
   </div>
   <div class='ocr_carea' id='block_1_113' title="bbox 2246 5023 3826 5099">
    <p class='ocr_par' dir='ltr' id='par_1_113' title="bbox 2246 5023 3826 5099">
     <span class='ocr_line' id='line_1_113' title="bbox 2246 5023 3826 5099; baseline 0.001 -21"><span class='ocrx_word' id='word_1_823' title='bbox 2246 5023 2383 5080; x_wconf 90' lang='lat' dir='ltr'><strong>sicut</strong></span> <span class='ocrx_word' id='word_1_824' title='bbox 2443 5033 2496 5078; x_wconf 93' lang='lat' dir='ltr'><strong>et</strong></span> <span class='ocrx_word' id='word_1_825' title='bbox 2551 5026 2618 5080; x_wconf 93' lang='lat' dir='ltr'><strong>de</strong></span> <span class='ocrx_word' id='word_1_826' title='bbox 2676 5027 2946 5097; x_wconf 88' lang='lat' dir='ltr'><strong>episcopis</strong></span> <span class='ocrx_word' id='word_1_827' title='bbox 2999 5044 3145 5099; x_wconf 66' lang='lat' dir='ltr'><strong>saepe</strong></span> <span class='ocrx_word' id='word_1_828' title='bbox 3199 5031 3555 5085; x_wconf 87' lang='lat' dir='ltr'><strong>constitutum</strong></span> <span class='ocrx_word' id='word_1_829' title='bbox 3609 5039 3699 5086; x_wconf 88' lang='lat' dir='ltr'><strong>est.</strong></span> <span class='ocrx_word' id='word_1_830' title='bbox 3748 5026 3826 5081; x_wconf 79' lang='lat' dir='ltr'><strong>Ad</strong></span> 
     </span>
    </p>
   </div>
   <div class='ocr_carea' id='block_1_114' title="bbox 2243 5112 3830 5190">
    <p class='ocr_par' dir='ltr' id='par_1_114' title="bbox 2243 5112 3830 5190">
     <span class='ocr_line' id='line_1_114' title="bbox 2243 5112 3830 5190; baseline 0.001 -24"><span class='ocrx_word' id='word_1_831' title='bbox 2243 5112 2604 5167; x_wconf 87' lang='lat' dir='ltr'><strong>transmarina</strong></span> <span class='ocrx_word' id='word_1_832' title='bbox 2649 5122 2832 5169; x_wconf 88' lang='lat' dir='ltr'><strong>autem</strong></span> <span class='ocrx_word' id='word_1_833' title='bbox 2879 5117 2976 5186; x_wconf 90' lang='lat' dir='ltr'><strong>qui</strong></span> <span class='ocrx_word' id='word_1_834' title='bbox 3023 5117 3332 5186; x_wconf 88' lang='lat' dir='ltr'><strong>putaverint</strong></span> <span class='ocrx_word' id='word_1_835' title='bbox 3374 5119 3760 5190; x_wconf 86' lang='lat' dir='ltr'><strong>appellandum,</strong></span> <span class='ocrx_word' id='word_1_836' title='bbox 3795 5131 3830 5168; x_wconf 92' lang='lat' dir='ltr'><strong>a</strong></span> 
     </span>
    </p>
   </div>
   <div class='ocr_carea' id='block_1_115' title="bbox 2244 5207 3820 5286">
    <p class='ocr_par' dir='ltr' id='par_1_115' title="bbox 2244 5207 3820 5286">
     <span class='ocr_line' id='line_1_115' title="bbox 2244 5207 3820 5286; baseline 0.001 -25"><span class='ocrx_word' id='word_1_837' title='bbox 2244 5207 2393 5262; x_wconf 88' lang='lat' dir='ltr'><strong>nullo</strong></span> <span class='ocrx_word' id='word_1_838' title='bbox 2421 5209 2560 5264; x_wconf 89' lang='lat' dir='ltr'><strong>intra</strong></span> <span class='ocrx_word' id='word_1_839' title='bbox 2588 5208 2825 5266; x_wconf 84' lang='lat' dir='ltr'><strong>Africam</strong></span> <span class='ocrx_word' id='word_1_840' title='bbox 2859 5210 2912 5264; x_wconf 90' lang='lat' dir='ltr'><strong>in</strong></span> <span class='ocrx_word' id='word_1_841' title='bbox 2941 5213 3378 5268; x_wconf 89' lang='lat' dir='ltr'><strong>communionem</strong></span> <span class='ocrx_word' id='word_1_842' title='bbox 3411 5215 3773 5286; x_wconf 86' lang='lat' dir='ltr'><strong>suscipiantur.</strong></span> <span class='ocrx_word' id='word_1_843' title='bbox 3799 5231 3820 5257; x_wconf 73' lang='grc' dir='ltr'><strong>ι</strong></span> 
     </span>
    </p>
   </div>
   <div class='ocr_carea' id='block_1_116' title="bbox 2242 5304 3824 5383">
    <p class='ocr_par' dir='ltr' id='par_1_116' title="bbox 2242 5304 3824 5383">
     <span class='ocr_line' id='line_1_116' title="bbox 2242 5304 3824 5383; baseline 0 -24"><span class='ocrx_word' id='word_1_844' title='bbox 2242 5305 2305 5359; x_wconf 86' lang='lat' dir='ltr'><strong>Et</strong></span> <span class='ocrx_word' id='word_1_845' title='bbox 2323 5304 2636 5361; x_wconf 84' lang='lat' dir='ltr'><strong>Africanum</strong></span> <span class='ocrx_word' id='word_1_846' title='bbox 2656 5307 2946 5363; x_wconf 88' lang='lat' dir='ltr'><strong>concilium</strong></span> <span class='ocrx_word' id='word_1_847' title='bbox 2961 5308 3200 5378; x_wconf 88' lang='lat' dir='ltr'><strong>capitulo</strong></span> <span class='ocrx_word' id='word_1_848' title='bbox 3220 5312 3583 5383; x_wconf 87' lang='lat' dir='ltr'><strong>nonagesimo</strong></span> <span class='ocrx_word' id='word_1_849' title='bbox 3605 5306 3824 5366; x_wconf 89' lang='lat' dir='ltr'><strong>secundo</strong></span> 
     </span>
    </p>
   </div>
   <div class='ocr_carea' id='block_1_117' title="bbox 2242 5402 3822 5479">
    <p class='ocr_par' dir='ltr' id='par_1_117' title="bbox 2242 5402 3822 5479">
     <span class='ocr_line' id='line_1_117' title="bbox 2242 5402 3822 5479; baseline 0.001 -24"><span class='ocrx_word' id='word_1_850' title='bbox 2242 5402 2358 5456; x_wconf 56' lang='lat' dir='ltr'><strong>haec</strong></span> <span class='ocrx_word' id='word_1_851' title='bbox 2388 5403 2576 5458; x_wconf 90' lang='lat' dir='ltr'><strong>eadem</strong></span> <span class='ocrx_word' id='word_1_852' title='bbox 2608 5403 2872 5459; x_wconf 77' lang='lat' dir='ltr'><strong>ditﬁnivit.</strong></span> <span class='ocrx_word' id='word_1_853' title='bbox 2907 5404 3010 5474; x_wconf 91' lang='lat' dir='ltr'><strong>Qui</strong></span> <span class='ocrx_word' id='word_1_854' title='bbox 3059 5419 3298 5461; x_wconf 75' lang='lat' dir='ltr'><strong>canones</strong></span> <span class='ocrx_word' id='word_1_855' title='bbox 3341 5416 3570 5479; x_wconf 81' lang='lat' dir='ltr'><strong>propter</strong></span> <span class='ocrx_word' id='word_1_856' title='bbox 3621 5404 3822 5478; x_wconf 82' lang='lat' dir='ltr'><strong>longin-</strong></span> 
     </span>
    </p>
   </div>
   <div class='ocr_carea' id='block_1_118' title="bbox 2245 5497 3820 5576">
    <p class='ocr_par' dir='ltr' id='par_1_118' title="bbox 2245 5497 3820 5576">
     <span class='ocr_line' id='line_1_118' title="bbox 2245 5497 3820 5576; baseline 0.003 -24"><span class='ocrx_word' id='word_1_857' title='bbox 2245 5497 2501 5569; x_wconf 85' lang='lat' dir='ltr'><strong>quitatem</strong></span> <span class='ocrx_word' id='word_1_858' title='bbox 2531 5499 2842 5570; x_wconf 84' lang='lat' dir='ltr'><strong>primatum,</strong></span> <span class='ocrx_word' id='word_1_859' title='bbox 2879 5503 2948 5556; x_wconf 88' lang='lat' dir='ltr'><strong>ad</strong></span> <span class='ocrx_word' id='word_1_860' title='bbox 2978 5501 3236 5558; x_wconf 80' lang='lat' dir='ltr'><strong>finitimos</strong></span> <span class='ocrx_word' id='word_1_861' title='bbox 3257 5503 3572 5576; x_wconf 82' lang='lat' dir='ltr'><strong>episcopos,</strong></span> <span class='ocrx_word' id='word_1_862' title='bbox 3608 5502 3820 5576; x_wconf 82' lang='lat' dir='ltr'><strong>presby-</strong></span> 
     </span>
    </p>
   </div>
   <div class='ocr_carea' id='block_1_119' title="bbox 2240 5580 3819 5675">
    <p class='ocr_par' dir='ltr' id='par_1_119' title="bbox 2240 5580 3819 5675">
     <span class='ocr_line' id='line_1_119' title="bbox 2240 5580 3819 5675; baseline 0.004 -28"><span class='ocrx_word' id='word_1_863' title='bbox 2240 5601 2408 5653; x_wconf 65' lang='grc' dir='ltr'><strong>ιρι-οε.</strong></span> <span class='ocrx_word' id='word_1_864' title='bbox 2442 5597 2528 5652; x_wconf 90' lang='lat' dir='ltr'><strong>vel</strong></span> <span class='ocrx_word' id='word_1_865' title='bbox 2560 5598 2844 5664; x_wconf 87' lang='lat' dir='ltr'><strong>diaconos,</strong></span> <span class='ocrx_word' id='word_1_866' title='bbox 2878 5616 2942 5656; x_wconf 92' lang='lat' dir='ltr'><strong>ac</strong></span> <span class='ocrx_word' id='word_1_867' title='bbox 2975 5601 3218 5673; x_wconf 88' lang='lat' dir='ltr'><strong>reliquos</strong></span> <span class='ocrx_word' id='word_1_868' title='bbox 3247 5602 3480 5658; x_wconf 75' lang='lat' dir='ltr'><strong>clericos</strong></span> <span class='ocrx_word' id='word_1_869' title='bbox 3523 5580 3819 5675; x_wconf 65' lang='lat' dir='ltr'><strong>precipiunt</strong></span> 
     </span>
    </p>
   </div>
  </div>
