4054 6180
272 231 374 282 805
1027 229 1270 286 OPUSC.
1330 229 1422 284 ET
1463 227 1679 283 EPIST.
1745 227 1816 283 IN
1864 227 2088 284 CAUSA
2147 228 2489 286 HINCMARI
2543 227 2846 289 LAUDUN.
3469 232 3574 286 406

263 365 568 424 provocare
592 393 607 420 ,
643 354 782 407 sicut
809 352 974 408 iidem
1003 369 1240 409 canones
1273 359 1462 423 aperte
1491 354 1864 408 demonstrant
1891 354 1949 416 Α
1969 355 2205 410 canones
2237 356 2438 424 dicunt,
2469 363 2528 410 ut
2573 372 2697 411 eum
2747 356 2840 428 qui
2885 355 3064 412 fuerat
3105 373 3136 410 a
3183 355 3576 416 communione.

258 443 313 496 in
339 440 583 511 capitulo
609 441 681 495 de
708 441 991 496 visitandis
1019 450 1258 511 tempore
1287 442 1504 497 concilii
1522 450 1526 454 ·
1543 441 1858 512 provinciis,
1961 453 2261 512 separatus,
2289 453 2412 498 ante
2443 445 2811 516 cognitionem
2841 445 3022 501 nullus
3041 443 3206 501 debet
3223 461 3561 521 praesumere

263 530 359 584 sed
389 536 443 584 et
469 529 528 583 in
558 545 625 584 eo
655 529 748 583 ubi
777 529 1206 600 Carthaginense
1235 530 1522 586 concilium
1552 530 1678 584 dicit
1704 532 1856 592 (can.

263 618 351 686 Π)
370 636 384 670 :
407 637 430 667 ι
445 619 867 689 Utunaquaaque
877 617 1158 688 provincia
1171 626 1390 688 propter
1405 619 1857 690 longinquitatem

1958 540 2016 584 ut
2045 547 2168 584 eum
2200 532 2567 586 communioni
2612 533 2801 587 societ.
2853 531 2996 601 Quia
3032 533 3170 589 sicut
3201 541 3416 590 sanctus
3445 534 3555 589 Leo

1958 619 2024 672 ad
2059 619 2338 672 Rusticum
2368 620 2782 675 Narbonensem
2813 620 3130 692 episcopum
3150 619 3342 676 scribit
3361 621 3551 692 (epist.

255 705 546 777 primatem
568 705 764 760 habeat
783 705 1085 776 proprium.
1117 728 1138 755 υ
1167 707 1319 761 Unde
1350 715 1403 760 et
1422 705 1738 760 Mauritania
1774 705 1857 762 Si-
1899 722 1925 746 ει
1957 709 2044 771 95,
2079 707 2132 759 in
2164 707 2402 777 praefat.)
2437 725 2448 758 :
2489 727 2508 757 α
2552 709 2609 762 In
2641 708 2724 762 his
2754 725 2875 779 quae
2906 709 2994 764 vel
3022 709 3188 764 dubia
3215 708 3415 764 fuerint
3462 716 3554 763 aut

258 793 471 849 tifensis
499 793 789 864 postulavit
815 795 1095 863 primatem
1129 795 1424 864 provincia:
1452 794 1738 854 Numidiae,
1765 811 1858 846 ex-

255 883 410 951 eujus
441 890 586 937 ctrtu
629 891 957 952 separatur,
1008 891 1064 936 ut
1113 899 1268 937 suum
1314 883 1512 937 habeat
1542 882 1852 951 primatem,

254 986 420 1042 quem
439 1015 452 1036 ,
483 971 949 1025 consentientibus
977 971 1229 1025 omnibus
1278 971 1600 1040 primatibus
1629 971 1854 1041 provin-

253 1059 474 1114 ciarum
489 1058 901 1123 Africanarum,
932 1059 1018 1114 vel
1047 1059 1300 1113 omnibus
1329 1059 1600 1129 episcopis
1629 1067 1856 1128 propter

253 1146 708 1218 longinquitatem
738 1147 941 1202 habere
969 1148 1232 1216 permissa
1269 1156 1370 1202 est.
1413 1146 1760 1216 Quapropter
1789 1149 1852 1201 in

251 1251 591 1306 unaquaque
602 1237 892 1306 provincia
902 1252 1023 1306 quae
1037 1238 1342 1306 primatem
1355 1235 1538 1300 habet,
1553 1253 1746 1290 omnes
1759 1237 1852 1306 qui

251 1325 480 1394 negotia
499 1323 996 1389 videnturhabere,
1021 1323 1321 1377 secundum
1351 1323 1724 1378 Antiochenos
1755 1339 1850 1376 ea-

253 1425 448 1476 nones,
480 1411 550 1465 ad
578 1411 936 1486 metropolim
965 1411 1530 1481 debentconcurrere
1567 1429 1578 1463 :
1617 1411 1760 1482 quia,
1795 1420 1853 1464 ut

250 1497 571 1554 Africanum
599 1498 889 1554 concilium
918 1498 988 1552 ad
1019 1498 1370 1553 Caelestinum
1416 1515 1616 1568 papam
1664 1499 1850 1554 scribit

249 1591 403 1654 (can.
437 1587 495 1657 9)
528 1605 541 1639 :
582 1608 604 1635 «
636 1587 867 1641 Decreta
896 1586 1147 1651 Niczena,
1182 1587 1296 1640 sive
1327 1587 1598 1641 inferioris
1643 1588 1850 1658 gradus

1956 795 2191 849 obscura
2216 837 2228 862 ,
2263 795 2315 848 id
2345 795 2655 850 noverimus
2684 797 3022 867 sequendum
3047 839 3060 865 ,
3091 797 3238 868 quod
3265 811 3369 852 nec
3410 811 3550 866 prae-

1955 883 2126 953 ceptis
2158 883 2490 951 evangelieis
2519 883 2854 938 contrarium
2873 926 2887 952 ,
2921 900 3023 939 nec
3052 884 3286 939 decretis
3335 891 3549 940 sancto-

1954 987 2073 1024 rum
2107 971 2411 1026 inveniatur
2439 971 2752 1026 adversum.
2800 995 2820 1020 n
2857 972 2925 1027 Et
2945 973 3108 1027 item:
3137 992 3159 1022 α
3195 971 3338 1040 Quia
3367 985 3582 1048 sacer-_

1953 1059 2138 1113 dotum
2170 1059 2387 1113 Domini
2437 1068 2646 1114 matura
2683 1059 2932 1114 volumus
2975 1076 3096 1115 esse
3140 1059 3379 1128 judicia,
3412 1059 3545 1114 nihil

1953 1162 2240 1216 possumus
2269 1148 2319 1200 in
2353 1148 2517 1201 rebus
2565 1147 2856 1220 incognitis
2901 1147 2956 1201 in
3003 1148 3324 1218 cujusquam
3370 1146 3543 1218 partis

1951 1235 2324 1304 prmjudicium
2355 1235 2605 1302 difﬁnire,
2627 1235 2940 1307 priusquam
2970 1236 3224 1290 universa
3243 1251 3362 1306 quae
3384 1243 3542 1308 gesta

1953 1331 2076 1376 sunt
2107 1323 2374 1379 veraciter
2404 1325 2704 1386 audiamus.
2745 1345 2766 1371 »ι
2801 1323 2870 1377 Et
2898 1323 3025 1377 item
3055 1323 3181 1376 alibi
3213 1323 3432 1395 egregie
3467 1321 3540 1377 di-

1952 1411 2089 1466 citur
2121 1428 2132 1465 :
2173 1433 2193 1460 α
2227 1412 2350 1466 Non
2372 1429 2493 1466 esse
2518 1412 2722 1479 justum
2744 1410 3116 1478 mediatorem,
3142 1411 3234 1482 qui
3249 1411 3305 1465 in
3323 1410 3544 1466 incertis

1951 1500 2027 1552 sic
2058 1515 2221 1553 unam
2243 1509 2450 1569 partem
2475 1501 2644 1565 audit,
2668 1509 2725 1553 ut
2741 1499 2897 1554 alteri
2918 1500 3058 1571 parti
3080 1498 3212 1553 nihil
3234 1507 3492 1554 reservet.
3514 1521 3535 1547 ι

1951 1588 2018 1640 Et
2048 1597 2266 1642 sanctus
2297 1588 2597 1659 Gregorius
2635 1605 2647 1640 :
2695 1609 2717 1637 α
2767 1589 2871 1654 Ira,
2903 1588 3093 1658 inquit,
3128 1586 3428 1642 sacerdotis
3455 1601 3543 1643 ne-

249 1675 502 1736 clericos.
535 1674 652 1730 sive
681 1675 970 1744 episcopos
1017 1675 1168 1745 ipsos
1193 1718 1206 1740 ,
1259 1676 1370 1728 suis
1419 1675 1850 1745 metropolitanis
1879 1711 1932 1771 B
1952 1691 2220 1746 quaquam
2252 1677 2412 1730 debet
2444 1693 2566 1730 esse
2596 1691 2843 1746 praeceps
2873 1683 2926 1730 et
2956 1675 3290 1746 perturbata,
3318 1675 3414 1730 sed
3441 1688 3548 1728 ma-

247 1763 592 1834 apertissime
638 1763 1047 1817 commiserunt.
1106 1763 1531 1817 Prudentissime
1580 1764 1724 1819 enim
1756 1764 1849 1831 ju—

249 1851 598 1922 stissimeque
630 1851 879 1905 viderunt
906 1867 1242 1922 quaecunque
1291 1852 1504 1923 negotia
1535 1852 1589 1904 in
1621 1851 1732 1905 suis
1765 1851 1850 1905 lo-

250 1941 328 1995 cis
355 1939 450 1993 ubi
480 1947 602 1993 orta
630 1946 754 1992 sunt
781 1937 1040 2003 finienda,
1090 1956 1190 1993 nec
1240 1940 1526 2010 unicuique
1555 1940 1852 2008 provincia:

249 2027 483 2100 gratiam
513 2027 684 2081 sancti
735 2027 969 2096 Spiritus
1012 2027 1360 2092 defuturam,
1413 2044 1518 2099 qua
1565 2029 1793 2098 aequitas
1821 2045 1850 2081 a

249 2115 441 2170 Christi
472 2115 854 2170 sacerdotibus
883 2125 934 2169 et
983 2117 1282 2185 prudenter
1330 2115 1596 2179 videatur,
1632 2125 1684 2170 ct
1721 2132 1850 2171 con-

250 2203 585 2258 stantissime
617 2211 866 2258 teneatur
899 2220 911 2258 :
944 2204 1179 2258 maxime
1228 2205 1350 2275 quia
1399 2203 1689 2274 unicuique
1720 2220 1850 2259 con-

248 2307 466 2348 cessum
495 2300 601 2357 est,
633 2292 682 2346 si
704 2291 913 2361 judicio
933 2291 1176 2348 offensus
1207 2292 1363 2347 fuerit
1395 2293 1754 2363 cognitorum,
1779 2294 1851 2347 ad

249 2381 542 2437 concilium
572 2396 688 2435 suae
711 2381 1005 2450 provinciae
1053 2381 1140 2436 vel
1185 2382 1349 2454 etiam
1394 2381 1696 2435 universale
1726 2396 1850 2450 pro-

254 2485 471 2526 vocare.
507 2490 534 2520 λι

316 2566 476 2634 Quod
505 2575 562 2621 et
595 2566 944 2621 Innocentius
975 2567 1044 2619 ad
1068 2566 1378 2621 Victricium
1406 2583 1472 2621 ex
1499 2568 1734 2622 Nicaenis
1755 2568 1850 2624 de-

250 2655 418 2711 crevit
447 2655 786 2716 canonibus.
822 2662 874 2708 et
901 2670 967 2709 ex
998 2655 1078 2708 eis
1120 2655 1427 2709 Bonifacius
1474 2657 1544 2709 ad
1592 2657 1850 2710 Hilarium

247 2744 667 2798 Narbonensem
696 2743 1014 2812 episcopum
1044 2743 1174 2797 dicit
1195 2745 1381 2814 (epist.
1409 2746 1460 2811 1)
1488 2761 1543 2796 :«
1571 2745 1845 2809 Advertet,

247 2832 496 2903 inquiens
515 2874 530 2900 ,
567 2831 800 2886 charitas
829 2837 922 2883 tua
951 2832 1088 2884 adeo
1119 2847 1218 2884 nos
1266 2847 1534 2885 canonum
1582 2839 1850 2902 praecepta

248 2937 486 2984 servare,
521 2928 582 2973 ut
633 2920 708 2972 ita
756 2918 1066 2974 constitutio
1108 2935 1321 2990 quoque
1372 2929 1552 2973 nostra
1601 2919 1844 2986 ditiiniat,

249 3016 514 3079 quatenus
544 3006 952 3076 metropolitani
982 3006 1068 3061 sui
1097 3023 1438 3079 unaquaeque
1469 3008 1746 3077 provincia
1791 3008 1847 3062 in

247 3097 497 3152 omnibus
525 3097 694 3150 rebus
722 3095 1121 3151 ordinationem
1151 3111 1369 3166 semper
1401 3105 1720 3165 exspectet»
1746 3115 1759 3161 ;
1794 3105 1847 3150 et

247 3185 496 3240 similiter
523 3183 872 3250 leestinus,
906 3191 958 3238 et
985 3183 1077 3238 alii
1107 3184 1252 3239 sedis
1282 3185 1542 3239 Romamn
1561 3183 1845 3254 pontifices

246 3275 631 3330 decreverunt.
667 3273 1017 3329 Sardicenses
1047 3289 1264 3343 quoque
1313 3289 1568 3327 canones.
1622 3282 1846 3343 propter

243 3362 528 3432 praefatam
585 3360 1041 3432 longinquitatem
1093 3360 1422 3430 primatum,
1477 3362 1547 3414 ad
1591 3360 1845 3414 ﬁnitimos

246 3451 555 3521 episcopos,
589 3449 755 3503 veluti
785 3457 840 3503 et
865 3447 1064 3504 Africa:
1093 3449 1388 3519 provinciae
1418 3465 1654 3504 canones
1672 3491 1684 3513 ,
1719 3465 1843 3518 pro-

242 3553 444 3594 vocare
474 3536 862 3608 permiserunt,
885 3537 1024 3593 sicut
1044 3539 1168 3592 etin
1189 3537 1394 3592 eisdem
1428 3537 1843 3592 Sardicensibus

243 3627 549 3681 canonibus
581 3625 998 3691 demonstratur,
1027 3634 1369 3681 memorante
1403 3626 1533 3680 Osio
1572 3625 1842 3696 importu-

245 3715 441 3769 nitates
488 3713 871 3769 Africanorum
927 3714 1348 3784 episcoporum,
1395 3730 1534 3784 quos
1599 3713 1728 3769 dicit
1784 3730 1842 3767 se

246 3803 576 3875 cognovisse
607 3802 938 3857 sanctissimi
966 3801 1145 3856 fratris
1174 3810 1227 3857 et
1255 3801 1565 3872 coepiscopi
1585 3803 1668 3856 sui
1689 3801 1840 3856 Grati

245 3891 502 3946 salutaria
530 3890 762 3946 consilia
791 3905 1052 3962 spernere
1083 3899 1246 3961 atque
1278 3898 1647 3946 contemnere.
1688 3891 1861 3946 Unde

244 3979 300 4033 in
320 3979 551 4050 praefato
567 3979 885 4034 Sardicensi
905 3979 1136 4034 concilio
1153 3979 1410 4049 scriptum
1431 3988 1511 4033 est
1533 3988 1683 4047 (can.
1713 3981 1800 4049 t7)
1827 3996 1838 4034 :

253 4087 274 4116 ι
307 4066 475 4122 Osius
505 4068 798 4138 episcopus
816 4067 987 4121 dixit:
1012 4066 1168 4135 Quod
1189 4083 1275 4121 me
1305 4067 1484 4122 adhuc
1514 4075 1694 4122 movet
1715 4067 1844 4120 reti-

249 4169 369 4210 cere
399 4171 509 4210 non
541 4155 739 4223 debeo,
774 4156 820 4208 si
850 4156 1139 4226 episcopus
1169 4155 1289 4226 quis
1343 4155 1480 4211 forte
1527 4156 1838 4214 iracundus.

247 4243 392 4315 quod
421 4259 546 4298 esse
579 4259 690 4298 non
733 4243 932 4308 debet,
980 4244 1089 4298 cito
1137 4251 1189 4297 et
1233 4260 1424 4313 aspere
1469 4251 1842 4298 commovetur

247 4332 509 4386 adversus
537 4332 939 4402 presbyterum,
973 4331 1089 4386 sive
1119 4331 1405 4387 diaconum
1437 4348 1594 4385 suum
1617 4373 1631 4398 ,
1663 4339 1715 4386 et
1741 4347 1839 4385 ex-

1951 1764 2038 1838 gis
2069 1781 2132 1817 cx
2164 1765 2375 1819 consilii
2405 1765 2663 1836 gravitate
2692 1764 3008 1836 mitiganda.
3047 1785 3069 1813 »
3103 1764 3172 1818 Et
3191 1763 3320 1819 item
3353 1781 3367 1816 :
3407 1785 3430 1813 α
3465 1764 3549 1818 Ad

1949 1852 2350 1922 proferendam,
2370 1853 2540 1922 inquit
2559 1854 2880 1922 (Moralium
2910 1853 2949 1906 l.
2969 1867 3094 1918 χιχ,
3125 1868 3174 1908 c.
3197 1852 3307 1922 14),
3332 1859 3543 1908 senten-

1950 1941 2080 1994 tiam
2109 1957 2389 2012 nunquam
2419 1941 2726 2010 praecipites
2756 1956 2879 1995 esse
2907 1941 3192 2004 debemus,
3213 1956 3315 1996 nec
3343 1949 3548 1996 temere

1951 2029 2253 2084 indiscussa
2277 2029 2616 2097 judicemus,
2652 2045 2718 2082 ne
2749 2028 3003 2099 quaelibet
3049 2028 3191 2082 mala
3232 2027 3417 2083 audita
3443 2043 3544 2083 nos

1951 2129 2224 2182 moveant,
2258 2133 2327 2171 ne
2356 2117 2560 2188 passim
2579 2117 2725 2172 dicta
2753 2117 2870 2171 sine
2893 2115 3213 2187 probatione
3233 2116 3542 2180 credamus.

1951 2205 2108 2273 Quod
2139 2205 2379 2276 profecto
2407 2213 2724 2275 perpetrare
2753 2203 3204 2274 pertimescimus,
3241 2203 3286 2257 si
3316 2202 3546 2258 auctoris

1951 2294 2120 2347 nostri
2151 2294 2396 2346 subtilius
2427 2293 2560 2347 facta
2591 2309 2908 2364 pensemus.
2952 2293 3074 2362 Ipse
3101 2292 3322 2364 quippe,
3352 2298 3410 2346 ut
3441 2305 3543 2346 nos

1949 2397 1979 2434 a
2011 2365 2272 2451 ιπερςὶρίίὶ
2324 2381 2604 2435 sententiae
2649 2381 2948 2452 prolatione
2995 2387 3387 2450 compesceret,
3423 2395 3546 2435 cum

1950 2471 2131 2524 omnia
2161 2471 2300 2523 nuda
2333 2479 2384 2524 et
2415 2478 2602 2540 aperta
2634 2470 2739 2523 sint
2773 2468 2941 2524 oculis
2986 2469 3101 2538 ejus
3124 2511 3138 2534 ,
3188 2467 3328 2522 mala
3371 2475 3550 2523 tamen

1951 2559 2202 2614 Sodomae
2235 2559 2400 2612 noluit
2425 2558 2605 2612 audita
2629 2557 2895 2626 judicare,
2929 2556 3021 2628 qui
3047 2556 3545 2624 aitzDescendam,

1950 2653 2005 2702 et
2037 2648 2224 2702 videbo
2255 2652 2449 2702 utrum
2479 2649 2804 2710 clamorem,
2837 2647 2932 2716 qui
2963 2647 3118 2700 venit
3145 2644 3218 2700 ad
3245 2661 3354 2710 me,
3385 2660 3550 2717 opere

1950 2737 2320 2808 complcz'erin
2332 2739 2370 2803 t,
2387 2753 2459 2789 an
2478 2751 2589 2789 non
2603 2736 2802 2797 estita,
2819 2737 2884 2788 ut
2895 2734 3072 2788 sciam
3085 2733 3416 2804 (Gemxvm,
3430 2735 3492 2788 2t
3503 2731 3545 2802 ).

1951 2823 2305 2893 Omnipotens
2354 2823 2534 2892 itaque
2579 2821 2842 2876 Dominus
2865 2861 2880 2886 ,
2912 2829 2964 2875 et
2994 2819 3174 2874 omnia
3203 2819 3384 2875 sciens
3409 2863 3422 2886 ,
3454 2835 3550 2875 cur

1949 2920 2071 2964 ante
2101 2911 2473 2979 probationem
2523 2909 2678 2981 quasi
2719 2908 2960 2973 dubitat,
3004 2908 3112 2962 nisi
3157 2916 3214 2962 ut
3264 2907 3544 2980 gravitatis

1950 2999 2104 3052 nobis
2136 2999 2437 3068 exemplum
2477 3006 2741 3069 pr0ponat
2765 3039 2779 3065 ,
2831 3013 2900 3052 ne
2943 2995 3084 3050 mala
3112 2995 3394 3050 hominum
3424 3003 3549 3052 ante

1947 3103 2341 3156 praesumamus
2375 3088 2596 3141 credere
2613 3103 2776 3158 quam
2797 3086 3028 3156 probare
3043 3084 3072 3138 ?
3093 3107 3114 3134 »
3143 3085 3221 3138 De
3241 3083 3543 3140 manifestis

1947 3184 2120 3228 autem
2141 3184 2191 3228 et
2222 3174 2465 3244 plurimis
2496 3175 2728 3244 cognitis
2756 3190 2883 3228 mox
2910 3173 3113 3227 ibidem
3143 3172 3494 3244 subsequitur
3528 3189 3542 3227 :

1952 3285 1972 3311 ει
2008 3265 2150 3316 Ecce
2179 3280 2277 3333 per
2297 3263 2522 3332 angelos
2551 3262 2616 3315 ad
2653 3262 3032 3332 cognoscenda
3063 3261 3208 3314 mala
3237 3259 3538 3323 descendit,

1945 3367 2176 3421 moxque
2209 3351 2546 3406 facinorosos
2576 3349 2843 3419 percutit;
2869 3357 3026 3420 atque
3056 3348 3144 3402 ille
3173 3347 3418 3418 patiens,
3450 3346 3540 3402 ille

1945 3440 2108 3500 mitis,
2144 3439 2232 3493 ille
2260 3440 2326 3493 de
2359 3455 2464 3509 quo
2497 3437 2754 3507 scriptum
2777 3445 2856 3491 est
2881 3455 2894 3490 :
2927 3439 3004 3492 Tu
3033 3440 3250 3501 autem,
3278 3435 3535 3504 Domine,

1945 3545 2074 3582 cum
2094 3526 2754 3599 tranquillitatejudicas
2778 3524 2926 3596 (Sap.
2959 3539 3060 3588 xu,
3087 3522 3197 3592 18),
3219 3522 3308 3576 ille
3324 3522 3393 3578 de
3429 3537 3538 3593 quo

1945 3631 2165 3669 rursum
2195 3615 2451 3684 scriptum
2485 3621 2565 3668 est
2599 3629 2610 3666 :
2639 3612 2910 3667 Dominus
2937 3612 3165 3684 patiens
3185 3615 3271 3666 est
3286 3611 3538 3666 redditor

1943 3703 2139 3774 (Eccli.
2173 3719 2226 3766 v,
2264 3704 2338 3772 4),
2379 3701 2435 3755 in
2466 3709 2610 3755 tanto
2654 3700 2878 3755 crimine
2921 3698 3189 3754 involutos
3231 3697 3537 3765 inveniens,

1943 3791 2096 3863 quasi
2117 3791 2426 3861 patientiam
2469 3789 2844 3860 praetermisit,
2883 3795 2934 3843 et
2962 3787 3104 3842 diem
3134 3786 3361 3842 extremi
3383 3786 3535 3856 judi-

1943 3879 2013 3936 cii
2061 3888 2377 3950 exspectare
2424 3879 2495 3932 ad
2539 3877 2826 3932 vindictam
2871 3876 3073 3944 noluit,
3121 3875 3216 3929 sed
3263 3890 3359 3930 eos
3405 3874 3536 3946 igne

1937 3969 2125 4038 judicii
2156 3976 2280 4023 ante
2303 3967 2492 4036 judieii
2522 3966 2666 4021 diem
2697 3964 2974 4036 praevenit.
3001 3965 3144 4020 Ecce
3164 3963 3362 4018 malum
3379 3963 3536 4036 quasi

1941 4073 2064 4112 cum
2093 4056 2403 4112 difficultate
2433 4054 2660 4124 credidit
2690 4069 2812 4108 cum
2842 4052 3080 4118 audivit,
3115 4060 3167 4107 et
3193 4059 3373 4106 tamen
3423 4052 3541 4107 sine

1941 4145 2192 4199 tarditate
2222 4143 2492 4214 percussit
2519 4159 2644 4199 cum
2673 4159 2861 4196 verum
2907 4140 3258 4213 agnoscendo
3288 4139 3490 4212 reperit
3523 4157 3538 4194 :

1942 4242 1999 4287 ut
2029 4233 2186 4286 nobis
2215 4232 2462 4286 videlicet
2492 4231 2642 4288 daret
2669 4229 2997 4300 ekemplum,
3029 4229 3175 4301 quod
3205 4229 3410 4297 majora
3438 4227 3544 4284 cri-

1940 4322 2084 4375 mina
2115 4330 2166 4374 et
2199 4321 2350 4374 tarde
2378 4314 2653 4378 credenda
2691 4325 2957 4372 suntcum
2979 4315 3288 4380 audiuntur,
3309 4323 3360 4370 et
3381 4315 3539 4370 citius

245 4420 534 4474 terminare
558 4437 681 4474 eum
701 4420 770 4475 de
791 4420 1040 4476 Ecclesia
1061 4421 1312 4489 voluerit,
1336 4421 1735 4492 providendum
1755 4429 1838 4474 est

1947 4408 2220 4480 punienda
2263 4424 2384 4462 cum
2433 4403 2700 4463 veraciter
2749 4410 3133 4475 agnoscuntur.
3193 4424 3215 4452 ιο
3263 4403 3333 4456 Et
3375 4402 3464 4473 qui
3505 4405 3569 4456 a‘

245 4525 310 4561 ne
340 4511 606 4562 innocens
638 4510 922 4562 damnetur
945 4551 958 4568 .
1009 4518 1095 4561 aut
1144 4509 1336 4578 perdat
1366 4509 1797 4564 communionem
1822 4527 1835 4573 ;

243 4605 293 4649 et
325 4597 446 4650 ideo
495 4597 690 4649 habeat
741 4606 1058 4665 potestatem
1105 4598 1148 4649 Ls
1191 4598 1282 4667 qui
1327 4599 1568 4663 εὼένριιιδ
1617 4605 1733 4659 οτι,
1784 4604 1841 4650 ut

243 4686 530 4754 episcopos
561 4684 818 4737 finitimos
850 4685 1192 4754 interpellet,
1226 4694 1276 4737 et
1309 4701 1467 4738 causa
1501 4685 1616 4750 ejus
1655 4684 1838 4738 audia-

245 4782 347 4838 tur,
400 4789 460 4828 ac
510 4772 827 4844 diligentius
875 4782 1163 4841 tractetur,
1217 4773 1339 4842 quia
1388 4789 1492 4825 non
1534 4781 1744 4841 oportet
1790 4773 1839 4825 ci

245 4876 443 4931 negare
473 4860 805 4914 audientiam
845 4862 1080 4930 roganti.
1143 4863 1207 4914 lit
1255 4861 1344 4914 ille
1393 4857 1716 4930 episc0pus:
1748 4862 1836 4930 qui

238 4948 380 5014 juste
412 4957 503 5001 aut
553 4949 751 5016 injuste
799 4964 922 5002 eum
965 4949 1161 5016 abjecit
1187 4991 1199 5013 ,
1233 4949 1498 5017 patienter
1529 4949 1754 5018 accipiat
1786 4958 1841 5001 ut

245 5037 520 5106 negotium
553 5037 898 5100 discutiatur,
935 5045 989 5089 ut
1023 5037 1104 5090 vel
1135 5038 1392 5106 probetur
1423 5038 1692 5090 sententia
1723 5037 1837 5104 ejus

243 5139 276 5177 a
303 5125 571 5193 plurimis,
610 5125 694 5178 vel
726 5126 1066 5179 emendetur.
1093 5127 1294 5180 Tamen
1325 5126 1643 5196 priusquam
1661 5125 1838 5178 omnia

241 5212 534 5284 diligenter
555 5221 612 5266 et
629 5213 859 5266 fideliter
899 5214 1294 5278 examinentur,
1320 5231 1443 5268 eum
1483 5214 1572 5284 qui
1613 5213 1782 5266 fuerat
1807 5230 1839 5267 a

241 5302 625 5354 communione
657 5309 963 5370 separatus,
995 5310 1120 5356 ante
1150 5302 1518 5373 cOgnitionem
1553 5301 1727 5354 nullus
1745 5302 1838 5354 de-

245 5388 332 5442 bet
359 5405 697 5460 praesumere
725 5397 782 5442 ut
812 5405 935 5442 eum
966 5391 1333 5445 communioni
1365 5391 1551 5444 societ.
1585 5384 1617 5436 ⁸»
1657 5393 1840 5442 Atten-

242 5477 480 5530 dendum
511 5477 713 5547 quippe
755 5477 912 5531 nobis
961 5487 1040 5532 est
1089 5479 1230 5547 quod
1281 5477 1674 5531 discretissime
1705 5477 1839 5529 sacri

1899 4557 1904 4564 _
1941 4499 2098 4552 Patre
2129 4496 2335 4565 accepit
2363 4510 2524 4549 omne
2561 4483 2830 4562 judicium
2854 4535 2868 4559 ,
2912 4499 2964 4546 et
3009 4491 3065 4545 in
3113 4489 3343 4561 spiritali
3385 4498 3436 4543 et
3482 4489 3536 4544 in

1941 4584 2184 4641 saculari
2233 4600 2328 4642 sua
2378 4579 2653 4653 republica
2673 4625 2685 4647 ,
2717 4597 2816 4652 pro
2859 4596 2918 4635 se
2949 4579 3018 4634 ad
3042 4579 3395 4649 judicandum
3426 4578 3533 4631 mi-

1939 4674 2141 4728 nistros
2173 4688 2302 4726 suos
2327 4669 2639 4738 constituit,
2675 4670 2808 4724 sicut
2847 4669 3115 4740 Scriptura
3148 4667 3314 4733 dicit,
3346 4666 3535 4737 eisque

1941 4763 2043 4816 sibi
2076 4763 2127 4813 in
2164 4761 2368 4829 judicio
2412 4761 2575 4814 etiam
2623 4759 2929 4813 ministrare
2975 4755 3262 4826 praecepit,
3295 4755 3484 4808 dicens
3519 4773 3532 4808 :

1939 4854 1996 4905 Si
2023 4853 2144 4922 quis
2181 4851 2320 4904 mihi
2348 4851 2664 4914 ministrat,
2697 4864 2783 4902 me
2799 4850 3067 4917 sequatur
3083 4845 3265 4912 (Joan.
3290 4858 3391 4910 xu,
3412 4843 3531 4914 26),

1938 4938 1992 4992 id
2025 4947 2105 4992 est
2149 4955 2236 4991 me
2278 4938 2531 4990 imitetur.
2582 4939 2638 4989 ln
2685 4951 2788 5005 qua
2837 4932 3226 4986 ministratione
3265 4931 3408 4986 idem
3441 4931 3533 5004 qui

1941 5035 2022 5082 est
2056 5028 2160 5095 via,
2195 5026 2413 5085 veritas,
2459 5035 2506 5078 et
2555 5024 2696 5088 vita,
2750 5021 2890 5075 viam
2931 5020 3209 5088 judicandi
3237 5021 3340 5076 hoc
3367 5022 3530 5076 modo

1933 5116 2209 5184 judicibus
2268 5130 2422 5168 sacra
2473 5112 2737 5176 lectione,
2785 5109 2876 5180 qui
2923 5106 3124 5163 fuerint
3171 5100 3531 5164 Sodomorum

1940 5213 2284 5259 accusatores
2331 5201 2581 5262 ostendit,
2627 5201 2866 5264 Clamor,
2917 5198 3125 5270 inquit,
3173 5199 3532 5254 Sodomorum

1940 5294 2097 5346 venit
2141 5292 2212 5344 ad
2256 5307 2343 5345 me
2393 5291 2548 5359 (Gen.
2601 5303 2775 5354 xvm,
2823 5290 2935 5353 20),
2979 5285 3033 5341 id
3079 5295 3160 5341 est
3203 5300 3310 5340 non
3355 5284 3532 5340 solum

1940 5396 2154 5452 magna,
2177 5379 2271 5433 sed
2290 5387 2340 5432 et
2361 5375 2643 5431 manifesta
2660 5375 3066 5446 perseverantia
3092 5381 3316 5444 peccata
3347 5388 3536 5428 eorum

1940 5479 2006 5530 ad
2030 5476 2384 5545 judicandum
2417 5482 2714 5544 provocant
2743 5490 2850 5529 me.
2885 5471 2985 5542 Qui
3019 5471 3214 5525 fuerint
3245 5479 3412 5526 testes
3439 5488 3539 5526 ac-
