4054 6180
466 250 571 304 ιοτ

1358 244 1700 300 HINCMARI
1727 240 2126 298 RHEMENSIS
2186 239 2736 296 ARCHIEPISCOPI.

3598 235 3770 300 ,ωε

467 371 766 428 cusationis
795 370 1365 441 eorumsubsequitur
1394 368 1582 424 dicens
1606 366 1984 423 :Descendam
2006 369 2064 420 et
2089 363 2143 424 A
2166 363 2444 434 Scriptura
2476 379 2631 441 sacra
2661 363 2874 418 duobus
2904 361 3080 418 modis
3102 360 3444 416 maledictum
3473 369 3755 427 memorat,

466 456 652 512 videbo
684 459 881 510 utrum
910 455 1214 510 clamorem
1235 496 1248 519 ,
1277 454 1371 525 qui
1417 454 1570 507 venit
1613 452 1686 506 ad
1731 467 1816 505 me
1837 493 1851 515 ,
1896 466 2057 521 opere

467 545 890 616 compleverint,
907 559 984 597 an
1007 559 1142 607 non,
1167 546 1232 596 ut
1252 543 1430 596 sciam
1451 542 1611 608 (Gen.
1638 540 1781 608 xm).
1800 538 2064 592 Dominus

467 633 648 702 itaque
692 630 874 685 omnia
922 631 1135 692 sciens,
1187 637 1243 682 ut
1282 645 1346 682 ex
1391 628 1570 683 verbis
1607 628 1780 682 sancti
1811 625 2064 696 Gregorii

467 718 848 790 praemisimus,
879 725 931 783 et
960 717 1048 770 alii
1079 716 1332 771 catholici
1365 717 1622 772 doctores
1654 723 1948 785 exponunt,
1975 714 2062 783 ju—

467 806 687 862 dicandi
717 805 875 860 nobis
897 805 1119 859 modum
1149 804 1425 875 proponit,
1446 813 1501 857 ut
1531 821 1651 874 quae
1672 819 1780 856 non
1811 811 1933 855 sunt
1951 818 2064 854 ma-

468 893 666 949 nifesta
712 910 822 948 non
864 893 1171 962 judicemus
1197 936 1209 956 ,
1245 901 1297 946 et
1329 909 1451 962 qua:
1481 891 1767 945 manifesta
1799 899 1921 944 sunt
1945 889 2062 944 sine

467 983 721 1038 tarditate
755 990 808 1036 et
833 981 1173 1036 haesitatione
1189 981 1371 1051 aliqua
1387 980 1712 1048 judicemus.
1737 979 1874 1033 sicut
1898 994 2062 1048 supra

465 1087 531 1125 ex
561 1069 742 1125 verbis
772 1070 917 1124 beati
947 1069 1218 1124 Ambrosii
1251 1069 1478 1138 apostoli
1521 1068 1843 1122 sententiam
1891 1082 2063 1138 expo-

463 1158 641 1214 nentis
671 1167 952 1213 ostensum
974 1165 1058 1211 est
1081 1173 1092 1211 :
1124 1177 1144 1204 α
1169 1156 1417 1226 Cognito,
1459 1155 1650 1226 inquit.
1671 1171 1838 1225 opere
1857 1154 2064 1225 pellen-

467 1245 596 1300 dum
643 1253 958 1316 peccantem
1010 1243 1177 1297 fuisse
1219 1243 1288 1298 de
1333 1252 1473 1298 cmtu
1525 1243 1879 1296 fraternitatis
1933 1243 2066 1298 dicit

464 1333 778 1403 Apostolus.
803 1330 1008 1387 Omnes
1027 1331 1171 1386 enim
1193 1332 1400 1386 crimen
1433 1332 1551 1399 ejus
1589 1330 1849 1395 sciebant,
1871 1331 1924 1384 in
1956 1346 2064 1402 qua

462 1436 524 1474 re
554 1435 730 1491 neque
761 1420 986 1473 testibus
1016 1436 1154 1490 Opus
1185 1429 1337 1484 erat,
1387 1435 1564 1490 neque
1613 1419 2062 1490 tergiversatione

466 1507 645 1580 aliqua
675 1515 887 1578 poterat
917 1507 1027 1581 tegi
1059 1508 1285 1562 crimen.
1326 1529 1346 1556 ι

1035 1640 1258 1695 CAPUT
1294 1640 1477 1694 XXX.

465 1747 582 1813 Qua
613 1748 833 1802 ratione
862 1748 1008 1801 solvi
1034 1750 1244 1817 queant
1274 1747 1893 1802 excommunicationes
1942 1761 2056 1800 non

510 1835 791 1904 legitimae,
821 1837 877 1888 et
907 1833 973 1888 de
999 1834 1072 1888 iis
1101 1835 1199 1904 qui
1227 1835 1442 1905 injuste
1473 1835 2002 1889 excommunicant.

535 1946 744 2017 Quibus
803 1948 1087 2002 sententiis
1144 1957 1453 2002 sanctarum
1516 1948 1956 2018 scripturarum,
2006 1956 2060 2002 et

463 2050 748 2091 sacrorum
771 2051 1062 2101 canonum,
1087 2045 1249 2107 atque
1271 2036 1612 2090 decretorum
1637 2036 1781 2089 sedis
1803 2036 2058 2090 Romanae

376 2136 390 2144 ’
459 2121 798 2192 pontificum,
843 2123 1010 2178 fultus
1041 2133 1202 2194 atque
1233 2122 1481 2177 suffultus
1501 2165 1514 2192 ,
1549 2131 1600 2178 et
1633 2124 1769 2178 sicut
1797 2124 1971 2179 adhuc
2003 2123 2059 2177 in

461 2226 728 2280 processu
756 2211 1063 2276 ostendam,
1089 2211 1507 2281 metropolitana
1537 2212 1882 2276 auctoritate,
1909 2228 2060 2266 exse-

463 2297 724 2352 crabilem
756 2307 917 2369 atque
962 2298 1328 2363 exitiabilem,
1383 2315 1490 2353 non
1535 2299 2056 2354 excommunicatio-

462 2399 606 2450 nem,
657 2385 755 2440 sed
802 2386 1236 2441 maledictionem
1274 2395 1454 2451 tuam,
1505 2387 1560 2440 in
1609 2402 1703 2442 eos
1738 2387 2053 2456 jaculatam,

464 2473 558 2544 qui
589 2489 698 2528 non
740 2474 1010 2541 accusati,
1043 2491 1144 2530 nec
1173 2474 1441 2535 confessi.
1492 2491 1592 2530 nec
1639 2475 1907 2540 convicti,
1954 2491 2054 2530 nec

461 2560 622 2615 etiam
651 2576 684 2616 a
713 2570 766 2616 te
795 2561 944 2618 fuere
971 2563 1271 2618 secundum
1303 2563 1518 2618 Domini
1555 2564 1858 2631 jussionem
1898 2579 2054 2618 com-

459 2649 668 2718 moniti,
703 2665 768 2705 ac
797 2651 864 2705 de
895 2651 979 2705 his
1007 2667 1106 2720 pro
1135 2651 1332 2722 quibus
1350 2667 1445 2706 eos
1465 2653 2052 2716 excommunicaveras,

458 2737 597 2791 sicut
627 2752 735 2792 non
764 2737 940 2792 solum
968 2738 1098 2792 mihi
1122 2779 1136 2805 ,
1170 2739 1268 2792 sed
1299 2746 1351 2792 et
1381 2755 1521 2808 pene
1548 2740 1798 2794 omnibus
1828 2739 1880 2793 in
1911 2740 2054 2794 Rhe-

457 2825 635 2878 mensi
675 2826 954 2894 provincia
985 2833 1101 2879 erat
1130 2833 1314 2879 notum
1339 2867 1351 2891 ,
1385 2827 1587 2880 innoxii
1611 2871 1622 2889 ,
1651 2835 1704 2881 et
1732 2827 1862 2880 tanti
1894 2827 2054 2880 simul

457 2927 490 2964 a
519 2926 680 2966 sacro
710 2911 888 2967 oﬁicio
919 2921 971 2966 et
1000 2927 1155 2967 sacra
1185 2915 1585 2978 communione,
1606 2922 1765 2984 atque
1809 2930 1839 2968 a
1870 2915 2052 2970 socie-

459 3006 567 3052 tate
613 2999 874 3054 Ecclesire
917 3000 1236 3069 catholicae,
1289 3001 1408 3055 solo
1457 3009 1546 3054 tuo
1595 3001 1772 3056 furore
1804 3011 1855 3056 et
1885 3019 2052 3058 causa

457 3095 562 3140 tua:
609 3087 860 3156 injuriae,
910 3089 977 3142 ad
1023 3089 1316 3143 multorum
1359 3089 1581 3143 exitium
1617 3089 1769 3144 fuere
1819 3091 2048 3161 depulsi,

459 3183 669 3237 irritam
699 3192 753 3238 et
782 3183 982 3238 nullius
1010 3186 1265 3240 momenti
1294 3201 1416 3241 esse
1445 3186 1667 3241 decrevi
1702 3205 1715 3240 :
1747 3188 2050 3256 praesertim

454 3286 579 3328 cum
612 3287 785 3328 sacrm
817 3272 1024 3345 regulae
1053 3274 1186 3328 nulli
1218 3275 1271 3327 in
1306 3275 1492 3330 mortis
1525 3283 1758 3348 urgente
1809 3276 2050 3346 periculo

451 3360 744 3416 constituto
775 3361 1043 3431 baptisma
1073 3362 1351 3434 denegari,
1384 3363 1517 3417 nulli
1544 3363 1790 3433 poscenti
1811 3365 2050 3420 ultimam

448 3447 824 3518 paenitentiam
853 3457 905 3504 et
936 3449 1114 3504 viatici
1143 3451 1387 3504 muneris
1416 3452 1853 3506 communionem
1884 3453 2050 3508 inter-

453 3534 561 3590 dici
591 3535 922 3607 praecipiant,
957 3538 1088 3592 nulli
1117 3539 1281 3593 etiam
1312 3540 1606 3609 sepulturae
1656 3541 2048 3596 humanitatem

453 3622 706 3696 abrogari
752 3625 1104 3694 permittant,
1156 3634 1208 3680 et
1255 3626 1310 3679 in
1355 3635 1448 3680 tua
1497 3629 1758 3696 parocbia
1801 3629 2048 3684 nemoin

446 3712 774 3786 necessitate
801 3713 993 3767 mortis
1023 3713 1094 3766 ab
1127 3713 1207 3767 eis
1236 3711 1465 3783 quorum
1497 3714 1718 3769 interest
1767 3716 2044 3785 baptizari,

447 3813 608 3853 nemo
639 3799 1038 3853 communionis
1058 3799 1227 3871 gratia
1247 3800 1610 3866 reconciliari,
1637 3819 1798 3857 nemo
1830 3804 2048 3874 sepeliri

448 3900 574 3940 cum
605 3884 789 3940 debita
818 3887 1286 3942 commendatione
1317 3897 1558 3958 poterat,
1593 3890 1640 3943 si
1671 3891 1901 3945 ministri
1933 3893 2046 3947 Ec-

449 3971 633 4026 clesia:
663 3973 775 4026 suis
816 3972 994 4028 forent
1039 3974 1236 4044 privati
1273 3976 1697 4032 ministeriorum
1726 3977 1942 4033 officiis.
1978 3981 2048 4034 Et

447 4066 542 4110 tua
563 4055 853 4128 ligamenta
883 4073 990 4112 non
1023 4057 1239 4113 fuerunt
1290 4061 1492 4142 sancta!
1541 4061 1806 4117 Ecclesiae
1855 4063 2048 4136 alliga-

448 4143 644 4208 tiones,
676 4144 773 4199 sed
805 4153 909 4200 tua:
939 4141 1364 4202 maledictiones'.
1418 4149 1571 4229 Unde
1605 4150 1795 4204 beatus
1827 4151 2045 4224 Grego-

447 4230 588 4296 rius,
609 4233 944 4312 respondens
977 4235 1132 4290 Petro
1162 4231 1516 4313 interroganti
1551 4255 1563 4290 :
1602 4259 1624 4286 α
1658 4239 2045 4310 Nunquidnam

448 4319 606 4378 valde
633 4335 968 4407 esselgrave‘
985 4323 1298 4390 credimus,
1333 4325 1379 4378 si
1401 4326 1632 4406 fortasse
1678 4326 1896 4381 cuilibet
1943 4344 2041 4382 ex-

2164 451 2312 506 aliud
2343 434 2595 507 videlicet
2627 452 2768 523 quod
2797 451 3094 522 approbat,
3129 449 3273 504 aliud
3322 448 3466 521 quod
3515 447 3756 503 damnat.

2165 540 2333 595 Aliter
2381 541 2523 594 enim
2571 539 2916 594 maledictum
2953 537 3226 610 profertur
3267 537 3474 606 judicio
3514 535 3753 606 justitim.

2163 617 2318 682 aliter
2357 627 2528 684 livore
2576 629 2856 683 vindictae.
2917 628 3115 682 Contra
3162 625 3510 680 maledictum
3557 623 3757 694 quippe

2163 715 2332 770 livore
2357 715 2576 784 justitiae
2615 715 2996 786 depromptum
3027 757 3040 780 ,
3071 729 3207 769 voce
3236 713 3386 768 Pauli
3411 712 3758 783 prmdicantis

2164 805 2538 870 admonemur,
2561 804 2764 875 quiait:
2784 803 3117 868 Renedicite,
3141 806 3198 856 et
3225 803 3402 857 nolite
3421 801 3759 855 maledicere

2164 893 2342 962 (llam.
2375 909 2486 957 xu,
2522 895 2648 960 li);
2687 900 2740 946 et
2771 908 2985 946 rursum
3033 890 3166 946 dicit
3208 908 3220 943 :
3265 891 3447 961 Neque
3495 887 3761 943 maledici

2163 997 2402 1052 regnum
2422 983 2520 1036 Dei
2541 981 2902 1052 possidebunt
2919 981 2968 1051 (I
2985 980 3105 1035 Cor.
3129 978 3336 1047 vr,10).
3359 978 3501 1032 Nam
3520 985 3573 1032 et
3589 977 3761 1032 sancti

2163 1069 2283 1134 viri,
2309 1085 2431 1124 cum
2452 1068 2850 1124 maledictionis
2867 1067 3189 1122 sententiam
3221 1065 3517 1137 proferunt,
3551 1079 3660 1119 non
3689 1064 3760 1119 ad

2163 1157 2300 1211 hanc
2331 1173 2396 1211 ex
2428 1165 2553 1212 voto
2583 1156 2821 1218 ultionis,
2855 1155 2953 1210 sed
2983 1172 3046 1210 ex
3066 1154 3288 1223 j‘bstitiae
3309 1153 3556 1208 examine
3575 1169 3760 1208 erum-

2163 1252 2316 1314 punt.
2339 1247 2486 1298 Intus
2517 1245 2660 1298 enim
2690 1244 2884 1299 subtile
2917 1243 3016 1298 Dei
3040 1242 3308 1312 judicium
3353 1240 3656 1311 aspiciunt,
3709 1247 3762 1294 et

2163 1332 2304 1386 mala
2329 1331 2478 1386 foras
2498 1332 2846 1403 exsurgentia
2868 1332 2994 1402 quia
3023 1330 3313 1385 maledicto
3332 1328 3566 1384 debeant
3595 1327 3763 1384 ferire

2164 1428 2524 1492 cognoscunt,
2557 1428 2608 1474 et
2637 1437 2702 1475 eo
2732 1420 2786 1474 in
2814 1419 3102 1475 maledicto
3130 1434 3236 1474 non
3269 1425 3517 1488 peccant,
3552 1432 3660 1488 quo
3689 1416 3760 1470 ab

2163 1508 2378 1563 interno
2402 1509 2608 1578 judicio
2635 1525 2743 1562 non
2792 1508 3120 1562 discordant.
3159 1527 3181 1556 υ
3213 1507 3292 1560 Τιι
3338 1521 3471 1560 vero
3498 1520 3534 1559 a
3552 1504 3763 1572 judicio

2157 1596 2380 1664 justitim
2407 1596 2464 1650 in
2491 1596 2596 1650 tuis
2625 1595 3096 1650 maledictionibus
3141 1593 3494 1660 discordasti,
3525 1593 3617 1664 qui
3646 1607 3760 1647 non

2087 1684 2360 1768 Bjudicio
2374 1685 2615 1752 justitiae,
2641 1685 2736 1738 sed
2767 1684 2936 1738 livore
2957 1683 3226 1746 vindictae,
3247 1690 3300 1736 et
3336 1697 3502 1737 causa
3522 1680 3760 1750 injuria-

2159 1789 2279 1826 rum
2311 1781 2519 1826 tuarum
2553 1787 2648 1826 eas
2677 1771 2966 1842 protulisti,
3000 1787 3109 1826 non
3135 1771 3326 1826 videns
3360 1769 3616 1841 quoniam
3641 1784 3673 1823 a
3703 1777 3760 1823 te

2159 1859 2529 1932 irregulariter
2548 1860 2868 1915 maledictos
2897 1859 3036 1915 sacri
3070 1875 3307 1915 canones
3335 1873 3444 1913 non
3474 1864 3656 1912 vetant
3683 1856 3760 1911 ab

2158 1949 2343 2021 aliquo
2375 1950 2634 2019 episcopo
2669 1949 2997 2021 regulariter
3025 1948 3215 2018 recipi,
3247 1946 3418 2002 multo
3447 1946 3624 2018 magis
3650 1961 3758 2000 au-

2156 2045 2266 2091 tem
2288 2039 2356 2091 ab
2377 2053 2442 2091 eo
2464 2038 2553 2108 qui
2576 2037 2669 2090 tibi
2691 2045 2891 2107 praeest
2921 2037 3148 2090 innuunt
3177 2052 3273 2092 eos
3303 2035 3500 2090 debere
3519 2033 3757 2113 absolvi.

2159 2125 2432 2194 Scriptum
2463 2135 2544 2178 est
2575 2125 2718 2179 enim
2763 2125 2818 2179 in
2867 2123 3284 2196 Carthaginensi
3331 2122 3582 2178 concilio.
3632 2123 3756 2176 Au-

2157 2214 2406 2283 gustinus
2437 2213 2726 2284 episcOpus
2755 2213 2968 2285 legatus
2996 2212 3291 2284 provincia
3316 2209 3583 2266 Numidia:
3614 2210 3757 2265 dixit

2157 2303 2306 2362 (can.
2341 2306 2395 2370 9i
2426 2319 2437 2356 :
2476 2323 2496 2350 α
2544 2303 2658 2356 Hoc
2690 2309 2929 2356 statuere
2957 2300 3288 2373 dignemini,
3323 2307 3381 2354 ut
3414 2299 3458 2353 si
3491 2299 3583 2370 qui
3608 2298 3757 2354 forte

2155 2390 2348 2444 merito
2379 2389 2680 2444 facinorum
2713 2405 2932 2444 suorum
2961 2389 3030 2443 ab
3065 2388 3310 2444 Ecclesia
3340 2387 3480 2459 pulsi
3511 2394 3661 2452 sunt,
3701 2395 3759 2442 et

2155 2478 2270 2533 sive
2317 2478 2383 2531 ab
2427 2477 2610 2549 aliquo
2659 2478 2918 2548 episcopo
2964 2477 3048 2532 vel
3092 2479 3412 2548 presbytero
3459 2475 3652 2530 fuerint
3697 2475 3759 2528 in

2156 2567 2589 2622 communionem
2631 2567 2902 2636 suscepti,
2955 2566 3116 2621 etiam
3163 2565 3280 2636 ipse
3320 2565 3441 2635 pari
3500 2579 3624 2620 cum
3670 2563 3760 2618 eis

2154 2655 2378 2710 crimine
2409 2664 2652 2710 teneatur
2692 2655 2959 2710 obnoxius
2984 2699 2998 2722 ,
3030 2653 3364 2727 refugientes
3394 2653 3476 2708 sui
3507 2652 3757 2723 episcopi

2154 2744 2406 2815 regulare
2431 2743 2716 2811 judicium.
2763 2765 2784 2793 ι
2819 2745 2885 2798 Et
2914 2744 3042 2798 item
3073 2743 3224 2811 (can.
3257 2742 3350 2812 29)
3383 2759 3397 2795 :
3434 2762 3456 2790 α
3493 2740 3596 2809 Qui
3646 2756 3757 2795 ex-

2152 2832 2581 2887 communicatus
2612 2831 2773 2886 fuerit
2804 2847 2901 2902 pro
2931 2847 3031 2886 suo
3059 2830 3314 2903 neglectu
3338 2873 3352 2895 ,
3385 2829 3500 2884 sive
3529 2829 3758 2898 episco-

2152 2935 2274 2988 pus,
2308 2910 2452 2973 'sive
2510 2918 2733 2991 quilibet
2787 2920 3056 2984 clericus,
3119 2928 3172 2974 et
3225 2927 3466 2988 tempore
3521 2931 3756 2972 excom-

2151 3007 2530 3062 municationis
2580 3025 2692 3062 sua:
2749 3015 2874 3064 ante
2927 3007 3258 3064 audientiam
3310 2998 3753 3062 communionem

2150 3096 2557 3166 prmsumpserit
2593 3140 2605 3160 ,
2665 3096 2782 3166 ipse
2836 3097 2890 3150 in
2951 3113 3010 3150 se
3066 3094 3426 3150 damnationis
3477 3093 3758 3162 judicetur

2150 3185 2444 3254 protulisse
2476 3185 2816 3238 sententiam.
2855 3205 2877 3234 ι
2912 3183 3163 3239 Sentisne
3193 3183 3324 3255 quid
3353 3181 3550 3237 audis?
3580 3181 3754 3236 intel-

2150 3272 2345 3344 ligisne
2377 3289 2496 3342 quae
2526 3273 2666 3344 legis
2681 3271 2708 3326 ?
2727 3272 2792 3326 Hi
2815 3272 2956 3326 enim
2980 3271 3122 3328 sacri
3142 3283 3382 3327 canones
3401 3285 3497 3325 eos
3515 3271 3584 3325 ab
3621 3269 3757 3325 aliis

2151 3361 2320 3430 recipi
2351 3361 2675 3430 prohibent,
2727 3361 2818 3431 qui
2849 3361 3044 3414 merito
3073 3359 3378 3416 facinorum
3423 3375 3642 3414 suorum
3675 3358 3756 3412 ab

2152 3449 2397 3503 Ecclesia
2429 3449 2571 3519 pulsi
2601 3457 2760 3511 sunt,
2811 3457 2863 3503 et
2907 3449 2998 3520 qui
3037 3446 3310 3520 refugiunt
3361 3447 3446 3502 sui
3502 3446 3758 3518 epiSCOpi

2150 3537 2401 3607 regulare
2422 3537 2712 3605 judicium,
2747 3545 2798 3590 et
2826 3537 2914 3607 qui
2945 3553 3046 3607 pro
3094 3552 3193 3591 suo
3239 3535 3492 3608 neglectu
3519 3550 3753 3590 excom-

2149 3625 2406 3680 municati
2434 3633 2574 3692 sunt,
2600 3633 2652 3678 et
2668 3632 2794 3680 ante
2811 3625 3143 3680 audientiam
3163 3633 3409 3696 tempore
3430 3639 3752 3680 excommu-

2148 3712 2435 3766 nicationis
2484 3713 2921 3768 communionem
2965 3721 3321 3784 praesumunt.
3354 3712 3753 3768 Laudunenses

2149 3808 2331 3854 autem
2361 3801 2567 3866 clerici,
2599 3817 2700 3856 nec
2726 3817 2828 3872 pro
2858 3816 2956 3856 suo
2985 3801 3238 3873 neglectu
3292 3799 3754 3857 excommunicati

2148 3905 2178 3941 a
2207 3897 2257 3943 te
2290 3888 2524 3953 fuerunt,
2558 3905 2659 3944 nec
2689 3889 2941 3962 regulare
2963 3889 3226 3959 judicium
3255 3887 3605 3962 refugerunt,
3637 3904 3752 3945 nec

2147 3984 2274 4030 ante
2293 3976 2619 4030 audientiam
2643 3985 2696 4032 et
2715 3977 3082 4050 cognitionem
3098 3977 3535 4032 communionem
3553 3983 3753 4031 contra

2147 4064 2362 4134 regulas
2411 4074 2897 4135 praesumpserant.
2953 4065 3160 4138 Regula
3204 4064 3437 4136 quippe,
3501 4064 3645 4118 unde
3695 4073 3756 4120 et

2147 4152 2380 4222 qualiter
2428 4153 2627 4223 quique
2677 4152 3144 4208 excommunicaril
3173 4153 3440 4219 debeant,
3475 4151 3633 4206 nobis
3657 4160 3757 4207 est

2144 4239 2430 4295 manifeste
2457 4241 2800 4310 deprompta.
2821 4241 3035 4296 dicente
3057 4240 3286 4296 Domino
3311 4241 3410 4295 εδει
3427 4241 3770 4310 peccaverit,

2145 4329 2210 4382 in
2243 4332 2296 4382 te
2325 4332 2511 4398 frater
2543 4332 2693 4391 tuus,
2713 4337 2790 4387 .et-
2811 4327 3022 4399 reliqua
3065 4341 3236 4400 usque
3272 4328 3404 4382 dum
3420 4327 3634 4390 dicitur,
3663 4329 3757 4382 sit

441 4407 631 4480 agitati
650 4396 926 4464 iracundia
948 4396 1378 4486 maledicamu's?
1404 4435 1426 4462 ››
1445 4397 1507 4484 In
1525 4413 1662 4468 libro
1687 4415 2037 4486 Dialogorum
2067 4405 2126 4470 D
2150 4417 2250 4471 tibi
2278 4396 2428 4472 sicut
2450 4417 2712 4472 ethnicus
2741 4420 2799 4470 et
2827 4396 3198 4486 publicamus.
3223 4417 3400 4471 Amen
3429 4416 3548 4470 dico
3569 4415 3750 4482 vobis,

445 4496 576 4551 dicit
605 4497 721 4566 (lib.
757 4513 819 4552 ιη
848 4499 1086 4569 Dialog.,
1115 4485 1258 4570 ’cap.’
1283 4500 1374 4564 15)
1401 4518 1414 4555 :
1453 4487 1687 4556 «UPensa
1711 4545 1723 4569 ,
1769 4485 2040 4574 inquiens;

442 4600 604 4654 quam
649 4585 835 4656 gravis
867 4593 947 4640 est
979 4587 1135 4656 culpa
1187 4603 1308 4658 quae
1349 4597 1568 4658 separat
1615 4606 1648 4644 a
1695 4607 1870 4662 regno
1900 4593 2041 4658 vitae,

442 4687 568 4726 cum
599 4673 796 4726 Paulus
826 4674 970 4730 dicat
996 4692 1008 4728 :
1036 4676 1220 4745 Neque
1240 4677 1504 4731 maledici
1527 4693 1760 4749 regnum
1786 4682 1886 4734 Dei
1913 4697 2046 4752 pos-

441 4759 702 4814 sidebunt
718 4762 897 4830 (ICor.
920 4777 996 4824 v1,
1019 4763 1122 4827 ιο).
1152 4784 1173 4814 «
1193 4765 1260 4817 Et
1278 4763 1637 4834 interroganti
1652 4767 1828 4821 eidem
1846 4768 2005 4823 Petro
2030 4784 2042 4822 :

439 4843 581 4913 Quid
611 4846 656 4899 si
685 4847 848 4902 homo
868 4866 975 4904 non
1011 4849 1243 4906 fortasse
1274 4868 1338 4906 ex
1369 4852 1596 4918 malitia,
1623 4855 1721 4908 sed
1755 4871 1819 4909 ex
1844 4855 2044 4928 lingure

437 4932 680 5001 incuria,
721 4935 1118 4992 maledictionis
1164 4939 1220 4992 in
1268 4940 1576 5010 proximum
1617 4942 1883 5009 jaculatur
1913 4959 2044 4997 ver-

438 5021 567 5076 bum
585 5021 611 5075 ?
632 5023 912 5092 respondit
938 5041 950 5074 :
981 5045 1002 5072 «
1022 5024 1076 5078 Si
1109 5027 1253 5097 apud
1275 5028 1602 5093 districtum,
1619 5030 1890 5100 inquiens,
1907 5031 2048 5098 judi-

440 5125 580 5175 cem,
641 5111 814 5180 Petre,
880 5111 1086 5166 otiosus
1151 5131 1331 5170 sermo
1379 5118 1808 5186 reprehenditur,
1842 5128 2044 5190 quanto

435 5199 611 5271 magis
639 5199 833 5254 noxius
853 5199 880 5252 ?
910 5200 1088 5254 Pensa
1116 5217 1252 5274 ergo
1293 5213 1555 5274 quantum
1601 5206 1668 5260 sit
1715 5207 2044 5261 damnabilis

431 5286 522 5356 qui
551 5302 584 5340 ι
612 5288 815 5343 malitia
859 5304 968 5344 non
1010 5297 1188 5355 vacat,
1222 5290 1266 5344 si
1300 5300 1353 5346 et
1383 5292 1473 5348 ille
1505 5310 1682 5349 sermo
1713 5295 1942 5366 pmnalis
1962 5296 2044 5350 est

427 5373 521 5445 qui
570 5389 604 5428 a
649 5375 886 5434 bonitate
935 5377 1181 5434 utilitatis
1211 5387 1391 5445 vacat.
1432 5402 1453 5430 ι
1481 5383 1546 5437 Ει
1577 5382 1634 5437 in
1663 5382 1803 5438 libro
1852 5384 2035 5438 Mora-

433 5459 564 5514 lium
594 5462 715 5532 (lib.
744 5479 821 5526 Iv,
855 5482 978 5536 cap.
1013 5467 1068 5524 6)
1103 5484 1115 5519 :
1155 5488 1177 5516 α
1215 5467 1517 5522 Sciendum
1542 5477 1642 5530 est,
1675 5469 1868 5540 inquit,
1891 5471 2039 5540 quod

2145 4521 2487 4577 quaecunque
2515 4505 2890 4575 alligaveritis
2922 4508 3338 4574 superterram,
3362 4507 3532 4560 erunt
3562 4504 3752 4574 ligata

2147 4597 2201 4646 et
2231 4593 2290 4646 in
2321 4595 2454 4647 carlo
2489 4593 2705 4662 (Matth.
2738 4591 2928 4652 xvm‘).
2971 4593 3036 4646 Et
3065 4593 3166 4647 hac
3195 4592 3403 4662 regula,
3442 4600 3602 4662 atque
3632 4591 3752 4648 hoc

2145 4680 2384 4750 regulari
2409 4680 2613 4748 judicio
2636 4723 2650 4745 ,
2704 4680 3080 4752 canonicoque
3123 4680 3315 4734 ordine
3337 4723 3350 4745 ,
3383 4679 3450 4733 ab
3481 4679 3753 4736 Ecclesia

2143 4768 2524 4822 communione
2562 4768 2972 4834 medicinaliter,
3005 4784 3177 4839 usque
3207 4769 3331 4822 dum
3358 4775 3756 4823 convertantur

2145 4863 2197 4910 et
2227 4855 2291 4908 ad
2321 4855 2692 4925 pmnitentiam
2725 4857 2986 4922 redeant,
3019 4863 3300 4926 separatos
3329 4863 3536 4911 constat
3567 4863 3684 4909 rata
3717 4871 3752 4910 a

2146 4944 2260 4998 Deo
2281 4943 2486 5013 prolata
2504 4945 2796 4999 sententia:
2819 4945 3173 5016 Qua’cunque
3189 4945 3558 5014 alligaveritis
3568 4959 3753 5013 super

2146 5036 2376 5096 terram,
2415 5036 2585 5088 erunt
2612 5033 2785 5103 ligata
2812 5037 2868 5087 et
2891 5034 2952 5087 in
2984 5033 3117 5087 melo
3139 5032 3341 5102 (ibid.).
3375 5032 3443 5085 Et
3473 5031 3616 5086 sacri
3641 5047 3748 5086 ca-

2143 5136 2315 5173 nones
2361 5120 2540 5174 taliter
2587 5137 2617 5173 a
2659 5119 2890 5190 propriis
2939 5119 3214 5190 episcopis
3259 5119 3502 5188 abjectos
3530 5118 3617 5173 vel
3645 5135 3743 5173 ex-

2143 5192 2600 5272 communicatos,
2653 5208 2736 5262 vel
2785 5208 2829 5260 si
2877 5206 3096 5261 dubium
3141 5207 3304 5261 fuerit
3333 5214 3513 5262 utrum
3558 5206 3751 5262 taliter

2142 5310 2314 5350 necne
2369 5279 2565 5377 abjecti
2609 5295 2695 5350 vel
2739 5294 3190 5350 excommunicati
3231 5294 3468 5357 fuerint,
3519 5294 3752 5377 interim

2141 5399 2249 5439 non
2280 5371 2543 5454 recipi'ab
2571 5383 2692 5438 aliis
2719 5381 3068 5454 praecipiunt,
3103 5382 3150 5438 si
3179 5390 3306 5439 ante
3347 5397 3447 5453 per
3477 5371 3753 5438 ﬁnitimos

2140 5471 2427 5540 episcopos
2453 5515 2465 5531 ,
2498 5471 2583 5525 vel
2639 5487 2741 5541 per
2787 5470 2992 5526 electos
3039 5478 3134 5524 aut
3174 5471 3458 5540 deputatos
3498 5469 3749 5542 iudices,
