4020 6182
276 274 387 339 ως

1000 267 1247 325 OPUSC.
1299 265 1390 321 ET
1443 267 1661 324 EPIST.
1719 271 1792 324 IN
1855 268 2083 323 CAUSA
2131 267 2477 324 HINCMARI
2520 269 2826 326 LAUDUN.

3501 277 3606 331 ιιο

281 412 462 455 causa!
491 393 857 453 eorumoﬁniri
887 392 1250 465 nequiverint,
1283 392 1460 450 donec
1488 393 1543 448 in
1571 393 1894 465 provinciali
1922 395 1980 454 Α
2001 392 2149 449 vobis
2192 394 2540 465 exemplum,
2574 398 2641 450 ut
2680 397 2999 468 sequamini
3046 397 3282 469 vestigia
3328 400 3466 469 eius,
3514 392 3612 471 qui

282 486 538 556 synodo,
598 500 708 557 quo
752 482 1209 554 metropolitanus
1261 482 1487 537 antistes
1545 481 1888 553 probaverit,

278 574 662 636 discutiantur,
700 581 753 629 et
792 572 1116 642 regulariter
1166 570 1491 625 sententiam
1535 570 1894 627 communiter

278 661 561 717 inventam
609 660 806 731 abjecti
857 659 1182 730 suscipiant,
1236 659 1371 713 sicut
1414 657 1621 715 Nicseni
1651 674 1893 714 canones

279 757 471 820 aperte
528 749 910 803 demonstrant
963 747 1207 802 dicentes
1263 749 1414 818 (can.
1464 749 1518 815 5)
1554 765 1566 801 :
1603 770 1624 794 «
1677 747 1741 801 Hi
1801 746 1894 818 qui

279 837 628 905 abjiciuntur,
685 836 756 891 ab
814 835 933 889 aliis
986 850 1095 890 non
1153 835 1504 905 recipiantur.
1566 834 1896 907 Requiratur

280 933 484 985 autem.
520 940 592 980 ne
618 923 1085 995 pusillanimitate,
1121 932 1214 978 aut
1252 923 1617 987 contentione,
1661 931 1751 977 aut
1788 922 1894 978 alio

279 1011 525 1083 quolibet
565 1011 809 1083 episcopi
857 1011 1009 1076 vitio,
1059 1011 1344 1066 videantur
1392 1026 1425 1065 a
1466 1011 1894 1084 congregatione

280 1096 506 1156 seclusi.
548 1126 571 1147 ι-
605 1100 947 1154 Manifestum
992 1108 1075 1155 est
1116 1100 1283 1165 enim,
1317 1099 1572 1171 quoniam
1613 1099 1777 1153 dubia
1808 1099 1895 1154 vel

282 1188 524 1243 obscura
549 1188 811 1257 jubentur
839 1187 1065 1259 requiri,
1098 1203 1204 1242 nou
1252 1196 1402 1257 certa
1450 1188 1535 1242 vel
1583 1186 1892 1242 manifesta.

279 1277 347 1332 Et
378 1277 780 1331 Antiochenam
813 1275 1103 1331 concilium
1124 1277 1276 1345 (ean.
1310 1275 1365 1345 6)
1390 1294 1402 1329 :
1431 1297 1452 1325 «ι
1480 1275 1893 1341 Communione,

280 1364 477 1435 inquit,
510 1363 759 1434 privatus
786 1379 820 1418 a
848 1363 1074 1434 proprio
1119 1364 1402 1434 episcopo,
1447 1380 1557 1418 non
1598 1371 1724 1418 ante
1753 1363 1897 1418 reci-

280 1452 465 1523 piatur
495 1452 567 1506 ab
596 1452 744 1521 aliis,
766 1452 941 1507 donec
962 1452 1185 1522 proprio
1206 1452 1585 1507 reconcilietur
1610 1452 1894 1522 episcopo,

281 1547 373 1594 aut
404 1555 710 1596 occurrens
739 1539 807 1594 ad
838 1539 1105 1610 synodum
1137 1553 1259 1611 qua:
1288 1547 1671 1612 congregatur,
1705 1555 1805 1611 pro
1836 1555 1896 1594 se

282 1627 605 1695 satisfaciat,
639 1636 692 1682 et
721 1627 1060 1698 persuadens
1088 1627 1322 1682 concilio
1362 1628 1684 1682 sententiam
1715 1627 1896 1683 susci-

1997 489 2297 554 peccatum
2329 499 2446 538 non
2475 485 2633 553 fecit,
2668 500 2774 538 nec
2806 486 3075 541 inventus
3112 490 3199 541 est
3231 486 3392 543 dolus
3416 487 3479 543 in
3517 502 3617 543 ore

2000 571 2144 640 ejus,
2169 572 2415 641 quicum
2437 571 2894 637 malediceretur,
2920 590 3033 629 non
3056 573 3445 643 maledicebat,
3478 592 3610 631 cum

2001 661 2297 729 pateretur
2318 674 2433 712 non
2460 660 2934 723 comminabatur,
2961 662 3221 717 tradebat
3237 667 3433 718 autem
3450 663 3613 734 judi-

2000 746 2161 800 canti
2191 761 2248 800 se
2280 746 2496 816 injuste
2525 746 2575 813 (I
2603 750 2755 802 Petr.
2792 751 2874 816 ιι).
2907 749 2974 803 Et
3008 749 3240 804 Paulus:
3268 751 3605 817 Benedicite,

2003 836 2060 887 et
2106 834 2284 887 nolite
2332 834 2689 900 maledicere,
2749 853 2865 891 non
2911 837 3205 893 reddentes
3250 840 3467 894 malum
3508 856 3613 912 pro

2002 920 2175 987 malo,
2207 936 2311 975 nec
2340 922 2710 979 maledictum
2729 941 2831 997 pro
2852 925 3156 981 maledicto
3181 926 3358 995 (Rom.
3394 926 3519 997 xu).
3542 929 3608 983 Et

2003 1007 2128 1063 hinc
2155 1022 2259 1079 per
2298 1010 2647 1097 semetipsam
2677 1012 2888 1067 Veritas
2918 1012 3047 1069 dicit
3080 1031 3092 1068 :
3125 1013 3355 1086 Diligite
3403 1017 3610 1071 ininti-

2003 1113 2094 1153 cos
2126 1093 2722 1173 acstragibenefacite
2750 1101 2838 1156 his
2866 1104 2962 1173 qui
2993 1102 3233 1157 oderunt
3273 1119 3384 1159 vos.
3440 1104 3612 1160 Orate

2001 1202 2102 1256 pro
2115 1188 2578 1258 persequentibus
2597 1191 2654 1243 et
2674 1190 3159 1245 calumniantibus
3176 1207 3266 1246 vos
3288 1191 3507 1261 (Matth.
3524 1192 3607 1263 ν).

2007 1293 2030 1322 ι
2068 1274 2271 1336 Virtus,
2306 1274 2475 1346 inquit
2508 1275 2813 1348 Gregorius
2843 1278 3014 1347 (hom.
3049 1280 3116 1332 35
3142 1280 3205 1333 in
3234 1280 3490 1351 Evang.),
3523 1288 3608 1335 est

2002 1376 2191 1416 coram
2221 1362 2530 1417 hominibus
2558 1364 2789 1419 adversa
2818 1365 3076 1429 tolerare,
3101 1366 3201 1420 sed
3228 1366 3396 1421 virtus
3425 1382 3607 1423 coram

2003 1449 2120 1504 Deo
2147 1449 2376 1521 diligere
2409 1469 2421 1505 :
2457 1451 2585 1522 quia
2615 1453 2721 1508 hoc
2750 1453 2926 1507 solum
2971 1454 3117 1508 Deus
3148 1453 3476 1509 sacriﬁcium
3505 1471 3604 1511 ac-

2001 1536 2149 1607 cipit,
2183 1538 2329 1608 quod
2376 1547 2501 1593 ante
2543 1541 2660 1607 ejus
2688 1540 2878 1596 oculos
2910 1541 2963 1595 in
2992 1541 3150 1596 altari
3201 1541 3358 1597 bona
3404 1558 3609 1613 opera-

2001 1625 2164 1680 tionis
2193 1625 2410 1680 tlamma
2440 1628 2715 1683 charitatis
2745 1628 3004 1685 incendit.
3040 1653 3061 1677 »
3094 1631 3162 1685 Et
3191 1630 3454 1686 Dominus
3484 1630 3608 1686 illos

284 1716 389 1787 piat
415 1716 668 1771 alteram.
708 1738 729 1765 ι
763 1717 830 1770 Et
875 1715 1233 1771 Sardicenses
1282 1730 1524 1771 canones
1569 1717 1720 1786 (can.
1758 1716 1847 1786 17)
1881 1733 1893 1771 :
1927 1712 2133 1803 Bdicit
2160 1713 2401 1803 (beatos,
2448 1716 2541 1786 qui
2587 1716 3023 1787 persecutionem
3069 1718 3344 1789 patiuntur
3388 1727 3617 1790 propter

286 1828 307 1853 ι
340 1804 457 1867 Ille,
488 1804 763 1876 inquiunt,
794 1803 1106 1874 episcopus,
1140 1803 1233 1874 qui
1254 1804 1400 1872 juste
1430 1813 1520 1858 aut
1549 1804 1745 1873 injuste
1775 1821 1898 1860 cum

287 1892 503 1961 abjecit,
559 1892 828 1962 patienter
874 1891 1102 1962 accipiat
1142 1899 1201 1945 ut
1229 1892 1510 1964 negotium
1558 1892 1896 1958 discutiatur,

283 1989 331 2035 at
363 1980 452 2035 vel
483 1980 754 2051 probetur
782 1980 1051 2035 sententia
1075 1980 1197 2048 ejus
1228 1994 1261 2033 a
1289 1979 1557 2049 plurimis,
1592 1980 1679 2035 vel
1704 1996 1899 2035 emen-

285 2070 461 2124 detur.
506 2089 529 2116 ι
554 2060 770 2123 Scilicet
798 2073 855 2121 ut
884 2067 1224 2123 discussione
1267 2067 1411 2123 facta
1456 2068 1525 2123 de
1568 2076 1693 2123 ante
1720 2069 1900 2124 dubiis

281 2165 329 2212 et
359 2156 639 2221 obscuris,
674 2156 938 2211 sententia
986 2155 1383 2211 rationabiliter
1427 2156 1573 2212 dicta
1618 2157 1895 2227 probetur,

284 2245 366 2301 vel
409 2244 862 2300 irrationabiliter
906 2245 1117 2315 prolata
1176 2244 1512 2300 emendetur.
1566 2245 1632 2299 Et
1678 2246 1782 2301 hoc
1827 2246 1898 2300 de

282 2349 419 2398 uno,
454 2334 547 2388 vel
593 2332 840 2397 duobus,
887 2340 978 2387 aut
1020 2332 1223 2396 tribus,
1269 2333 1460 2387 decem
1509 2349 1759 2405 quoque,
1810 2335 1897 2389 vel

284 2422 495 2495 viginti,
531 2430 624 2476 aut
653 2419 897 2493 triginta,
922 2428 975 2475 et
999 2420 1069 2475 de
1097 2420 1277 2475 dubiis
1299 2420 1383 2476 vel
1406 2420 1658 2476 obscuris
1687 2422 1896 2477 servari

284 2511 560 2582 patienter
577 2508 759 2580 aliquo
778 2508 943 2564 modo
962 2516 1195 2580 poterat.
1216 2510 1283 2563 At
1311 2509 1402 2563 ubi
1429 2508 1895 2579 manifestissime,

286 2599 422 2653 sicut
452 2597 713 2652 omnibus
758 2604 969 2652 constat
998 2612 1122 2651 esse
1151 2596 1496 2651 notissimum
1517 2641 1529 2661 ,
1563 2597 1679 2652 sine
1711 2598 1895 2669 aliqua

288 2688 524 2752 ratione,
558 2686 644 2740 vel
673 2685 831 2756 culpa
855 2685 1209 2754 abjectorum,
1242 2694 1431 2740 contra
1459 2701 1679 2740 omnem
1707 2694 1893 2741 aucto-

284 2776 518 2843 ritatem,
567 2774 819 2839 trecenti,
851 2774 937 2828 vel
969 2773 1374 2847 quadringenti,
1425 2774 1539 2829 sive
1587 2774 1890 2847 quingenti,

283 2864 400 2919 solo
432 2871 529 2918 tuo
557 2861 761 2931 furore,
794 2870 844 2916 et
873 2877 1038 2917 causa
1086 2861 1403 2930 injuriarum
1451 2870 1656 2916 tuarum
1697 2863 1894 2930 abjecti

285 2961 463 3015 erant,
496 2951 555 3005 in
586 2967 821 3021 quorum
869 2950 1201 3019 abjectione,
1235 2959 1291 3004 ut
1321 2949 1510 3005 beatus
1559 2950 1893 3023 Augustinus

285 3040 415 3095 dicit
458 3040 653 3110 (epist.
687 3040 800 3107 50),
833 3053 943 3093 non
975 3038 1134 3107 hujus
1180 3046 1270 3093 aut
1313 3038 1459 3092 illius
1508 3038 1745 3094 hominis
1777 3047 1895 3094 erat

282 3127 617 3198 periculum,
649 3127 749 3181 sed
781 3126 1103 3197 populorum
1135 3134 1351 3199 strages
1378 3127 1598 3195 jacebat
1624 3126 1679 3180 in
1708 3128 1896 3197 perdi-

283 3217 467 3281 tione,
514 3215 678 3270 etiam
718 3215 811 3287 qui
839 3215 893 3269 in
925 3210 1029 3269 tuis
1076 3215 1289 3283 injuriis
1338 3230 1447 3269 non
1495 3224 1894 3285 peccaverunt,

285 3304 384 3360 sed
433 3304 614 3374 potius
659 3302 968 3369 doluerunt,
1000 3318 1102 3373 pro
1148 3303 1347 3375 quibus
1375 3302 1453 3358 illi
1481 3303 1675 3373 abjecti
1723 3312 1893 3368 erant,

286 3393 376 3448 cui
439 3391 755 3447 Christiano
816 3391 1025 3446 servari
1069 3406 1245 3462 usque
1288 3390 1357 3445 ad
1406 3391 1895 3458 examinationem,

285 3481 428 3538 sicut
455 3480 529 3535 de
557 3479 741 3534 dubiis
770 3488 821 3533 et
850 3478 1101 3535 obscuris
1130 3486 1184 3534 et
1212 3479 1344 3533 nihil
1376 3479 1600 3551 periculi
1641 3480 1896 3535 habenti-

290 3569 414 3633 bus,
448 3568 625 3623 videri
655 3567 945 3622 debuerit?
974 3567 1204 3622 Maxime
1233 3583 1368 3640 erga
1395 3583 1502 3622 non
1526 3575 1819 3637 peccantes
1842 3568 1895 3622 in

285 3658 395 3713 tuis
425 3656 660 3724 injuriis,
695 3655 790 3711 sed
820 3655 1070 3711 dolentes
1104 3673 1116 3709 :
1149 3670 1274 3710 cum
1312 3655 1461 3711 Deus
1491 3656 1632 3711 hanc
1662 3656 1896 3711 retribu-

289 3744 498 3800 tionem
527 3744 707 3798 modis
734 3742 987 3798 omnibus
1008 3743 1327 3809 detestetur,
1353 3760 1483 3799 cum
1498 3744 1899 3799 retribuuntur

292 3834 447 3889 mala
477 3848 580 3903 pro
600 3832 757 3887 bonis
788 3833 965 3900 (Psal.
990 3832 1215 3902 xxxrv).
1247 3832 1369 3886 Non
1398 3848 1533 3904 ergo
1559 3840 1684 3887 ante
1714 3832 1899 3905 cogni-

290 3922 517 3985 tionem,
549 3920 688 3975 sicut
716 3918 1075 3976 Sardicenses
1105 3935 1342 3975 canones
1357 3920 1550 3989 jubent
1570 3922 1757 3991 (epist.
1783 3922 1894 3991 50),

289 4010 385 4066 sed
416 4016 543 4080 post
575 4006 917 4063 manifestam
946 4008 1337 4080 cognitionem,
1369 4007 1625 4079 praefatos
1664 4008 1897 4065 clericos

290 4113 319 4151 a
348 4106 401 4152 te
429 4097 755 4152 maledictos
783 4096 1153 4152 communioni
1201 4096 1526 4167 regulariter
1574 4096 1796 4152 sociavi.
1831 4099 1897 4152 Et

291 4181 334 4236 si
364 4182 502 4236 forte
528 4180 733 4252 aliquid
764 4180 989 4235 rationis
1018 4180 1101 4235 vel
1132 4180 1462 4235 auctoritatis
1494 4180 1722 4235 haberet
1752 4182 1898 4252 quod

291 4268 483 4333 fecisti,
519 4270 611 4323 ubi
640 4277 910 4323 tantorum
958 4268 1284 4339 populorum
1332 4277 1541 4341 strages
1572 4277 1624 4323 et
1654 4269 1898 4339 pericula

294 4358 680 4424 imminebant,
728 4357 1122 4412 detrahendum
1178 4350 1351 4425 foret,
1398 4366 1455 4411 ut
1504 4356 1648 4412 idem
1708 4358 1898 4411 beatus

1997 1801 2264 1869 justitiam
2311 1803 2530 1871 (Matth.
2588 1805 2671 1874 v);
2720 1820 2829 1860 non
2872 1812 3096 1876 propter
3141 1807 3457 1878 nequitiam,
3502 1807 3613 1862 nisi

2003 1889 2142 1944 forte
2173 1906 2269 1960 per
2298 1890 2473 1961 ipsam
2505 1893 2943 1962 persecutionem
2972 1903 3358 1950 convertantur
3383 1895 3454 1950 ad
3484 1910 3613 1951 cor-

2002 1977 2318 2043 rectionem,
2340 1987 2393 2032 et
2413 1988 2818 2051 consequantur
2834 1982 3175 2053 purgationis
3193 1983 3608 2039 beatitudinem.

2001 2066 2079 2121 Tu
2107 2074 2308 2134 autem,
2351 2066 2397 2121 si
2446 2076 2630 2122 contra
2661 2068 2815 2141 leges
2842 2069 3055 2124 divinas
3084 2079 3137 2125 et
3176 2071 3437 2126 humanas
3465 2071 3520 2126 in
3551 2080 3615 2126 te

2002 2154 2258 2225 quiddam
2280 2170 2312 2209 a
2335 2170 2660 2227 quocunque
2682 2156 2881 2211 exstitit
2912 2166 3304 2229 perpetratum,
3339 2158 3468 2213 mihi
3499 2161 3610 2216 hoc

2002 2250 2188 2297 notum
2220 2241 2416 2307 facere,
2450 2251 2504 2298 et
2532 2260 2633 2314 per
2669 2244 2887 2316 aliquod
2931 2247 3194 2317 temporis
3237 2247 3471 2317 spatium
3500 2263 3602 2318 pa-

1998 2330 2196 2385 tienter
2241 2330 2513 2387 debueras
2562 2341 2899 2403 exspectare,
2931 2350 3107 2405 usque
3154 2335 3284 2389 dum
3323 2335 3449 2390 inde
3478 2352 3603 2392 cum

1999 2417 2247 2472 fratribus
2270 2427 2323 2473 et
2342 2419 2683 2490 coepiscopis
2702 2421 2905 2475 nostris
2933 2431 3259 2493 satagerem,
3287 2423 3422 2479 sicut
3443 2423 3604 2479 etiam

1999 2522 2245 2579 egeram,
2272 2516 2324 2561 et
2349 2523 2457 2562 non
2494 2516 2615 2563 tuas
2639 2508 2920 2564 molestias
2948 2510 3178 2565 aliorum
3210 2512 3604 2582 perditionibus

1998 2595 2295 2650 vindicare.
2328 2597 2393 2650 Et
2414 2596 2458 2651 si
2476 2596 2632 2659 forte.
2668 2614 2917 2669 quaerens
2946 2598 3232 2654 resistendi
3262 2598 3513 2671 suﬂ’ugia,
3550 2608 3605 2657 et

1997 2683 2174 2753 potius
2202 2683 2566 2754 perniciosum
2608 2684 2806 2740 factum
2837 2694 2983 2756 tuum
3016 2686 3250 2757 elegeris
3281 2686 3599 2759 defendere,

1997 2787 2160 2842 quam
2210 2787 2612 2842 recognoscere
2657 2781 2821 2845 atque
2867 2774 3169 2847 corrigere,
3203 2775 3441 2844 objicere
3469 2777 3602 2831 mihi

1997 2858 2235 2914 volueris
2263 2860 2407 2930 quod
2430 2861 2775 2916 Innocentius
2794 2862 2864 2916 ad
2886 2863 3211 2918 Macedones
3232 2863 3447 2935 scripsit
3478 2865 3600 2935 epi-

1998 2961 2196 3017 scopos
2224 2947 2412 3002 dicens
2440 2950 2631 3021 (epist.
2662 2954 2751 3015 29,
2784 2950 2887 3004 sub
2925 2949 3114 3021 tinem)
3139 2969 3152 3005 :
3182 2974 3203 2997 «
3233 2951 3340 3006 Sed
3370 2959 3427 3006 ut
3455 2968 3602 3024 saepe

1997 3035 2211 3099 accidit,
2246 3036 2457 3107 quoties
2488 3052 2518 3090 a
2546 3038 2763 3108 populis
2792 3047 2884 3093 aut
2913 3054 2945 3093 a
2972 3039 3128 3094 turba
3171 3047 3443 3110 peccatur,
3477 3040 3605 3113 quia

2000 3122 2055 3177 iu
2084 3139 2276 3179 omnes
2306 3133 2530 3194 propter
2556 3126 2950 3181 multitudinem
2979 3143 3089 3183 non
3116 3135 3295 3198 potest
3320 3127 3598 3198 vindicari,

1998 3212 2225 3267 inultum
2256 3213 2393 3267 solet
2424 3215 2677 3279 transire,
2721 3215 2905 3285 priora
2955 3231 3088 3288 ergo
3132 3216 3450 3271 dimittenda
3479 3217 3603 3273 dico

1998 3301 2097 3355 Dei
2124 3301 2348 3368 judicio,
2382 3309 2437 3355 et
2463 3301 2532 3355 de
2558 3301 2771 3373 reliquo
2800 3302 3031 3356 maxima
3061 3303 3424 3359 sollicitudine
3450 3321 3599 3375 prte-

1998 3389 2337 3451 carendum;
2377 3410 2399 3437 υ
2436 3388 2623 3457 rejicio
2668 3390 2781 3455 tibi,
2816 3398 2873 3444 ut
2903 3391 2989 3445 vel
3017 3391 3072 3444 in
3102 3391 3353 3461 pOpulos,
3404 3401 3496 3446 aut
3542 3393 3599 3447 in

1996 3476 2211 3531 turbam
2260 3484 2597 3547 peccantem,
2631 3485 2684 3531 et
2725 3493 2835 3532 non
2863 3477 2917 3531 in
2947 3479 3179 3549 populos
3207 3487 3260 3533 et
3285 3480 3339 3533 in
3387 3480 3598 3536 turbam

1997 3563 2295 3628 innoxiam,
2330 3566 2427 3619 has
2452 3565 2862 3622 maledictiones
2890 3574 3012 3621 tuas
3042 3583 3318 3636 exereres,
3344 3568 3436 3639 qui
3464 3568 3599 3623 nulli

1995 3651 2348 3717 maledicere,
2377 3653 2536 3708 etiam
2568 3653 2623 3707 in
2653 3661 2704 3709 te
2731 3654 2998 3725 peccanti,
3029 3656 3250 3711 minime
3278 3664 3457 3712 autem
3488 3672 3600 3712 non

1996 3741 2263 3812 peccanti,
2286 3741 2619 3812 praeciperis.
2646 3743 2727 3797 De
2745 3742 3054 3815 alligatione
3083 3752 3265 3799 autem
3282 3744 3594 3816 episcopali,

1999 3829 2146 3900 quod
2175 3830 2332 3884 nobis
2353 3829 2482 3884 satis
2502 3831 2868 3897 tremendum,
2893 3840 2945 3887 et
2966 3832 3290 3898 cavendum,
3313 3840 3474 3904 atque
3500 3833 3598 3888 ob-

1998 3918 2329 3972 servandum
2358 3928 2459 3983 est,
2493 3927 2714 3974 sanctus
2758 3919 3058 3992 Gregorius
3088 3920 3141 3974 in
3171 3920 3393 3976 homilia
3423 3921 3600 3977 Evan-

1996 4005 2126 4076 gelii
2155 4006 2421 4077 vigesima
2446 4015 2600 4061 sexta
2628 4006 2759 4063 dicit
2782 4024 2795 4061 :
2825 4029 2847 4056 «
2882 4008 3038 4079 Sarpe
3066 4008 3120 4062 in
3150 4008 3389 4083 ligandis
3408 4025 3471 4065 ac
3491 4010 3602 4065 sol-

1997 4094 2190 4148 vendis
2237 4093 2466 4148 subditis
2513 4102 2703 4165 pastor
2749 4111 2863 4150 suae
2912 4097 3202 4151 voluntatis
3246 4105 3447 4165 motus,
3489 4114 3599 4154 non

1995 4190 2177 4236 autem
2224 4198 2515 4237 causarum
2560 4183 2755 4238 merita
2805 4184 3071 4254 sequitur.
3122 4186 3277 4241 Unde
3307 4185 3366 4240 ﬁt
3394 4193 3454 4240 ut
3481 4186 3602 4257 ipsa

1996 4271 2097 4325 hac
2127 4270 2329 4342 ligandi
2360 4279 2413 4324 et
2442 4270 2691 4325 solvendi
2720 4278 2987 4339 potestate
3016 4288 3075 4326 se
3105 4274 3302 4342 privet,
3337 4273 3428 4344 qui
3461 4274 3600 4329 hanc

1996 4374 2097 4429 pro
2128 4357 2241 4412 suis
2269 4357 2654 4421 voluntatibus,
2687 4365 2740 4411 et
2768 4372 2876 4412 non
2905 4373 3006 4427 pro
3036 4359 3397 4427 subjectorum
3426 4361 3599 4415 mori-

291 4447 632 4519 Augustinus
661 4445 1016 4511 demonstrat,
1049 4444 1250 4516 aliquid
1284 4444 1582 4513 severitati,
1606 4452 1665 4500 ut
1690 4445 1897 4514 majori-
1922 4442 1978 4504 D
2001 4446 2103 4500 bus
2124 4453 2361 4500 exercet.
2394 4444 2550 4500 Unde
2574 4452 2720 4500 recte
2738 4460 2836 4514 per
2853 4445 3173 4515 prophetam
3201 4445 3399 4500 dicitur
3421 4462 3434 4501 :
3459 4448 3600 4502 Mor-

292 4534 390 4589 bus
421 4534 583 4589 malis
616 4533 871 4587 sanandis
898 4533 1215 4588 subveniret
1244 4533 1482 4588 charitas
1513 4549 1634 4605 qua:
1654 4534 1897 4604 cooperit

291 4622 693 4678 multitudinem
746 4630 1116 4693 peccatorum.
1178 4623 1246 4676 Et
1306 4622 1352 4676 si
1408 4629 1613 4675 tantum
1664 4621 1719 4675 in
1777 4637 1890 4691 eos,

293 4711 381 4782 qui
410 4719 667 4766 auctores
696 4710 782 4764 vel
810 4718 1116 4780 patratores
1145 4710 1464 4779 injuriarum
1485 4718 1701 4764 tuarum
1722 4718 1893 4776 erant,

294 4798 704 4854 maledictiones
734 4806 852 4852 tuas
875 4797 1172 4866 jaculando
1219 4812 1492 4865 exereres,
1525 4796 1661 4852 forte
1691 4798 1897 4868 portari

295 4887 360 4941 ab
386 4887 510 4941 aliis
538 4894 810 4957 poterant,
843 4902 1016 4957 usque
1046 4886 1174 4940 dum
1208 4885 1453 4957 synodali
1501 4894 1770 4941 conventu
1802 4886 1897 4941 tibi

293 4974 758 5030 demonstraretur
784 4981 837 5029 te
869 4982 1060 5029 contra
1103 4974 1371 5029 rationem
1420 4973 1603 5046 egisse
1624 5017 1637 5039 ,
1668 4974 1896 5030 docente

296 5063 455 5117 beato
472 5064 636 5117 Petro
654 5061 931 5132 apostolo:
956 5064 1079 5118 [Iaso
1101 5066 1184 5117 est
1205 5064 1359 5118 enim
1373 5063 1580 5133 gratia,
1601 5063 1650 5117 si
1669 5079 1805 5134 prop
1814 5066 1899 5117 ter

294 5151 706 5208 conscientiam
725 5152 823 5205 Dei
843 5150 1091 5205 sustinet
1107 5150 1229 5222 quis
1248 5151 1521 5206 tristitias
1544 5150 1771 5222 patiens
1802 5152 1897 5205 in-

290 5241 462 5308 juste.
501 5239 635 5306 Qua,
665 5240 819 5294 enim
846 5240 1033 5310 gratia
1064 5240 1113 5293 si
1138 5243 1441 5310 peccantes
1471 5242 1527 5293 et
1553 5238 1899 5310 colaphizati

294 5328 586 5399 suﬂ‘ertis?
607 5326 713 5384 Sed
732 5328 783 5382 si
803 5327 938 5381 bene
959 5328 1237 5397 facientes
1261 5329 1551 5399 patienter
1577 5328 1894 5395 sustinetis,

294 5415 409 5472 lucc
429 5420 513 5472 est
536 5416 727 5487 gratia
748 5415 896 5488 apud
923 5416 1119 5471 Deum.
1145 5415 1208 5470 In
1231 5414 1331 5471 hoc
1351 5417 1506 5471 enim
1525 5416 1710 5472 vocati
1737 5417 1895 5481 estis,

296 5516 428 5586 quia
456 5520 513 5569 et
539 5514 798 5569 Christus
844 5529 1046 5585 passus
1090 5517 1178 5568 est
1209 5529 1310 5584 pro
1340 5513 1516 5579 nobis,
1567 5513 1896 5584 relinquens

2001 4534 2295 4602 tiﬁcabant
2324 4534 2553 4587 animas
2583 4549 2704 4605 qua:
2732 4548 2847 4588 non
2880 4535 3226 4599 moriuntur,
3253 4536 3316 4587 .et
3344 4534 3596 4603 viviﬁca-

1999 4622 2134 4677 bant
2163 4621 2389 4676 animas
2410 4638 2532 4693 qua:
2553 4638 2670 4678 non
2688 4622 2887 4678 vivunt
2907 4622 3126 4693 (Ezech.
3157 4620 3303 4691 xm).
3336 4621 3457 4675 Non
3479 4636 3597 4677 mo-

1999 4709 2227 4764 rientem
2257 4710 2457 4781 quippe
2477 4708 2785 4775 mortificat,
2810 4710 2897 4781 qui
2913 4709 3115 4779 justum
3135 4709 3354 4763 damnat
3377 4726 3391 4763 :
3416 4718 3468 4764 et
3486 4725 3598 4766 non

1998 4798 2267 4853 victurum
2289 4798 2563 4854 viviﬁcare
2594 4798 2798 4861 nititur,
2824 4798 2915 4868 qui
2945 4812 3096 4850 reum
3130 4796 3396 4867 supplicio
3424 4798 3599 4854 absol-

1999 4904 2129 4943 vere
2161 4894 2414 4954 conatur;
2452 4907 2472 4937 ι
2510 4902 2574 4942 ac
2605 4902 2750 4955 saepe
2778 4885 2973 4957 agitur,
3028 4891 3087 4938 ut
3125 4884 3213 4939 vel
3240 4885 3460 4943 damnet
3487 4888 3598 4943 im-

1999 4971 2241 5037 meritos,
2264 4971 2351 5026 vel
2381 4971 2519 5025 alios
2546 4969 2663 5039 ipse
2694 4968 2894 5040 ligatus
2923 4967 3116 5023 solvat.
3147 4969 3271 5024 Non
3300 4970 3467 5043 igitur
3492 4987 3597 5027 no-

1998 5076 2146 5123 vum,
2181 5059 2278 5113 sed
2309 5067 2552 5113 veterum
2581 5055 2892 5126 regularum
2937 5056 3285 5113 constitutum
3317 5067 3417 5127 est,
3451 5058 3597 5129 quod

2000 5148 2088 5220 egi
2118 5148 2172 5201 in
2201 5146 2542 5201 absolutione
2572 5160 2603 5198 a
2633 5151 2684 5198 te
2716 5143 3162 5201 maledictorum:
3194 5145 3318 5217 quia
3345 5154 3404 5200 ut
3434 5145 3599 5201 Gela-

2000 5236 2112 5289 sius
2135 5236 2195 5290 le
2217 5250 2317 5289 suo
2336 5234 2628 5289 decessore
2649 5231 2811 5287 dicit:
2837 5254 2859 5282 α
2884 5234 3007 5288 Νοιι
3026 5248 3181 5288 novae
3201 5232 3599 5288 constitutionis

1999 5331 2209 5387 auctor,
2245 5321 2342 5377 sed
2370 5320 2572 5375 veteris
2602 5336 2721 5375 sum
2752 5330 3052 5377 exsecutor.
3084 5338 3104 5372 ι
3130 5319 3279 5374 Sicut
3304 5320 3596 5395 Carthagi-

1998 5426 2197 5468 nenses
2217 5424 2457 5466 canones
2477 5408 2763 5465 manifeste
2782 5409 3151 5464 demonstrant
3169 5407 3413 5464 dicentes
3440 5410 3592 5482 (can.

1998 5508 2054 5563 5i
2088 5525 2101 5561 :
2139 5529 2161 5556 «
2194 5505 2439 5561 Novella
2468 5505 2870 5578 suggestiones,
2902 5521 3024 5576 quae
3051 5504 3139 5560 vel
3167 5504 3417 5561 obscurae
3446 5513 3590 5571 sunt,
