4020 6182
460 229 554 298 tu

1365 226 1703 282 HINCMARI
1759 202 2184 278 nnaunnsrs’
2205 219 2782 289 ,ARCHIEEISCOPI..
3619 230 3697 314 ut

457 353 545 413 vel
564 352 666 420 sub
693 367 900 424 genere
929 351 1118 415 latent,
1136 352 1400 422 inspectae
1418 366 1448 404 a
1469 349 1626 404 nobis
1654 348 1884 403 formam
1913 345 2128 405 acci-A
2154 343 2328 402 lorum
2397 345 2656 416 principis
2721 345 3040 400 auctoritate
3103 344 3458 406 decernimus.
3513 349 3698 421 triginta

458 440 606 510 pient
638 458 650 493 ε
685 448 937 496 caeterum
971 441 1040 494 de
1071 439 1266 510 quibus
1295 437 1637 508 apertissime
1685 437 1868 490 divina
1902 435 2054 490 Scri-

456 537 611 598 ptura
640 528 832 593 sanxit,
859 543 969 584 non
1001 535 1085 582 est
1113 527 1410 582 differenda
1439 525 1723 589 sententia,
1749 525 1844 579 sed
1876 524 2055 594 potius

459 617 826 688 exsequenda.
877 616 1109 670 Proinde
1153 617 1300 686 quod
1329 615 1384 668 in
1413 615 1566 669 laicis
1615 612 2051 683 reprehenditur,

461 703 516 758 id
569 704 736 758 multo
793 703 968 776 magis
1021 704 1076 757 in
1133 703 1342 758 clericis
1397 711 1608 772 oportet
1669 699 2052 772 praedamnari.

461 792 710 846 Universi
755 792 1024 857 dixerunt,
1077 791 1250 845 Nemo
1293 799 1485 846 contra
1529 791 1847 860 prOphetas,
1899 803 2058 842 nemo

459 887 649 934 contra
694 879 1056 952 Evangelium
1103 879 1237 946 facit
1273 879 1388 933 sine
1437 877 1696 948 periculo.
1751 901 1772 923 ιι
1821 879 1887 932 Et
1934 885 2057 945 post

461 983 678 1037 pauca:
717 989 738 1016 «
791 967 1022 1039 Reliqua
1066 983 1221 1036 vero,
1274 984 1392 1038 quae
1445 967 1526 1020 vel
1568 965 1709 1020 facta
1765 965 1850 1018 vel
1916 964 2056 1018 dicta

458 1055 707 1126 superius
737 1043 1135 1126 comprehensa
1164 1064 1310 1119 sunt,
1346 1054 1434 1108 vel
1463 1055 1582 1107 aliis
1630 1052 1876 1108 conciliis
1933 1069 2058 1106 con-

461 1144 684 1214 scripta,
719 1161 840 1214 quae
883 1145 1184 1201 secundum
1233 1143 1414 1216 legem
1462 1142 1824 1205 inveniuntur,
1869 1149 2056 1195 custo-

459 1232 576 1288 dire
605 1248 708 1286 nos
744 1240 976 1302 oportet.
1011 1232 1083 1286 .Si
1131 1231 1252 1301 quis
1301 1247 1430 1284 vero
1480 1237 1677 1284 statuta
1727 1245 2056 1301 supergres-

459 1336 554 1376 sus
580 1320 905 1390 corruperit,
941 1320 1028 1373 vel
1061 1335 1160 1388 pro
1192 1318 1362 1373 nihilo
1392 1319 1642 1372 habenda
1669 1317 1960 1388 putaverit,
2013 1317 2058 1370 si

459 1408 632 1464 laicus
678 1416 781 1476 est,
834 1406 1234 1470 communione,
1286 1407 1332 1459 si
1383 1405 1616 1462 clericus
1676 1413 1776 1470 est,
1855 1405 2056 1460 honore

461 1496 720 1565 privetur.
773 1495 1022 1550 Universi
1073 1495 1337 1559 dixerunt,
1399 1495 1598 1558 Placet,
1667 1495 1919 1564 placet.»
1992 1494 2058 1547 Ει

459 1592 582 1653 post
637 1583 797 1637 istam
863 1583 1150 1654 synodum,
1213 1583 1655 1638 Chalcedonense
1725 1582 2058 1637 celebratum

2157 433 2367 487 dierum
2417 434 2588 503 spatio
2635 449 2794 488 sacra
2837 441 2887 487 te
2923 433 3298 488 communione
3341 435 3600 504 privatum,
3644 439 3698 491 ab

2156 522 2511 592 omnipotenti
2543 523 2658 576 Deo
2687 531 2871 576 nostro
2902 521 3035 574 tanti
3066 537 3354 576 excesssus
3381 523 3573 578 veniam
3598 542 3695 579 cum

2157 626 2369 665 summa
2399 611 2712 681 poenitentia
2733 625 2800 666 ac
2819 609 3074 680 lacrymis
3095 625 3337 663 exorare.
3359 609 3507 678 Quod
3526 612 3568 665 si
3586 613 3696 667 hanc

2159 699 2482 753 sententiam
2513 707 2757 754 nostram
2777 706 2826 753 te
2855 697 3269 768 cognoverimus
3285 697 3526 767 implesse
3546 699 3698 753 remis-

2158 787 2290 852 sius,
2325 804 2432 841 non
2450 787 2560 856 jam
2591 797 2800 841 tantum
2831 785 3162 854 injustitiam,
3215 787 3310 840 sed
3357 795 3406 839 et
3457 795 3696 842 contuma-

2157 875 2296 930 ciam
2327 875 2680 930 fraternitatis
2729 884 2832 928 tua:
2890 889 3192 946 cognoscas
3233 874 3447 942 juvante
3505 875 3699 930 Domino

2157 963 2398 1018 severius
2429 964 2779 1034 puniendam.
2823 987 2843 1013 ι»
2880 965 2946 1017 Et
2977 963 3104 1016 item
3134 961 3256 1016 alibi
3285 963 3400 1030 (lib.
3426 979 3481 1027 ιι,
3503 964 3608 1017 ind.
3629 967 3697 1028 lt,

2157 1054 2318 1124 epist.
2353 1052 2408 1122 7)
2443 1069 2454 1106 :
2494 1075 2514 1101 α
2553 1052 2708 1120 Quod
2742 1053 2788 1106 si
2815 1060 3008 1106 contra
3027 1053 3140 1106 haec
3163 1067 3281 1122 qua:
3302 1051 3568 1104 statuimus
3590 1067 3698 1122 quo-

2157 1140 2284 1195 libet
2315 1149 2574 1211 tempore,
2621 1140 2858 1211 qualibet
2906 1138 3215 1200 occasione,
3263 1138 3347 1192 vel
3397 1139 3701 1207 subreptione

2157 1229 2342 1282 venire
2373 1229 2685 1292 tentaveris,
2723 1243 2903 1282 sacra
2935 1227 3078 1281 scias
3110 1236 3159 1281 te
3205 1226 3571 1280 communione
3607 1228 3700 1295 pri-

2159 1325 2363 1383 vatum,
2397 1334 2494 1372 nec
2526 1333 2648 1371 eam
2670 1325 2739 1382 te,
2777 1324 3003 1386 excepto
3051 1315 3240 1368 ultimo
3291 1315 3411 1368 vitze
3454 1323 3550 1368 tute
3588 1323 3704 1368 tem-

2157 1422 2306 1476 pore,
2341 1405 2445 1458 nisi
2495 1421 2619 1459 cum
2665 1420 2927 1460 concessa
2974 1402 3199 1458 Romani
3245 1400 3504 1472 pontiﬁcis
3539 1402 3705 1456 decer-

2155 1493 2331 1546 nimus
2354 1493 2598 1562 jussione
2629 1493 2932 1562 percipere.
2969 1493 3097 1546 Haec
3123 1491 3266 1544 enim
3281 1505 3513 1545 consona
3541 1490 3708 1544 sanctis

2158 1581 2408 1635 Patribus
2437 1581 2766 1635 detl'initione
2797 1581 3092 1644 sancimus,
3126 1587 3182 1632 ut
3230 1577 3322 1650 qui
3362 1578 3525 1632 sacris
3563 1578 3708 1630 nescit

461 1671 747 1726 concilium
760 1671 887 1727 dicit
909 1675 1058 1743 (cun.
1088 1675 1136 1736 1)
1163 1688 1174 1727 :
1201 1693 1220 1721 ί(
1245 1672 1806 1744 Regulassanctorum
1837 1671 2054 1724 Patrum
2086 1670 2384 1754 Bebedire
2425 1669 2744 1736 canonibus,
2805 1683 2904 1723 nec
2965 1667 3137 1723 sacris
3193 1667 3576 1730 administrare,
3628 1680 3709 1718 nec

459 1774 560 1828 per
587 1760 802 1830 singula
833 1777 976 1816 nunc
993 1775 1165 1831 usque
1187 1761 1417 1815 concilia
1435 1760 1752 1814 constitutas
1773 1758 2052 1828 proprium

461 1846 631 1903 robur
659 1848 902 1903 obtinere
927 1849 1287 1904 decrevimus.
1319 1874 1340 1896 ν
1374 1849 1443 1902 Ει
1475 1849 1602 1901 item
1632 1855 1754 1917 post
1784 1847 2056 1918 aliquanta

465 1936 614 2002 (can.
651 1939 740 2007 10)
772 1955 784 1989 :
824 1959 845 1986 ((
881 1938 992 1992 Eos
1022 1953 1154 1992 vero
1183 1937 1273 2008 qui
1305 1937 1426 1991 ausi
1457 1936 1653 1990 fuerint
1697 1944 1816 2004 post
1852 1933 2054 1988 diﬁini—

461 2025 658 2079 tionem
689 2040 904 2097 magnae
933 2034 986 2079 et
1005 2025 1327 2080 universalis
1340 2025 1504 2094 hujus
1529 2023 1742 2095 synodi,
1760 2023 2056 2094 quidquam

460 2128 528 2166 ex
553 2113 638 2166 his
654 2129 774 2184 quae
795 2122 920 2168 sunt
939 2114 1212 2184 prohibita
1233 2122 1570 2184 perpetrare,
1595 2111 1837 2166 decrevit.
1869 2121 2056 2166 sancta

458 2201 700 2271 synodus
729 2217 762 2256 a
787 2202 1012 2272 proprio
1040 2201 1352 2271 hujusmodi
1381 2202 1556 2272 gradu
1586 2201 1866 2255 recedere.
1901 2220 1920 2248 ιν
1943 2221 1963 2248 ι
1991 2201 2057 2253 Et

457 2289 548 2346 hic
577 2290 622 2342 si
653 2289 890 2358 objicere
919 2290 1051 2344 mihi
1081 2290 1321 2345 volueris
1353 2290 1498 2359 quod
1525 2305 1688 2358 supra
1715 2288 1828 2341 dixi
1859 2288 1927 2341 de
1959 2303 2055 2342 ca-

457 2377 631 2446 pitulo
657 2378 818 2445 hujus
849 2378 1042 2448 synodi
1072 2394 1102 2430 a
1137 2379 1268 2432 sede
1311 2377 1607 2447 apostolica
1654 2393 1762 2431 non
1817 2384 2052 2445 recepto,

460 2463 641 2520 refero
680 2465 776 2519 tibi
819 2473 878 2520 ut
925 2466 1081 2538 legas
1121 2467 1390 2536 superius,
1439 2473 1491 2518 et
1539 2465 1723 2520 videas
1798 2473 2056 2535 quantum

459 2551 596 2618 dixi,
649 2553 794 2625 quod
849 2555 918 2608 de
989 2554 1182 2609 eodem
1235 2553 1470 2624 capitulo
1535 2554 1695 2608 sedes
1757 2553 2057 2623 apostolica

459 2657 568 2696 non
599 2642 842 2713 recipiat,
869 2643 1095 2708 scilicet,
1131 2642 1186 2698 Si
1217 2645 1482 2698 adversus
1533 2643 1778 2711 ejusdem
1825 2641 2043 2712 provin-

459 2730 556 2786 ciae
602 2732 1080 2802 metropolitanum
1127 2733 1417 2802 episcopus
1472 2732 1558 2786 vel
1615 2731 1845 2785 clericus
1895 2731 2055 2784 habet

459 2819 759 2890 querelam,
792 2828 940 2889 petat
969 2821 1155 2875 sedem
1188 2821 1353 2891 regia:
1381 2820 1529 2874 urbis
1562 2819 2058 2889 ConstantinOpoli-

457 2915 620 2972 tunae,
654 2916 707 2960 et
736 2909 877 2977 apud
897 2908 1072 2976 ipsam
1084 2908 1375 2976 judicetur.
1405 2929 1426 2957 ν
1455 2910 1519 2962 Et
1541 2909 1718 2962 adhuc
1739 2907 1833 2960 tibi
1859 2907 2054 2971 refero,

460 2993 590 3064 quia
617 2993 760 3048 idem
793 2995 1084 3050 concilium
1113 2996 1215 3050 hoc
1265 2997 1409 3066 quod
1449 2997 1516 3048 de
1555 2995 2055 3064 ConstantinOpoli-

453 3089 582 3136 tana
611 3082 742 3136 sede
771 3083 1006 3152 petenda
1033 3083 1185 3152 dixit,
1219 3099 1328 3137 non
1359 3083 1652 3152 prohibuit,
1688 3084 1784 3136 sed
1831 3099 2054 3137 conces-

461 3170 535 3224 sit
564 3187 576 3223 :
609 3169 665 3224 in
718 3171 823 3224 hoc
871 3179 1055 3225 autem
1102 3171 1383 3242 supposito
1442 3171 1677 3241 capitulo
1735 3171 1886 3235 dixit,
1950 3169 2052 3238 Qui

459 3259 578 3313 ausi
607 3257 807 3313 fuerint
835 3275 900 3312 ex
934 3259 1018 3313 his
1067 3276 1188 3330 qua:
1235 3269 1354 3312 sunt
1402 3258 1672 3328 prohibita
1721 3267 2047 3328 perpetrare.

460 3346 601 3416 Quia
629 3347 796 3420 igitur
824 3355 1038 3402 constat
1065 3348 1218 3402 inhis
1247 3357 1294 3401 te
1317 3347 1533 3404 inimico
1555 3348 2048 3416 animojudicasse,

458 3445 510 3490 et
535 3435 828 3506 cupiditate
859 3436 1114 3492 vincendi
1144 3437 1498 3507 depravatum
1529 3435 1712 3500 fuisse,
1755 3436 2052 3490 secundum

455 3525 917 3597 Carthagincnses
943 3541 1202 3590 canones,
1237 3526 1394 3579 obest
1414 3525 1510 3578 tibi
1535 3533 1623 3579 tua
1643 3526 1818 3579 soluta
1842 3534 2054 3578 senten-

457 3612 552 3668 tia.
583 3613 654 3666 Et
681 3613 936 3684 quoniam
968 3614 1020 3666 in
1051 3614 1241 3668 rotulis
1272 3615 1395 3678 tuis,
1429 3615 1630 3668 domno
1673 3614 1790 3684 regi
1831 3623 1882 3667 et
1921 3613 2052 3666 mihi

456 3717 556 3770 per
585 3701 989 3756 comministros
1009 3701 1270 3757 Ecclesiae
1301 3711 1403 3756 tuae
1431 3702 1675 3768 directis,
1697 3701 1969 3756 multoties
1991 3717 2052 3756 ac

455 3789 824 3859 multipliciter
850 3790 918 3842 ad
966 3789 1377 3843 conﬁrmandas
1421 3798 1541 3842 tuas
1590 3789 1903 3851 sententias,
1930 3805 2051 3842 cum

458 3877 627 3932 sacris
657 3877 981 3941 canonibus,
1011 3885 1063 3929 et
1092 3877 1329 3930 decretis
1359 3877 1672 3945 apostolicze
1713 3877 1862 3930 sedis
1911 3893 2052 3946 pon-

457 3963 680 4029 tificum,
715 3963 876 4017 etiam
907 3962 1115 4033 legales
1145 3964 1442 4016 sententias
1473 3965 1864 4018 catholirm'um
1890 3965 2053 4033 impe-

459 4057 698 4119 ratprum
721 4051 970 4120 posuisti,
1004 4066 1306 4120 pr0ponam
1338 4051 1432 4104 tibi
1459 4051 1693 4123 legalem
1724 4053 2053 4106 sententiam

457 4137 744 4198 Iustiniani
773 4139 1021 4193 catholici
1052 4139 1415 4208 imperatoris,
1449 4157 1610 4210 quam
1642 4141 1898 4210 probatet
1935 4157 2052 4194 ser-

459 4234 550 4282 vat
579 4219 824 4282 Ecclesia
853 4227 1139 4291 catholica,
1176 4243 1282 4299 qua
1313 4229 1699 4282 constitutione
1729 4244 1920 4292 cxvm,
1974 4247 2056 4282 ca-

456 4314 628 4384 pitulo
657 4330 898 4382 ccccxu,
932 4315 1171 4370 decrevit
1201 4334 1212 4368 :
1249 4318 1312 4371 Ut
1342 4331 1500 4370 nemo
1531 4317 1836 4386 episcOpus.
1895 4333 2054 4388 nemo

2175 1758 2608 1813 communionem
2640 1774 2838 1828 capere
2871 1758 2935 1810 sit
2965 1757 3164 1827 dignus
3195 1755 3471 1810 altaribus.
3509 1781 3525 1798 ι»

2726 1925 2950 1980 CAPUT
2973 1925 3177 1986 XXXI.

2159 2053 2232 2106 De
2254 2067 2313 2105 eo
2325 2051 2466 2121 quod
2479 2051 2764 2122 parvulos,
2784 2052 2878 2122 qui
2894 2065 3038 2120 saepe
3055 2049 3385 2122 discrimine
3399 2049 3583 2104 mortis
3594 2049 3714 2122 peri-

2477 2119 3090 2192 E'lita-iztztr,'baptitari
3120 2119 3426 2192 prohibuit.
3621 2121 3628 2127 ’

2226 2236 2472 2306 Denique
2505 2236 2642 2290 sicut
2673 2235 2728 2288 in
2748 2235 3008 2304 petitione
3031 2234 3160 2288 mihi
3180 2235 3253 2288 ab
3274 2234 3504 2288 ecclesia
3538 2231 3712 2286 Lauda-

2158 2324 2312 2378 nensi
2343 2325 2467 2378 data
2493 2323 2817 2389 continetur,
2851 2339 3010 2377 causa
3041 2322 3358 2390 injuriarum
3386 2332 3582 2376 tuarum
3607 2336 3712 2390 par-

2157 2414 2312 2468 vulos
2341 2412 2620 2482 baptizari,
2671 2412 2762 2482 qui
2813 2428 2956 2482 saepe
2995 2411 3316 2467 discrimine
3369 2410 3551 2466 mortis
3593 2407 3713 2479 peri-

2157 2501 2426 2566 clitantur,
2460 2500 2806 2570 prohibuisti.
2855 2501 2914 2552 In
2960 2515 3069 2570 quo
3116 2499 3359 2568 capitulo
3407 2497 3638 2568 Pelagius
3675 2505 3718 2550 et

2157 2589 2368 2644 tu‘facti
2412 2589 2560 2652 estis,
2605 2598 2662 2642 ut
2711 2606 2774 2643 ex
2821 2589 3015 2657 majori
3055 2596 3210 2658 parte
3269 2587 3524 2659 egregius
3585 2593 3716 2656 poeta

2155 2678 2287 2732 dicit
2323 2696 2335 2731 :

2288 2789 2445 2834 Ambo
2469 2800 2640 2836 errore
2662 2800 2825 2846 pares,
2849 2789 3081 2846 quamvis
3097 2789 3306 2835 diversa
3335 2791 3608 2846 sequentes.

2157 2897 2407 2968 Pelagius
2441 2897 2622 2952 docuit
2648 2897 2907 2968 parvulos
2939 2903 3183 2951 recentes
3213 2897 3284 2950 ab
3313 2896 3481 2951 uteris
3520 2903 3714 2949 matrum

2157 3001 2262 3039 non
2293 2985 2642 3056 baptizandos
2695 2987 2750 3038 in
2793 2985 3174 3040 remissionem
3223 2979 3578 3056 peccator-uni.
3617 2982 3719 3053 quia

2156 3072 2287 3126 nihil
2319 3075 2606 3136 trahebant
2635 3090 2700 3128 ex
2723 3075 2909 3137 Adam,
2929 3075 3070 3144 quod
3092 3074 3309 3129 lavacro
3327 3069 3717 3143 regenerationis

2153 3162 2480 3232 expiaretur,
2513 3171 2730 3217 certans
2761 3163 3053 3217 ostendere
3083 3178 3183 3216 nos
3246 3179 3416 3217 vacuo
3459 3179 3486 3215 a
3539 3159 3720 3213 Christo

2151 3251 2479 3320 redemptos,
2515 3251 2918 3306 contradicente
2951 3251 3052 3304 sibi
3083 3251 3347 3320 Apostolo
3382 3269 3393 3305 :
3428 3253 3532 3306 Per
3567 3263 3718 3303 unum

2154 3340 2438 3394 hominem
2465 3345 2762 3410 peccatu/it
2793 3341 2855 3393 in.
2901 3340 3178 3394 mundum
3213 3341 3473 3404 intravit,
3539 3342 3588 3391 rt
3637 3351 3722 3408 per

2151 3433 2441 3500 peccatum
2470 3445 2636 3495 mors,
2657 3433 2712 3482 et
2747 3430 2826 3483 ita
2862 3429 2922 3481 in.
2952 3444 3143 3482 omnes
3166 3429 3426 3484 homines
3457 3443 3593 3482 mors
3609 3441 3721 3497 pcr-

2155 3526 2440 3590 transivif,
2470 3526 2526 3578 in
2546 3542 2648 3596 quo
2666 3542 2856 3580 onmes
2881 3530 3257 3596 peccaverunt
3280 3527 3299 3596 (
3319 3529 3468 3581 Hom.
3485 3525 3558 3592 v).
3581 3523 3636 3576 Et
3677 3527 3721 3572 tu

2155 3613 2333 3668 sciens
2347 3629 2667 3667 verumesse
2681 3614 2822 3684 quod
2842 3613 3104 3667 Dominus
3116 3613 3245 3667 dicit
3263 3631 3276 3666 :
3295 3615 3413 3668 Nisi
3425 3615 3542 3685 quis
3577 3627 3722 3665 rena-

2157 3706 2246 3758 tus
2263 3705 2439 3771 fuerit
2461 3719 2533 3756 ea:
2555 3719 2694 3772 aqua
2713 3703 2999 3772 etSpiritu
3021 3705 3235 3766 sancto,
3263 3719 3375 3756 non
3413 3700 3638 3756 intrabit
3669 3697 3717 3750 in

2155 3807 2386 3860 regnum
2412 3792 2672 3844 cazlorum
2693 3792 2873 3844 tJoan.
2908 3789 3010 3856 tm,
3037 3790 3340 3860 prmeepisti
3373 3807 3476 3844 non
3497 3783 3725 3858 baptizari

2156 3876 2208 3929 in
2251 3885 2340 3929 tua
2378 3878 2638 3947 parochia
2672 3879 2943 3947 parvulos,
2979 3878 3139 3931 etiam
3189 3877 3244 3930 in
3285 3878 3472 3932 mortis
3513 3873 3724 3947 periculo

2154 3965 2492 4031 constitutos,
2511 3983 2576 4018 ne
2601 3966 2797 4019 saivari
2819 3967 3212 4024 t’itit‘Z'OHLCHill
3240 3968 3494 4037 scriptum
3516 3966 3574 4017 sit
3599 3963 3722 4018 εἶτεν)

2159 4055 2309 4108 venit
2345 4055 2500 4122 [ilius
2528 4055 2771 4109 liminis
2815 4057 3040 4108 animus
3083 4055 3339 4126 perdere,
3416 4054 3508 4109 sed
3533 4052 3725 4107 salrarr

2155 4143 2438 4208 (Luam).
2491 4142 2713 4195 obviaus
2759 4143 2921 4197 etiam
2969 4143 3207 4197 decretis
3263 4143 3464 4207 Siricii,
3527 4137 3717 4196 Leonis.

2156 4229 2380 4293 Gelasii,
2418 4238 2469 4282 et.
2501 4229 2734 4285 Africani
2769 4231 3000 4293 concilii,
3039 4231 3174 4284 sicut
3209 4232 3325 4300 jam
3395 4231 3487 4284 tibi
3536 4226 3723 4296 scriptis

2157 4335 2262 4372 non
2295 4319 2468 4372 solum
2500 4320 2666 4372 semel
2701 4320 2793 4370 sed
2828 4328 2875 4372 et
2900 4319 3429 4374 seenntlomamlavi.
3454 4317 3599 4374 Unde
3621 4315 3726 4386 quia

457 4404 746 4474 presbyter
785 4405 1217 4459 excommunicet
1265 4404 1503 4475 aliquem
1552 4414 1844 4478 antequam
1888 4421 2054 4460 causa
2083 4397 2134 4455 Ι)
2158 4423 2226 4460 ex
2259 4407 2474 4476 integro
2499 4408 2613 4474 jam
2646 4407 2738 4460 tibi
2763 4407 2850 4461 illa
2881 4408 3099 4462 decreta
3131 4408 3337 4478 scripto
3379 4407 3564 4468 direxi,
3616 4406 3726 4456 bre-

455 4491 732 4560 probetur,
779 4499 1005 4563 propter
1051 4509 1214 4563 quam
1265 4493 1620 4548 ecclesiastici
1662 4510 1901 4549 canones
1950 4497 2051 4550 hoc

453 4579 568 4636 ﬁeri
592 4581 804 4648 jubent.
838 4581 896 4635 Si
925 4581 1046 4652 quis
1075 4590 1258 4635 autem
1289 4583 1553 4636 adversus
1589 4599 1654 4636 ea
1686 4583 2054 4638 excommuni-

456 4668 664 4724 caverit
689 4669 946 4740 aliquem,
997 4669 1089 4723 ille
1137 4669 1358 4739 quidem
1403 4669 1492 4740 qui
1552 4671 2054 4726 excommunicatus

460 4764 560 4822 est,
593 4756 816 4824 maioris
846 4759 1146 4812 sacerdotis
1173 4757 1490 4812 auctoritate
1517 4759 1587 4811 ad
1599 4759 1830 4830 gratiam
1852 4769 2054 4814 sanctae

461 4843 859 4898 communionis
904 4846 1102 4915 redeat,
1127 4847 1174 4900 is
1224 4853 1428 4912 autem,
1496 4847 1587 4916 qui
1641 4856 1748 4916 non
1815 4847 2056 4916 legitime

462 4931 974 4998 excommunicavit,
1006 4933 1270 4988 intentum
1319 4933 1584 4988 abstineat
1615 4949 1646 4987 a
1698 4951 1850 4989 sacra
1899 4951 2055 4988 com-

461 5018 717 5073 munione
746 5026 977 5088 tempus,
1029 5032 1287 5092 quantum
1333 5023 1526 5091 majori
1565 5023 1838 5078 sacerdoti
1881 5023 2053 5077 visum

461 5105 637 5172 fuerit,
670 5115 726 5162 ut
756 5106 810 5160 id
843 5108 990 5177 quod
1018 5108 1208 5176 injuste
1239 5110 1382 5176 fecit,
1417 5111 1534 5182 ipse
1551 5111 1694 5180 juste
1720 5111 1968 5182 patiatur.
1989 5113 2057 5165 Et

459 5195 585 5250 hinc
613 5203 830 5251 sanctus
860 5195 1161 5268 Gregorius
1190 5199 1258 5251 ad
1293 5200 1554 5254 Joannem
1604 5200 1918 5271 episcopum
1969 5200 2055 5253 in-

453 5280 600 5348 juste
641 5283 1197 5338 excommunicantem
1247 5285 1395 5354 inter
1441 5296 1637 5342 caetera
1700 5287 1913 5359 scripsit
1969 5288 2056 5342 di-

461 5382 624 5426 cens:
655 5389 674 5420 ι
701 5371 939 5426 Cassatis
967 5372 1118 5443 prius
1145 5380 1308 5444 atque
1329 5373 1400 5448 ad
1412 5374 1637 5429 nihilum
1659 5376 1896 5432 redactis
1924 5393 2057 5447 pra:-

460 5455 620 5526 dictae
649 5459 929 5516 sententiae
955 5469 1062 5515 tuae
1090 5461 1342 5524 decretis,
1377 5477 1446 5514 ex
1480 5462 1620 5517 beati
1673 5465 1810 5518 Petri
1840 5474 2058 5534 aposto-

2158 4496 2296 4550 viter
2325 4496 2418 4548 tibi
2454 4497 2701 4566 quaedam
2733 4497 2932 4550 exinde
2963 4511 3356 4550 commemoro.
3393 4497 3535 4548 Nam
3573 4493 3634 4547 de
3659 4491 3728 4544 iu-

2155 4583 2389 4638 fantibus
2420 4583 2777 4653 baptizandis,
2811 4585 2897 4654 qui
2931 4584 3159 4638 necdum
3184 4580 3462 4654 baptizati
3511 4596 3721 4636 noscun-

2154 4681 2262 4737 tur,
2295 4672 2506 4743 quoties
2537 4672 2831 4728 necessitas
2854 4673 3119 4744 exegerit,
3153 4673 3343 4742 regula
3388 4668 3730 4727 ecclesiastica

2153 4778 2251 4830 per
2278 4762 2494 4815 beatum
2525 4761 2776 4816 Siricium
2806 4770 2858 4815 et
2889 4761 3121 4830 prolata,
3153 4761 3308 4828 cujus
3355 4761 3561 4833 regulas
3616 4772 3730 4812 con-

2157 4849 2330 4904 clusio
2360 4857 2572 4903 constat
2603 4850 2705 4902 hoc
2733 4849 2896 4902 modo
2910 4849 3104 4920 (epist.
3140 4851 3189 4913 l,
3211 4849 3483 4917 Himerio)
3515 4865 3526 4900 :
3551 4870 3570 4896 ‹‹
3592 4845 3730 4899 Nunc

2155 4936 2436 5007 praefatam
2485 4937 2734 5008 regulam
2774 4952 2964 4991 omnes
3011 4945 3229 4991 teneant
3272 4937 3602 4998 sacerdotes,
3652 4927 3732 5002 qui

2156 5027 2342 5080 nolunt
2373 5025 2442 5078 ab
2471 5025 2788 5094 apostolicae
2837 5033 3020 5094 petrae,
3068 5041 3235 5094 super
3287 5041 3448 5096 quam
3502 5021 3728 5086 Christus

2155 5113 2518 5168 universalem
2537 5113 2834 5168 construxit
2850 5112 3174 5181 Ecclesiam,
3202 5113 3472 5168 soliditate
3494 5108 3685 5166 divelli.
3708 5128 3728 5154 ν

2156 5205 2222 5257 Et
2251 5210 2466 5256 sanctus
2497 5203 2604 5256 Leo
2637 5220 2648 5254 :
2687 5223 2707 5252 α
2745 5203 2802 5254 ln
2834 5201 3026 5256 mortis
3058 5201 3320 5271 periculo,
3356 5202 3410 5254 in
3451 5194 3732 5256 obsidionis

2156 5290 2487 5350 discrimine,
2521 5289 2577 5342 in
2606 5288 3000 5359 persecutionis
3024 5287 3384 5360 augustiis,in
3407 5288 3598 5342 timore
3618 5299 3733 5338 nau-

2155 5377 2332 5450 fragii,
2365 5378 2514 5432 nullo
2545 5386 2786 5448 tempore
2818 5379 2920 5433 hoc
2953 5393 3094 5432 verae
3111 5377 3296 5431 salutis
3316 5372 3595 5448 singulare
3611 5387 3732 5444 pra:-

2155 5467 2350 5522 sidium
2382 5467 2632 5537 cuiquam
2673 5465 2932 5537 denegari
2966 5466 3224 5545 decrevit.
3268 5487 3287 5513 ι)
3324 5463 3389 5518 Et
3433 5463 3728 5518 Africanum
