4054 6180
361 227 465 290 Ms

1073 237 1315 294 OPUSG.
1376 235 1466 294 ET
1519 230 1734 296 EPIST.
1797 238 1868 294 IN
1913 235 2140 297 CAUSA
2197 237 2536 300 HINCMA'RI
2591 244 2892 302 LAUDUN.

3556 253 3674 305 4η.

291 373 300 385 ·
367 359 680 429 concilium,
715 361 820 416 sed
843 371 897 415 et
927 361 1071 416 idem
1102 369 1324 419 sanctus
1353 365 1463 420 Leo
1491 366 1678 436 (epist.
1713 369 1801 430 92,
1844 368 1958 421 Ru—
1988 366 2270 438 Atgatur?
2304 393 2324 414 »
2359 369 2490 423 satis
2521 369 2712 425 mirari
2737 386 2846 426 non
2877 372 3056 435 valeo,
3109 375 3381 444 quomodo
3429 375 3656 444 teipsum

367 449 528 519 :tieo)
562 467 576 503 :
614 469 637 499 ε
669 449 844 504 Etiam
871 451 954 505 eis
982 451 1294 516 infantibus,
1343 453 1412 508 de
1442 453 1640 524 quibus
1667 469 1776 508 non
1805 453 1963 509 inve-

368 535 588 592 niuntur
617 538 911 594 certissimi
939 546 1126 606 testes,
1153 541 1243 612 qui
1263 556 1358 596 eos
1379 541 1682 612 baptizatos
1702 559 1825 597 esse
1847 543 1964 598 sine

370 625 698 681 dubitatione
728 634 1017 693 testentur,
1049 644 1226 699 neque
1249 629 1354 700 ipsi
1383 638 1506 683 sunt
1534 647 1635 700 per
1661 638 1879 685 aetatem
1895 631 1964 686 de

368 713 578 768 traditis
608 714 712 768 sibi
741 715 1101 770 sacramentis
1131 716 1313 772 idonei
1357 719 1709 788 respondere,
1756 720 1965 790 absque

366 799 474 856 ullo
500 801 760 872 scrupulo
799 819 896 858 eos
943 803 1301 874 baptizandos
1343 821 1464 861 esse
1507 806 1802 875 jusserunt.
1844 831 1864 852 η
1895 807 1966 861 Et

369 899 582 946 sanctus
621 889 877 945 Gelasius
925 890 1056 962 (Ivo,
1108 909 1161 963 p.
1211 908 1248 958 ι,
1299 909 1418 964 cap.
1465 895 1594 964 252)
1627 913 1641 949 :
1677 917 1698 944 α
1735 895 1962 950 Etiamsi

366 977 663 1034 necessitas
693 985 936 1034 extrema
964 979 1305 1051 compulerit,
1357 997 1392 1035 a
1437 982 1592 1038 laicis
1643 983 1960 1037 Christianis

364 1066 672 1136 hujusmodi
699 1067 958 1136 baptizari
987 1067 1186 1124 debere
1215 1069 1470 1124 ostendit.
1511 1095 1531 1115 ν

910 1259 1134 1314 CAPUT
1171 1260 1386 1315 XXXII
1393 1303 1404 1315 .

367 1394 438 1448 De
465 1408 528 1448 eo
555 1392 699 1464 quod
723 1393 1125 1464 paenitentiam
1171 1397 1228 1448 et
1267 1394 1539 1450 viaticum
1587 1397 1958 1452 morientibus

976 1481 1104 1536 dari
1131 1483 1333 1537 vetuit.

429 1604 490 1656 In
535 1619 601 1658 eo
651 1619 781 1658 vero
827 1604 1085 1674 capitulo,
1145 1621 1254 1676 quo
1299 1605 1542 1662 ultimam
1584 1608 1957 1678 paenitentiam

2065 457 2298 522 nescire,
2322 466 2374 512 et
2395 465 2505 512 tam
2525 460 2790 528 grandem
2814 475 3054 530 causam,
3079 461 3216 516 sicut
3230 470 3418 518 contra
3436 463 3660 518 decreta

2065 543 2341 598 leestini
2370 546 2552 618 egisti,
2586 547 2836 604 oblivisci
2862 550 3072 614 valens,
3105 550 3245 605 inter
3259 559 3458 606 caetera
3487 551 3544 604 in
3569 559 3660 606 tuo

2063 631 2320 702 pitaciolo
2373 635 2544 690 verba
2597 636 2840 704 ejusdem
2899 638 3176 692 leestini
3236 655 3394 710 papae
3452 655 3656 710 ponere

2065 735 2232 774 ausus
2262 720 2426 776 fuisti.
2461 721 2614 791 Quae,
2648 724 2746 778 etsi
2775 725 2832 779 in
2877 725 3236 796 professionis
3283 735 3390 782 tum
3436 728 3658 783 decreto

2063 823 2097 862 a
2153 815 2205 862 te
2247 811 2556 880 subscripto
2613 813 2756 868 hanc
2811 814 2955 868 beati
3012 815 3288 869 Coelestini
3335 815 3654 870 sententiam

2062 897 2394 953 decretalem
2423 901 2823 970 prmscripsisti,
2857 918 2965 957 non
2996 903 3174 958 solum
3203 919 3322 970 suo,
3360 905 3459 958 sed
3487 913 3537 958 et
3566 913 3659 959 tuo

2055 985 2278 1053 judicio,
2311 995 2364 1041 te
2395 989 2690 1042 secundum
2711 1005 2900 1045 sacros
2920 991 3381 1063 Carthaginenses
3396 1007 3653 1059 canones,

2061 1074 2268 1128 honore
2315 1075 2561 1145 privasti,
2614 1077 2706 1147 qui
2752 1077 2938 1133 dicunt
2981 1080 3132 1148 (can.
3182 1081 3270 1147 l3)
3321 1098 3333 1134 :
3387 1103 3408 1126 «
3447 1080 3504 1134 Si
3534 1081 3657 1150 quis

2061 1170 2248 1216 contra
2278 1179 2431 1217 suam
2459 1163 2855 1233 professionem
2885 1167 2968 1220 vel
2999 1167 3454 1238 subscriptionem
3489 1184 3656 1222 vene-

2062 1250 2126 1302 rit
2182 1251 2236 1303 in
2291 1251 2493 1322 aliquo,
2549 1251 2666 1322 ipse
2724 1268 2783 1307 se
2830 1255 3038 1308 honore
3085 1256 3334 1324 privabit.
3394 1279 3414 1304 ι»
3459 1256 3656 1311 Fecisti

2061 1338 2205 1392 enim
2237 1340 2382 1409 quod
2408 1340 2630 1393 Patrum
2661 1341 2869 1413 regulis
2898 1342 3102 1408 obviat,
3143 1359 3267 1396 cum
3304 1345 3650 1414 peenitentes,

2060 1435 2252 1481 contra
2281 1427 2500 1483 decreta
2531 1429 2830 1495 Coelestini,
2879 1438 2933 1484 et
2977 1438 3302 1485 cseterorum
3344 1431 3656 1502 pontiﬁcum

2060 1515 2444 1577 Romanorum,
2477 1526 2640 1588 atque
2671 1526 2863 1573 contra
2893 1534 3078 1574 sacros
3106 1535 3365 1584 canones,
3391 1520 3465 1574 ad
3489 1521 3657 1590 pinni-

2060 1603 2280 1658 tentiam
2311 1605 2532 1675 suscipi,
2567 1614 2617 1660 et
2647 1607 3010 1661 morientibus
3039 1608 3234 1664 viatico
3262 1624 3496 1662 munere
3519 1609 3653 1662 sub-

363 1691 646 1764 denegari,
679 1699 732 1746 et
761 1691 960 1748 viatico
995 1709 1220 1749 munere
1265 1694 1552 1750 subvenire
1599 1697 1957 1753 morientibus
1987 1693 2230 1776 Βινθηὶτὶ
2261 1693 2604 1763 prohibuisti,
2664 1703 2717 1749 et
2763 1710 2863 1765 pro
2911 1704 3004 1750 tuo
3050 1696 3202 1750 libitu
3253 1705 3516 1768 usurpata
3543 1705 3656 1752 ate

361 1788 546 1835 contra
599 1780 855 1835 Nicanos
898 1790 952 1835 et
999 1779 1286 1838 Africanos
1331 1798 1590 1849 canones,
1641 1792 1692 1840 et
1734 1786 1958 1841 decreta

361 1867 555 1932 Siricii,
608 1876 659 1922 et
708 1869 1028 1935 Innocentii,
1077 1878 1244 1942 atque
1297 1871 1594 1942 Cudestini,
1645 1889 1858 1928 necnon
1905 1883 1958 1928 et

360 1955 569 2024 Leonis,
601 1955 840 2022 vetuisti,
871 1957 1011 2012 sicut
1041 1958 1410 2024 Innocentius,
1459 1969 1512 2014 et
1549 1961 1730 2015 caeteri
1760 1962 1954 2018 docto-

359 2059 446 2100 res
473 2044 726 2099 catholici
753 2045 1066 2112 ostendunt,
1089 2047 1285 2102 Novati
1303 2048 1562 2114 haeretici,
1591 2049 1718 2105 licet
1739 2049 1956 2106 diverso

357 2131 568 2196 itinere,
601 2132 701 2187 sed
733 2148 840 2186 non
870 2133 1092 2190 diverso
1123 2135 1458 2202 discrimine,
1497 2136 1752 2207 sequipes
1781 2139 1952 2192 exsti-

356 2220 480 2279 tisti.
515 2221 807 2277 Novatiani
839 2221 986 2276 enim
1015 2223 1382 2295 dogmatizant
1412 2225 1578 2295 recipi
1611 2241 1720 2280 non
1749 2226 1952 2282 debere

352 2309 534 2381 lapsos
592 2310 664 2366 ad
721 2310 1096 2380 paenitentiam
1141 2319 1304 2383 atque
1351 2313 1789 2368 communionem
1841 2333 1855 2369 :
1901 2325 1954 2370 et

353 2406 406 2452 tu
433 2398 638 2462 sciens,
665 2398 822 2468 juxta
856 2398 1112 2455 Nicenos
1156 2415 1416 2464 canones,
1465 2402 1658 2473 quovis
1708 2411 1953 2474 tempore

349 2501 455 2544 aen
483 2503 610 2543 esse
639 2487 1023 2560 denegandam
1051 2490 1421 2559 penitentiam
1451 2500 1504 2545 et
1553 2493 1953 2548 communionis

349 2575 584 2650 gratiam
615 2575 929 2646 postulanti,
963 2592 1130 2632 causa
1175 2577 1498 2647 injuriarum
1542 2589 1760 2634 tuarum
1806 2597 1952 2651 pra:-

351 2664 563 2734 eepisti,
617 2664 758 2720 sicut
813 2665 868 2718 in
923 2665 1184 2735 petitione
1233 2682 1265 2720 a
1307 2668 1653 2743 Laudunensi
1701 2669 1952 2724 Ecclesia

347 2751 476 2807 mihi
531 2761 786 2823 porrecta
843 2753 1168 2820 continetur,
1228 2755 1394 2810 etiam
1449 2755 1504 2809 in
1559 2757 1705 2811 exitu
1757 2757 1950 2812 mortis

347 2840 540 2911 positis
571 2841 946 2911 pcenitentiam
976 2849 1030 2897 et
1058 2843 1457 2898 communionis
1501 2845 1734 2916 gratiam
1781 2846 1948 2901 dene-

346 2929 488 3002 gari,
542 2944 614 2983 ne
663 2929 1007 3000 permittente
1050 2931 1332 2986 Salvatore
1371 2941 1563 2988 nostro
1607 2949 1640 2987 a
1685 2942 1949 3004 perpetuo

347 3017 509 3072 exitio
539 3017 806 3074 vindicari
836 3018 1100 3087 valerent,
1131 3033 1254 3074 cum
1287 3037 1387 3090 per
1413 3037 1472 3075 se
1511 3021 1579 3075 de
1627 3039 1686 3076 se
1736 3023 1948 3077 Veritas

343 3104 487 3160 dicat
522 3121 536 3159 :
582 3107 742 3162 Venit
767 3106 922 3174 ﬁlius
954 3108 1199 3164 hominis
1220 3125 1467 3180 querere
1488 3114 1543 3164 ei
1563 3111 1784 3166 salvere
1808 3111 1950 3183 quod

340 3195 611 3265 perierat,
647 3194 745 3266 qui
772 3211 888 3249 non
923 3197 1082 3250 venit
1088 3198 1276 3266 justas
1302 3197 1397 3252 sed
1410 3201 1732 3268 peccatores
1754 3215 1948 3255 vocare

343 3283 406 3336 in
421 3283 830 3354 penitentiam
847 3285 1000 3352 (Luc.
1017 3284 1163 3349 xxx),
1188 3284 1373 3338 multis
1393 3301 1527 3340 voce
1545 3285 1762 3342 Domini
1783 3286 1948 3342 recla-

340 3370 618 3424 mentibus
652 3369 856 3426 sanctis
887 3379 940 3426 et
987 3371 1252 3428 Ecclesiae
1298 3373 1580 3428 catholica:
1628 3374 1948 3430 doctoribus

342 3464 397 3510 ut
424 3457 748 3527 praesidium
777 3459 1231 3529 regenerationis,
1259 3476 1325 3516 ac
1353 3461 1703 3532 paenitentiae,
1737 3478 1944 3518 sacris-

341 3561 444 3616 que
504 3547 906 3602 communionis
929 3591 945 3614 ,
1005 3549 1062 3602 in
1117 3549 1308 3604 mortis
1365 3550 1608 3620 periculo
1654 3551 1847 3620 positis
1893 3561 1946 3606 et

339 3634 650 3704 petentibus
678 3651 712 3689 a
741 3651 1017 3708 quoquam
1063 3637 1370 3694 nullatenus
1413 3639 1736 3711 denegetur.
1787 3640 1942 3695 Unde

339 3721 433 3776 tibi
477 3739 547 3777 ex
595 3723 814 3795 integro
871 3725 1001 3794 quid
1057 3725 1200 3781 sacri
1249 3726 1454 3782 Nicami
1501 3741 1758 3792 canones,
1811 3727 1943 3797 quid

341 3818 557 3867 sanctus
615 3811 862 3876 Siricius,
924 3813 1056 3884 quid
1113 3822 1336 3870 sanctus
1401 3815 1767 3881 Innocentius,
1813 3815 1942 3886 quid

339 3906 557 3954 sanctus
586 3899 934 3967 Caelestinus,
995 3902 1123 3972 quid
1153 3911 1374 3958 sanctus
1424 3904 1534 3957 Leo
1575 3904 1939 3969 decreverint,

339 3985 430 4040 tibi
457 3987 706 4042 scribere
736 3989 936 4054 studui,
968 3990 1068 4044 sed
1102 3998 1152 4044 et
1181 3990 1466 4059 judicium,
1519 3991 1664 4062 quod
1711 3993 1780 4046 de
1827 3993 1942 4047 hinc

330 4075 813 4131 contemnentibus
843 4085 1068 4133 sanctus
1096 4078 1207 4133 Leo
1236 4079 1538 4148 protulerit,
1561 4079 1799 4150 przefatis
1821 4081 1942 4134 sub-

331 4163 500 4232 junxi,
535 4163 744 4235 tibique
801 4165 1077 4221 mandavi.
1128 4166 1215 4221 Ait
1263 4167 1406 4221 enim
1435 4171 1620 4240 (epist.
1662 4170 1716 4231 1)
1751 4187 1762 4222 :
1801 4190 1822 4216 α
1857 4169 1939 4223 Ne

338 4251 462 4322 quid
509 4267 646 4308 vero
691 4253 760 4308 sit
822 4255 966 4324 quod
1024 4254 1448 4324 praetermissum
1493 4272 1526 4310 a
1582 4255 1741 4310 nobis
1797 4255 1938 4310 forte

339 4339 617 4403 credatur.
670 4341 855 4396 omnia
903 4342 1192 4398 decretalis
1241 4344 1560 4410 constituta,
1613 4353 1720 4399 tam
1768 4345 1938 4400 beatae

1973 3069 2028 3132 (ἶ

2059 1780 2348 1845 sententia,
2381 1781 2732 1836 decretalium
2783 1799 3032 1838 normam
3075 1785 3490 1840 constitutorum
3539 1785 3655 1840 fre-

2057 1868 2201 1940 gisti.
2255 1869 2362 1922 Sed
2411 1868 2549 1924 forte
2596 1871 2817 1925 noluisti
2864 1872 3173 1944 intelligere
3219 1873 3313 1927 illa
3360 1873 3655 1929 constituta

2055 1965 2178 2010 tuos
2209 1973 2330 2012 esse
2361 1972 2620 2027 canones,
2657 1965 2708 2013 et
2739 1959 2810 2014 ob
2839 1960 2894 2013 id
2923 1960 2976 2013 in
3006 1969 3100 2015 tuo
3129 1960 3385 2031 pitaciolo
3408 1961 3604 2015 misisti
3636 1979 3648 2015 :

2053 2044 2198 2098 Nulli
2257 2047 2526 2102 sacerdoti
2583 2047 2745 2102 liceat
2791 2063 3031 2103 canones
3079 2049 3355 2120 ignorare,
3402 2051 3654 2104 omittens

2054 2133 2198 2204 quod
2229 2135 2304 2188 ibi
2347 2135 2574 2190 habetur
2621 2153 2768 2192 suos.
2819 2137 2940 2191 Non
2984 2137 3152 2208 igitur
3199 2137 3516 2202 radendum,
3565 2139 3649 2191 vel

2052 2221 2406 2276 omittendum
2437 2232 2518 2278 est
2545 2239 2848 2294 pronomen
2879 2240 3026 2293 suos,
3051 2225 3118 2278 de
3135 2224 3318 2278 verbis
3338 2224 3646 2278 Caelestini:

2052 2313 2308 2384 quoniam
2331 2328 2570 2367 canones
2595 2321 2647 2366 et
2661 2313 2875 2367 Patrum
2891 2313 3100 2385 regulae
3115 2327 3355 2368 canones
3375 2321 3430 2368 et
3445 2312 3653 2386 regula

2053 2410 2174 2456 sunt
2231 2402 2578 2455 sacerdotum
2615 2444 2627 2466 ,
2719 2416 2784 2456 eo
2830 2401 2993 2456 modo
3037 2401 3177 2456 sicut
3217 2401 3306 2455 lex
3349 2401 3520 2472 Moysi
3565 2401 3653 2454 di-

2053 2490 2192 2544 citur
2247 2496 2300 2544 et
2357 2489 2442 2543 lex
2485 2490 2814 2558 Judaeorum,
2863 2489 2932 2544 de
2981 2505 3088 2560 qua
3131 2489 3398 2544 Dominus
3443 2490 3515 2544 ad
3558 2491 3654 2544 Ju-

2051 2578 2200 2632 daeos
2223 2594 2234 2632 :
2256 2579 2319 2632 In
2344 2579 2476 2648 lege,
2493 2577 2685 2648 inquit,
2703 2582 2891 2632 vestra
2905 2579 3184 2648 scriptum
3202 2581 3287 2632 est
3307 2579 3490 2646 (Joan.
3507 2579 3650 2646 vm),

2051 2673 2103 2719 et
2125 2666 2192 2718 de
2224 2666 2302 2718 eis
2334 2665 2525 2718 iterum
2547 2683 2560 2718 :
2580 2666 2643 2719 In
2669 2667 2784 2736 lege
2813 2681 3006 2720 eorum
3038 2667 3318 2736 scriptum
3353 2669 3440 2720 est
3461 2667 3646 2734 (Joan.

2050 2753 2170 2820 xv).
2189 2756 2293 2807 Aut
2309 2768 2446 2824 ergo
2463 2752 2688 2824 quilibet
2707 2768 2814 2808 non
2837 2761 2919 2807 est
2941 2753 3220 2823 sacerdos,
3237 2761 3288 2807 et
3301 2753 3384 2806 sui
3399 2769 3509 2808 non
3527 2761 3656 2806 sunt

2049 2855 2288 2896 canones
2321 2857 2334 2896 τ
2369 2848 2460 2895 aut
2488 2841 2579 2912 qui
2605 2841 2862 2896 sacerdos
2884 2849 2984 2906 est,
3010 2843 3094 2894 sui
3117 2849 3240 2894 sunt
3254 2842 3652 2896 canones.Non

2048 2937 2104 2984 ut
2137 2929 2273 2984 sicut
2301 2929 2472 2984 Judaei
2503 2929 2704 3001 legem,
2735 2929 2959 2983 eosdem
2981 2945 3224 2985 canones
3240 2945 3339 3000 pro
3367 2945 3468 2984 suo
3497 2929 3650 2983 libita

2050 3017 2118 3071 ad
2145 3012 2304 3072 suum
2337 3033 2557 3071 sensum
2605 3017 2900 3082 inflectunt,
2953 3019 3050 3072 sed
3096 3026 3153 3072 ut
3194 3033 3415 3072 sensum
3460 3033 3650 3073 eorum

2049 3105 2337 3176 praeceptis
2367 3107 2676 3161 obediendo
2703 3107 3150 3163 acCommodent:
3175 3115 3444 3178 quatenus
3463 3122 3650 3161 eorum

2048 3202 2321 3264 praecepta
2352 3195 2649 3264 sequendo,
2682 3211 2907 3266 gressus
2936 3201 3116 3248 rectos
3163 3194 3365 3248 faciant
3413 3195 3647 3264 pedibus

2049 3283 2181 3349 suis,
2212 3291 2262 3336 et
2291 3283 2360 3336 de
2391 3283 2796 3352 Scripturarum
2833 3283 3039 3336 lumine
3067 3283 3444 3354 promulgatas
3471 3283 3648 3336 lucer-

2047 3386 2170 3424 nam
2201 3385 2295 3423 eos
2327 3377 2528 3439 ponant
2566 3369 2870 3424 actionibus
2916 3370 3046 3432 suis,
3102 3378 3161 3423 ut
3207 3368 3416 3439 possint
3466 3368 3649 3424 dicere

2046 3473 2166 3514 cum
2189 3456 2468 3510 Psalmista
2491 3475 2504 3510 :
2529 3459 2782 3512 Lucerna
2794 3457 3023 3529 pedibus
3047 3459 3186 3512 meis
3208 3457 3435 3512 verbum
3456 3461 3640 3524 tuum,

2045 3546 2297 3609 Domine,
2328 3549 2387 3600 et
2419 3546 2611 3600 lumen
2647 3547 2868 3600 semitis
2911 3548 3054 3600 meis
3101 3547 3276 3615 (Psal.
3319 3546 3537 3604 cxvnt).
3587 3546 3644 3598 Si

2045 3633 2227 3702 aliqua
2256 3631 2414 3687 etiam
2445 3633 2702 3687 tortitudo
2732 3633 3002 3698 sensibus,
3037 3633 3124 3714 vel
3162 3626 3638 3704 praeceptionibus,

2045 3729 2206 3792 atque
2235 3721 2539 3776 actionibus
2571 3721 2684 3775 suis
2714 3722 2896 3776 inesse
2926 3722 3157 3786 videtur,
3208 3737 3394 3776 eorum
3435 3721 3645 3792 regulis

2045 3809 2373 3881 corrigatur,
2407 3816 2459 3864 et
2489 3809 2558 3863 ad
2592 3825 2657 3864 ea
2685 3826 2807 3880 quae
2835 3809 2973 3864 senti
2986 3811 3148 3875 enda,
3181 3810 3435 3874 tenenda,
3469 3817 3523 3863 et
3551 3825 3643 3862 se-

2044 3898 2257 3968 quenda
2288 3906 2410 3951 sunt
2439 3897 2724 3967 dirigatur.
2779 3899 2924 3970 Lege
2971 3898 3136 3968 igitur
3180 3898 3397 3952 decreta
3441 3897 3639 3961 Siricii,

2045 3994 2096 4041 et
2127 3987 2373 4056 ejusdem
2401 3986 2700 4050 Coelestini,
2737 3995 2789 4040 et
2819 4001 3009 4042 sacros
3040 4001 3300 4051 canones,
3325 3995 3378 4040 et
3397 3986 3645 4040 invenies

2044 4083 2096 4129 te
2126 4083 2313 4130 contra
2345 4073 2826 4140 illorum~decreta,
2879 4076 2990 4130 imo
3032 4083 3218 4130 contra
3265 4074 3644 4147 evangelicam

2042 4163 2348 4229 veritatem,
2383 4171 2435 4217 et
2467 4164 2816 4233 apostolicam
2859 4163 3255 4226 auctoritatem,
3305 4179 3442 4218 ausu
3485 4162 3642 4218 nefa-

2042 4250 2124 4306 rio
2155 4251 2280 4306 talia
2310 4251 2674 4321 prohibuisse,
2725 4251 2860 4306 sicut
2911 4251 3100 4318 semel,
3151 4261 3202 4305 et
3251 4252 3490 4306 secundo
3531 4251 3640 4320 jam

2042 4339 2135 4393 tibi
2170 4339 2382 4410 scripsi.
2419 4339 2526 4394 Sed
2559 4339 2694 4393 forte
2725 4340 2860 4406 haec,
2893 4347 2944 4391 et
2975 4355 3038 4393 ea
3069 4355 3192 4408 quae
3237 4339 3470 4393 dicimus
3519 4355 3643 4393 esse

339 4429 732 4484 recordationis
763 4431 1082 4496 Innocentii,
1117 4447 1282 4502 quam
1308 4432 1550 4486 omnium
1588 4433 1938 4488 decessorum
1963 4419 2016 4478 D
2037 4443 2298 4492 canones,
2331 4434 2518 4481 tenere
2547 4441 2656 4480 non
2684 4425 2767 4480 vis
2795 4442 2896 4496 pro
2926 4425 3244 4490 canonibus,
3297 4426 3394 4479 sed
3451 4425 3544 4479 illa
3572 4427 3642 4480 de

334 4524 664 4586 nostrorum,
695 4533 816 4590 quae
846 4519 915 4574 de
945 4519 1331 4576 ecclesiasticis
1362 4520 1646 4576 ordinibus
1676 4528 1728 4576 et
1759 4537 1930 4590 cano-

335 4619 456 4658 num
486 4605 830 4678 promulgata
861 4615 982 4662 sunt
1009 4608 1333 4680 disciplinis,
1383 4609 1458 4663 ita
1505 4626 1536 4662 a
1577 4619 1760 4664 vestra
1797 4610 1933 4665 dile-

333 4693 509 4748 ctione
539 4694 800 4749 custodiri
828 4696 1029 4750 debere
1059 4697 1404 4762 mandamus,
1442 4705 1498 4751 ut
1527 4697 1570 4750 si
1603 4697 1726 4768 quis
1752 4698 1808 4751 in
1838 4698 1928 4752 illa

330 4781 684 4846 commiserit,
718 4783 931 4837 veniam
953 4783 1055 4838 sibi
1085 4783 1346 4856 deinceps
1368 4786 1578 4840 noverit
1595 4786 1879 4858 denegari.
1901 4807 1923 4836 »

331 4867 482 4923 Unde
515 4869 646 4940 quia
675 4869 928 4940 ignorare
957 4887 1066 4926 non
1099 4880 1256 4943 potes
1307 4873 1434 4944 quid
1475 4882 1694 4929 sanctus
1744 4874 1926 4928 Caele-

327 4957 498 5011 stinus
543 4957 922 5028 praedecessor
967 4959 1112 5015 beati
1158 4961 1356 5016 Leonis
1403 4961 1728 5029 decreverit,
1775 4962 1925 5032 cujus

325 5043 668 5100 decretorum
725 5055 928 5118 partem
986 5057 1090 5103 tua:
1147 5049 1452 5105 collectioni
1513 5051 1883 5120 interposuisti
1907 5093 1919 5115 ,

324 5133 522 5206 quibus
549 5133 683 5190 dicit
717 5150 729 5188 :
768 5155 790 5184 α
821 5135 969 5189 Nulli
1002 5136 1275 5208 sacerdoti
1306 5153 1434 5192 suos
1482 5137 1639 5193 liceat
1687 5153 1924 5194 canones

321 5220 604 5294 ignorare,
639 5239 740 5277 nec
770 5223 1064 5296 quidquam
1095 5224 1276 5280 facere
1305 5226 1450 5297 quod
1497 5226 1714 5280 Patrum
1753 5227 1924 5298 possit

321 5310 530 5382 regulis
561 5309 789 5365 obviare
823 5329 836 5365 :
866 5329 987 5384 quae
1014 5312 1155 5366 enim
1185 5329 1219 5367 a
1246 5313 1406 5368 nobis
1441 5329 1528 5368 res
1548 5315 1712 5387 digna
1743 5331 1924 5371 serva-

2033 4515 2232 4586 quibus
2261 4523 2351 4569 tua
2381 4521 2684 4569 commenta
2717 4512 2936 4568 ﬁnxisti.
2972 4514 3102 4568 Ideo
3144 4512 3438 4584 peregrino
3473 4528 3636 4567 sensu

2031 4603 2307 4658 leestini
2336 4603 2506 4660 verba
2537 4603 2926 4674 interposuisti.
2960 4602 3146 4658 Reduc
3178 4611 3362 4656 tamen
3412 4601 3482 4662 ad
3520 4617 3638 4654 me-

2028 4692 2260 4747 moriam
2290 4707 2408 4764 qua?
2440 4692 2495 4746 in
2526 4692 2718 4747 eodem
2750 4701 2844 4746 tuo
2873 4691 3130 4762 pitaciolo
3157 4707 3224 4744 ex
3272 4689 3456 4744 verbis
3502 4690 3632 4744 ϐω-

2027 4781 2491 4852 Ιεεῑίηἱ,ροδυὶεῐί
2544 4799 2555 4834 :
2615 4806 2634 4828 ι‹
2681 4780 2834 4849 Quin,
2897 4767 3168 4850 inquiens,
3222 4777 3339 4832 sola
3384 4777 3639 4832 admoni-

2025 4870 2189 4926 tionis
2222 4869 2540 4926 auctoritate
2583 4885 2690 4924 non
2739 4867 3086 4940 corrigimus,
3140 4882 3369 4922 necesse
3413 4875 3496 4922 est
3537 4883 3640 4938 per

2027 4960 2370 5014 severitatem
2430 4964 2816 5030 congruentem
2868 4954 3074 5028 regulis
3123 4955 3484 5012 vindicemus.
3535 4955 3640 5010 Per

2025 5055 2163 5102 totas
2213 5049 2317 5102 hoc
2375 5062 2526 5119 ergo,
2589 5061 2710 5116 quae
2764 5044 3002 5115 propriis
3057 5045 3364 5100 rectoribus
3421 5051 3635 5106 carent,

2023 5135 2284 5192 ecclesias
2343 5135 2591 5190 volumus
2649 5133 2971 5201 innotescat,
3036 5141 3094 5186 ut
3148 5133 3328 5187 nullus
3386 5131 3490 5184 sibi
3536 5147 3634 5201 spe

2021 5224 2200 5296 aliqua
2230 5223 2456 5277 forsitan
2490 5221 2763 5278 blanditus
2787 5221 2994 5276 illudat.
3023 5245 3044 5269 »ι
3071 5220 3421 5292 QuaprOpter
3440 5219 3633 5273 obser'

2023 5313 2254 5367 vaudum
2308 5311 2404 5365 tibi
2435 5319 2517 5364 est
2546 5311 2614 5364 de
2643 5319 2860 5375 caetero,
2917 5327 2984 5365 ne
3041 5326 3142 5380 per
3199 5309 3348 5378 ipsas
3403 5307 3626 5378 regulas

319 5395 498 5463 bitur,
571 5397 618 5452 si
681 5397 1029 5455 decretalium
1087 5415 1281 5456 norma
1336 5401 1749 5457 constitutorum
1819 5420 1918 5474 pro
2015 5401 2297 5470 judiceris,
2332 5415 2471 5470 quas
2501 5400 2570 5454 de
2601 5399 2786 5454 verbis
2817 5399 2988 5454 sancti
3035 5396 3314 5452 leestini
3367 5397 3474 5451 tuis
3517 5396 3634 5452 col-

319 5483 627 5558 a’liquorum
687 5485 868 5548 libitu,
923 5488 1139 5543 licentia
1183 5489 1399 5560 pepulis
1448 5489 1718 5561 permissa
1763 5490 1918 5544 fran-

2018 5487 2343 5542 lectionibus
2393 5487 2684 5554 immisisti,
2737 5487 2875 5540 sicut
2923 5494 2974 5539 et
3021 5500 3128 5556 ego
3175 5499 3400 5539 servare
3449 5483 3634 5538 studui
