4054 6180
391 234 494 286 415

1423 230 1762 284 HINCMARI
1801 219 2212 284 RHEMENSIS
2253 227 2804 284 ARCHIEI'ISCOPI.

3607 237 3704 292 HG

396 353 544 427 quod
571 353 849 426 precepit,
901 353 1109 411 scilicet
1156 363 1341 410 notum
1391 352 1597 408 faciens
1626 368 1746 424 qum
1778 366 2007 407 servare
2034 352 2094 410 A
2115 349 2351 421 primum
2380 360 2462 406 est
2489 352 2787 419 Nicmnum,
2821 353 3074 427 religant,
3103 362 3192 410 aut
3222 355 3392 428 ligare
3423 371 3559 428 quos
3593 358 3703 414 sol-

393 442 592 500 debeat
621 442 873 498 ecclesia:
907 443 1266 498 Laudunensi.
1321 444 1389 498 Et
1421 441 1696 514 quoniam,
1753 449 1810 494 ut
1837 457 2006 510 supra.

391 531 624 594 ostendi,
659 531 826 586 verba
857 532 999 586 beati
1031 531 1280 602 Gregorii
1301 547 1331 584 a
1352 531 1574 600 proprio
1597 545 1783 584 eorum
1811 545 2004 592 sensu,

393 627 656 691 quantum
690 635 754 674 ex
783 628 835 674 te
867 617 984 684 fuit,
1019 619 1290 682 alienasti,
1325 627 1378 673 et
1407 617 1800 688 imposturasti,
1835 625 2004 686 atque

395 708 746 774 detruncasti,
777 715 834 760 ut
871 709 1178 772 anathema,
1231 706 1379 777 quod
1427 705 1482 759 in
1530 706 1724 760 eodem
1769 704 2006 774 capitulo

397 795 740 850 convenienti
775 811 938 849 sensu
964 795 1208 858 miserat,
1229 795 1296 848 ad
1327 810 1424 848 eos
1456 793 1652 864 quibus
1672 809 1778 847 non
1811 807 2010 846 conve-

399 891 558 939 nerat
585 891 946 954 retorqueres,
971 883 1064 936 tibi
1091 883 1334 938 scribere
1355 883 1579 952 dignum
1597 881 1744 948 duxi,
1768 881 1912 950 quod
1933 880 2004 932 de

395 973 736 1026 anathemate
783 971 836 1024 in
881 971 1144 1042 synodica
1195 971 1441 1040 epistola,
1493 985 1654 1040 quam
1705 969 2004 1022 secundum

394 1076 624 1122 morem,
687 1060 742 1113 in
801 1059 1156 1114 ordinationis
1213 1075 1327 1114 suae
1385 1058 1606 1112 exordio
1653 1057 2000 1127 patriarchis,

395 1148 760 1204 Alexandrino
804 1149 1030 1214 scilicet,
1082 1147 1437 1210 Antiocheno,
1489 1145 2000 1215 Iiierosolymitano,

399 1245 452 1290 et
501 1236 1102 1306 Constantinopolitano
1159 1234 1452 1300 direxerat,
1505 1233 1722 1302 scripsit
1781 1233 1899 1302 (lib.
1960 1247 1999 1295 ι,

395 1341 482 1396 ep.
517 1326 608 1394 24)
645 1343 657 1378 :
697 1349 717 1370 ιι
755 1325 1041 1386 Praeterea,
1075 1321 1350 1392 inquiens,
1383 1321 1508 1392 quia
1556 1321 1722 1376 corde
1765 1319 2004 1374 creditur

395 1413 464 1466 ad
509 1411 793 1480 justitiam,
845 1427 943 1465 ore
989 1419 1170 1464 autem
1217 1409 1490 1464 confessio
1540 1408 1596 1462 fit
1635 1409 1702 1464 ad
1748 1408 1998 1472 salutem,

392 1501 530 1554 sicut
579 1499 750 1553 sancti
805 1499 1093 1570 Evangelii
1139 1507 1373 1568 quatuor
1411 1497 1600 1562 libros,
1655 1497 1732 1550 sic
1780 1503 2006 1567 quatuor

395 1587 626 1642 concilia
659 1587 938 1656 suscipere
969 1595 1021 1641 et
1051 1587 1302 1642 venerari
1353 1603 1441 1640 me
1486 1584 1744 1656 profiteor
1775 1603 1787 1638 :
1819 1585 2002 1646 Niem-

393 1691 521 1729 num
552 1675 778 1740 scilicet,
815 1675 868 1728 in
899 1691 1007 1745 quo
1039 1691 1356 1744 perversum
1391 1674 1504 1728 Arii
1536 1674 1738 1744 dogma
1768 1672 2002 1728 destrui-
2029 1699 2084 1759 Β

393 1773 500 1828 tur,
535 1763 1192 1833 Constantinopolitanum
1225 1778 1463 1832 quoque,
1503 1761 1558 1815 in
1594 1777 1701 1832 quo
1749 1761 2002 1815 Eunomii

395 1859 448 1906 et
505 1851 804 1907 Macedonii
847 1867 1004 1906 error
1051 1851 1408 1916 convincitur,
1455 1851 1790 1919 Ephesinum
1843 1849 2004 1904 etiam

393 1938 630 2008 primum
663 1940 718 1994 in
749 1955 856 2010 quo
887 1939 1124 1994 Nestorii
1155 1939 1404 2008 impietas
1430 1937 1724 2005 judicatur,
1772 1937 1998 1992 Chalce-

392 2027 636 2082 donense
668 2043 816 2092 vero,
851 2027 906 2080 in
939 2043 1046 2098 quo
1069 2025 1352 2096 Eutychis.
1379 2025 1732 2096 Dioscorique
1761 2026 2003 2095 pravitas

395 2115 731 2184 reprobatur,
765 2123 873 2170 tota
905 2115 1196 2170 devotione
1243 2113 1599 2184 complector,
1649 2113 2002 2186 integerrima

391 2203 712 2273 probatione
740 2203 1008 2268 custodio,
1045 2203 1170 2274 quia
1201 2203 1256 2255 in
1289 2201 1394 2266 his,
1441 2202 1586 2255 velut
1631 2201 1684 2254 in
1735 2201 2002 2272 quadrato

393 2291 596 2361 lapide,
633 2300 834 2346 sanctae
865 2289 990 2344 fidei
1019 2299 1294 2344 structura
1341 2289 1640 2360 consurgit.
1695 2289 1762 2342 Et
1812 2289 2000 2356 cujus—

391 2377 522 2432 libet
567 2379 690 2432 vitae
739 2387 900 2449 atque
957 2378 1188 2432 actionis
1245 2377 1460 2444 cxistat,
1513 2376 1760 2447 quisquis
1809 2391 2000 2430 eorum

392 2465 720 2520 soliditatem
749 2483 856 2520 non
905 2473 1070 2530 tenet,
1123 2465 1338 2518 etiamsi
1383 2464 1520 2534 lapis
1569 2480 1691 2518 esse
1735 2464 1996 2528 cernitur,

389 2561 568 2608 tamen
601 2563 754 2609 extra
784 2552 1071 2608 {editicium
1094 2553 1256 2621 jacet.
1311 2551 1568 2620 Quintum
1613 2567 1828 2622 quoque
1861 2567 2000 2606 con-

387 2643 570 2698 cilium
599 2643 800 2713 pariter
827 2658 1078 2706 veneror,
1111 2641 1166 2696 in
1200 2657 1307 2712 quo
1339 2641 1566 2711 epistola
1599 2657 1721 2711 qua:
1769 2640 1878 2695 Iba:
1917 2639 1998 2694 di-

387 2732 532 2786 citur
585 2732 791 2786 erroris
841 2731 1002 2800 plena
1055 2730 1395 2801 reprobatur,
1437 2729 1758 2784 Theodorus
1800 2743 1998 2798 perso-

387 2835 510 2873 nam
543 2819 859 2874 mediatoris
891 2821 992 2872 Dei
1021 2827 1074 2872 et
1115 2817 1394 2872 hominum
1442 2817 1498 2870 in
1547 2816 1760 2870 duabus
1815 2815 1998 2870 subsi-

389 2907 602 2962 stentiis
631 2922 915 2976 separaris,
957 2906 1028 2960 ad
1059 2905 1351 2974 impietatis
1399 2905 1683 2973 perfidiam
1735 2903 2000 2959 cecidisse

386 2994 748 3056 convincitur,
799 2993 1000 3062 scripta
1063 3007 1280 3062 quoque
1334 2991 1666 3054 Theodoriti,
1720 3007 1817 3061 per
1877 3007 2000 3061 quae

387 3082 532 3136 beati
586 3081 772 3152 Cyrilli
831 3079 967 3134 fides
1026 3079 1483 3149 reprehenditur,
1559 3094 1696 3132 ausu
1765 3078 1996 3132 demen-

387 3169 478 3225 tiae
506 3169 719 3240 prolata
749 3167 1071 3224 refutantur.
1125 3169 1358 3223 Cunctas
1407 3183 1539 3221 vero
1589 3182 1726 3238 quas
1774 3167 1997 3237 praefata

388 3258 698 3314 veneranda
728 3257 960 3312 concilia
991 3271 1256 3327 personas
1305 3263 1560 3326 respuunt
1592 3271 1808 3325 respuo,
1859 3270 1996 3326 quas

387 3353 714 3402 venerantur
761 3345 1066 3416 amplector
1117 3361 1128 3398 :
1177 3345 1305 3415 quia
1351 3345 1478 3398 dum
1531 3343 1824 3398 universali
1872 3351 1996 3397 sunt

387 3450 658 3490 consensu
688 3434 999 3502 constituta,
1036 3449 1096 3487 se
1125 3441 1180 3487 et
1209 3447 1318 3488 non
1347 3433 1438 3486 illa
1467 3432 1718 3498 destruit,
1745 3431 1994 3502 quisquis

385 3523 660 3594 praesumit
689 3531 779 3576 aut
809 3522 1026 3578 solvere
1057 3537 1196 3592 quos
1227 3519 1480 3593 religant,
1513 3529 1604 3574 aut
1635 3520 1806 3592 ligare
1855 3535 1995 3590 quos

387 3611 622 3666 solvunt.
663 3609 924 3682 Quisquis
973 3625 1108 3682 ergo
1157 3609 1305 3664 aliud
1353 3609 1513 3679 sapit,
1565 3609 1853 3662 anathema
1901 3608 1990 3661 sit.

387 3697 648 3771 Quisquis
677 3715 810 3754 vero
837 3697 1190 3769 prmfatarum
1227 3697 1562 3766 synodorum
1611 3695 1776 3750 fidem
1823 3703 1992 3764 tenet,

385 3802 492 3858 pax
523 3788 572 3843 ei
603 3787 674 3842 sit
701 3803 730 3840 a
759 3789 876 3842 Deo
907 3787 1067 3840 Patre
1095 3801 1194 3855 per
1247 3786 1432 3838 Jesum
1481 3783 1754 3838 Christum
1803 3783 1992 3837 Filium

387 3875 524 3943 ejus,
559 3874 650 3946 qui
683 3889 806 3928 cum
839 3888 905 3927 eo
943 3873 1073 3926 vivit
1123 3879 1174 3926 et
1219 3879 1413 3942 regnat
1461 3871 1996 3926 consubstantialiter

383 3964 533 4018 Deus
565 3963 620 4016 in
649 3961 854 4016 unitate
896 3960 1131 4030 Spiritus
1179 3958 1375 4026 sancti,
1423 3975 1522 4028 per
1567 3947 1746 4012 omnia
1796 3958 1995 4013 secula

385 4050 734 4106 saeculorum.
767 4051 958 4102 Amen.
995 4071 1014 4094 υ
1049 4047 1119 4100 Et
1149 4061 1370 4100 sacrum
1389 4046 1671 4101 Niczenum
1703 4045 1992 4101 concilium

386 4138 516 4193 dicit
546 4137 698 4206 (can.
735 4136 824 4200 13)
859 4153 871 4189 :
909 4156 931 4184 ι
967 4136 1048 4190 De
1087 4135 1191 4198 his,
1247 4135 1338 4204 qui
1391 4134 1460 4188 ad
1507 4133 1710 4188 exitum
1748 4135 1990 4198 veniunt,

389 4227 554 4282 etiam
585 4239 728 4279 nunc
757 4223 848 4278 lex
879 4223 1102 4294 antiqua
1131 4222 1506 4293 regularisque
1549 4223 1872 4286 servabitur,
1923 4223 1996 4296 ita

391 4323 450 4368 ut
479 4313 524 4368 si
553 4313 674 4384 quis
703 4312 983 4383 egreditur
1011 4327 1042 4366 e
1071 4326 1325 4381 corpore,
1379 4310 1567 4364 ultimo
1597 4319 1650 4364 et
1681 4311 1993 4366 necessario

393 4402 590 4458 viatico
619 4401 841 4456 minime
868 4400 1130 4470 privetur.
1171 4399 1328 4467 Quod
1346 4399 1392 4453 si
1419 4399 1744 4468 desperatus
1775 4407 1825 4452 et
1855 4414 1986 4454 con-

391 4499 606 4546 secutus
637 4489 1098 4553 communionem,
1149 4487 1548 4557 oblationisque
1595 4487 1867 4557 particeps
1915 4485 1990 4540 fa-

389 4589 525 4644 ctus,
559 4579 758 4644 iterum
789 4575 1148 4639 convaluerit,
1183 4575 1250 4629 sit
1277 4575 1418 4628 inter
1459 4590 1556 4628 eos
1605 4575 1694 4646 qui
1742 4590 1990 4630 commu-

389 4668 608 4724 nionem
639 4665 900 4722 orationis
929 4663 1308 4718 tantummodo
1337 4671 1765 4733 consequuntur.
1812 4663 1992 4718 Gene-

385 4755 572 4810 raliter
603 4763 786 4808 autem
815 4752 963 4808 omni
1013 4737 1236 4807 cuilibet
1265 4750 1318 4804 in
1349 4750 1494 4803 exitu
1541 4751 1738 4819 posito,
1786 4757 1838 4804 et
1887 4767 1990 4820 po-

391 4841 696 4902 scentisibi
742 4839 1142 4896 communionis
1189 4838 1422 4910 gratiam
1469 4837 1651 4902 tribui,
1704 4838 1992 4908 episcopus

393 4927 748 5000 probabiliter
773 4944 836 4982 ex
867 4928 1139 4982 oblatione
1186 4927 1317 4981 dare
1365 4925 1603 4980 debebit.
1649 4950 1666 4972 ιι
1699 4927 1844 4982 Ecce
1891 4941 1990 4979 au-

387 5018 538 5082 disti,
569 5015 754 5080 frater,
789 5016 934 5086 quod
967 5016 1106 5070 sacri
1137 5015 1344 5070 Nicaeni
1389 5029 1630 5070 canones
1665 5015 1995 5086 generaliter

387 5107 534 5162 omni
562 5103 784 5160 cuilibet
813 5103 866 5156 in
897 5103 1042 5158 exitu
1088 5103 1288 5172 posito,
1343 5111 1396 5156 et
1443 5103 1691 5172 poscenti
1741 5117 1991 5156 commu-

385 5195 564 5249 nionis
592 5192 843 5266 gratiam,
877 5205 986 5244 non
1015 5190 1298 5262 denegari,
1331 5191 1428 5244 sed
1457 5207 1558 5260 per
1577 5190 1828 5244 eamdem
1851 5205 1997 5243 com.

389 5277 700 5330 munionem
730 5275 1022 5329 obeuntem
1051 5271 1262 5326 absolvi
1303 5273 1638 5343 praecipiunt.
1680 5295 1700 5318 ι»
1749 5274 1815 5326 Et
1863 5288 1993 5328 ecce

383 5363 580 5420 audisti
609 5363 996 5418 decernentem
1027 5361 1246 5415 beatum
1279 5359 1645 5432 Gregorium:
1673 5381 1694 5410 ι
1731 5358 1993 5432 Quisquis

382 5459 684 5528 praesumit,
715 5467 808 5512 aut
839 5459 1050 5534 solvere
1071 5473 1210 5528 quos
1227 5455 1454 5526 praefata
1474 5456 1722 5516 concilia.
1749 5473 1982 5526 quorum

2111 447 2244 493 vunt
2279 457 2292 493 :
2326 440 2572 512 quisquis
2620 457 2755 514 ergo
2802 442 2950 497 aliud
3001 444 3156 514 sapit,
3207 445 3496 500 anathema
3543 448 3627 500 sit.
3679 471 3702 498 η

2113 527 2330 581 Imitare
2359 527 2526 599 igitur
2557 537 2804 584 sanctum
2837 531 3028 594 David,
3059 531 3150 602 qui
3180 532 3405 587 audiens
3433 548 3466 586 a
3495 535 3704 588 Nathan

2113 615 2378 684 propheta
2409 617 2476 670 de
2505 626 2730 686 peccato
2759 619 2904 688 quod
2933 618 3152 684 fecerat,
3186 636 3252 674 ex
3285 620 3468 674 cordis
3515 621 3704 678 intimo

2113 703 2245 756 dixit
2279 719 2290 756 :
2323 706 2555 758 Peccavi
2585 706 2818 760 Domino
2849 707 2924 774 (II
2955 709 3080 778 Heg.
3107 707 3245 777 xu);
3295 717 3346 762 et
3385 709 3510 764 item
3535 727 3546 762 :
3569 710 3707 776 Quia

2111 792 2390 862 percussit
2410 807 2507 846 cor
2525 809 2712 860 suum,
2739 810 2799 848 eo
2819 795 2959 865 quod
2977 795 3242 865 fwdasset
3265 799 3472 850 vestem
3497 797 3708 852 Christi

2112 879 2338 934 Domini
2368 881 2418 948 (I
2437 882 2563 950 Reg.
2589 883 2769 950 xxrv).
2795 881 2862 935 Et
2893 882 3058 936 vestis
3087 883 3304 937 Domini
3333 892 3416 938 est
3443 883 3704 950 Ecclesia,

2113 967 2180 1019 de
2213 983 2316 1036 qua
2347 967 2600 1038 scriptum
2633 977 2715 1022 est
2749 986 2763 1023 :
2803 971 2923 1026 Vivo
2954 987 3068 1042 ego,
3093 971 3234 1026 dicit
3261 974 3554 1038 Dominus,
3577 975 3708 1045 quia

2112 1056 2369 1110 omnibus
2386 1056 2472 1110 his
2491 1057 2644 1111 velut
2661 1062 2994 1114 ornamento
3017 1061 3273 1114 vestieris
3287 1061 3418 1128 (lsa.
3439 1075 3582 1124 xux,
3601 1061 3709 1130 18).

2111 1143 2179 1196 Et
2210 1143 2503 1212 Apostolus
2537 1162 2548 1198 :
2593 1146 2870 1218 Quotquot
2898 1149 2960 1201 in
3003 1147 3221 1202 Christo
3251 1148 3524 1219 baptizati
3553 1151 3707 1217 estis,

2115 1231 2400 1285 Christum
2439 1234 2709 1288 induistis
2754 1235 2899 1303 (Cal.
2954 1249 3032 1300 ut,
3083 1235 3194 1305 27).
3251 1235 3476 1290 Percute
3523 1244 3712 1305 pectus

2109 1325 2279 1383 tuum,
2315 1319 2442 1389 quia
2471 1321 2755 1390 percussio
2785 1323 3020 1392 pectoris
3051 1323 3290 1376 ostendit
3337 1323 3712 1379 contritionem

2109 1406 2312 1471 cordis,
2346 1415 2398 1460 et
2429 1407 2517 1462 dic
2545 1425 2668 1462 cum
2699 1409 2939 1479 profusis
2985 1410 3242 1480 lacrymis
3275 1429 3287 1464 :
3323 1413 3556 1468 Peccavi
3603 1414 3712 1467 Do-

2107 1495 2283 1562 mino,
2307 1503 2364 1548 ut
2385 1496 2653 1551 merearis
2675 1497 2882 1563 audire,
2906 1499 3178 1553 Dominus
3195 1499 3498 1553 transtulit
3515 1516 3714 1570 pecca-

2107 1587 2232 1636 tum
2264 1587 2444 1648 tuum,
2480 1601 2594 1640 non
2629 1587 2884 1640 morieris
2913 1587 2992 1656 (II
3025 1589 3152 1657 Reg.
3185 1587 3308 1652 xu).

2645 1719 2872 1773 CAPUT
2915 1719 3174 1774 XXXIII.

2155 1807 2230 1859 De
2263 1821 2324 1860 eo
2353 1805 2495 1877 quod
2524 1809 2884 1878 sepulturam
2913 1809 3156 1862 mortuis
3181 1809 3246 1862 in
3267 1809 3538 1878 parochia
3567 1825 3672 1865 sua

2605 1877 2874 1948 denegari
2915 1895 2940 1948 1
2959 1879 3206 1950 recepit.

2180 1982 2238 2034 In
2269 1997 2334 2034 eo
2365 1997 2493 2036 vero
2523 1981 2782 2051 capitulo,
2813 1997 2922 2053 quo
2943 1982 3276 2052 sepulturam
3301 1985 3551 2051 mortuis,
3577 1986 3718 2041 sicut

2107 2068 2160 2121 in
2216 2067 2474 2138 petitione
2518 2084 2550 2123 a
2601 2069 2944 2124 Laudunensi
3003 2070 3238 2126 ecclesia
3283 2071 3410 2126 mihi
3461 2081 3717 2142 porrecta

2107 2159 2433 2222 continetur,
2492 2157 2752 2228 denegari
2807 2159 3037 2226 jussisti,
3097 2159 3262 2214 nimia
3319 2160 3714 2218 inhumanitate

2107 2255 2294 2299 contra
2325 2261 2507 2300 sacras
2538 2245 2790 2300 historias
2821 2261 3120 2318 sacrosque
3151 2263 3388 2302 canones
3409 2263 3576 2321 agere
3599 2267 3712 2306 non

2106 2331 2389 2398 erubuisti,
2447 2347 2570 2389 cum
2623 2333 2760 2388 sicut
2816 2335 2870 2387 in
2930 2335 3153 2389 historia
3217 2337 3532 2391 veneranda
3589 2338 3716 2393 libri

2105 2421 2316 2492 Regum
2348 2421 2582 2492 legimus
2611 2422 2772 2475 etiam
2805 2438 2993 2476 eorum
3026 2439 3276 2494 corpora,
3330 2425 3421 2496 qui
3467 2426 3535 2479 ad
3571 2441 3712 2480 con-

2107 2509 2304 2562 sultum
2363 2509 2578 2562 Domini
2635 2517 2858 2580 propter
2913 2511 3387 2580 peccatum‘Saul,
3433 2513 3502 2567 ob
3561 2515 3712 2584 quod

2105 2595 2249 2650 facta
2279 2605 2360 2650 est
2391 2595 2562 2650 fames
2593 2597 2646 2650 in
2677 2597 2872 2652 diebus
2903 2599 3074 2651 David
3115 2599 3288 2653 tribus
3309 2600 3465 2654 annis
3479 2601 3708 2673 jugiter,

2103 2683 2344 2740 crucifixi
2395 2683 2624 2748 fuerant,
2679 2684 3024 2750 laudabiliter
3069 2688 3338 2742 custodita
3387 2689 3636 2760 legamus
3680 2707 3711 2744 a

2103 2773 2408 2827 concubina
2437 2773 2581 2840 Saul,
2617 2789 2686 2828 ne
2717 2774 3088 2828 lacerarentur
3107 2775 3174 2828 ab
3195 2775 3388 2830 avibus
3417 2793 3514 2846 per
3538 2777 3708 2844 diem,

2103 2877 2280 2931 neque
2312 2877 2344 2914 a
2375 2861 2562 2915 bestiis
2603 2878 2702 2931 per
2750 2871 2984 2926 noctem,
3038 2865 3222 2918 Donec
3265 2865 3513 2920 stillaret
3561 2882 3713 2938 aqua

2102 2965 2272 3019 super
2301 2965 2391 3005 eos
2420 2950 2485 3003 dc
2517 2951 2650 3006 caelo
2673 2951 2750 3018 (II
2775 2953 2898 3021 Reg.
2925 2951 3072 3020 xm).
3110 2951 3306 3023 Sicque
3345 2953 3552 3023 sepulta
3583 2963 3714 3010 sunt

2029 3048 2080 3112 α
2103 3052 2223 3091 cum
2257 3037 2474 3090 ossibus
2504 3037 2630 3092 Saul
2661 3046 2713 3090 et
2743 3038 3004 3093 Jonathae.
3051 3040 3116 3092 Et
3149 3039 3203 3093 in
3233 3041 3531 3113 Evangelia
3559 3041 3709 3112 legi-

2099 3141 2240 3190 mus,
2273 3125 2394 3195 quia
2427 3133 2644 3196 petente
2672 3125 2896 3196 Joscpb,
2949 3129 3170 3182 Pilatus
3192 3131 3370 3199 jussit
3399 3129 3556 3184 reddi
3577 3147 3708 3185 cor-

2097 3229 2202 3285 pus
2231 3215 2457 3268 Domini
2482 3214 2704 3282 (Matth.
2726 3227 2909 3278 xxvu,
2935 3217 3045 3282 58),
3073 3231 3234 3286 quem
3257 3219 3414 3287 quasi
3443 3216 3706 3272 nefarium

2095 3301 2405 3371 petentibus
2434 3301 2637 3356 Iudaeis
2669 3300 2912 3374 cruciﬁgi
2943 3303 3304 3371 adjudicavit;
3337 3304 3710 3362 undeetcum

2097 3391 2330 3461 iniquis,
2366 3389 2666 3444 secundum
2701 3390 3054 3460 Scripturam,
3089 3391 3396 3463 deputatus
3436 3398 3520 3448 est
3564 3395 3702 3462 (Isa.

2097 3492 2210 3540 Lm,
2249 3478 2355 3540 t2).
2389 3477 2456 3530 Et
2485 3477 2678 3542 Judaei,
2715 3493 2782 3532 ne
2813 3487 3164 3533 remanerent
3193 3480 3352 3534 etiam
3402 3479 3706 3537 scelerato-

2099 3581 2216 3618 rum
2247 3579 2476 3634 corpora
2507 3565 2560 3618 in
2606 3579 2768 3622 cruce
2812 3566 2900 3620 die
2945 3567 3158 3620 sabbati
3206 3567 3504 3633 inhumata,
3555 3569 3708 3624 obti-

2097 3661 2326 3706 nuerunt
2355 3667 2386 3706 a
2435 3652 2608 3707 Pilato
2653 3663 2711 3708 ut
2759 3652 3144 3724 frangerentur
3186 3671 3370 3710 eorum
3419 3672 3594 3722 crura,
3651 3667 3709 3712 et

2097 3740 2418 3794 tollerentur
2463 3741 2618 3808 (Luc.
2655 3756 2778 3806 xxr,
2814 3745 2924 3808 38).
2985 3743 3051 3796 Et
3097 3743 3444 3814 antiquorum
3488 3753 3706 3816 patrum

2099 3827 2325 3898 regulae,
2374 3827 2564 3882 etiam‘
2591 3844 2783 3883 eorum
2839 3845 3093 3899 corpora,
3153 3831 3242 3902 qui
3299 3831 3402 3886 sibi
3459 3831 3708 3904 quolibet

2097 3915 2260 3969 modo
2291 3923 2519 3970 mortem
2549 3916 2846 3984 intulerint,
2880 3917 2968 3972 vel
2997 3919 3086 3988 qui
3117 3933 3218 3989 pro
3247 3919 3361 3973 suis
3395 3919 3708 3976 sceleribus

2097 4003 2407 4073 puniuntur,
2441 4005 2510 4058 ad
2544 4004 2893 4074 sepulturam,
2929 4005 3055 4061 licet
3084 4006 3201 4061 sine
3223 4007 3439 4077 hymnis
3471 4015 3524 4062 et
3551 4008 3708 4078 psal-

2097 4091 2219 4154 mis,
2255 4090 2450 4146 deferri
2479 4093 2819 4162 przecipiunt,
2855 4101 2908 4148 et
2935 4109 3044 4148 non
3083 4095 3354 4164 sepultura
3402 4097 3458 4150 in
3506 4103 3704 4152 ventre

2097 4179 2286 4233 matris
2316 4179 2575 4246 omnium,
2629 4181 2682 4234 id
2721 4189 2804 4236 est
2849 4189 3022 4244 terra),
3069 4197 3256 4236 carere
3305 4183 3463 4238 etiam
3510 4183 3704 4238 talium

2097 4267 2358 4322 cadavera
2389 4277 2779 4338 praeceperunt.
2811 4267 2866 4323 Si
2895 4285 3026 4324 vere
3073 4269 3253 4341 utique
3291 4271 3558 4339 justitiam
3607 4271 3702 4327 lo-

2023 4394 2081 4457 D
2099 4365 2304 4422 quens,
2321 4351 2466 4418 juste
2489 4351 2692 4418 judica,
2717 4349 2792 4404 fili
2821 4351 3075 4416 hominis,
3099 4361 3152 4407 et
3173 4353 3295 4407 vide
3317 4353 3362 4406 si
3391 4354 3700 4408 secundum

2099 4437 2350 4508 praefatas
2381 4437 2602 4510 regulas
2630 4454 2695 4493 ac
2723 4439 2896 4510 leges,
2931 4440 3342 4510 metropolitana
3381 4441 3700 4498 auctoritate

2093 4523 2426 4596 pontificium
2483 4527 2764 4581 habuerim
2821 4528 2937 4582 hec
2979 4527 3284 4598 corrigere,
3337 4545 3456 4600 quae
3502 4537 3700 4584 contra

2094 4629 2281 4668 sacras
2309 4613 2526 4686 regulas
2557 4615 2968 4686 praesumpsisti.

2626 4755 2849 4810 CAPUT
2899 4755 3154 4810 XXXIV.

2097 4859 2247 4925 Quod
2274 4862 2338 4932 in
2369 4861 2528 4916 rebus
2556 4863 2728 4932 certis
2749 4865 2804 4915 et
2826 4861 3098 4928 deﬁnitis,
3114 4877 3217 4916 nec
3239 4861 3484 4932 synodus
3497 4877 3596 4917 con
3607 4878 3696 4918 vo-

2165 4929 2366 4994 canda,
2401 4947 2502 4986 nec
2534 4931 2688 4985 sedes
2718 4933 3028 5001 apostolica
3057 4929 3428 5002 inquietanda
3465 4933 3562 4996 sit,
3597 4933 3698 4987 sed

2165 5017 2287 5064 qua?
2316 5004 2536 5055 statuta
2565 5005 2702 5056 sunt
2731 5001 3090 5057 observanda.

2167 5106 2232 5158 At
2262 5105 2306 5158 si
2337 5113 2392 5158 tu
2423 5105 2474 5158 in
2506 5107 2846 5161 contumacia
2875 5115 2980 5170 tua,
3015 5114 3066 5160 et
3111 5107 3164 5159 in
3209 5115 3524 5177 contemptu
3569 5122 3699 5160 meo

2095 5208 2420 5262 permanere
2451 5194 2744 5266 delegeris,
2769 5197 2824 5248 et
2844 5211 2964 5264 quae
2985 5194 3110 5249 hinc
3141 5211 3264 5248 vera
3295 5203 3420 5249 sunt
3447 5193 3702 5265 profiteri

2097 5279 2358 5346 nolueris,
2392 5282 2514 5352 quia
2546 5283 2613 5336 de
2644 5282 2805 5336 certis
2834 5290 2886 5336 et
2915 5281 3214 5336 manifestis
3243 5283 3442 5350 causis,
3485 5299 3608 5354 qua:
3637 5283 3700 5336 in

2096 5367 2242 5422 nullo
2273 5369 2444 5432 nobis,
2462 5379 2586 5425 sunt
2615 5371 2776 5425 dubia
2799 5370 2884 5426 vel
2909 5371 3158 5436 obscura,
3187 5371 3254 5426 de
3283 5371 3480 5443 quibus
3501 5369 3702 5426 difﬁni-

2095 5455 2230 5509 tivas
2261 5458 2576 5522 sententias,
2607 5475 2730 5528 quae
2757 5459 2904 5512 nulla
2931 5467 3162 5528 possunt
3203 5459 3408 5513 ratione
3455 5457 3698 5514 convelli
