4054 6180
303 284 406 338 m
1048 282 1289 340 orusc.
1348 278 1439 338 E'r
1484 272 1702 337 Eiusr.
1768 269 1843 337 ΙΝ
1897 280 2125 337 causa
2170 280 2514 337 umerum
2576 282 2889 338 LAUDUN.
3544 285 3650 340 us

304 420 335 460 a
372 413 582 462 sanctis
619 404 874 461 Patribus‘
915 406 1294 480 promulgatas
1336 406 1623 470 habemus,
1658 403 2003 476 synodaleA
2030 410 2242 459 clarum
2273 403 2621 459 traditionum
2650 390 2990 476 delinquitur
3034 400 3362 473 sanctiones,
3404 408 3568 477 quam
3597 407 3652 461 in

318 493 646 561 Consultum,
671 493 757 549 vel
777 493 1228 565 coepiscoporum
1250 493 1550 565 provincia
1569 502 1775 549 nostra
1796 508 1929 549 con-
2028 491 2288 561 injuriam
2326 493 2496 563 ipsius
2551 492 2767 548 Domini
2817 493 3116 564 prosilitur.
3174 514 3196 541 ι
3240 494 3308 548 Et
3350 492 3649 549 Gelasius:

317 581 498 637 silium
527 582 615 637 vel
645 597 998 646 consensum,
1030 598 1137 638 non
1168 583 1346 637 debeo
1377 590 1720 652 exspectare,
1762 597 1865 637 nec
1895 596 1928 636 a

317 669 520 742 regulis
548 669 868 740 prastitutis
899 669 1011 724 ulla
1040 679 1132 725 aut
1176 670 1512 743 negligentia
1541 678 1632 723 aut
1663 686 1927 740 praesum-

314 757 500 829 ptione
529 758 833 821 discedere,
868 773 969 813 nec
999 758 1159 812 etiam
1192 758 1380 814 sedem
1411 757 1771 828 apostolicam
1802 757 1929 813 inde

315 845 648 917 requirendo
706 845 1032 916 inquietare,
1096 846 1243 902 dicat
1300 853 1523 901 sanctus
1580 845 1929 901 Innocentius

316 934 566 989 scribens
577 933 649 987 ad
665 933 993 989 Macedones
1006 933 1454 1004 archiepiscopos
1466 942 1630 1004 atque
1642 934 1930 1003 episcopos

313 1020 438 1077 inde
467 1021 601 1093 quid
622 1021 816 1076 sentiat
838 1022 1026 1093 (epist.
1049 1023 1144 1091 27)
1169 1039 1182 1076 :
1210 1043 1232 1072 κ
1255 1022 1390 1076 Cum
1408 1021 1717 1076 tradidisset
1737 1021 1931 1091 episto-

314 1108 417 1177 las,
443 1109 576 1180 quin
597 1109 791 1163 Vitalis
811 1109 1251 1175 archidiaconus,
1276 1117 1585 1164 vestrarum
1608 1109 1836 1180 portitor
1855 1108 1933 1162 lit-

315 1205 562 1251 terarum
584 1211 679 1250 eas
700 1195 939 1266 pracepi
968 1196 1118 1252 illico
1138 1197 1415 1258 recenseri
1436 1214 1449 1252 :
1468 1197 1525 1251 in
1545 1197 1741 1268 quibus
1761 1196 1932 1251 multa

316 1284 494 1355 posita
527 1299 651 1339 esse
680 1283 909 1355 pervidi,
946 1300 1071 1355 qua
1100 1293 1380 1355 stuporem
1409 1286 1682 1340 mentibus
1729 1283 1934 1339 nostris

318 1372 661 1432 inducerent.
700 1370 1055 1443 facerentque
1079 1388 1180 1427 nos
1220 1388 1328 1428 non
1360 1372 1636 1429 modicum
1662 1372 1931 1437 dubitare,

320 1468 506 1516 utrum
557 1460 715 1514 aliter
770 1468 1119 1530 putaremus,
1169 1477 1237 1514 an
1285 1461 1356 1514 ita
1403 1460 1499 1515 illa
1536 1469 1719 1515 essent
1757 1460 1938 1529 posita

319 1547 784 1619 quemadmodum
826 1547 1220 1618 personabant.
1276 1547 1414 1617 Qua
1452 1565 1576 1604 cum
1609 1548 1813 1619 sapius
1843 1564 1937 1602 re-

321 1636 428 1706 peti
482 1634 739 1691 fecissem
767 1677 780 1699 ,
834 1635 1045 1690 adverti
1099 1634 1215 1691 sedi
1266 1636 1584 1707 apostolica
1608 1678 1621 1701 ,
1665 1636 1735 1691 ad
1773 1651 1939 1707 quam

2034 600 2057 628 α
2102 579 2246 634 Satis
2282 580 2564 651 indignum
2595 589 2679 635 est
2709 596 3040 652 quemquam
3070 580 3158 635 vel
3190 580 3529 651 pontificum,
3562 577 3650 638 vel

2032 667 2287 722 ordinum
2334 668 2806 739 subsequentium,
2851 670 2991 724 hanc
3039 669 3445 725 observantiam
3495 669 3650 725 refu—

2034 762 2180 821 tare,
2233 771 2397 827 quam
2444 756 2585 811 beati
2636 757 2782 811 Petri
2830 757 3019 812 sedem
3065 764 3117 811 et
3162 757 3321 828 sequi
3370 758 3553 813 videat
3599 766 3652 814 et

2033 842 2236 898 docere
2261 886 2273 907 ,
2317 844 2558 914 satisque
2617 844 2951 899 conveniens
2991 845 3088 909 sit,
3137 853 3194 898 ut
3231 853 3403 900 totum
3454 862 3653 917 corpus

2035 930 2302 986 Ecclesia
2358 931 2414 984 in
2471 933 2575 986 hac
2633 932 2849 987 sibimet
2907 932 3291 989 observatione
3331 935 3648 1002 concordet,

2037 1034 2202 1090 quam
2232 1018 2341 1073 illic
2370 1018 2559 1089 vigere
2589 1020 2909 1090 conspiciat,
2942 1021 3032 1075 ubi
3067 1022 3331 1076 Dominus
3386 1022 3652 1078 Ecclesia

2036 1106 2203 1161 totius
2250 1106 2432 1177 posuit
2474 1107 2854 1178 principatum.
2893 1129 2915 1158 »
2949 1109 3018 1163 Et
3067 1108 3196 1164 item
3243 1110 3312 1164 ad
3360 1110 3649 1166 universos
3745 1165 3753 1173 ,

2037 1194 2123 1265 epi
2131 1209 2330 1265 scapos
2353 1210 2451 1264 per
2471 1196 2801 1249 Dardaniam
2818 1196 3138 1252 constitutos
3158 1217 3177 1252 :
3199 1218 3221 1247 ι
3246 1198 3456 1263 Patres,
3477 1198 3650 1269 inquit

2038 1282 2228 1353 (epist.
2267 1285 2352 1346 lt,
2383 1280 2438 1336 in
2466 1283 2748 1354 princip),
2773 1283 2964 1349 nostri,
3001 1286 3250 1341 catholici
3280 1286 3531 1342 videlicet
3552 1287 3650 1343 do-

2039 1370 2221 1441 ctique
2251 1369 2558 1440 pontifices,
2591 1372 2645 1425 in
2674 1386 3000 1442 unaquaque
3021 1372 3217 1427 liaresi
3251 1374 3489 1445 quolibet
3520 1383 3650 1430 tem-

2041 1473 2177 1527 pore
2209 1458 2491 1526 suscitata,
2523 1458 2787 1531 quidquid
2831 1474 2934 1530 pro
2982 1459 3109 1528 fide,
3143 1476 3245 1530 pro
3274 1461 3515 1527 veritate,
3547 1478 3650 1533 pro

2041 1545 2428 1601 communione
2466 1547 2733 1602 catholica
2770 1556 2932 1618 atque
2972 1548 3306 1619 apostolica,
3348 1551 3650 1605 secundum

2043 1633 2440 1704 Scripturarum
2501 1635 2805 1703 tramitem,
2856 1636 3412 1709 pradicationemque
3475 1638 3651 1707 majo-

329 1724 520 1780 relatio
563 1723 721 1795 quasi
749 1723 816 1778 ad
846 1731 1010 1793 caput
1045 1724 1401 1779 ecclesiarum
1444 1725 1616 1780 missa
1658 1725 1931 1789 currebat,
1956 1747 2009 1806 Β
2044 1737 2188 1785 rum,
2224 1720 2362 1777 facta
2392 1723 2564 1777 semel
2612 1723 3042 1795 congregatione
3090 1733 3408 1789 sanxerunt,
3458 1726 3653 1782 incon-

326 1811 444 1868 iieri
477 1812 753 1881 injuriam,
785 1812 940 1881 cujus
982 1812 1160 1867 adhuc
1198 1812 1254 1867 in
1304 1813 1622 1885 ambiguum
1669 1811 1935 1867 sententia

326 1900 639 1956 duceretur.
673 1899 828 1956 Unde
857 1900 928 1954 de
958 1899 1155 1971 quibus
1168 1900 1284 1969 jam
1304 1900 1507 1955 dudum
1530 1900 1817 1971 scripsisse
1847 1915 1936 1955 me

327 1987 571 2053 memini,
602 2003 746 2043 nunc
775 1987 975 2042 iterare
1006 1986 1238 2043 formam
1268 1988 1607 2061 argumentis
1636 1987 1937 2043 evidentio-

330 2075 480 2131 ribus
502 2075 777 2131 relationis
797 2083 994 2131 vestra
1013 2076 1386 2146 percunctatio
1405 2077 1677 2149 geminata
1698 2075 1937 2146 compel-

330 2163 406 2219 lit.
426 2186 449 2214 ι
475 2165 542 2220 Et
561 2164 633 2219 ad
655 2163 891 2219 Felicem
913 2164 1230 2235 episcopum
1249 2164 1619 2220 Nucerianum
1635 2166 1822 2237 (epist.
1846 2166 1933 2234 3):

335 2275 358 2303 ι
392 2252 707 2323 Stupuimus
754 2252 1079 2322 prudentem
1109 2252 1288 2307 virum
1319 2253 1390 2307 de
1419 2254 1503 2307 his
1533 2252 1771 2308 voluisse
1800 2268 1937 2308 con-

334 2340 533 2405 sulere,
565 2356 690 2412 qua
718 2339 973 2395 omnibus
1002 2348 1128 2394 sunt
1157 2348 1307 2395 certa
1334 2340 1543 2396 ratione
1582 2348 1880 2411 comperta.
1913 2364 1934 2386 η

335 2428 400 2483 Et
428 2436 657 2484 sanctus
686 2427 935 2483 Zozimus
966 2430 1153 2500 (epist.
1188 2429 1478 2501 Hesychia)
1511 2446 1525 2484 :
1564 2451 1584 2478 ι
1622 2429 1767 2485 Sciet
1797 2428 1940 2500 quis-

341 2517 460 2588 quis
489 2516 592 2571 hoc
620 2515 919 2587 postposita
964 2516 1186 2571 Patrum
1211 2524 1265 2571 et
1292 2516 1605 2587 apostolica
1643 2517 1790 2571 sedis
1836 2532 1939 2571 au—

341 2603 587 2660 ctoritate
614 2604 937 2674 neglexerit,
960 2619 993 2660 a
1014 2604 1175 2659 nobis
1203 2603 1503 2660 districtius
1531 2605 1937 2670 vindicandum,

342 2701 396 2747 ut
422 2691 530 2748 loci
560 2692 647 2747 sui
674 2692 896 2747 minime
927 2692 1138 2747 dubitet
1166 2692 1269 2747 sibi
1314 2708 1422 2748 non
1471 2700 1722 2749 constare
1766 2692 1938 2747 ratio-

342 2795 495 2849 nem,
548 2780 595 2833 si
642 2780 747 2836 hoc
792 2787 947 2851 putat
991 2788 1116 2851 post
1161 2788 1238 2836 tot
1282 2780 1674 2851 prohibitiones
1721 2780 1943 2850 impune

340 2883 505 2939 posse
543 2867 762 2922 tentari.
795 2868 1149 2923 Contumelia
1192 2867 1337 2923 enim
1383 2869 1562 2923 studio
1592 2867 1650 2922 fit
1680 2867 1943 2940 quidquid

339 2954 688 3010 interdictum
728 2955 888 3010 toties
916 2963 1230 3026 usurpatur.
1274 2978 1295 3005 ι
1328 2957 1396 3010 Et
1425 2966 1647 3012 sanctus
1688 2955 1943 3011 Calesti-

336 3059 439 3097 nus
469 3043 618 3115 quod
638 3051 691 3097 et
711 3051 766 3097 tu
788 3043 841 3098 in
862 3043 969 3098 tuis
1004 3043 1433 3113 collectionibus,
1462 3052 1520 3099 ut
1552 3044 1931 3115 praemisimus,
1971 3090 2029 3157 α

338 3131 565 3157 -Α-.-ζηιζ
592 3132 758 3157 [-..Δ-ι
802 3135 855 3157 ΙΙ
915 3133 1180 3157 -..2-,Α-ἐ..
1220 3132 1238 3157 Ι
1254 3134 1349 3157 ..-.1
1402 3136 1451 3157 ,Δ
1478 3133 1642 3157 η..ι..ι.
1678 3134 1722 3157 1.
1757 3154 1771 3157 -
1797 3131 1940 3157 κτηιιε

2043 1809 2261 1864 vulsum
2288 1810 2577 1865 voluerunt
2607 1810 2867 1881 deinceps
2895 1810 3217 1884 ﬁrmumque
3247 1822 3515 1882 constare,
3550 1830 3653 1871 nec

2041 1897 2098 1951 in
2129 1898 2320 1952 eadem
2350 1913 2518 1953 causa
2566 1898 2748 1953 denuo
2797 1916 2917 1970 qua
2959 1899 3183 1970 prafixa
3231 1900 3443 1957 fuerant
3472 1911 3650 1958 retra-

2041 1985 2174 2040 ctari
2213 1985 2453 2056 qualibet
2500 1987 2706 2042 recenti
2754 1988 3180 2058 prasumptione
3217 1990 3583 2059 permiserunt
3632 2008 3645 2045 :

2043 2072 2445 2143 sapientissime
2491 2074 2876 2145 pervidentes,
2923 2076 3182 2146 quoniam
3212 2077 3258 2135 si
3286 2078 3510 2133 decreta
3558 2095 3651 2133 sa-

2044 2160 2275 2217 lubriter
2302 2162 2553 2234 cuiquam
2583 2163 2772 2219 liceret
2821 2163 3039 2231 iterare,
3073 2163 3279 2219 nullum
3310 2174 3502 2222 contra
3531 2166 3650 2221 sin-

2044 2249 2205 2320 gulos
2252 2265 2497 2321 quosque
2546 2267 2774 2320 prorsus
2822 2267 3033 2307 errores
3088 2252 3283 2307 stabile
3331 2254 3651 2324 persisteret

2044 2336 2310 2392 Ecclesia
2352 2338 2721 2405 constitutum,
2752 2355 2816 2394 ac
2857 2356 3077 2410 semper
3127 2340 3336 2395 eisdem
3375 2341 3651 2397 furoribus

2047 2424 2303 2480 redivivis
2340 2426 2519 2481 omnis
2560 2426 2771 2499 integra
2826 2426 3071 2483 diﬁinitio
3128 2429 3456 2484 turbaretur.
3512 2430 3650 2485 Nam

2048 2512 2095 2566 si
2126 2512 2386 2569 limitibus
2416 2514 2574 2569 etiam
2604 2513 2841 2586 praefixis
2878 2516 3181 2586 positarum
3211 2517 3381 2574 semel
3411 2518 3650 2588 synoda-

2049 2600 2180 2654 lium
2212 2601 2549 2672 regularum,
2581 2618 2689 2657 non
2720 2610 2937 2658 cessant
2967 2604 3117 2659 elisa
3144 2612 3328 2675 pestes
3358 2606 3652 2676 resumptis

2049 2688 2438 2744 certaminibus
2502 2698 2689 2745 contra
2756 2690 3166 2746 fundamentum
3230 2708 3352 2747 sese
3408 2693 3651 2748 veritatis

2048 2775 2311 2841 attollere,
2346 2784 2399 2831 et
2423 2777 2690 2847 simplicia
2719 2794 2948 2850 quaque
2986 2779 3153 2834 corda
3181 2787 3486 2850 percutere,
3520 2780 3651 2852 quid

2050 2862 2207 2918 fieret
2232 2864 2279 2918 si
2308 2864 2539 2919 subinde
2571 2863 2651 2919 fas
2689 2874 2834 2921 esset
2880 2864 3107 2936 perfidis
3152 2867 3287 2923 inire
3334 2868 3649 2938 concilium,

2052 2967 2175 3005 cum
2220 2952 2520 3023 quamlibet
2549 2952 2641 3007 illa
2669 2951 2958 3009 manifesta
2989 2954 3057 3008 sit
3086 2955 3308 3021 veritas,
3354 2972 3651 3028 numquam

2049 3038 2189 3093 desit
2217 3040 2363 3111 quod
2390 3041 2698 3110 perniciosa
2727 3042 3011 3112 depromat
3040 3042 3263 3109 falsitas,
3288 3051 3342 3099 et
3372 3045 3416 3099 si
3446 3044 3655 3100 ratione

338 3131 569 3202 posuisti
590 3132 778 3203 (epist.
801 3135 887 3197 tl,
906 3133 1180 3205 episwpis
1202 3132 1370 3205 Apul.
1394 3136 1451 3188 et
1475 3133 1722 3200 Calab.):
1752 3154 1772 3183 α
1797 3131 1944 3187 Nulli
1971 3120 2029 3165 υ
2051 3127 2133 3181 vel
2162 3128 2482 3183 auctoritate
2512 3120 2793 3193 deﬁciens,
2820 3130 2937 3185 sola
2966 3138 3147 3186 tamen
3178 3132 3523 3188 contentione
3544 3148 3654 3188 non

342 3220 684 3275 sacerdotum
713 3235 842 3274 suos
869 3219 1031 3275 liceat
1076 3235 1318 3276 canones
1345 3221 1618 3291 ignorare,
1651 3236 1751 3276 nec
1780 3220 1944 3292 quid-

345 3323 509 3378 quam
556 3306 741 3363 facere
781 3309 929 3380 quod
979 3309 1200 3363 Patrum
1243 3308 1416 3378 possit
1456 3309 1662 3381 regulis
1698 3309 1941 3363 obviare.

347 3394 481 3463 Qua
509 3395 660 3451 enim
687 3412 718 3450 a
746 3396 904 3452 nobis
934 3412 1023 3451 res
1050 3396 1217 3469 digna
1261 3396 1584 3461 servabitur,
1619 3397 1665 3450 si
1694 3397 1946 3452 decreta-

344 3482 474 3538 lium
524 3498 719 3539 norma
772 3484 1218 3549 constitutorum,
1260 3500 1360 3555 pro
1397 3484 1706 3555 aliquorum
1760 3483 1945 3549 libitu,

343 3571 565 3627 licentia
605 3570 822 3642 p0pulis
858 3573 1124 3642 permissa
1164 3571 1491 3644 frangatur?
1527 3595 1548 3619 »
1584 3572 1651 3627 Et
1680 3580 1804 3641 post
1841 3571 1948 3625 ali-

348 3667 553 3730 quanta
585 3676 598 3713 :
637 3681 659 3709 ι
694 3658 827 3728 Qua
864 3659 1008 3714 enim
1052 3660 1165 3715 sola
1208 3659 1591 3715 admonitionis
1636 3660 1949 3715 auctoritate

348 3763 454 3817 non
510 3747 859 3820 corrigimus,
918 3764 1147 3804 necesse
1175 3756 1256 3802 est
1297 3764 1399 3818 per
1440 3747 1780 3804 severitatem
1811 3764 1949 3804 con-

350 3843 643 3908 gruentem
679 3836 884 3908 regulis
922 3836 1281 3893 vindicemus.
1330 3857 1353 3886 ν
1395 3838 1463 3891 Et
1499 3838 1608 3892 Leo
1645 3838 1833 3909 (epist.
1889 3840 1949 3901 1,

351 3922 670 3992 episcopis),
704 3920 849 3991 quod
880 3919 1082 3975 iterare
1110 3936 1221 3976 non
1249 3921 1399 3992 piget
1431 3938 1444 3973 :
1482 3941 1503 3971 ι
1536 3920 1729 3977 Omnia
1760 3921 1952 3976 decre-

352 4008 480 4063 talia
508 4007 817 4076 constituta,
849 4016 962 4062 tam
992 4008 1165 4064 beata
1193 4008 1585 4064 recordationis
1631 4008 1949 4074 Innocentii,

353 4111 512 4167 quam
549 4096 795 4151 omnium
842 4096 1197 4152 decessorum
1245 4104 1577 4160 nostrorum,
1609 4112 1729 4167 qua
1757 4097 1827 4150 de
1856 4111 1951 4151 ec-

354 4183 677 4240 clesiasticis
721 4183 1004 4240 ordinibus
1034 4192 1087 4238 et
1124 4199 1393 4240 canonum
1440 4184 1784 4255 promulgata
1831 4191 1956 4238 sunt

357 4270 680 4343 disciplinis,
725 4272 797 4326 ita
826 4287 857 4325 a
885 4279 1068 4327 vestra
1111 4271 1404 4327 dilectione
1448 4271 1710 4327 custodiri
1756 4272 1956 4326 debere

2048 3215 2291 3271 cedens?
2324 3214 2456 3284 Qua
2485 3217 2720 3285 majores
2748 3218 2919 3272 nostri
2948 3219 3130 3273 divina
3158 3220 3512 3291 inspiratione
3542 3237 3655 3276 cer-

2050 3311 2259 3369 nentes,
2282 3305 2592 3359 necessarie
2607 3314 3004 3375 pracaverunt,
3021 3314 3078 3360 ut
3095 3315 3287 3363 contra
3302 3323 3656 3379 unamquam-

2050 3408 2155 3462 que
2182 3392 2435 3446 haresim
2468 3394 2612 3463 quod
2640 3401 2758 3449 acta
2788 3393 2956 3448 semel
2979 3396 3219 3465 synodus
3236 3411 3333 3465 pro
3361 3395 3487 3462 fide,
3510 3412 3657 3452 com-

2050 3479 2324 3545 munione,
2359 3488 2412 3534 et
2442 3481 2672 3535 veritate
2704 3481 2972 3536 catholica
2998 3490 3161 3553 atque
3189 3484 3487 3553 apostolica
3515 3501 3651 3556 pro-

2050 3567 2369 3639 mulgasset,
2404 3583 2513 3623 non
2541 3568 2782 3623 sinerent
2810 3569 2966 3624 novis
2994 3579 3117 3640 post
3160 3571 3277 3626 hac
3308 3573 3652 3629 retractatio-

2051 3655 2212 3709 nibus
2259 3655 2511 3722 mutilari,
2552 3673 2620 3712 ne
2664 3657 2843 3728 pravis
2889 3658 3106 3713 occasio
3154 3659 3487 3728 praberetur
3532 3678 3653 3732 qua

2050 3743 2446 3799 medicinaliter
2474 3743 2672 3799 fuerint
2720 3753 2921 3800 statuta
2952 3746 3206 3816 pulsandi
3237 3764 3252 3801 :
3284 3747 3381 3803 sed
3428 3756 3653 3805 auctore

2051 3831 2340 3901 cujuslibet
2370 3832 2596 3887 insania
2622 3849 2687 3887 ac
2714 3833 2921 3903 pariter
2957 3849 3148 3889 errore
3194 3835 3470 3905 damnato,
3502 3835 3653 3891 suﬁi-

2051 3936 2178 3975 cere
2200 3920 2525 3987 judicarunt,
2558 3928 2616 3976 ut
2644 3921 2877 3993 quisque
2906 3922 3203 3994 aliquando
3242 3923 3402 3993 hujus
3450 3924 3654 3980 erroris

2051 4008 2481 4064 communicator
2507 4009 2780 4075 existeret,
2813 4010 3099 4081 principali
3127 4012 3392 4067 sententia
3423 4013 3655 4068 damna-

2053 4096 2217 4150 tionis
2247 4098 2363 4166 ejus
2392 4105 2539 4152 esset
2568 4098 2883 4164 obstrictus,
2912 4099 3169 4171 quoniam
3216 4100 3501 4157 manifeste
3529 4102 3656 4173 qui-

2054 4183 2221 4250 libet,
2278 4186 2367 4239 vel
2424 4184 2765 4256 professione
2839 4203 2962 4251 sua,
3032 4189 3419 4245 communione
3475 4197 3661 4260 posset

2053 4273 2300 4343 agnosci.
2340 4298 2360 4321 η
2398 4275 2463 4328 Et
2494 4274 2540 4327 si
2586 4274 2821 4329 volueris
2867 4276 2972 4331 hoc
3018 4284 3225 4330 tantum
3272 4278 3341 4331 de
3388 4277 3661 4333 suscitatis

358 4360 700 4426 mandamus,
731 4368 788 4414 ut
834 4360 882 4415 si
927 4360 1049 4431 quis
1097 4360 1151 4414 in
1196 4359 1290 4414 illa
1337 4359 1698 4423 commiserit,
1742 4360 1954 4415 veniam
2053 4360 2356 4415 haresibus
2387 4361 2711 4434 intelligere,
2745 4362 2952 4431 pariter
2980 4379 3197 4434 quoque
3228 4365 3376 4435 quod
3414 4364 3545 4419 dicit
3571 4364 3660 4420 in-

357 4446 458 4501 sibi
486 4447 753 4519 deinceps
781 4448 994 4504 noverit
1039 4447 1323 4519 denegari.
1363 4468 1383 4497 ι
1419 4449 1485 4502 Et
1514 4447 1645 4502 item
1672 4447 1819 4502 idem
1847 4436 2031 4503 LeoD
2059 4448 2244 4520 tellige
2278 4466 2290 4502 :
2328 4472 2349 4495 ι
2382 4450 2646 4514 Auctore,
2679 4449 2931 4519 inquiens
2955 4492 2968 4515 ,
3000 4450 3286 4519 cujuslibet
3329 4451 3553 4506 insania
3596 4468 3663 4509 ac

357 4534 426 4589 ad
452 4535 692 4591 Leonem
721 4538 1026 4609 Augustum
1059 4553 1071 4589 :
1109 4557 1130 4588 ι
1167 4535 1300 4605 Qua
1328 4534 1601 4606 patefacta
1638 4544 1761 4591 sunt
1803 4551 1956 4606 qua-

362 4638 501 4690 rere,
535 4632 589 4679 et
616 4640 740 4695 qua
786 4624 1030 4694 perfecta
1077 4633 1200 4679 sunt
1246 4632 1558 4688 retractare,
1592 4633 1644 4679 et
1673 4641 1795 4695 qua
1837 4632 1960 4678 sunt

358 4709 581 4766 ditﬁnita
610 4712 940 4779 convellere,
976 4712 1105 4784 quid
1135 4713 1280 4768 aliud
1324 4721 1426 4782 est,
1461 4728 1624 4784 quam
1650 4712 1718 4767 de
1748 4711 1959 4782 adeptis

362 4800 589 4871 gratiam
628 4816 740 4856 non
777 4799 1002 4866 referre,
1053 4809 1106 4856 et
1151 4801 1223 4855 ad
1275 4801 1573 4856 interdicta
1619 4800 1828 4855 arboris
1875 4799 1958 4855 ci-

362 4886 488 4942 bum
534 4888 818 4959 improbos
863 4888 1136 4959 appetitus
1179 4888 1470 4944 mortifera
1516 4888 1818 4959 cupiditatis
1859 4905 1960 4943 ex-

364 4976 632 5031 tendere?
659 4995 681 5027 »
718 4976 787 5032 Ει
815 4976 943 5031 item
986 4976 1131 5032 idem
1182 4985 1396 5032 sanctus
1440 4977 1549 5032 Leo
1592 4976 1660 5030 ad
1708 4977 1959 5032 eumdem

366 5062 600 5119 Leonem
630 5067 932 5137 Augustum
964 5064 1093 5119 dicit
1112 5065 1298 5136 (epist.
1333 5065 1424 5134 8L)
1446 5080 1457 5119 :
1483 5086 1505 5114 α
1528 5063 1668 5132 Quia
1697 5064 1765 5119 de
1796 5066 1961 5120 rebus

366 5159 419 5206 et
455 5152 598 5222 apud
647 5152 916 5221 Nicaam,
960 5160 1015 5207 et
1049 5153 1194 5223 apud
1231 5151 1632 5208 Chalcedonem
1671 5152 1809 5208 sicut
1849 5154 1961 5207 Deo

365 5237 567 5308 placuit
607 5239 870 5306 diffinitis,
911 5240 1116 5295 nullum
1161 5226 1427 5296 audemus
1470 5241 1609 5295 inire
1653 5248 1958 5309 tractatum,

364 5333 616 5399 tanquam
645 5328 814 5383 dubia
840 5328 928 5385 vel
957 5327 1174 5384 infirma
1202 5329 1327 5392 sint,
1363 5345 1485 5401 qua
1514 5337 1664 5385 tanta
1701 5345 1802 5399 per
1830 5346 1959 5384 san-

367 5417 510 5469 ctum
551 5410 811 5483 Spiritum
863 5410 978 5467 fixit
1031 5412 1343 5468 auctoritas.
1398 5433 1420 5461 ι
1462 5412 1532 5468 Et
1569 5412 1785 5468 Hilarus
1819 5427 1962 5485 papa

367 5505 493 5562 dicit
523 5506 713 5579 (epist.
750 5511 833 5574 tt,
873 5507 1105 5577 Verona)
1130 5524 1142 5564 :
1180 5529 1203 5560 ι
1228 5506 1369 5577 Quia
1396 5523 1506 5564 non
1534 5508 1723 5564 minus
1742 5508 1798 5565 in
1826 5525 1959 5566 san-

2055 4536 2263 4606 pariter
2303 4551 2493 4590 errore
2551 4536 2840 4599 damnato,
2902 4536 3147 4593 sufficere
3193 4538 3541 4607 judicarunt,
3603 4546 3664 4594 ut

2059 4624 2287 4695 quisque
2317 4624 2611 4695 aliquando
2637 4623 2796 4694 hujus
2840 4626 3047 4680 erroris
3093 4626 3521 4682 communicator
3549 4626 3663 4682 exi-

2059 4719 2256 4777 stcret,
2304 4711 2588 4783 principali
2633 4713 2898 4768 sententia
2944 4714 3304 4769 damnationis
3350 4714 3468 4784 ejus
3514 4722 3665 4771 esset

2059 4800 2372 4856 obstrictus.
2421 4825 2442 4848 ι»
2484 4800 2619 4870 Qua
2662 4801 2806 4855 enim
2835 4802 3009 4871 major
3035 4811 3214 4873 potest
3243 4819 3366 4859 esse
3397 4804 3619 4860 vesania
3641 4847 3656 4869 ,

2059 4888 2146 4943 vel
2166 4887 2286 4960 quis
2306 4889 2545 4944 deterior
2564 4905 2734 4958 error,
2759 4898 2852 4944 aut
2871 4891 3096 4962 gravius
3117 4892 3660 4955 contracatholicam

2059 4976 2364 5032 Ecclesiam
2392 4976 2652 5043 scliisma,
2684 4993 2849 5049 quam
2880 4986 3195 5034 sanctorum
3226 4981 3578 5037 conciliorum
3608 4988 3660 5036 et

2060 5065 2372 5135 apostolica
2399 5064 2545 5119 sedis
2584 5065 2802 5120 decreta
2849 5075 3221 5135 contemnere,
3256 5077 3309 5124 et
3336 5069 3492 5142 leges
3524 5083 3663 5139 quas

2060 5148 2252 5219 probat
2275 5148 2523 5203 Ecclesia
2551 5149 2894 5217 conculcare,
2928 5159 2983 5206 et
3012 5152 3373 5208 Christianam
3402 5153 3658 5223 pietatem

2060 5236 2337 5299 abdicare,
2371 5244 2423 5291 et
2452 5236 2700 5293 innoxios
2732 5247 2925 5294 contra
2950 5256 3141 5296 omnes
3183 5241 3336 5313 leges
3363 5240 3579 5296 divinas
3606 5249 3661 5296 et

2060 5324 2323 5379 humanas
2370 5324 2548 5396 gradu
2576 5341 2641 5380 ac
2665 5328 3048 5383 communione
3094 5329 3332 5399 privare,
3383 5337 3545 5402 atque
3593 5344 3661 5385 ex

2061 5411 2286 5485 proprio
2314 5412 2543 5469 crimine
2571 5413 2892 5472 innocentes
2924 5415 2978 5471 in
3007 5416 3197 5472 mortis
3237 5418 3484 5490 urgentis
3511 5418 3659 5491 peri-

2062 5508 2185 5565 culo
2212 5525 2313 5581 per
2340 5509 2596 5581 baptismi
2622 5511 2849 5584 gratiam
2877 5526 2986 5567 non
3007 5511 3300 5582 subveniri,
3334 5514 3661 5572 abeuntibus
