4054 6180
472 256 579 334 iis

1506 252 1844 310 amemur
1884 253 2279 310 RWSIS
2317 242 2867 314 ARCHtEPlSGOPl.

3644 265 3730 332 ην

477 387 529 434 et
544 377 852 452 petentibus
872 379 1268 434 communionis
1287 378 1520 450 gratiam
1538 377 1821 450 denegari,
1845 378 2070 432 mortuis
2091 380 2154 439 -Α
2175 377 2257 432 lus
2283 378 2516 451 ambigit
2543 379 2898 446 Christianus,
2949 395 3140 440 omnes
3187 381 3500 452 «melius,
3522 394 3735 449 secieto.-

477 467 763 538 sepultarae
793 466 1178 520 humanitatem
1207 481 1316 520 non
1345 465 1542 520 tribui?
1569 487 1590 515 α
1617 464 1893 536 Quidquid
1915 481 2068 536 ergo,
2104 539 2110 547 .

476 555 650 628 inquit
697 555 964 620 Gelasius,
1016 569 1112 624 pro
1151 553 1278 621 ﬁde,
1329 553 1729 622 communione,
1763 561 1816 607 et
1844 554 2070 608 veritate

477 644 738 700 catholica
769 651 929 716 atque
959 642 1254 713 apostolica
1281 642 1516 710 majores
1547 643 1718 698 nostri
1748 643 2069 714 promulga-

475 741 686 800 verunt,
720 748 828 786 non
860 731 1096 786 siverunt
1125 730 1282 786 novis
1312 732 1551 801 posthaec
1600 731 2072 786 retractationibus

473 821 731 890 mutilari,
765 836 831 874 ne
864 819 1045 890 pravis
1075 819 1294 874 occasio
1323 820 1666 889 praeberetur
1695 836 1816 890 qua:
1846 818 2070 874 medici-

475 909 668 964 naliter
724 915 920 962 statuta
973 906 1191 962 fuerunt
1237 907 1488 978 pulsandi
1535 925 1548 960 :
1597 907 1694 962 sed
1741 907 2070 980 generaliter

473 1005 694 1052 auctore
725 997 1011 1066 cujuslibet
1039 996 1263 1050 insaniae
1283 1011 1345 1052 ac
1366 996 1564 1066 pariter
1583 1011 1767 1050 errore
1787 995 2066 1061 damnato,

473 1084 714 1142 sufﬁcere
739 1084 1072 1154 judicaruut,
1105 1093 1164 1138 ut
1194 1085 1426 1155 quisque
1466 1084 1758 1154 aliquando
1787 1084 1948 1152 hujus
1977 1099 2066 1138 er-

471 1175 608 1230 roris
665 1174 1093 1253 communicatur
1146 1173 1416 1236 existeret,
1469 1171 1753 1242 principali
1805 1175 2068 1226 sententia

389 1265 392 1268 ’
472 1263 832 1318 damnationis
862 1263 977 1330 ejus
1009 1269 1152 1314 esset
1174 1259 1484 1323 obstrictus,
1510 1259 1764 1330 quoniam
1785 1259 2068 1315 manifeste

473 1350 698 1422 quilibet
727 1351 812 1404 vel
843 1347 1184 1420 professione
1213 1363 1330 1412 sua,
1357 1347 1444 1402 vel
1473 1349 1854 1403 communione
1877 1356 2070 1418 posset

471 1439 718 1512 agnosci.
749 1460 770 1488 ν
795 1438 865 1492 Et
882 1437 1009 1492 item
1041 1436 1185 1491 idem
1216 1436 1464 1490 Gelasius
1493 1436 1622 1491 dicit
1650 1437 1736 1503 (in
1764 1438 2068 1492 commoni-

472 1527 638 1597 torio)
663 1544 676 1580 :
705 1547 726 1576 α
765 1527 1145 1589 Decessorem,
1179 1524 1448 1596 inquiens,
1482 1541 1664 1578 meum
1693 1532 2069 1580 exsecutorem

469 1613 638 1670 fuisse
675 1613 878 1669 veteris
935 1613 1246 1682 constituti,
1294 1628 1404 1668 non
1456 1628 1612 1668 novae
1669 1613 2068 1668 constitutionis

2171 483 2280 531 res,
2314 467 2800 525 communicatores
2829 468 3096 525 damnatae
3138 470 3308 526 semel
3339 471 3606 540 pravitatis
3631 477 3734 544 pari

2169 563 2314 609 sorte
2344 563 2654 610 censentur.
2687 579 2708 604 η
2744 558 2811 611 Et
2837 555 2964 612 item
2989 575 3002 611 :
3030 581 3051 604 ιε
3080 557 3375 622 Inauditos,
3400 557 3732 633 indiscussos,

2172 643 2509 698 inconvictos
2539 659 2647 699 non
2679 644 2880 700 debere
2923 645 3164 716 percelli,
3199 645 3432 703 maxime
3457 663 3573 703 cum
3599 665 3736 706 novae

2169 746 2349 786 causae
2378 739 2432 785 et
2459 747 2598 786 nova
2635 749 2823 787 rerum
2865 731 3034 790 facies
3076 741 3392 805 appareret,
3433 743 3488 792 ut
3524 745 3737 796 rectores

2168 819 2259 874 isti
2289 819 2530 890 plebium
2559 806 2860 890 repentinis
2897 821 3316 887 incursionibus,
3348 838 3450 892 pro
3476 825 3736 887 mundana;

2169 908 2425 977 potentiae
2453 909 2728 963 voluntate
2748 952 2760 972 ,
2793 909 2964 964 sacris
3005 909 3360 984 dignitatibus
3388 911 3736 982 privarentur,

2169 1011 2234 1050 ex
2262 995 2410 1050 nulla
2437 997 2607 1051 veteri
2633 1012 2815 1059 causa,
2861 1013 2928 1052 ex
2963 998 3112 1053 nullo
3151 998 3386 1071 collegio
3432 1007 3622 1066 reatus,
3649 1017 3738 1061 nec

2168 1084 2583 1154 participatione
2635 1085 2921 1154 cujuslibet
2949 1087 3150 1141 erroris
3165 1088 3288 1155 jam
3329 1095 3456 1144 ante
3497 1088 3731 1157 damnati,

2170 1173 2339 1228 teneri
2385 1188 2482 1228 eos
2530 1173 2887 1246 convincique
2931 1182 3246 1240 consortes,
3298 1183 3355 1230 ut
3398 1183 3643 1247 tanquam
3679 1193 3737 1238 ex

2168 1261 2442 1331 praeterita
2473 1260 2792 1316 diffinitione
2813 1261 3184 1330 judicarentur
3205 1263 3475 1319 obstricti.
3514 1287 3535 1312 κ
3567 1264 3666 1322 Sed
3691 1273 3738 1324 et

2170 1349 2315 1404 beati
2371 1348 2626 1420 Gregorii
2684 1349 2954 1421 condigna
3022 1350 3258 1408 invectio
3312 1351 3382 1408 ad
3439 1351 3740 1408 Vitalianum

2169 1437 2485 1508 episcopum
2511 1436 2850 1507 Sipontinum
2867 1437 3189 1494 memoriam
3205 1454 3387 1494 meam
3405 1454 3511 1496 non
3529 1439 3740 1504 transiit,

2171 1525 2386 1604 quando
2439 1533 2586 1579 tuam
2641 1525 3030 1598 alligationem,
3074 1526 3317 1598 quinimo
3370 1527 3742 1586 exsecrabilem

2169 1613 2608 1668 maledictionem
2637 1612 2884 1679 dissolvi,
2917 1614 3198 1686 qua'idem
3223 1615 3416 1672 beatus
3441 1616 3602 1672 homo
3627 1613 3744 1672 dicit

472 1711 745 1758 auctorem
773 1721 785 1756 :
811 1702 954 1773 quod
975 1717 1084 1756 non
1106 1701 1282 1756 solum
1309 1701 1532 1772 praesuli
1556 1701 1857 1772 apostolico
1885 1700 2068 1758 facere
2087 1728 2142 1788 B
2169 1703 2288 1772 (lib.
2317 1715 2441 1768 vui,
2473 1702 2638 1772 epist.
2671 1703 2728 1770 9)
2754 1717 2768 1756 :
2797 1723 2818 1752 α
2845 1701 2904 1758 Si
2933 1711 3118 1758 custos
3147 1702 3394 1776 religiosi
3418 1703 3648 1768 habitus,
3665 1711 3748 1762 aut

473 1791 616 1854 licet,
642 1791 740 1846 sed
769 1792 1074 1862 cuicunque
1101 1789 1360 1860 pontifici.
1385 1813 1404 1843 ι
1435 1788 1572 1858 Quia
1591 1805 1719 1844 vero
1748 1805 1856 1845 non
1884 1797 2069 1844 vetera
2171 1805 2296 1845 esse
2325 1804 2518 1844 nosses
2545 1789 2858 1860 episcopus,
2891 1789 3016 1846 tilia:
3043 1790 3298 1862 gloriosae
3325 1791 3602 1848 memoriae
3629 1790 3746 1846 Tul-

473 1879 759 1936 constituta
787 1879 1068 1934 retractari
1087 1878 1174 1933 vel
1204 1877 1472 1951 refragari
1503 1877 1680 1943 liceat,
1707 1879 1806 1934 sed
1825 1879 1895 1933 de
1914 1878 2072 1932 novis

473 1967 879 2039 emergentibus
911 1967 1076 2022 rebus
1105 1982 1262 2022 novae
1289 1965 1702 2021 constitutiones
1732 1966 1937 2037 requiri
1969 1967 2071 2022 de-

473 2057 652 2120 beant,
678 2071 798 2127 quae
827 2062 1012 2110 tamen
1043 2053 1374 2127 evangelicae
1393 2054 1607 2109 veritati
1636 2069 1747 2108 non
1771 2055 2073 2110 habeantur

469 2144 762 2208 contraria,
818 2159 922 2199 nec
968 2143 1206 2198 decretis
1254 2151 1564 2198 sanctoriun
1612 2142 1879 2208 adversa;
1926 2142 2070 2198 idem

469 2239 686 2288 sanctus
712 2231 964 2286 Gelasius
994 2231 1048 2284 in
1079 2230 1316 2286 decretis
1347 2231 1480 2297 suis,
1503 2230 1588 2285 his
1617 2230 1950 2284 enumeratis
1979 2231 2072 2302 qui

467 2319 782 2374 diﬁinitione
821 2319 1109 2373 constituta
1145 2317 1342 2372 viritim
1372 2325 1425 2372 et
1453 2335 1551 2388 per
1579 2319 1801 2372 diversa
1829 2325 2069 2388 tempora

469 2407 618 2463 fuere
649 2407 910 2472 damnati,
933 2407 1038 2462 hoc
1068 2406 1232 2461 modo
1263 2406 1599 2461 demonstrat
1627 2406 1814 2477 (epist.
1848 2409 1932 2472 lt,
1968 2406 2068 2460 sub

466 2494 700 2565 initium)
726 2512 738 2548 :
767 2516 788 2544 ι(
815 2494 1088 2566 Synodus,
1121 2494 1394 2564 inquiens,
1425 2493 1596 2548 semel
1625 2502 1779 2565 gesta
1809 2494 2088 2550 condem--

465 2599 620 2649 nans,
650 2582 778 2654 quin
807 2581 1086 2654 praefatos,
1117 2580 1344 2638 ulterius
1366 2583 1435 2636 ad
1456 2597 1594 2637 nova
1623 2581 1856 2637 concilia
1885 2582 2068 2638 venire

466 2687 574 2726 non
621 2669 765 2738 sivit,
809 2672 906 2726 sed
952 2670 1238 2726 universos
1287 2686 1613 2742 quocunque
1658 2669 1822 2725 modo
1867 2671 1923 2724 in
1971 2671 2068 2725 has

464 2759 831 2830 blasphemias
860 2759 1168 2815 recidentes
1204 2759 1400 2814 tradito
1445 2759 1548 2814 sibi
1595 2759 1764 2813 limite
1821 2758 2068 2830 synodali

461 2847 716 2903 refutavit
743 2847 993 2903 Ecclesia
1017 2865 1030 2900 :
1055 2863 1160 2902 nec
1185 2863 1423 2918 unquam
1455 2855 1604 2902 recte
1632 2847 1866 2902 cessisse
1895 2847 2069 2901 mani-

467 2935 662 2990 festum
695 2943 795 3002 est,
821 2933 1057 3006 qualibet
1091 2934 1412 2988 necessitate
1435 2941 1684 3006 cogente,
1711 2934 1927 2990 naviter
1946 2951 2068 3006 quae

462 3022 675 3077 fuerant
731 3021 1018 3076 salubriter
1071 3021 1363 3076 constituta
1416 3029 1736 3090 temerasse.
1778 3047 1800 3070 ιι
1833 3023 1901 3077 Et
1944 3039 2048 3093 pos

461 3110 735 3182 aliquanta
771 3129 784 3164 :
824 3132 846 3158 ιτ
881 3108 1147 3178 Quoniam
1203 3109 1348 3164 idem
1403 3110 1522 3180 ipse
1564 3125 1738 3176 error,
1773 3110 1864 3182 qui
1895 3107 2043 3166 sem'e‘

461 3207 542 3254 est
573 3215 698 3254 cum
729 3215 828 3254 suo
857 3205 1079 3254 auctore
1109 3198 1414 3263 damnatus,
1447 3198 1503 3252 in
1533 3198 1794 3269 participe
1823 3199 2064 3270 quolibet

460 3305 647 3360 pravae
669 3287 1069 3344 communionis
1089 3284 1303 3352 effecto,
1327 3287 1760 3342 exsecrationem
1784 3287 1868 3341 sui
1889 3295 2063 3358 gestat

461 3383 514 3430 et
541 3390 780 3446 poenam.
821 3395 842 3423 ν
875 3375 944 3428 Et
987 3374 1112 3430 item
1153 3391 1164 3429 :
1203 3397 1224 3422 α
1261 3373 1398 3444 Quia
1445 3382 1498 3428 et
1540 3389 1683 3430 nova
1727 3375 1784 3428 in
1831 3382 2062 3446 utroque

459 3461 714 3535 pontifice
745 3479 907 3519 causa
938 3471 1084 3518 esset
1112 3470 1316 3531 exorta,
1351 3471 1403 3517 et
1430 3478 1626 3517 novam
1666 3462 2064 3519 dissuasionem

459 3559 859 3623 consequenter
899 3551 1212 3622 inquireret,
1253 3558 1311 3605 ut
1342 3551 1479 3606 sicut
1508 3567 1724 3622 semper
1750 3559 1894 3606 esset
1925 3549 2061 3606 effe-

459 3647 626 3704 ctum,
681 3639 1004 3696 sacerdotali
1049 3640 1279 3696 concilio
1327 3639 1396 3694 de
1444 3639 1822 3694 sacerdotibus
1860 3639 2062 3708 judicia

458 3727 825 3798 provenirent.
866 3749 888 3776 »
925 3727 994 3782 Et
1021 3727 1150 3782 item
1185 3746 1198 3782 :
1237 3753 1259 3776 ε
1292 3728 1429 3781 Cum
1460 3742 1616 3782 novae
1646 3734 1830 3782 essent
1857 3742 2059 3790 causae,

459 3832 605 3871 nova
649 3816 836 3871 debuit
881 3815 1257 3870 ecclesiastica
1281 3814 1572 3885 provenire
1613 3815 1900 3870 discussio.
1939 3836 1962 3864 ››
1995 3816 2063 3870 Et

460 3904 588 3958 item
626 3919 639 3956 ε
679 3925 698 3950 α
735 3905 904 3959 Novae
933 3911 1083 3958 certe
1113 3910 1264 3956 erant
1289 3918 1486 3967 causae,
1517 3909 1570 3957 et
1599 3902 1685 3956 his
1717 3919 2061 3974 consequen-

457 3999 544 4046 ter
573 4006 713 4044 nova
759 3991 1000 4060 synodus
1047 3990 1371 4045 debebatur.
1411 4011 1433 4039 υ
1469 3991 1536 4046 Et
1564 3990 1693 4045 item
1726 4008 1739 4044 :
1779 4014 1799 4037 «
1832 3993 1915 4046 An
1945 3992 2064 4047 haec

461 4078 610 4133 licuit
639 4077 884 4133 saeculari
913 4078 1184 4148 potestati,
1217 4087 1270 4133 et
1299 4077 1436 4133 actis
1466 4078 1667 4133 talibus
1697 4077 1896 4134 Acacio
1925 4093 2062 4134 con—

459 4165 760 4232 sentiente,
811 4165 1017 4237 absque
1063 4165 1173 4221 ulla
1221 4166 1458 4237 synodo,
1505 4183 1664 4238 quam
1709 4166 1830 4236 ipsa
1876 4183 2061 4222 rerum

459 4254 672 4310 novitas
703 4253 972 4326 exigebat,
1009 4255 1214 4325 absque
1259 4254 1405 4309 sedis
1449 4254 1760 4325 apostolica;
1789 4254 2061 4310 consulta-

459 4343 605 4399 tione
633 4340 918 4414 perﬁcere,
952 4350 1004 4397 et
1033 4343 1151 4398 sedi
1181 4342 1493 4414 apostolicae
1519 4359 1629 4398 non
1659 4343 1826 4412 licuit,
1861 4359 2060 4400 secun-

2170 1877 2300 1932 liani
2343 1877 2592 1950 magistri
2637 1877 2859 1946 militia,
2891 1885 2945 1934 te
2974 1878 3084 1934 illic
3123 1879 3302 1950 posito
3321 1923 3336 1945 ,
3367 1895 3472 1937 nec
3514 1879 3748 1950 proiectis

2170 1965 2448 2039 religiosis
2493 1965 2736 2021 vestibus
2772 1966 2845 2020 ad
2875 1965 3194 2022 saecularem
3241 1967 3444 2024 reverti
3489 1967 3742 2033 habitum,

2167 2070 2273 2111 nec
2301 2055 2372 2110 ad
2401 2069 2504 2110 nos
2533 2053 2778 2111 licuisset
2805 2070 3122 2126 perversam
3151 2055 3434 2126 epistolam
3463 2055 3742 2116 destinare.

2167 2145 2310 2199 Nam
2331 2143 2396 2212 si,
2419 2151 2476 2197 ut
2493 2141 2707 2214 prmfati
2735 2159 2944 2210 sumus,
2976 2141 3242 2200 sollicitus
3270 2143 3590 2212 exstitisses,
3613 2143 3749 2214 prius

2167 2233 2240 2287 ad
2267 2247 2368 2288 nos
2397 2231 2530 2287 ultio
2557 2230 2800 2287 mulieris
2840 2231 3179 2302 pravissimis
3205 2247 3366 2303 quam
3395 2233 3557 2304 culpa
3582 2231 3749 2288 debuit

2166 2321 2475 2391 pervenire.
2517 2343 2540 2369 ιδ
2571 2320 2644 2374 Et
2669 2319 2794 2376 hinc
2831 2321 2902 2375 ad
2947 2320 3203 2393 Sergium
3247 2319 3595 2378 defensorem
3638 2319 3746 2391 (lib.

2167 2409 2376 2474 eodem,
2401 2408 2564 2480 epist.
2593 2409 2682 2475 10)
2707 2424 2720 2460 :
2749 2428 2772 2458 ε
2799 2406 2857 2464 Si
2877 2408 3038 2463 homo
3058 2423 3230 2473 esses,
3261 2415 3352 2464 aut
3379 2407 3747 2468 discretioan

2166 2491 2406 2562 aliquam
2436 2491 2737 2559 habuisses,
2769 2491 2840 2546 ita
2868 2491 3140 2564 regularis
3187 2490 3494 2562 disciplina
3531 2489 3748 2556 debuisti

2167 2586 2350 2634 custos
2379 2579 2632 2642 existere,
2665 2585 2725 2633 ut
2753 2593 2820 2634 ea
2847 2595 2972 2651 qum
2997 2579 3110 2634 illic
3136 2577 3748 2644 illicitacommittuntur,

2165 2675 2288 2722 ante
2320 2666 2558 2723 vindicta
2587 2665 2911 2739 corrigeret,
2935 2682 3103 2737 quam.
3119 2667 3192 2724 ad
3208 2683 3312 2724 nos
3330 2683 3523 2724 eorum
3547 2665 3750 2732 nuntius

2164 2755 2492 2826 perveniret.
2531 2775 2552 2808 ι
2583 2755 2652 2810 Et
2705 2763 2828 2825 post
2883 2771 3105 2826 pauca:
3160 2775 3184 2808 ι
3226 2757 3368 2814 Nam
3423 2756 3471 2810 si
3528 2753 3753 2827 quolibet

2166 2844 2330 2900 modo
2353 2845 2408 2898 in
2439 2845 2544 2899 hac
2573 2859 2630 2898 re
2657 2842 2947 2916 negligens
2990 2843 3078 2900 vel
3125 2843 3308 2899 lentus
3354 2843 3645 2909 exstiteris,
3680 2841 3752 2896 ita

2164 2933 2222 2986 in
2249 2941 2303 2987 te
2331 2932 2548 2987 noveris
2575 2930 2976 2987 districtissime
3002 2931 3408 2998 vindicandum,
3424 2939 3500 2988 ut
3525 2931 3664 3004 quod
3687 2945 3751 2984 ex

2164 3029 2218 3076 te
2246 3021 2448 3086 nescis,
2479 3035 2641 3090 poena
2668 3019 2848 3090 possis
2894 3029 3174 3075 reserante
3221 3035 3568 3092 cognoscere
3593 3037 3608 3073 :
3635 3016 3751 3089 quia

2164 3109 2304 3164 sicut
2355 3107 2610 3174 diximus,
2669 3107 2712 3162 si
2770 3105 3104 3164 intellectum
3159 3107 3394 3164 hominis
3450 3107 3750 3174 habuisses,

2162 3198 2279 3253 haec
2309 3202 2433 3268 quae
2458 3196 2624 3251 modo
2667 3195 2844 3251 facere
2887 3195 3224 3267 prmoiperis,
3257 3211 3292 3252 ε.
3314 3204 3372 3256 ιθ
3397 3195 3751 3254 debueramus

2162 3285 2327 3340 etiam
2374 3300 2501 3340 cum
2545 3283 2748 3338 ultione
2797 3291 2923 3339 ante
2969 3283 3114 3339 facta
3153 3299 3513 3355 cognoscere.
3559 3308 3582 3330 η
3622 3280 3752 3350 Quid

2161 3374 2324 3429 etiam
2354 3373 2480 3428 hinc
2507 3373 2648 3428 sacri
2677 3387 2918 3428 canones
2945 3389 3043 3444 per
3073 3371 3287 3445 singula
3315 3372 3546 3430 concilia
3575 3372 3753 3426 decer-

2161 3470 2312 3527 nant,
2345 3461 2593 3516 devitans
2628 3460 3012 3531 prolixitatem,
3045 3468 3100 3516 et
3127 3461 3252 3532 quia
3289 3461 3576 3520 notissima
3615 3465 3750 3522 sunt,

2161 3551 2249 3606 hic
2295 3565 2502 3620 ponere
2533 3549 2906 3620 praetermitto.
2942 3550 3174 3604 Tantum
3224 3549 3296 3606 de
3341 3544 3753 3622 Carthaginiensi

2161 3639 2394 3694 concilio
2441 3637 2828 3704 testimonium,
2879 3637 3028 3708 quod
3072 3644 3126 3692 et
3172 3651 3340 3708 supra
3385 3637 3568 3708 posui,
3597 3648 3756 3690 unum

2160 3743 2326 3797 pono,
2351 3727 2552 3782 Gratus
2572 3725 2864 3796 episcopus
2883 3725 3018 3780 dixit
3037 3726 3220 3795 (conc.
3244 3741 3286 3790 ι.
3305 3739 3430 3782 can.
3457 3725 3552 3796 13)
3574 3742 3589 3780 :
3615 3747 3637 3772 α
3655 3721 3756 3784 Νο-

2163 3814 2317 3869 vellaa
2366 3813 2770 3884 suggestiones,
2803 3829 2926 3884 qua;
2954 3813 3041 3868 vel
3071 3813 3320 3870 obscurae
3343 3821 3514 3879 .sunt,
3546 3811 3633 3870 vel
3649 3808 3754 3878 sub

2161 3917 2362 3972 genere
2407 3902 2592 3968 latent,
2637 3901 2895 3972 inspectae
2925 3917 2959 3955 a
2987 3901 3146 3956 nobis
3189 3900 3426 3958 formam
3471 3899 3751 3971 accipiant.

2161 3992 2426 4046 Caeterum
2482 3990 2552 4044 de
2607 3989 2804 4060 quibus
2857 3988 3202 4060 apertissime
3247 3989 3434 4046 divina
3491 3988 3758 4059 Scriptura

2161 4079 2356 4143 sanxit,
2417 4095 2526 4134 non
2579 4077 2880 4133 differenda
2937 4077 3208 4134 sententia
3258 4084 3363 4144 est,
3420 4079 3522 4134 sed
3580 4075 3756 4148 potius

2160 4167 2524 4238 exsequenda.
2573 4187 2594 4217 »
2645 4167 2792 4238 Lege
2838 4165 3176 4221 Breviarium
3216 4165 3422 4222 Africae
3465 4163 3756 4236 provincia

2159 4271 2444 4322 canonum,
2478 4254 2597 4310 sedi
2625 4253 2937 4324 apostolica:
2964 4254 3212 4322 missum,
3234 4259 3288 4308 et
3307 4254 3390 4308 ab.
3403 4254 3607 4310 eadem
3621 4250 3757 4309 sede

2159 4343 2586 4408 corroboratum,
2637 4349 2690 4396 et
2735 4343 2852 4397 haec
2893 4341 2947 4396 in
2995 4340 3170 4397 fronte
3210 4356 3486 4398 canonum
3513 4341 3757 4412 ipsorum

458 4433 585 4487 dum
617 4439 862 4487 tenorem
885 4431 1079 4502 synodi
1101 4431 1584 4495 Chalcedonensis,
1607 4432 1664 4485 in
1683 4432 1857 4487 veteri
1875 4432 2058 4502 utique
2078 4431 2132 4490 D
2163 4431 2429 4487 invenies.

457 4536 644 4586 causa,
694 4529 746 4575 et
789 4519 957 4574 veteri
1011 4520 1322 4588 constituto,
1365 4519 1510 4586 justa
1553 4519 1868 4575 difﬁnitione
1909 4520 2062 4574 dam-

454 4616 601 4676 nata,
629 4607 862 4664 inimicis
890 4607 1085 4678 synodi
1117 4606 1576 4662 Chalcedonensis
1617 4609 1876 4663 Acacium
1904 4623 2058 4662 com-

457 4697 824 4751 municantem
879 4712 908 4749 a
966 4711 1062 4750 sua
1115 4695 1497 4752 communione
1554 4695 1874 4766 depellere?
1909 4717 1930 4745 »
1991 4697 2059 4750 Et

458 4785 585 4839 item
624 4801 635 4838 :
675 4805 694 4837 ι
726 4785 842 4840 Nec
871 4800 1008 4855 opus
1066 4783 1165 4838 fuit
1216 4786 1358 4840 nov'a
1413 4784 1644 4856 synodo,
1705 4800 1827 4839 cum
1859 4785 2060 4840 veteris

457 4872 734 4928 constituti
764 4872 1090 4928 sufﬁcienter
1130 4873 1235 4928 hoc
1283 4871 1456 4927 forma
1495 4873 1896 4944 praescriberet.
1937 4894 1958 4922 ν
1991 4873 2061 4927 Et

457 4961 622 5016 item:
653 4982 674 5010 α
703 4958 836 5028 Quae
867 4961 1222 5034 congregatio
1253 4960 1393 5016 facta
1423 4959 1756 5032 pontificum,
1791 4976 1901 5016 non
1929 4976 2058 5016 con-

455 5059 542 5105 tra
596 5049 1118 5119 Chalcedonensem,
1171 5064 1280 5104 non
1326 5049 1588 5122 tanquam
1630 5065 1769 5106 nova
1817 5050 2058 5122 synodus

456 5147 642 5194 contra
695 5146 935 5194 veterem
991 5137 1336 5210 primamque
1390 5138 1644 5194 convenit
1679 5155 1691 5191 :
1726 5138 1824 5193 sed
1881 5137 2058 5208 potius

456 5227 752 5282 secundum
785 5235 1029 5282 tenorem
1059 5227 1260 5281 veteris
1303 5226 1577 5282 constituti
1619 5225 1894 5296 particeps
1927 5241 2058 5296 apo-

459 5315 663 5370 stolicae
717 5314 1082 5372 exsccutionis
1139 5312 1330 5368 effecta
1377 5322 1478 5369 est.
1518 5335 1540 5363 ν
1575 5315 1643 5368 Et
1669 5315 1796 5370 item
1833 5332 1847 5368 :
1885 5335 1908 5362 «
1942 5315 2059 5370 Nec

459 5402 682 5456 dubium
733 5405 878 5475 quod
907 5404 1046 5458 sicut
1076 5403 1130 5458 in
1159 5417 1480 5474 unaquaque
1529 5402 1741 5473 haeresi,
1792 5403 1936 5474 quod
1976 5402 2058 5456 in-
2105 5443 2112 5450 .

459 5500 800 5555 cessabiliter
838 5501 1191 5570 repetendum
1219 5507 1321 5564 est,
1355 5499 1478 5569 quia
1521 5498 1752 5554 ﬁrmum-
1775 5514 1908 5554 esse
1936 5498 2058 5555 nul-

2711 4544 2936 4599 CAPUT
2974 4543 3203 4598 XXXV.

2167 4653 2315 4722 Quod
2344 4652 2650 4722 apostolica
2675 4651 2829 4706 sedes
2850 4667 2980 4722 cum
3002 4650 3276 4722 episcopis
3303 4648 3650 4722 eonjudicet,
3669 4645 3760 4718 qui

2231 4717 2540 4778 secundum
2587 4736 2830 4777 canones
2863 4717 3153 4792 judicent,
3185 4717 3415 4792 etquod
3459 4735 3592 4792 nari
3628 4717 3760 4792 bene

2231 4794 2546 4864 intelligat,
2579 4796 2647 4846 ut
2687 4789 3155 4862 metropolitanus
3190 4789 3394 4864 ubique
3435 4789 3761 4860 provincia-

2233 4866 2375 4920 lium
2403 4861 2688 4919 instantia
2717 4861 2918 4918 causas
2945 4878 3062 4919 non
3090 4861 3308 4916 audiat.

2231 4967 2553 5040 Quicunque
2609 4967 2775 5038 igitur
2829 4966 3088 5037 primates
3139 4964 3543 5036 provinciarum
3571 4979 3610 5018 a
3646 4963 3761 5017 Do-

2158 5057 2308 5112 mino
2373 5055 2682 5121 constituti,
2749 5064 2804 5110 et
2868 5053 3170 5125 apostolica
3231 5053 3558 5109 auctoritate
3621 5065 3761 5108 con-

2159 5145 2358 5200 firmati
2378 5189 2390 5210 ,
2469 5145 2565 5200 sed
2621 5151 2676 5199 et
2739 5142 2942 5215 quique
3015 5140 3267 5197 catholici
3340 5139 3614 5211 episcopi,
3693 5136 3762 5191 de

2159 5233 2320 5290 certis
2385 5240 2437 5287 et
2502 5231 2801 5286 manifestis
2863 5229 3058 5296 rebus,
3127 5229 3197 5284 de
3259 5229 3460 5300 quibus
3501 5238 3766 5297 expressa

2153 5321 2379 5392 judicia,
2421 5329 2476 5376 et
2514 5317 2964 5393 irrefragabiliter
3026 5326 3190 5389 atque
3252 5315 3572 5373 inconvulse
3625 5328 3765 5370 con-

2161 5409 2454 5466 servandas
2527 5407 2832 5464 diﬂinitivas
2905 5407 3168 5462 habemus
3242 5404 3535 5464 sententias
3573 5445 3587 5469 ,
3626 5443 3636 5448 -
3671 5417 3766 5458 se-

2127 5527 2134 5532 -
2160 5499 2395 5555 cundum
2415 5513 2642 5554 —-sacros
2665 5529 2690 5537 -ι
2709 5511 2968 5557 canones,
3008 5532 3020 5542 -
3033 5503 3091 5550 et
3123 5525 3132 5542 ι
3153 5493 3380 5554 decreta.
3399 5491 3768 5564 \sedis'slto-
