4054 6180
330 341 426 393 421

1159 332 1401 388 OPUSC.
1437 331 1526 386 ET
1554 329 1775 385 EPIST.
1808 330 1881 382 IN
1912 327 2137 383 CAUSA
2173 327 2515 383 HINCMARI
2546 327 2853 383 LAUDUN.

3545 333 3646 386 422

333 475 509 514 mana:
561 457 877 529 pontiﬁcum
899 500 911 519 ,
979 471 1207 527 quaeque
1250 455 1600 510 decernimus
1646 463 1698 508 et
1725 451 1942 522 judica-
1964 453 2018 512 A
2048 452 2141 523 qui
2171 452 2478 506 nullatenus
2508 467 2566 506 se
2599 461 2862 508 noverant
2893 453 3162 522 potiorem
3215 453 3317 506 sibi
3339 453 3457 508 sine
3477 455 3658 524 prima

337 564 459 602 mus
483 590 497 616 ,
529 545 824 618 apostolica
882 545 1078 608 sedes,
1105 552 1155 598 et
1203 544 1466 599 catholica
1498 541 1770 607 Ecclesia,
1802 556 1938 612 apo-

342 636 610 691 stolorum
661 634 1016 688 fundamento
1070 631 1290 686 fundata
1339 647 1506 702 super
1563 631 1808 702 angulari
1856 631 1942 684 la-

338 724 464 795 pide
493 723 712 779 Christo
731 724 859 778 Jesu
881 765 892 787 ,
918 722 973 774 in
1002 737 1110 792 quo
1131 720 1308 774 omnis
1324 718 1610 775 aediﬁcatio
1631 726 1945 774 constructa

339 813 534 868 crescit
590 813 645 865 in
693 811 952 880 templum
991 817 1240 865 sanctum
1281 809 1337 861 in
1385 809 1652 872 Domino,
1684 809 1739 861 in
1787 806 1945 861 nobis

340 915 438 972 pro
469 900 715 971 patribus
746 899 887 952 natis
929 897 1085 962 ﬁliis,
1114 898 1167 951 id
1195 905 1279 951 est
1306 912 1408 966 pro
1439 896 1697 968 apostolis
1745 895 1946 950 creatis

343 988 636 1060 episc0pis,
670 995 726 1041 ut
759 987 810 1040 in
867 985 1181 1040 ordinandis
1204 1005 1208 1010 '
1233 985 1538 1050 coordinat,
1571 985 1646 1038 ita
1677 993 1728 1039 et
1759 984 1813 1037 in
1843 985 1945 1037 de-

341 1077 626 1132 cernendis
688 1075 946 1130 canonice
1005 1074 1389 1137 condecernit,
1425 1082 1478 1128 et
1543 1073 1597 1126 in
1641 1071 1948 1141 judicandis

341 1165 666 1234 conjudicat.
719 1165 833 1218 Nos
862 1170 1044 1218 autem
1072 1206 1083 1227 ,
1114 1163 1204 1233 qui
1253 1177 1443 1217 sacros
1478 1177 1737 1224 canones,
1772 1170 1825 1216 et
1853 1161 1950 1214 de-

341 1261 492 1308 creta
519 1252 665 1307 sedis
695 1252 955 1307 Romana
985 1250 1303 1322 pontificum
1324 1251 1426 1304 sub
1445 1251 1614 1320 ipsius
1634 1249 1950 1320 apostolicae

339 1349 512 1412 petrae
533 1340 738 1410 judicio
767 1339 1140 1410 exsequimur,
1163 1338 1295 1392 nihil
1325 1339 1470 1392 aliud
1493 1353 1665 1408 quam
1687 1338 1831 1406 juste
1856 1337 1948 1404 ju-

343 1429 639 1484 dicantinm
683 1426 944 1493 fautores,
977 1433 1028 1481 et
1056 1427 1322 1495 justorum
1362 1426 1688 1494 judiciorum
1718 1441 1950 1480 exsecu-

245 1551 249 1556 -
343 1525 484 1574 tores
509 1559 522 1582 ,
556 1515 921 1571 obedientiam
972 1523 1164 1571 sancto
1211 1514 1454 1585 Spiritui,
1485 1514 1578 1585 qui
1607 1529 1708 1584 per
1736 1529 1832 1568 eos
1861 1513 1948 1568 lo-

344 1621 498 1670 cutus
526 1621 630 1677 est,
657 1621 708 1667 et
738 1612 858 1667 sedi
886 1611 1218 1682 apostolica},
1251 1626 1284 1665 a
1315 1626 1419 1682 qua
1448 1611 1596 1664 rivus
1642 1609 1946 1681 religionis,

343 1710 395 1756 et
432 1700 814 1758 ecclesiasticae
858 1699 1237 1766 ordinationis,
1284 1707 1446 1770 atque
1493 1697 1767 1754 canonica:
1806 1697 1950 1766 judi-

2046 541 2178 594 sede
2209 557 2373 610 posse
2405 539 2713 606 resolvere,
2749 540 3022 611 prmcipue
3054 555 3215 612 quem
3246 541 3362 609 ejus
3395 543 3658 599 sententia

2045 637 2304 682 noverant
2335 629 2660 701 obligatum,
2708 629 3151 699 prmvaricatoria
3178 629 3522 686 absolutione
3549 647 3658 686 non

2047 716 2196 770 illum
2227 717 2442 786 penitus
2474 726 2759 786 exuerunt,
2795 718 2894 772 sed
2913 735 2972 772 se
3003 718 3660 790 prmV'aricatione-potius

2048 815 2368 859 nexuerunt.
2405 806 2512 859 Sed
2544 814 2595 860 et
2626 806 2752 876 quia
2783 807 3049 860 Dominus
3079 807 3148 860 ad
3170 808 3461 878 quemdam
3491 808 3656 864 dicit:

2054 897 2142 948 Ea:
2186 895 2361 949 verbis
2393 897 2510 949 tuis
2559 900 2614 949 te
2647 896 2841 965 judico
2874 897 3031 964 (Luc.
3081 901 3246 960 xxn')
3270 937 3283 962 ,
3315 896 3438 951 licet
3472 897 3526 950 in
3557 897 3662 950 tuis

2050 982 2537 1051 compilationibus
2594 998 2701 1037 non
2759 984 2994 1048 mittere,
3028 984 3126 1037 sed
3177 983 3357 1054 potius
3411 985 3663 1040 omittere

2051 1069 2329 1140 delegeris
2392 1087 2458 1124 ex
2518 1087 2702 1124 eorum
2770 1071 2950 1124 verbis
2981 1072 3048 1125 de
3093 1072 3290 1142 quibus
3355 1072 3665 1128 testimonia

2049 1158 2350 1230 collegisti,
2383 1175 2503 1229 qua:
2535 1167 2586 1212 te
2615 1159 2870 1213 mordere
2902 1175 3010 1213 non
3043 1160 3334 1232 ignorasti,
3367 1178 3531 1216 unum
3561 1177 3661 1231 pro

2051 1246 2305 1300 omnibus
2338 1247 2488 1316 quasi
2521 1247 2946 1316 peremptorium
2970 1248 3204 1302 edictum
3225 1248 3323 1302 tibi
3340 1265 3658 1318 proponam.

2053 1336 2186 1388 Cum
2241 1335 2383 1387 enim
2433 1337 2682 1405 quazdam
2727 1335 2954 1404 posuisti
3004 1336 3072 1389 de
3114 1337 3328 1390 diverse
3358 1337 3600 1392 collectis
3630 1353 3659 1390 a

2054 1423 2222 1477 Lucio
2251 1439 2397 1492 papa
2427 1439 2492 1476 ex
2524 1423 2759 1478 diversis
2807 1424 3160 1478 decessorum
3191 1439 3255 1478 ac
3283 1417 3658 1494 praedecesso-

2057 1527 2172 1564 rum
2219 1527 2442 1564 suorum
2475 1511 2634 1565 dictis
2660 1554 2672 1575 ,
2704 1511 3108 1582 interscripsisti
3141 1529 3153 1565 :
3190 1535 3210 1557 α
3265 1512 3539 1580 Similiter,
3570 1513 3659 1566 in-

2051 1599 2278 1669 quiens,
2312 1599 2634 1654 auctoritate
2663 1599 2781 1653 fulti
2851 1599 3151 1670 apostolica
3185 1600 3536 1670 praecipimus
3559 1643 3573 1669 ,
3606 1609 3664 1655 ut

2052 1687 2233 1741 nullus
2277 1688 2753 1757 metropolitanus,
2787 1688 2994 1759 absque
3053 1697 3378 1744 caeterorum
3419 1689 3663 1744 omnium

345 1789 568 1846 cationis
597 1788 874 1860 proﬂuxit,
925 1787 1296 1859 dependentes
1345 1786 1645 1842 existimas.
1680 1785 1950 1854 Quoniam
1982 1803 2033 1863 Β
2057 1775 2598 1846 comprovincialium
2643 1776 3024 1847 episcoporum
3055 1777 3326 1844 instantia,
3358 1777 3662 1849 aliquorum

345 1878 651 1950 quicunque
709 1877 981 1948 baptismo
1037 1875 1303 1932 catholico
1362 1875 1652 1946 baptizent,
1687 1873 1823 1929 sicut
1878 1873 1948 1928 ad

343 1967 610 2037 Joannem
641 1966 940 2036 Baptistam
969 1965 1169 2020 dictum
1203 1971 1304 2028 est,
1341 1963 1456 2034 ipse
1487 1971 1570 2018 est
1599 1962 1842 2017 Christus
1863 1962 1948 2016 vi-

343 2054 542 2110 delicet
572 2055 732 2109 Jesus
763 2053 856 2125 qui
912 2053 1172 2122 baptizat,
1206 2059 1259 2106 et
1298 2051 1603 2122 quicunque
1620 2051 1946 2114 sacriﬁcent,

343 2143 458 2213 ipse
485 2150 568 2198 est
608 2141 872 2198 sacerdos
922 2141 1222 2197 secundum
1251 2139 1500 2195 ordinem
1531 2139 1946 2203 Melchisedech,

345 2232 732 2302 sempiternum
788 2229 997 2284 habens
1056 2228 1422 2284 sacerdotium
1456 2269 1469 2294 ,
1505 2227 1596 2298 qui
1655 2225 1954 2282 sanctiﬁcat

348 2321 534 2376 (Joan.
571 2318 614 2374 Il
641 2335 653 2373 :
680 2319 806 2390 quia
838 2326 893 2372 ut
915 2324 1136 2372 sanctus
1157 2318 1265 2372 Leo
1289 2317 1418 2372 dicit
1448 2317 1636 2388 (epist.
1670 2316 1762 2382 91)
1793 2332 1806 2368 :
1835 2320 1866 2364 ἀ
1896 2314 1954 2369 Si

347 2407 472 2478 quid
504 2424 602 2478 per
643 2407 962 2462 servitutem
989 2414 1227 2461 nostram
1269 2405 1412 2460 bono
1457 2404 1649 2459 ordine
1678 2412 1730 2458 et
1759 2410 1952 2474 gratu-

345 2495 509 2550 lando
539 2495 794 2566 impletur
822 2494 1036 2558 effectu,
1071 2510 1181 2548 non
1212 2492 1544 2565 ambigimus
1572 2508 1674 2563 per
1699 2490 1955 2561 Spiritum

347 2594 588 2640 sanctum
627 2583 785 2638 nobis
818 2582 984 2637 fuisse
1038 2583 1319 2648 donatum,
1355 2589 1407 2634 et
1438 2580 1592 2652 operi
1620 2588 1807 2635 nostro
1839 2580 1954 2650 ipse

351 2671 598 2728 Salvator
646 2671 956 2736 intervenit,
991 2686 1092 2726 nec
1138 2685 1378 2740 unquam
1408 2669 1476 2722 ab
1508 2669 1594 2722 his
1625 2669 1802 2733 abest,
1834 2684 1956 2738 quae

347 2761 606 2815 ministris
641 2760 752 2814 suis
783 2759 1133 2830 exsequenda
1151 2757 1422 2814 commisit
1443 2756 1633 2812 dicens
1658 2774 1670 2810 :
1695 2758 1832 2812 Ecce
1862 2772 1956 2827 ego

347 2849 622 2904 vobiscum
635 2865 762 2904 sum
774 2849 1035 2904 omnibus
1052 2847 1242 2902 diebus
1255 2861 1426 2918 usque
1439 2845 1512 2900 ad
1524 2845 1956 2900 consummatio-

347 2953 474 2992 nem
499 2937 699 2992 saeculi
718 2934 1181 3003 (Matth.xxvnt).
1223 2959 1243 2980 η
1277 2935 1342 2988 Et
1372 2933 1502 2987 item
1529 2932 1638 2987 Leo
1672 2948 1684 2986 :
1715 2953 1736 2982 α
1764 2933 1843 2986 De
1871 2932 1957 2986 his

346 3025 435 3095 qui
464 3025 520 3078 in
552 3023 775 3079 Nicazno
821 3021 1083 3086 concilio,
1136 3029 1469 3094 suggerente
1514 3020 1728 3074 sibimet
1771 3027 1958 3074 sancto

349 3111 564 3182 Spiritu,
597 3112 726 3183 quia
773 3110 928 3165 aliter
976 3109 1310 3166 credendum
1341 3123 1448 3164 non
1510 3115 1625 3173 est,
1674 3124 1958 3162 mansuras

350 3216 524 3272 usque
559 3201 616 3254 in
646 3199 810 3254 ﬁnem
837 3199 1025 3253 mundi
1054 3198 1210 3270 leges
1256 3196 1749 3253 ecclesiasticorum
1780 3211 1952 3252 cano-

347 3305 473 3344 num
503 3288 879 3353 condiderunt,
913 3295 967 3342 et
997 3287 1140 3357 apud
1173 3302 1274 3341 nos
1303 3286 1358 3340 in
1381 3291 1494 3340 toto
1523 3285 1658 3340 orbe
1679 3292 1953 3340 terrarum

345 3377 397 3432 in
429 3378 543 3432 suis
597 3375 1071 3432 constitutionibus
1127 3375 1349 3442 vivunt,
1383 3382 1433 3429 et
1460 3374 1505 3428 si
1563 3373 1691 3446 quid
1721 3389 1953 3444 usquam

345 3462 498 3517 aliter
555 3477 716 3532 quam
747 3460 821 3514 illi
873 3469 1111 3514 statuere
1153 3459 1518 3529 praesumitur,
1555 3458 1676 3512 sine
1731 3465 1954 3512 cuncta-

341 3550 486 3605 tione
545 3556 814 3604 cassatur.
876 3573 897 3594 »
949 3549 1016 3603 Et
1054 3555 1276 3602 sanctus
1327 3546 1664 3618 Augustinus
1696 3545 1826 3599 dicit
1854 3547 1953 3607 (De

347 3655 475 3694 vera
507 3639 678 3708 Relig.
713 3653 764 3691 c.
800 3637 891 3707 31)
920 3655 934 3690 :
961 3659 982 3682 α
1008 3636 1284 3690 .Eternam
1316 3636 1495 3706 legem
1517 3633 1733 3687 mundis
1755 3633 1953 3687 animis

345 3725 422 3780 fas
451 3734 534 3780 est
563 3739 922 3796 cognoscere,
961 3739 1069 3779 non
1098 3733 1180 3778 est
1209 3723 1292 3778 fas
1309 3723 1576 3792 judicare.
1613 3723 1673 3775 In
1702 3721 1818 3775 istis
1849 3737 1950 3776 au—

347 3816 470 3869 item
499 3812 897 3884 temporalibus
923 3812 1161 3884 legibus,
1186 3826 1501 3882 quanquam
1523 3810 1589 3864 de
1607 3810 1690 3863 his
1708 3811 1954 3864 homines

341 3902 603 3971 judicent,
635 3917 758 3956 cum
788 3915 884 3954 eas
914 3900 1216 3964 instituunt,
1250 3908 1427 3954 tamen
1458 3914 1579 3954 cum
1636 3897 1837 3952 fuerint
1867 3897 1953 3951 in-

347 3991 543 4046 stituta:
570 3998 733 4060 atque
763 3989 1010 4058 ﬁrmatae,
1042 4005 1152 4043 non
1193 3988 1376 4044 licebit
1401 3987 1570 4056 judici
1605 3987 1672 4041 de
1703 3986 1836 4056 ipsis
1860 3987 1954 4054 ju-

345 4079 552 4142 dicare,
573 4079 672 4132 sed
703 4078 1004 4133 secundum
1036 4077 1202 4148 ipsas.
1245 4101 1265 4122 »
1302 4077 1422 4130 Non
1445 4091 1578 4147 ergo
1599 4089 1684 4142 ea,
1712 4091 1834 4144 qua:
1859 4090 1957 4144 per

346 4182 428 4226 me
487 4165 922 4238 qualemcunque
977 4165 1458 4236 metropolitanum
1486 4204 1499 4230 ,
1566 4171 1618 4218 et
1673 4162 1956 4232 primatem

348 4255 682 4311 Rhemorum
736 4254 1032 4326 provincia:
1053 4296 1066 4319 ,
1097 4253 1163 4307 ad
1195 4253 1350 4322 cujus
1408 4267 1620 4316 curam,
1655 4251 1956 4306 secundum

351 4359 533 4400 sacros
565 4357 808 4399 canones
840 4349 893 4396 et
921 4343 1145 4398 decreta
1175 4341 1323 4396 sedis
1344 4341 1602 4395 Romanae
1618 4338 1952 4410 pontificum,

351 4431 656 4488 sollicitudo
676 4431 912 4502 pertinet
931 4430 1096 4484 totius
1115 4429 1432 4500 provincias,
1456 4428 1615 4483 sedes
1637 4427 1952 4499 apostolica,

2051 1864 2237 1918 audiat
2265 1879 2484 1932 causas,
2520 1865 2644 1935 quia
2673 1864 2840 1919 irrita:
2871 1873 3050 1932 erunt,
3085 1873 3140 1920 ct
3169 1865 3287 1936 ipse
3313 1881 3532 1921 causam
3561 1883 3662 1937 pro

2049 1951 2195 2006 facto
2222 1951 2368 2006 dabit
2401 1969 2414 2005 :
2447 1959 2644 2022 putans
2678 1960 2727 2005 te
2758 1952 2984 2022 alligare
3005 1968 3145 2006 onus
3175 1969 3347 2025 grave
3377 1962 3430 2008 et
3458 1953 3663 2024 impor-

2051 2040 2247 2103 tabile,
2283 2047 2340 2093 et
2382 2040 2665 2110 imponere
2709 2040 2762 2092 in
2811 2041 3071 2094 humeros
3103 2041 3662 2111 metropolitanorum,

2052 2129 2198 2198 quod
2230 2128 2324 2180 tibi
2356 2127 2683 2196 conjunctim
2713 2128 2856 2181 idem
2891 2128 3086 2183 Lucius
3117 2128 3354 2198 scripsit.
3375 2129 3548 2201 digito
3571 2137 3662 2183 tuo

2050 2231 2274 2270 movere
2331 2215 2569 2270 noluisti.
2622 2215 2709 2269 Ait
2739 2215 2882 2269 enim
2930 2225 3326 2288 consequenter
3383 2217 3500 2271 sine
3550 2217 3662 2272 ulla

2053 2303 2467 2374 interpositione
2492 2321 2505 2356 :
2527 2303 2784 2373 Episcopi
2803 2320 2936 2358 vero
2971 2320 3071 2374 per
3092 2304 3336 2375 singulas
3355 2304 3664 2375 provincias

2053 2392 2368 2460 observent,
2405 2408 2474 2446 ne
2504 2391 2840 2461 posteriores
2873 2409 2932 2445 se
2991 2392 3268 2462 prioribus
3327 2393 3440 2447 suis
3467 2392 3666 2463 praefe-

2054 2488 2198 2542 rant,
2222 2496 2324 2534 nec
2369 2479 2449 2534 eis
2478 2479 2818 2546 inconsultis,
2853 2479 2958 2536 nisi
3010 2489 3270 2551 quantum
3294 2481 3361 2534 ad
3389 2481 3666 2551 propriam

2054 2568 2291 2638 pertinet
2339 2568 2658 2638 parochiam
2698 2608 2711 2635 ,
2745 2567 2951 2638 aliquid
2994 2576 3160 2640 agant
3191 2586 3203 2621 :
3238 2569 3335 2622 sed
3364 2585 3556 2624 omnes
3596 2570 3665 2624 de

2055 2655 2442 2710 communibus
2503 2671 2694 2710 eorum
2761 2655 2943 2710 causis
2991 2671 3286 2710 consonam
3344 2657 3667 2712 sententiam

2054 2742 2336 2814 proferant
2367 2751 2418 2797 et
2449 2742 2841 2808 determinent,
2877 2743 3132 2813 quoniam
3152 2743 3304 2798 aliter
3327 2754 3463 2800 acta:
3490 2744 3666 2799 nullas

2055 2831 2201 2884 vires
2244 2830 2562 2894 habebunt,
2587 2845 2690 2884 nec
2750 2829 3135 2886 ecclesiasticae
3189 2819 3599 2902 reputabuntur.
3639 2857 3660 2880 »ι

2056 2918 2194 2987 Quia
2214 2917 2381 2991 igitur
2401 2918 2603 2989 partim
2625 2918 2840 2980 Lucius,
2861 2926 2914 2972 et
2932 2927 3054 2988 post
3075 2934 3199 2973 eum
3219 2919 3431 2990 plenius
3467 2919 3663 2975 Antio-

2055 3007 2215 3061 cheni
2245 3021 2486 3062 canones
2507 3007 2866 3062 decreverunt
2895 3007 3044 3078 (can.
3079 3007 3134 3078 9)
3167 3025 3180 3060 :
3217 3029 3239 3054 ‹‹
3278 3008 3344 3062 Ut
3374 3007 3665 3080 episcopus

2057 3103 2252 3166 praeter
2306 3095 2774 3164 metropolitanum
2833 3094 2966 3149 nihil
3021 3104 3164 3166 agat,
3197 3095 3303 3151 nisi
3357 3112 3423 3150 ea
3463 3104 3668 3152 tantum

2059 3200 2180 3254 qua:
2209 3183 2281 3237 ad
2309 3199 2462 3237 suam
2491 3183 2811 3253 parochiam
2840 3183 3132 3254 pertinent,
3182 3185 3668 3256 possessionesque

2057 3271 2349 3340 subjectas,
2381 3279 2439 3324 ut
2477 3280 2637 3344 regat
2660 3272 2815 3340 juxta
2864 3271 3225 3326 reverentiam
3256 3272 3488 3344 singulis
3516 3288 3667 3328 com-

2052 3367 2352 3429 petentem,
2387 3367 2439 3412 et
2472 3359 2873 3428 providentiam
2903 3366 3061 3429 gerat
3080 3359 3257 3413 omnis
3273 3360 3660 3430 possessionis,

2053 3463 2204 3518 quaes
2235 3448 2336 3501 sub
2366 3449 2483 3516 ejus
2512 3455 2594 3500 est
2623 3447 2986 3516 potestate,ita
3011 3455 3068 3500 ut
3096 3447 3443 3518 presbyteros
3471 3456 3524 3503 et
3553 3449 3666 3503 dia-

2053 3550 2221 3590 cones
2255 3535 2488 3598 ordinet,
2523 3543 2573 3588 et
2604 3535 2818 3607 singula
2847 3552 2948 3589 suo
2985 3535 3189 3603 judicio
3217 3537 3661 3605 comprehendat,

2053 3623 2223 3678 debes
2259 3623 2444 3677 limate
2486 3623 2769 3677 attendere
2813 3624 2960 3694 quod
3001 3623 3244 3678 dicitur:
3285 3624 3660 3694 Presbyteros,

2055 3711 2250 3782 inquit,
2284 3720 2335 3766 et
2365 3711 2628 3767 diacones
2661 3711 2910 3777 ordinet,
2945 3720 2998 3766 et
3027 3729 3136 3766 non
3173 3713 3458 3768 exordinet
3490 3731 3503 3766 :
3537 3714 3666 3785 quia

2055 3817 2192 3872 quos
2223 3801 2369 3855 solus
2391 3800 2679 3872 episcopus
2737 3801 2990 3855 ordinare
3045 3809 3202 3872 potes
3223 3845 3236 3865 ,
3270 3802 3439 3870 solus,
3473 3801 3577 3857 nisi
3607 3810 3666 3857 ut

2053 3889 2348 3943 venerandi
2388 3888 2681 3960 przeﬁgunt
2722 3905 2982 3953 canones,
3015 3905 3048 3944 a
3079 3889 3250 3945 sacris
3298 3888 3495 3945 oﬂiciis
3525 3891 3662 3945 sub-

2054 3993 2273 4032 movere
2291 3977 2377 4031 vel
2401 3978 2739 4048 suspendere
2767 3994 3108 4048 nequaquam
3133 3985 3309 4048 potes.
3340 3979 3408 4033 Et
3429 3979 3662 4052 singula,

2053 4066 2242 4138 inquit,
2259 4082 2369 4122 non
2406 4075 2584 4120 autem
2612 4061 2912 4138 generalia,
2951 4075 3042 4121 tuo
3061 4066 3266 4135 judicio
3297 4069 3663 4138 comprehen-

2053 4155 2174 4219 das,
2205 4170 2369 4225 quem
2426 4154 2678 4209 convenit
2732 4170 2895 4208 nosse
2936 4154 3410 4226 metropolitanum
3441 4156 3662 4227 episco-

2054 4259 2184 4312 pum
2215 4241 2636 4297 sollicitudinem
2667 4241 2830 4296 totius
2861 4242 3159 4312 provinciae
3190 4259 3405 4315 gerere,
3436 4251 3665 4315 propter

2055 4330 2200 4401 quod
2220 4331 2289 4383 ad
2321 4329 2665 4399 metropolim
2696 4345 2888 4382 omnes
2934 4330 3173 4399 undique
3202 4331 3296 4400 qui
3333 4332 3553 4401 negotia
3582 4332 3666 4386 vi-

2054 4419 2254 4473 dentur
2269 4418 2474 4472 habere
2503 4425 2851 4472 concurrant.
2879 4441 2902 4462 »
2925 4418 2995 4470 Et
3025 4417 3138 4472 Leo
3165 4417 3264 4471 tibi
3291 4418 3422 4473 dicit
3449 4420 3663 4488 (ibid.):

350 4529 400 4574 et
425 4520 600 4576 sancti
629 4528 816 4590 patres
837 4519 1030 4580 nostri,
1065 4518 1156 4588 qui
1177 4533 1299 4572 cum
1321 4518 1438 4571 Deo
1455 4517 1508 4570 in
1527 4517 1687 4581 coelo,
1710 4523 1958 4586 regnant,
1981 4507 2036 4567 D
2071 4531 2091 4552 α
2127 4507 2393 4574 Quoniam
2425 4505 2480 4559 in
2507 4505 2706 4570 causiS,
2749 4522 2870 4576 quae
2898 4505 2970 4558 ad
3012 4505 3328 4577 generalem
3359 4505 3666 4562 observan-

349 4615 397 4661 et
425 4607 478 4662 in
509 4607 672 4662 terris
704 4607 980 4662 miraculis
1011 4613 1314 4670 coruscant,
1351 4605 1483 4675 quin
1515 4604 1631 4674 ipse
1661 4611 1716 4656 ut
1745 4602 1956 4673 praemi-

351 4711 524 4750 seram
544 4695 799 4750 Salvator
828 4703 1013 4750 noster
1057 4693 1325 4758 dissolvit,
1363 4710 1428 4748 ex
1461 4693 1546 4746 his
1579 4708 1700 4763 qua)
1729 4692 1956 4761 provin-

349 4784 497 4838 cialis
528 4784 822 4854 episc0pus
852 4791 1036 4838 contra
1066 4781 1374 4836 difﬁnitivas
1406 4790 1713 4836 sanctarum
1737 4779 1957 4852 regula-

350 4887 461 4925 rum
495 4872 795 4928 sententias
827 4871 1081 4943 alligasti,
1110 4877 1534 4942 quantacunque
1564 4877 1617 4924 et
1666 4867 1956 4940 qualicun-

351 4976 451 5030 que
495 4969 590 5015 tua
634 4969 684 5014 et
729 4959 1054 5030 complicum
1105 4967 1318 5014 tuorum
1373 4957 1769 5028 subscriptione
1802 4963 1958 5027 potes

348 5047 550 5119 ligare,
584 5064 685 5104 nec
715 5064 776 5102 ea
805 5092 817 5112 ,
853 5065 975 5119 qua:
1033 5049 1333 5104 secundum
1390 5045 1648 5116 praeﬁxas
1677 5044 1899 5116 regulas
1929 5059 1959 5098 a

350 5137 550 5192 sanctis
581 5136 831 5191 Patribus
859 5136 992 5209 ligo,
1026 5145 1181 5207 potes
1209 5135 1496 5192 absolvere
1532 5152 1544 5186 :
1589 5133 1717 5204 quia
1748 5140 1806 5186 ut
1839 5133 1954 5188 Ge-

351 5222 517 5279 lasius
573 5223 629 5278 in
676 5223 913 5280 decretis
941 5225 1055 5280 suis
1107 5225 1266 5291 dicit,
1297 5223 1462 5280 veluti
1517 5228 1675 5294 potes
1706 5216 1761 5274 in
1791 5220 1954 5283 libro,

351 5329 509 5382 quem
541 5313 638 5366 tibi
684 5320 806 5367 ante
835 5313 1004 5367 altare
1064 5321 1266 5368 sancta:
1295 5312 1474 5366 Mariae
1531 5310 1584 5363 in
1613 5309 1702 5364 die
1737 5309 1958 5364 ordina-

349 5400 507 5456 tionis
546 5409 653 5455 tute
681 5401 950 5464 commisi,
981 5401 1228 5474 relegere
1261 5417 1272 5455 :
1308 5399 1542 5454 Inferior
1570 5397 1841 5468 potiorem
1861 5397 1958 5451 ab-

352 5488 566 5545 solvere
591 5506 703 5544 non
745 5497 950 5560 potest,
983 5491 1161 5561 potior
1188 5497 1367 5543 autem
1417 5485 1727 5542 inferiorem
1757 5500 1958 5541 conse—

353 5585 577 5646 quenter
606 5577 856 5635 absolvit.
891 5577 1126 5634 Proinde
1169 5575 1442 5633 inferioris
1499 5574 1605 5630 loci
1647 5572 1954 5644 pontiﬁces,

2064 4594 2194 4647 tiam
2250 4593 2523 4664 pertinent
2569 4593 2809 4647 omnium
2861 4593 3076 4648 Domini
3120 4593 3497 4658 sacerdotum,
3533 4594 3669 4649 nihil

2059 4682 2176 4736 sine
2237 4682 2564 4752 primatibus
2622 4689 2838 4752 oportet
2893 4680 3174 4752 impleri.»
3207 4681 3276 4734 Et
3329 4681 3528 4736 Lucius
3570 4682 3666 4736 tibi

2057 4779 2182 4825 ante
2211 4771 2448 4824 Leonem
2477 4771 2746 4842 praedixit,
2781 4769 2927 4840 quod
2958 4778 3009 4823 et
3039 4784 3280 4824 canones
3308 4768 3506 4825 Africae
3535 4786 3665 4840 pro-

2060 4859 2254 4914 vincia
2309 4859 2543 4915 dicunt:
2582 4881 2604 4910 «
2667 4860 2749 4912 Ne
2800 4857 2906 4910 tuis
2962 4857 3238 4926 prioribus
3294 4857 3619 4914 inconsultis
3651 4901 3664 4926 ,

2057 4947 2166 5002 nisi
2222 4957 2486 5018 quantum
2539 4948 2610 5000 ad
2653 4945 2928 5016 propriam
2985 4946 3221 5015 pertinet
3296 4947 3611 5016 parochiam
3646 4988 3659 5012 ,

2058 5036 2262 5112 aliquid
2336 5051 2490 5108 agas,
2539 5034 2798 5105 quoniam
2871 5033 3030 5087 aliter
3085 5043 3219 5089 actae
3280 5035 3456 5090 nullas
3523 5035 3666 5090 vires

2060 5124 2355 5188 habebunt,
2403 5139 2505 5178 nec
2563 5121 2948 5177 ecclesiasticae
3005 5123 3470 5193 reputabuntur.»
3530 5122 3667 5192 Quia

2059 5230 2196 5285 ergo
2269 5213 2357 5266 illa
2408 5228 2529 5281 qua!
2613 5210 2755 5265 male
2839 5219 3024 5265 contra
3097 5213 3470 5285 evangelicum
3516 5213 3666 5270 veri-

2061 5310 2260 5368 tatem,
2291 5309 2344 5354 et
2388 5297 2742 5370 apostolicam
2791 5299 3162 5355 auctoritatem
3183 5340 3198 5368 ,
3233 5310 3531 5372 contraque
3578 5323 3666 5356 sa-

2060 5404 2279 5446 crorum
2354 5401 2628 5443 canonum
2704 5397 2756 5442 et
2803 5388 3121 5458 apostolicae
3188 5389 3336 5444 sedis
3395 5391 3662 5446 constitu-

2060 5478 2236 5533 tiones
2257 5518 2272 5543 ,
2307 5477 2425 5531 sine
2455 5477 2687 5534 concilio
2735 5476 3151 5546 metropolitani,
3184 5477 3242 5532 in
3271 5495 3380 5550 quo
3409 5479 3508 5534 tibi
3533 5495 3663 5536 con-

2061 5569 2260 5625 sentire
2294 5583 2400 5622 non
2431 5568 2635 5637 debuit,
2669 5568 2804 5622 sicut
2826 5584 2928 5623 nec
2959 5566 3103 5635 fecit,
3129 5567 3329 5640 ligasti,
3364 5571 3658 5626 secundum
