4054 6180
510 210 620 274 ιω

1459 216 1800 272 HINCMARI
1859 217 2259 274 RHEMENSIS
2295 218 2848 278 ARCHIEPISCOPI.

3701 223 3795 295 ιιι

515 341 686 400 Lucili
717 341 885 397 verba
930 339 1109 396 nullas
1151 339 1302 396 vires
1338 339 1562 402 habent.
1603 355 1704 396 nec
1735 340 2124 397 ecclesiasticae
2142 341 2199 404 Α
2220 343 2430 414 poralia
2459 343 2614 400 lucra
2641 344 2937 401 cumulare.
2971 344 3078 401 Cur
3115 359 3251 417 ergo
3278 345 3348 400 ad
3374 346 3678 405 memoriam
3703 329 3806 408 ve;

513 438 857 505 reputantur,
892 429 1063 485 libere
1085 428 1236 500 potui
1262 428 1477 484 solvere
1507 428 1653 501 quod
1698 444 1808 484 non
1837 428 1989 485 licuit
2021 427 2121 484 tibi

509 521 706 594 ligare.
740 518 849 574 Sed
869 527 922 573 et
949 519 1052 573 hoc
1082 517 1242 582 bene,
1273 527 1328 572 ut
1359 525 1523 588 patet,
1556 532 1665 572 non
1694 516 2031 582 intellexisti,
2067 526 2120 574 et

506 617 721 666 certum
741 605 965 679 estquia
987 621 1095 661 non
1115 613 1267 662 recto
1305 621 1470 660 sensu
1508 603 1738 676 posuisti
1759 606 1905 677 quod
1923 605 2120 661 Lucius

511 697 646 753 dixit
677 713 690 752 :
727 719 749 744 «
787 697 856 752 Ut
875 694 1052 749 nullus
1075 693 1524 765 metropolitanus
1553 693 1762 764 absque
1793 702 2120 749 ceterorum

509 785 757 842 omnium
786 783 1327 855 comprovincialium
1357 783 1736 854 episcoporum
1758 781 2006 836 instantia
2027 781 2121 837 ali-

508 891 743 948 quorum
772 873 950 929 audiat
967 887 1182 928 causas.
1223 893 1244 922 ι
1277 869 1420 939 Quia
1434 886 1536 941 pro
1556 870 1811 926 omnibus
1832 872 2124 941 reprehen-

511 963 782 1032 sibilibus,
803 978 926 1034 quas
952 961 1021 1016 de
1051 969 1102 1016 te
1123 976 1221 1031 per
1248 959 1508 1024 omnium,
1543 966 1600 1012 ut
1627 959 1702 1012 ita
1731 958 1985 1025 dixerim,
2017 974 2120 1014 ora

507 1052 755 1116 volitant,
787 1059 838 1106 et
867 1051 937 1105 ad
965 1066 1054 1106 me
1083 1065 1192 1104 non
1233 1047 1519 1119 pervenire
1548 1062 1655 1102 non
1687 1055 1935 1118 possunt,
1965 1063 2117 1102 sem-

509 1156 615 1213 per
669 1139 885 1212 quando
940 1138 1164 1195 easdem
1220 1136 1676 1206 reprehensiones
1717 1143 1840 1190 tuas
1869 1135 2114 1202 audiero,

509 1244 707 1285 omnes
763 1227 1051 1298 episcopos
1085 1223 1465 1296 provinciales,
1499 1231 1557 1278 ut
1609 1238 1705 1278 eas
1761 1238 1972 1278 mecum
2012 1239 2116 1278 au-

503 1317 679 1385 diant,
703 1329 1048 1388 congregare
1081 1329 1190 1368 non
1230 1327 1478 1382 possum.
1513 1312 1569 1366 Si
1614 1311 1758 1366 enim
1788 1311 1929 1367 bene
1957 1311 2118 1366 intel-

507 1405 741 1461 lexisses
771 1400 1232 1474 Carthaginenses
1255 1415 1492 1454 canones
1509 1399 1704 1470 quibus
1723 1399 1919 1455 dicitur
1935 1401 2112 1467 (conc.

503 1492 798 1564 (Carthag.
820 1505 898 1555 tv,
921 1505 1040 1545 can.
1071 1488 1163 1557 23)
1185 1504 1196 1543 :
1222 1509 1243 1538 ί
1267 1489 1334 1543 Ut
1365 1487 1655 1559 episcopus
1676 1487 1872 1542 nullius
1892 1502 2118 1543 causam

501 1579 693 1636 audiat
723 1578 840 1633 sine
871 1577 1161 1648 praesentia
1181 1575 1504 1632 clericorum
1527 1591 1771 1641 suorum,
1805 1599 1826 1624 ι»
1852 1575 1906 1630 in
1924 1576 2028 1631 hac
2047 1576 2117 1632 de

502 1667 785 1723 auditione
816 1665 1079 1721 sententia
1109 1680 1216 1719 non
1248 1681 1461 1719 errares
1494 1681 1507 1718 :
1540 1679 1664 1720 cum
1690 1665 1798 1720 alio
1827 1680 1993 1718 sensu
2022 1679 2110 1720 ac-
2133 1694 2188 1754 Β

505 1755 826 1826 cipiendum
849 1753 917 1808 sit
971 1753 1117 1825 quod
1154 1752 1389 1808 Jacobus
1435 1751 1570 1806 dixit
1600 1753 1670 1807 ad
1699 1751 1927 1806 Paulum
1961 1769 1975 1805 :
2009 1753 2116 1808 Aw

509 1842 832 1914 dient,quin
849 1841 1103 1907 Judmi,te
1123 1841 1819 1913 supervenisse(.4ct.xx1);
1842 1849 1896 1895 et
1917 1839 2115 1894 Paulus

505 1932 582 1988 de
603 1947 663 1986 se
687 1947 699 1986 :
725 1931 976 1987 Audiant
994 1946 1186 1986 omnes
1197 1933 1414 2000 gentes,
1437 1933 1496 1984 et
1514 1929 1782 1984 liberatus
1795 1945 1922 1984 sum
1938 1928 2004 1983 de
2019 1943 2114 1984 ore

507 2020 688 2076 leonis
709 2019 786 2088 (II
815 2020 950 2074 Tim.
976 2017 1094 2086 1v);
1129 2026 1181 2073 et
1204 2017 1312 2072 alio
1345 2031 1508 2072 sensu
1537 2016 1683 2088 quod
1729 2016 1860 2072 dicit
1888 2017 1956 2070 ad
2001 2016 2112 2070 Co-

505 2105 738 2163 rinthios
771 2123 783 2160 :
816 2106 994 2162 Audio
1023 2107 1179 2161 inter
1201 2121 1292 2160 vos
1322 2105 1600 2160 scissuras
1615 2120 1754 2172 esse,
1787 2104 1843 2158 id
1863 2111 1944 2160 est
1961 2103 2112 2158 schi-

505 2204 704 2264 smata,
741 2199 797 2251 et
825 2211 900 2250 ea:
918 2198 1085 2267 parte
1106 2194 1268 2250 credo
1288 2194 1339 2263 (ι
1357 2193 1476 2248 Cor.
1513 2195 1573 2262 ι).
1598 2192 1667 2246 Ει
1685 2192 1790 2248 alio
1807 2193 1952 2264 quod
1981 2192 2112 2247 item

501 2283 574 2339 ad
607 2299 703 2338 eos
731 2282 862 2338 dicit
893 2283 1170 2337 :Auditur
1189 2283 1345 2336 inter
1373 2297 1465 2336 vos
1493 2281 1798 2351 fornicatio
1821 2280 1867 2349 (Ι
1883 2279 2002 2336 Cor.
2028 2281 2108 2348 v‘,;

502 2379 560 2424 et
587 2367 806 2424 Elifiliis
828 2369 942 2423 suis
975 2384 988 2423 :
1021 2369 1141 2424 Non
1170 2369 1310 2424 bona
1327 2372 1412 2423 est
1429 2371 1608 2439 fama,
1639 2385 1809 2440 quam
1825 2384 1920 2439 ego
1940 2367 2110 2424 audio

506 2458 579 2514 de
607 2459 755 2514 vobis
783 2458 828 2526 (Ι
840 2459 966 2528 Reg.
1002 2455 1082 2526 ιι).
1113 2455 1268 2511 Unde
1281 2455 1587 2526 intelligere
1618 2455 1810 2522 debes,
1842 2455 1984 2511 inter
2013 2469 2108 2510 au-

506 2546 766 2602 ditionem
797 2553 846 2599 et
876 2543 1207 2599 auditionem
1235 2543 1663 2599 velaudientiam
1693 2559 1817 2598 esse
1847 2541 2108 2598 diﬂ'eren-

508 2634 660 2700 tiam,
695 2633 830 2688 sicut
873 2639 928 2688 et
975 2631 1272 2702 Scriptura:
1300 2631 1690 2686 demonstrant.
1731 2632 1810 2686 De
1837 2631 2108 2686 audientia

505 2721 708 2795 quippe
737 2721 883 2776 Felix
903 2720 972 2774 ad
992 2719 1216 2775 Paulum
1251 2737 1264 2774 :
1296 2719 1540 2776 Audiam
1561 2723 1636 2786 te,
1655 2719 1849 2791 inquit,
1869 2735 2000 2776 cum
2019 2735 2107 2775 ac-

505 2813 792 2866 cusatores
807 2809 895 2863 tui
910 2809 1171 2864 venerint
1191 2807 1336 2874 (Act.
1369 2807 1540 2877 χχιιι)
1565 2825 1579 2872 ;
1600 2815 1654 2861 et
1673 2823 1910 2862 canones
1945 2823 1957 2860 :
1983 2807 2107 2862 Non

507 2905 722 2968 oportet
750 2911 954 2966 negare
982 2894 1312 2949 audientiam
1334 2895 1550 2966 roganti
1583 2912 1596 2948 :
1628 2904 1680 2949 et
1711 2895 1870 2950 aliter
1898 2893 2104 2949 intelli-

507 2985 688 3056 genda
717 2990 799 3038 est
826 2981 1030 3037 auditio
1073 2982 1129 3035 in
1164 2997 1230 3036 eo
1272 2981 1395 3037 loco
1440 2982 1531 3035 ubi
1575 2981 1768 3036 dicitur
1799 2999 1813 3036 :
1847 2983 2102 3049 Domine,

510 3071 701 3128 audivi
717 3070 1069 3127 auditionem
1095 3073 1257 3125 tuam
1279 3073 1335 3124 et
1354 3071 1522 3126 timui
1539 3069 1762 3138 (Habac.
1784 3070 1946 3140 tu);et
1957 3069 2113 3125 aliter

509 3158 602 3214 ubi
639 3158 837 3214 dicitur
860 3160 1088 3213 :Justus
1122 3159 1190 3212 ab
1230 3157 1521 3213 auditione
1551 3159 1708 3212 mala
1737 3141 1854 3213 non
1891 3159 2112 3214 timebit

508 3247 684 3318 (Psal.
718 3248 822 3317 ιιι).
847 3245 1108 3302 Similiter
1121 3242 1486 3300 differentiam
1507 3244 1815 3318 intelligere
1831 3245 2002 3300 debes
2021 3245 2110 3299 in-

507 3345 592 3392 ter
619 3334 1062 3400 nominationem,
1096 3343 1149 3388 et
1183 3333 1606 3389 nominationem
1637 3342 1802 3406 atque
1832 3333 2109 3406 cognitio-

507 3440 654 3489 nem,
677 3432 734 3478 ut
763 3424 890 3479 item
922 3422 1119 3478 Paulus
1149 3422 1276 3478 dicit
1311 3439 1324 3476 :
1357 3423 1416 3480 Si
1431 3423 1554 3495 quis
1573 3424 1758 3493 frater
1779 3424 2112 3478 nominatur

505 3515 822 3586 fornicator
841 3512 894 3584 (1
919 3513 1038 3568 Cor.
1070 3512 1129 3582 ν)
1160 3529 1174 3576 ;
1207 3519 1261 3565 et
1294 3528 1307 3566 :
1339 3512 1479 3566 Ecce
1507 3525 1604 3582 ego
1625 3511 1839 3566 Paulus
1863 3510 1986 3567 dico
2007 3527 2108 3567 vo-

508 3601 610 3659 bis.
625 3603 694 3657 Et
714 3602 938 3658 veniam
961 3601 1072 3656 cito
1093 3599 1165 3655 ad
1182 3616 1292 3668 vos,
1309 3601 1358 3655 si
1377 3599 1650 3656 Dominus
1673 3601 1934 3664 voluerit,
1955 3603 2010 3655 et
2025 3615 2112 3656 co-

505 3707 770 3763 gnosmm
799 3707 914 3746 non
936 3705 1251 3746 sermonem
1263 3704 1455 3744 eorum
1475 3688 1572 3760 qui
1603 3689 1796 3756 inﬂati
1825 3691 1981 3754 sunt,
2013 3688 2110 3744 sed

506 3780 780 3835 virtutem
802 3779 849 3848 (ι
881 3779 1003 3834 Cor.
1037 3777 1138 3846 iv).
1189 3776 1328 3831 Hinc
1345 3775 1483 3831 sicut
1524 3775 1579 3829 in
1609 3775 1822 3846 legibus
1864 3783 2028 3846 atque
2055 3775 2112 3830 in

505 3866 808 3923 canonibus
862 3864 1164 3929 invenitur,
1189 3863 1330 3918 inter
1379 3862 1749 3935 cognitionem
1809 3878 2027 3935 quoque
2057 3871 2112 3920 et

507 3953 842 4026 agnitionem
871 3968 995 4008 esse
1023 3950 1388 4006 diﬁ'erentiam
1409 3950 1716 4022 intelligere
1746 3951 1937 4017 debes,
1970 3951 2112 4008 sicut

505 4040 810 4098 ostenditur
840 4039 896 4094 in
926 4038 1124 4095 Africae
1153 4032 1452 4110 provincia:
1472 4037 1792 4105 canonibus,
1828 4039 1880 4093 in
1913 4039 2110 4110 quibus

508 4128 770 4200 scriptum
799 4136 882 4184 est
911 4131 1064 4199 (ean.
1096 4127 1189 4196 7i)
1221 4143 1234 4182 :
1273 4148 1296 4176 ι
1332 4125 1654 4199 Quicunque
1683 4127 1754 4182 ab
1782 4127 2109 4198 imperatore

509 4216 880 4291 cognitionem
900 4215 1228 4286 judiciorum
1257 4215 1592 4286 publicorum
1642 4215 1980 4287 expetiverit,
2011 4217 2110 4272 ho-

507 4321 639 4363 nore
668 4305 892 4378 proprio
922 4305 1180 4376 privetur.
1211 4329 1232 4352 »
1267 4304 1374 4360 Sed
1403 4311 1455 4360 et
1493 4304 1621 4359 alibi
1651 4303 1815 4359 iidem
1845 4320 1908 4361 ac
1925 4305 2110 4361 Sardi-

2221 439 2390 486 stram
2420 447 2528 488 non
2551 433 2707 498 redit
2761 433 2905 506 quod
2935 448 3036 489 vox
3067 432 3253 489 divina
3297 433 3609 506 praecipiens
3635 437 3751 494 dicit
3777 457 3791 495 :

2224 519 2412 576 Gratis
2441 521 2756 592 accepistis,
2789 522 2968 593 gratis
2997 522 3127 577 date
3167 523 3430 592 ?(Matth.
3460 525 3542 592 ι.)
3570 525 3671 579 Cur
3695 542 3792 582 non

2220 615 2342 663 ante
2374 608 2570 663 mentis
2599 609 2790 664 oculos
2819 609 3109 674 revocatis,
3142 610 3290 681 quod
3317 610 3570 680 templum
3589 611 3794 668 Redem-

2221 703 2344 765 ptor
2360 696 3162 767 nosteringressus,cathedras
3177 698 3522 753 vendentium
3539 699 3796 756 columbas

2220 783 2432 850 evertit,
2467 793 2519 839 et
2541 785 3018 840 nummulariorum
3051 783 3241 840 effudit
3271 802 3350 842 res
3377 787 3407 841 ?
3437 785 3660 856 Quinam
3687 798 3797 844 sunt

2219 871 2274 926 in
2305 872 2505 943 templo
2533 873 2634 928 Dei
2663 873 2846 938 hodie,
2875 873 2965 945 qui
2994 873 3279 929 columbas
3307 875 3563 940 vendunt,
3593 876 3686 930 nisi
3714 877 3796 948 qui

2218 959 2274 1014 in
2303 960 2547 1016 Ecclesia
2577 960 2806 1031 pretium
2837 961 2904 1016 de
2935 961 3280 1032 impositione
3310 978 3506 1016 manus
3524 962 3792 1034 accipiunt,

2218 1064 2318 1118 per
2376 1065 2541 1119 quam
2597 1049 2846 1104 videlicet
2903 1065 3093 1104 manus
3144 1049 3546 1120 impositionem
3584 1051 3795 1121 Spiritus

2218 1143 2439 1191 sanctus
2465 1136 2676 1192 cmlitus
2704 1137 2862 1191 datur
2881 1137 2909 1190 ?
2936 1137 3201 1193 Columba
3227 1137 3390 1209 igitur
3406 1138 3665 1205 venditur,
3683 1139 3795 1209 quia

2218 1239 2411 1280 manus
2441 1223 2732 1294 impositio,
2765 1241 2865 1296 per
2893 1241 3052 1296 quam
3101 1225 3337 1296 Spiritus
3366 1234 3584 1281 sanctus
3608 1226 3794 1297 accipi-

2217 1321 2318 1379 tur,
2351 1313 2420 1366 ad
2478 1311 2714 1383 pretium
2771 1312 3048 1384 praebetur
3079 1330 3093 1366 :
3125 1313 3222 1368 sed
3280 1313 3608 1384 Redemptor
3631 1321 3798 1369 noster

2217 1399 2504 1455 cathedras
2533 1400 2881 1456 vendentium
2927 1400 3209 1456 columbas
3238 1401 3449 1470 evertit,
3482 1401 3605 1474 quia
3631 1401 3795 1457 talium

2217 1487 2614 1559 negotiatorum
2655 1488 3019 1544 sacerdotium
3065 1489 3311 1544 destruit.
3375 1489 3512 1544 Hinc
3564 1497 3644 1545 est
3670 1487 3797 1560 quod

2217 1575 2359 1630 sacri
2387 1591 2627 1631 canones
2669 1576 3018 1632 simoniacam
3049 1577 3301 1632 haeresim
3332 1577 3611 1643 damnant,
3640 1585 3690 1632 et
3713 1591 3796 1631 eos

2220 1663 2530 1719 sacerdotio
2576 1663 2778 1736 privari
2809 1664 3159 1735 praecipiunt,
3184 1665 3276 1737 qui
3302 1665 3371 1720 de
3399 1664 3688 1736 largiendis
3713 1679 3798 1720 or-

2215 1750 2433 1806 dinibus
2458 1751 2693 1822 pretium
2719 1759 2987 1824 quaerunt.
3021 1752 3286 1808 Cathedra
3313 1768 3445 1826 ergo
3471 1751 3798 1808 vendentium

2215 1839 2500 1896 columbas
2527 1839 2806 1906 evertitur,
2856 1840 3076 1911 quando
3106 1840 3184 1910 hi,
3218 1840 3310 1912 qui
3357 1841 3652 1912 spiritalem
3678 1854 3798 1912 gra-

2214 1927 2345 1982 tiam
2378 1927 2708 1996 venundant,
2740 1927 2828 1984 vel
2855 1936 2980 1984 ante
3010 1929 3299 1994 humanos,
3318 1929 3548 1984 velante
3563 1928 3658 1984 Dei
3682 1943 3796 1984 ocu-

2213 2015 2296 2070 los
2325 2015 2634 2072 sacerdotio
2644 2015 2941 2087 privantur.
2972 2016 3089 2089 nzDe
3121 2017 3220 2072 hac
3243 2017 3522 2090 agnitione
3550 2025 3602 2072 et
3622 2017 3796 2072 beatus

2212 2105 2548 2176 Augustinus
2593 2104 2649 2158 in
2705 2104 2844 2160 libro
2873 2105 2942 2160 de
2995 2105 3320 2160 Pasnitentia
3365 2105 3500 2160 dicit
3530 2107 3669 2175 (cap.
3699 2105 3790 2173 3):

2217 2213 2239 2241 ι
2276 2192 2547 2264 Plerique,
2579 2191 2850 2264 inquiens.
2883 2193 3013 2248 boni
3041 2193 3330 2248 Christiani
3361 2201 3564 2258 tacent,
3585 2201 3637 2248 et
3657 2189 3799 2246 suffe-

2211 2289 2335 2334 runt
2363 2280 2592 2336 aliorum
2621 2289 2847 2352 peccata
2867 2298 2990 2353 quae
3014 2289 3302 2348 noverunt,
3330 2281 3456 2353 quia
3477 2278 3796 2338 documentis

2210 2385 2356 2439 saepe
2384 2368 2729 2436 deseruntur,
2768 2377 2824 2423 ut
2855 2385 2922 2424 ea
2953 2386 3073 2442 quae
3093 2369 3197 2441 ipsi
3225 2370 3402 2425 sciunt
3415 2369 3688 2438 judicibus
3711 2381 3792 2424 ec-

2209 2456 2533 2512 clesiasticis
2563 2457 2798 2528 probare
2827 2473 2937 2511 non
2966 2457 3196 2528 possint.
3229 2456 3490 2526 Quamvis
3521 2457 3662 2512 enim
3679 2470 3796 2512 vera

2209 2543 2317 2598 sint
2347 2544 2614 2614 quedam,
2648 2560 2758 2600 non
2787 2553 2966 2600 tamen
2989 2544 3160 2614 judici
3189 2545 3348 2601 facile
3378 2545 3648 2601 credenda
3662 2550 3791 2610 sunt,

2205 2631 2311 2685 nisi
2339 2631 2504 2686 certis
2533 2631 2748 2688 indiciis
2798 2633 3258 2688 demonstrantur.
3289 2633 3406 2688 Nos
3434 2649 3571 2688 vero
3597 2647 3630 2686 a
3655 2645 3794 2686 com-

2206 2719 2464 2775 munione
2490 2735 2823 2792 quemquam
2838 2721 3133 2792 prohibere
3164 2735 3274 2776 non
3295 2736 3608 2791 possumus,
3627 2734 3797 2792 quam-

2211 2807 2294 2863 vis
2323 2808 2441 2864 htec
2470 2807 2765 2878 prohibitio
2792 2809 3033 2864 nondum
3061 2809 3130 2864 sit
3159 2808 3422 2874 mortalis,
3452 2809 3554 2864 sed
3583 2805 3797 2863 medici-

2204 2895 2365 2960 nalis,
2424 2895 2528 2950 nisi
2558 2903 2646 2950 aut
2695 2904 2888 2967 sponte
2943 2895 3290 2966 confessum,
3320 2905 3414 2952 aut
3442 2897 3646 2968 aliquo,
3693 2896 3795 2950 sive

2209 2982 2473 3050 sazculari,
2515 2982 2631 3038 sive
2661 2983 3032 3040 ecclesiastico
3071 2984 3278 3054 judicio
3305 2993 3622 3040 accusatum
3648 2991 3795 3054 atque

2209 3070 2534 3127 convictum.
2586 3070 2720 3141 Quis
2775 3072 2920 3127 enim
2951 3072 3056 3127 sibi
3093 3081 3386 3144 utrumque
3415 3072 3616 3129 audeat
3646 3087 3794 3127 assu-

2209 3174 2382 3226 mere,
2415 3167 2471 3214 ut
2525 3160 2778 3231 cuiquam
2835 3160 2952 3231 ipse
3009 3160 3079 3214 sit
3123 3169 3177 3216 et
3203 3168 3491 3217 accusator
3523 3169 3577 3216 et
3599 3157 3796 3230 judex?

2208 3247 2329 3302 Non
2360 3247 2504 3302 enim
2523 3255 2731 3304 temere
2761 3256 2814 3303 et
2843 3248 3272 3320 quomodolibet,
3295 3249 3394 3304 sed
3422 3265 3528 3320 per
3548 3247 3798 3318 judicium

2209 3334 2280 3388 ab
2307 3335 2569 3390 Ecclesiae
2613 3337 2997 3392 communione
3027 3337 3323 3409 separandi
3343 3345 3468 3390 sunt
3498 3337 3645 3399 mali,
3675 3343 3728 3389 ut
3753 3331 3796 3387 si

2209 3439 2308 3494 per
2325 3423 2592 3494 judicium
2622 3423 2824 3480 auferri
2871 3440 2980 3480 non
3011 3434 3238 3496 possunt
3260 3469 3273 3488 ,
3307 3424 3606 3480 tolerentur
3632 3421 3797 3495 potius

2210 3511 2356 3566 velut
2397 3512 2551 3583 palea
2583 3529 2707 3567 cum
2755 3513 2953 3579 tritico,
2994 3529 3168 3585 usque
3197 3513 3268 3568 ad
3300 3513 3549 3568 ultimum
3578 3510 3796 3568 ventila-

2211 3599 2388 3666 brum,
2423 3600 2506 3656 vel
2537 3602 2716 3672 pisces
2745 3601 2872 3656 mali
2892 3617 3015 3657 cum
3050 3601 3210 3657 bonis
3236 3617 3410 3674 usque
3437 3602 3508 3657 ad
3540 3613 3794 3674 segrega-

2210 3689 2434 3752 tionem,
2465 3706 2586 3760 quae
2601 3689 2782 3744 futura
2801 3699 2882 3744 est
2911 3689 3175 3757 inlittore,
3210 3690 3312 3746 hoc
3343 3697 3428 3745 est
3455 3689 3514 3744 in
3546 3688 3654 3744 ﬁne
3699 3701 3796 3742 saa-

2209 3777 2335 3832 culi.
2378 3801 2398 3825 »
2428 3777 2508 3832 De
2553 3794 2660 3849 qua
2687 3777 2962 3850 agnitione
3020 3777 3092 3832 ad
3120 3793 3205 3833 me
3234 3786 3522 3848 perventa,
3555 3777 3692 3834 bene
3717 3789 3796 3829 re-

2209 3864 2423 3921 minisci
2453 3873 2610 3936 potes
2637 3881 2724 3921 me
2745 3865 2860 3935 jam
2891 3874 2942 3920 te
2969 3865 3394 3931 commonuisse,
3425 3865 3681 3938 quoniam
3709 3877 3800 3934 per

2208 3953 2410 4008 multos
2457 3953 2658 4020 audivi,
2700 3954 2797 4008 sed
2827 3962 2880 4008 et
2906 3969 3081 4025 usque
3111 3954 3182 4009 ad
3225 3969 3384 4009 aures
3413 3953 3625 4010 domini
3658 3949 3796 4022 regis

2209 4036 2472 4108 pervenit,
2505 4037 2628 4108 quia
2674 4045 2729 4092 et
2769 4038 2838 4092 de
2867 4037 3212 4108 impositione
3239 4053 3432 4092 manus
3484 4037 3544 4091 in
3583 4035 3799 4091 ordina-

2209 4125 2354 4180 tione
2395 4124 2890 4181 ecclesiasticorum
2920 4126 3190 4198 graduum
3214 4169 3227 4192 ,
3251 4125 3411 4180 etiam
3439 4140 3474 4180 a
3506 4141 3671 4180 manu
3699 4138 3802 4178 mu-

2209 4229 2342 4269 nera
2395 4213 2733 4284 accipiebas,
2793 4222 2866 4268 et.
2903 4214 2973 4268 de
3016 4213 3369 4270 ecclesiarum
3399 4213 3642 4281 datione,
3689 4223 3799 4283 qua

2209 4301 2371 4357 etiam
2401 4304 2509 4356 no‘n
2552 4301 2786 4372 amplius
2815 4317 2978 4373 quam
3026 4301 3206 4357 dotem
3237 4317 3413 4365 suam,
3445 4301 3502 4356 id
3546 4309 3630 4357 est
3657 4313 3802 4354 man-

507 4411 702 4453 censes
739 4409 982 4452 canones
1027 4385 1268 4466 glossam
1307 4392 1634 4465 cognitionis
1668 4393 1996 4465 exprimunt.
2042 4394 2110 4448 Et
2137 4388 2350 4453 Dsum,
2371 4405 2534 4462 quem
2565 4389 2664 4444 sub
2693 4389 3052 4454 immunitate,
3085 4390 3226 4446 sicut
3253 4389 3310 4444 in
3354 4389 3609 4460 capitulis
3638 4385 3804 4445 eccle-

509 4492 733 4542 sanctus
763 4483 1066 4557 Gregorius
1094 4482 1147 4536 in
1180 4481 1399 4537 homilia
1428 4481 1714 4554 Evangelii
1743 4480 2108 4538 differentiam

510 4573 823 4648 agnitionis,
867 4587 992 4644 quae
1030 4569 1523 4644 significationibus
1551 4570 1636 4626 vel
1665 4569 1842 4626 relatu
1872 4570 2108 4641 percipi-

510 4672 613 4730 tur,
645 4670 702 4717 ut
723 4661 919 4716 Paulus
953 4677 967 4714 :
998 4660 1396 4732 Signiﬁcatum
1415 4663 1502 4714 est
1517 4659 1660 4714 mihi
1687 4660 1754 4715 de
1770 4659 1916 4715 vobis
1935 4660 2002 4715 ab
2022 4659 2108 4714 his

509 4752 607 4822 qui
622 4753 759 4805 sunt
813 4750 1005 4806 Chloes
1037 4749 1084 4818 (Ι
1117 4748 1238 4804 Cor.
1269 4747 1330 4817 ι),
1359 4754 1412 4802 et
1451 4745 1680 4818 reliqua,
1714 4762 1747 4801 a
1776 4746 2108 4820 cognitione,

509 4853 632 4909 quae
663 4836 825 4908 legali
841 4853 906 4894 ac
929 4835 1388 4911 regularijndicio
1411 4835 1761 4907 comperitur,
1780 4835 2112 4890 demonstrat

511 4925 742 4996 loquens
772 4925 838 4979 ad
870 4925 1158 4998 episcopos
1186 4925 1256 4980 de
1285 4923 1599 4981 Simoniaca
1629 4923 1846 4990 haeresi,
1879 4939 2040 4995 quam
2065 4923 2112 4978 si

510 5029 611 5086 per
636 5012 1001 5084 cognitionem
1031 5013 1085 5068 in
1106 5013 1358 5084 personis
1387 5012 1554 5068 certis
1569 5020 1878 5084 compertus
1901 5010 2110 5081 fuisset,

510 5101 628 5158 sine
651 5101 858 5172 judicio
885 5101 1255 5158 ecclesiastico
1285 5118 1395 5157 non
1426 5099 1740 5156 dimisisset.
1763 5124 1786 5148 α
1806 5099 1995 5166 Vobis,
2029 5099 2112 5154 in-

511 5191 625 5262 quit
653 5190 850 5264 (Greg.
884 5189 1032 5246 hom.
1071 5191 1136 5244 l7
1165 5191 1229 5245 in
1251 5188 1520 5261 Evang.),
1555 5189 1894 5255 sacerdotes,
1918 5189 2112 5260 lugens

511 5278 722 5351 loquor,
752 5280 880 5353 qu'a
909 5277 1200 5335 nonnullos
1233 5285 1478 5334 vestrum
1507 5291 1633 5334 cum
1663 5277 1902 5348 praemiis
1932 5275 2114 5332 facere

511 5367 882 5426 ordinationes
908 5366 1253 5442 agnovimus,
1287 5365 1582 5438 spiritalem
1597 5365 1831 5439 gratiam
1850 5365 2112 5432 vendere,

512 5471 565 5518 et
591 5462 662 5519 de
695 5463 890 5520 alienis
909 5462 1280 5536 iniquitatibus
1323 5476 1447 5520 cum
1489 5461 1698 5534 peccati
1741 5461 1944 5518 damno
1969 5445 2144 5518 tem-°

2207 4478 2441 4534 siasticis
2461 4477 2787 4545 cantinetur,
2817 4478 3020 4533 habent
3049 4494 3172 4534 cum
3192 4477 3401 4534 decima
3420 4477 3664 4532 fidelium
3682 4489 3806 4547 pre-

2207 4566 2318 4621 mia
2338 4565 2680 4638 requirebas,
2713 4573 2766 4620 et
2794 4581 2827 4620 a
2857 4564 3149 4620 diffamatis
3164 4565 3518 4637 presbyteris,
3543 4581 3614 4620 ne
3629 4564 3804 4619 discu-

2208 4663 2450 4710 terentur
2473 4697 2486 4720 ,
2547 4653 2981 4724 redemptionem
3036 4653 3366 4726 accipiebas.
3431 4653 3590 4709 Unde
3647 4660 3698 4709 et
3740 4649 3804 4705 ab

2209 4742 2457 4799 ecclesiae
2478 4751 2582 4798 tuae
2603 4740 2727 4796 ﬁliis
2745 4742 2917 4798 isdem
2937 4742 3172 4798 domnus
3195 4757 3291 4798 rex
3313 4741 3598 4798 veritatem
3619 4738 3802 4796 audire

2209 4829 2476 4902 quaesivit,
2511 4838 2562 4885 et
2593 4829 3004 4902 requisitionem
3024 4873 3037 4896 ,
3071 4829 3464 4886 interveniente
3513 4829 3610 4884 tali
3643 4839 3806 4885 causa

2210 4935 2333 4992 quas
2363 4927 2490 4974 nota
2522 4925 2626 4983 est,
2657 4919 2914 4990 prosequi
2944 4919 3164 4986 destitit,
3198 4918 3403 4989 tibique
3459 4933 3622 4990 quam
3653 4913 3803 4972 terri-

2210 5006 2370 5062 bilius
2398 5005 2568 5078 potui,
2599 5007 2873 5074 interdixi,
2907 5015 2964 5062 ut
2983 5007 3068 5061 his
3096 5005 3428 5063 facinoribus
3457 5004 3608 5061 nullo
3646 5001 3804 5060 modo

2209 5095 2659 5151 communicares.
2683 5095 2791 5150 Sed
2821 5103 2876 5150 et
2894 5103 3018 5150 ante
3048 5094 3222 5150 altare
3234 5103 3437 5150 sancta
3455 5093 3662 5158 Marias,
3686 5097 3804 5146 ante

2213 5183 2359 5253 quod
2399 5183 2689 5254 episcopus
2732 5199 2792 5239 es
2819 5183 3120 5250 ordinatus,
3155 5199 3188 5238 a
3230 5199 3318 5238 me
3349 5182 3554 5238 dictum
3584 5177 3803 5243 audisti,

2212 5278 2266 5327 et
2293 5271 2572 5344 accepisti,
2595 5271 2642 5326 si
2671 5271 2812 5328 forte
2847 5271 3141 5341 obaudisti,
3174 5279 3229 5327 et
3272 5279 3456 5328 mente
3493 5265 3805 5334 condidisti,

2211 5359 2433 5433 utquod
2461 5359 2632 5436 gratis
2681 5359 2962 5432 accepisti,
2990 5361 3159 5436 gratis
3187 5359 3350 5418 etiam
3369 5359 3489 5416 aliis
3507 5355 3809 5416 secundum

2212 5465 2546 5530 proceptum
2573 5456 2791 5514 Domini
2823 5456 2986 5514 dares
3031 5457 3249 5528 (Matth.
3281 5455 3345 5527 ι)
3377 5474 3392 5511 :
3424 5455 3552 5530 quia
3582 5453 3813 5511 dextem
