4020 6182
186 258 292 339 as

884 280 1134 339 OPUSC.
1187 278 1280 337 ΕΤ
1331 280 1552 339 EPIST.
1584 268 1658 336 IN
1703 277 1930 336 CAUSA
1984 272 2327 338 HINCMABI
2374 278 2679 340 LAUDUN.

3403 276 3509 343 ηδ

193 386 260 460 ad
288 404 532 475 pretium
562 384 949 472 ordinantium,
983 405 1202 460 dextera
1230 413 1312 459 est
1341 402 1653 477 iniquitatis.
1690 403 1800 459 Sed
1828 400 1885 462 A
1904 403 2036 459 foris
2062 421 2281 478 quoque
2311 405 2405 460 diu
2433 413 2579 461 stare
2628 420 2738 461 non
2784 405 3002 476 poterit.
3047 405 3262 462 Scimus
3307 405 3511 477 quippe

198 502 249 550 et
270 493 500 566 quando
531 494 651 548 haec
679 493 747 547 de
797 500 848 547 te
875 492 1076 556 audivi,
1110 501 1162 549 et
1201 509 1233 547 a
1277 493 1479 549 domno
1526 508 1661 565 rege
1698 493 1814 547 haec

198 582 507 654 requisisse
529 581 887 653 cognovi,tibi
906 589 956 636 et
974 582 1289 651 praescripta
1310 582 1479 637 verba
1496 581 1643 637 beati
1666 581 1812 636 Gre-

201 671 351 743 gorii
375 670 510 734 dixi,
534 678 588 724 et
603 671 721 724 hac
742 685 866 741 qua:
879 669 1282 741 subsequuntur
1301 669 1580 725 inculcare
1602 668 1812 734 curavi,

201 758 409 830 quibus
440 758 494 812 in
543 756 765 812 homilia
799 757 1080 829 Evangelii
1126 758 1407 827 trigesima
1444 773 1587 812 nona
1637 757 1767 812 dicit
1799 774 1814 810 :

205 869 227 897 ι
265 848 581 918 Ingressus,
615 844 808 917 inquit,
838 845 1103 899 Dominus
1131 845 1290 900 Jesus
1318 846 1601 915 templum,
1651 857 1819 914 coepit

199 930 407 999 ejicere
422 930 724 984 vendentes
743 937 796 984 et
818 936 1064 983 ementes
1082 928 1151 983 de
1170 928 1262 983 illo
1287 931 1440 989 (Luc.
1478 930 1624 993 xIx).
1666 929 1818 983 Sicut

202 1019 473 1089 templum
505 1017 606 1073 Dei
636 1018 692 1071 in
720 1016 936 1072 civitate
980 1024 1082 1084 est,
1132 1017 1202 1071 ita
1258 1025 1312 1071 et
1367 1016 1423 1071 in
1460 1017 1620 1087 plebe
1670 1014 1821 1086 ﬁdeli

203 1107 313 1161 vita
344 1105 748 1177 religiosorum.
780 1105 849 1159 Et
890 1120 1037 1174 saepe
1085 1104 1329 1158 nonnulli
1375 1104 1617 1176 regionis
1658 1104 1820 1158 habi-

204 1194 323 1250 tum
381 1201 622 1258 sumunt,
699 1201 753 1247 et
812 1192 944 1246 dum
998 1207 1278 1247 sacrorum
1332 1192 1580 1246 ordinum
1641 1192 1821 1246 locum

204 1283 544 1355 percipiunt,
576 1288 778 1335 sanctae
824 1279 1104 1350 religionis
1152 1277 1386 1335 ofﬁcium
1435 1279 1489 1332 in
1545 1294 1821 1334 commer-

206 1372 355 1426 cium
374 1379 608 1425 terrena:
623 1367 1011 1441 negotiationis
1027 1368 1262 1421 trahunt.
1289 1366 1599 1421 Vendentes
1620 1366 1822 1437 quippe

204 1458 262 1515 in
293 1459 504 1528 templo
542 1464 683 1519 sunt,
719 1456 811 1527 qui
840 1455 944 1510 hoc
965 1455 1110 1526 quod
1128 1454 1586 1525 quibusdamjure
1608 1469 1824 1524 compe-

205 1548 289 1613 tit,
314 1547 386 1601 ad
414 1545 697 1616 prmmium
727 1542 1050 1614 largiuntur.
1103 1542 1382 1596 Justitiam
1412 1542 1558 1596 enim
1584 1542 1826 1597 vendere

209 1644 314 1698 est,
349 1635 491 1689 hanc
519 1648 619 1703 pro
648 1631 855 1703 praemii
903 1630 1223 1700 acceptione
1271 1644 1517 1684 servare.
1562 1630 1824 1684 Ementes

1914 509 1980 548 ex
2009 494 2327 567 Evangelio,
2376 494 2508 565 quid
2552 494 2884 563 Redemptor
2930 502 3117 549 noster
3163 510 3263 564 per
3307 501 3512 550 semet-

1914 581 2092 652 ipsum
2139 582 2344 647 fecerit,
2406 582 2532 652 quia
2591 582 2873 652 ingressus
2910 582 3173 651 templum
3227 581 3516 638 cathedras

1915 670 2262 724 vendentium
2291 670 2572 726 columbas
2600 670 2813 724 evertit.
2847 669 3142 724 Columbas
3176 669 3322 725 enirn
3379 686 3518 726 ven-

1916 758 2049 814 dere
2077 767 2179 823 est,
2212 760 2280 813 de
2308 759 2509 829 Spiritu
2541 766 2744 821 sancto,
2776 774 2937 829 quem
2968 760 3115 813 Deus
3171 758 3519 828 omnipotens

1918 847 2436 903 consubstantialem
2494 846 2595 901 sibi
2653 863 2750 917 per
2807 846 3210 917 impositionem
3264 862 3520 902 manuum

1917 934 2229 989 hominibus
2260 935 2465 999 tribuit,
2498 934 2845 990 commodum
2874 934 3172 1005 temporale
3211 934 3517 1005 percipere.

1919 1024 1999 1078 Ex
2017 1038 2142 1092 quo.
2163 1022 2477 1092 utpraedixi,
2496 1022 2642 1077 malo
2666 1023 2781 1089 jam
2807 1022 3044 1076 innuitur
3076 1022 3206 1092 quid
3239 1030 3516 1094 sequatur,

1921 1111 2047 1181 quia
2076 1110 2167 1181 qui
2198 1110 2253 1163 in
2282 1110 2483 1179 templo
2511 1110 2612 1164 Dei
2640 1110 2919 1164 columbas
2948 1110 3189 1165 vendere
3246 1126 3518 1180 praesum-

1921 1204 2168 1267 pserunt,
2188 1212 2377 1251 eorum
2401 1198 2515 1251 Deo
2531 1196 2716 1264 judice
2736 1198 3014 1251 cathedrae
3034 1205 3373 1252 corruerunt.
3412 1196 3519 1266 Qui

1921 1284 2173 1339 videlicet
2200 1300 2360 1339 error
2385 1285 2439 1338 in
2469 1284 2701 1338 subditis
2729 1299 2853 1339 cum
2899 1293 3193 1356 augmento
3238 1300 3520 1356 propaga-

1920 1379 2028 1426 tur.
2062 1372 2202 1425 Nam
2234 1371 2352 1441 ipse
2381 1387 2616 1443 quoque,
2651 1372 2742 1443 qui
2771 1372 3001 1441 praemio
3030 1372 3101 1426 ad
3119 1387 3337 1427 sacrum
3357 1374 3521 1428 hono-

1922 1474 2041 1514 rem
2070 1458 2406 1529 perducitur,
2446 1460 2558 1527 jam
2604 1458 2659 1511 in
2705 1459 2820 1528 ipsa
2863 1468 3152 1529 provectus
3198 1460 3283 1513 sui
3336 1460 3523 1516 radice

1924 1546 2164 1611 vitiatus,
2196 1546 2434 1615 paratior
2475 1554 2560 1600 est
2605 1545 2725 1599 aliis
2754 1545 3070 1600 venundare
3100 1546 3246 1617 quod
3276 1546 3439 1611 emit;
3474 1554 3526 1602 et

1924 1635 2017 1689 ubi
2047 1642 2132 1689 est
2159 1634 2305 1705 quod
2335 1634 2595 1704 scripturn
2626 1642 2710 1688 est
2740 1651 2754 1686 :
2795 1635 2984 1689 Gratis
3003 1635 3323 1706 accepistis.
3347 1635 3527 1705 gratis

210 1738 346 1779 vero
376 1722 436 1776 in
465 1721 669 1791 templo
685 1727 828 1788 sunt,
853 1718 946 1808 qui
963 1718 1090 1808 dum
1110 1718 1212 1773 hoc
1230 1717 1545 1808 persolvere
1576 1717 1823 1808 proximo
1855 1747 1909 1808 Β
1927 1721 2055 1776 date
2088 1721 2348 1789 ?(M:ttth.
2381 1722 2466 1790 ι.)
2488 1723 2554 1774 Et
2584 1736 2709 1776 cum
2737 1721 2912 1790 primo
2942 1728 3134 1776 contra
3151 1729 3398 1777 sanctam
3418 1721 3530 1778 Eo-

213 1811 362 1883 quod
404 1810 619 1877 justum
666 1816 749 1862 est
791 1806 1001 1870 nolunt,
1032 1806 1272 1877 dumque
1299 1820 1414 1859 rem
1440 1806 1561 1874 jure
1588 1804 1828 1859 debitam

211 1898 398 1956 facere
465 1903 841 1958 contemnunt,
888 1894 1019 1949 dato
1066 1893 1308 1964 patronis
1352 1892 1580 1963 praemio
1641 1900 1830 1947 emunt

212 1996 520 2059 peccatum.
554 1985 774 2053 Quibus
800 1984 940 2037 bene
976 1978 1184 2037 dicitur
1210 1998 1224 2034 :
1256 1982 1463 2037 Domus
1482 1996 1610 2036 mea
1631 1982 1829 2037 damus

212 2076 492 2133 orationis
503 2078 607 2138 est,
624 2090 715 2129 vos
726 2076 918 2127 autem
952 2071 1174 2141 fecistis
1202 2069 1372 2124 illam
1392 2069 1724 2141 speluncam
1738 2069 1828 2124 la-

223 2169 458 2220 tronum
483 2163 619 2231 (Isa.
653 2164 766 2229 va)
802 2176 815 2212 :
849 2159 975 2230 quia
1005 2158 1136 2212 dum
1162 2171 1549 2227 nonnunquam
1587 2150 1830 2226 perversi

214 2252 468 2308 homines
530 2250 711 2304 locum
766 2246 1051 2317 religionis
1097 2252 1301 2306 tenent,
1350 2244 1425 2297 ibi
1458 2243 1686 2298 maliciaz
1715 2259 1830 2298 sua:

214 2339 422 2413 gradiis
452 2337 738 2400 occidunt,
785 2334 877 2389 ubi
922 2331 1201 2388 viviﬁcare
1244 2331 1523 2402 proximos
1568 2330 1829 2385 orationis

216 2444 323 2483 sua:
349 2424 758 2482 intercessione
787 2422 1115 2477 debuerunt.
1153 2441 1176 2470 ι
1209 2420 1277 2475 Et
1323 2420 1453 2474 item
1502 2418 1557 2473 in
1604 2417 1826 2473 homilia

217 2524 403 2587 quarta
422 2532 437 2568 :
457 2536 479 2561 α
503 2512 711 2576 Gratis,
728 2510 917 2582 inquit,
933 2508 1216 2571 Dominus,
1232 2509 1553 2577 accepistis,
1567 2505 1829 2578 gratisila

217 2607 267 2658 te
283 2602 511 2671 (Matth.
529 2600 613 2669 ι).
639 2598 958 2654 Praesciebat
980 2611 1217 2667 namque
1233 2594 1524 2650 nonnullos
1536 2595 1639 2649 hoc
1650 2594 1829 2664 ipsum

216 2691 422 2746 donum
449 2688 667 2757 accepti
700 2685 933 2756 Spiritus
960 2684 1015 2738 in
1041 2699 1200 2738 usum
1236 2681 1620 2755 negotiationis
1664 2680 1825 2735 inﬂe-

219 2788 386 2844 ctere,
427 2786 483 2833 et
511 2774 891 2831 miraculorum
933 2772 1094 2844 signa
1129 2772 1199 2826 ad
1229 2770 1470 2825 avaritiae
1502 2768 1827 2840 obsequium

213 2867 513 2924 declinare.
548 2864 686 2919 Hinc
715 2869 798 2917 est
817 2861 963 2916 enim
992 2859 1139 2931 quod
1176 2857 1365 2915 Simon
1393 2873 1494 2929 per
1519 2856 1828 2927 impositio-

217 2972 339 3013 nem
368 2969 573 3009 manus
603 2951 752 3007 edita
778 2948 1046 3004 miracula
1075 2946 1492 3016 concupiscens,
1539 2944 1828 3015 percipere

216 3046 421 3101 donum
484 3040 718 3111 Spiritus
763 3038 934 3093 sancti
981 3035 1213 3108 pecunia
1254 3033 1441 3099 voluit,
1516 3032 1726 3088 scilicet
1771 3039 1829 3087 ut

1927 1808 2151 1864 clesiam
2182 1808 2479 1863 simoniaca
2509 1808 2736 1863 haeresis
2766 1808 2836 1862 sit
2865 1817 3074 1876 exorta,
3108 1823 3208 1865 cur
3237 1824 3347 1864 non
3396 1824 3531 1879 per-

1926 1896 2201 1969 penditur,
2232 1912 2327 1951 cur
2367 1911 2478 1950 non
2515 1895 2756 1963 videtur,
2813 1896 2943 1966 quia
2988 1912 3134 1964 eum,
3197 1912 3362 1968 quem
3408 1895 3534 1967 quis

1928 2008 2054 2051 cum
2083 1993 2256 2065 pretio
2293 1993 2528 2061 ordinat,
2579 1993 2936 2063 provehendo
2983 1993 3098 2063 agit
3139 2000 3200 2046 ut
3245 1993 3534 2049 hatreticus

1928 2080 2068 2136 ﬁat?
2121 2080 2263 2150 Quia
2314 2081 2485 2153 igitur
2530 2081 2673 2135 hanc
2703 2079 3152 2135 nefandissimam
3206 2080 3535 2149 pravitatem

1928 2168 2254 2224 universalis
2282 2169 2505 2222 damnat
2530 2168 2803 2233 Ecclesia,
2836 2169 3115 2222 hortamur
3140 2167 3536 2223 fraternitatem

1929 2265 2192 2320 vestram,
2225 2264 2283 2310 ut
2310 2265 2418 2310 tam
2450 2255 2770 2310 detestabile
2799 2263 2852 2310 et
2880 2255 3115 2309 immane
3144 2263 3427 2326 peccatum
3465 2254 3536 2311 de

1936 2344 2067 2399 loci:L
2104 2344 2380 2409 omnibus,
2411 2360 2533 2415 qum
2563 2344 2663 2397 sub
2693 2359 2754 2398 se
2784 2351 2929 2407 sunt,
2980 2342 3366 2398 sollicitudinis
3421 2356 3537 2399 sum

1929 2440 2244 2502 compescat
2284 2432 2534 2486 omnibus
2579 2430 2757 2486 modis
2791 2430 3067 2485 instantia.
3110 2429 3253 2485 Nam
3309 2430 3357 2485 si
3412 2429 3542 2501 quid

1929 2519 2036 2574 tale
2065 2519 2326 2587 deinceps
2354 2517 2473 2573 fieri
2506 2519 2858 2585 senserimus,
2884 2518 2999 2587 jam
3050 2533 3161 2573 non
3191 2516 3391 2583 verbis,
3440 2517 3541 2573 sed

1930 2607 2192 2662 canonica
2221 2606 2426 2660 ultione
2457 2606 2815 2675 corrigemus,
2849 2612 2904 2659 et
2930 2605 3000 2659 de
3028 2604 3205 2670 vobis,
3237 2603 3384 2674 quod
3431 2618 3544 2660 non

1929 2701 2161 2764 oportet,
2203 2693 2349 2747 aliud
2407 2693 2731 2762 incipiemus
2787 2691 2993 2745 habere
3044 2689 3327 2758 judicium.
3390 2711 3414 2747 ι
3472 2691 3541 2747 Εἰ

1929 2781 2057 2836 hinc
2105 2780 2159 2835 in
2208 2780 2393 2834 multis
2435 2779 2678 2849 epistolis
2727 2778 2841 2833 suis
2881 2777 2952 2832 ad
2998 2777 3200 2833 multos
3247 2777 3540 2848 episcopos

1928 2868 2194 2923 terribilia
2224 2876 2279 2922 et
2313 2868 2543 2940 grandia
2572 2866 2809 2936 scripsit,
2844 2882 2967 2937 quae
2993 2881 3092 2935 per
3111 2874 3167 2920 tc
3182 2864 3240 2919 in
3258 2864 3374 2920 suis
3394 2864 3538 2921 locis

1931 2968 2117 3027 legere
2145 2965 2323 3025 potes,
2352 2963 2403 3010 et
2435 2970 2632 3010 cavere
2657 2954 2847 3009 debes.
2883 2953 3002 3008 Dixi
3034 2951 3199 3008 etiam
3247 2952 3366 3017 tibi,
3416 2951 3543 3025 quia

1933 3044 2103 3099 verba
2118 3043 2236 3111 Dei,
2262 3059 2383 3114 quae
2400 3051 2622 3098 sanctus
2640 3043 2829 3097 Petrus
2841 3040 3217 3112 apostolorum
3253 3040 3538 3111 princeps,

214 3132 459 3189 deterius
482 3091 749 3185 venderet
774 3126 919 3198 quod
967 3123 1106 3178 male
1154 3127 1547 3192 comparasset.
1598 3120 1734 3175 Hinc
1763 3119 1832 3175 de
1866 3091 1915 3153 Ο
1935 3132 2027 3204 qui
2057 3133 2198 3186 hanc
2222 3091 2497 3186 ’ἐριθείω
2545 3131 2601 3184 in
2650 3091 2906 3185 summar
2922 3144 3089 3201 ωηο
3144 3091 3540 3195 άιηῖηανίιντίιί

215 3221 421 3292 templo
449 3218 787 3287 Redemptor
815 3223 1002 3269 noster
1030 3210 1248 3284 ﬂagello
1275 3210 1346 3265 de
1377 3208 1645 3264 resticulis
1690 3207 1832 3264 facto

214 3311 405 3365 turbas
435 3306 615 3376 ejecit,
648 3304 935 3360 cathedras
965 3299 1313 3356 vendentium
1339 3297 1623 3353 columbas
1674 3312 1831 3352 ever-

216 3399 297 3454 tit.
358 3397 659 3453 Columbas
696 3392 895 3464 quippe
949 3390 1186 3445 vendere
1258 3394 1360 3455 est,
1426 3384 1832 3455 impositionem

216 3502 435 3551 manus,
468 3499 577 3557 qua
607 3481 838 3553 Spiritus
866 3486 1084 3534 sanctus
1117 3475 1401 3546 accipitur,
1440 3489 1552 3529 non
1590 3473 1659 3527 ad
1705 3472 1831 3528 vita

217 3576 494 3641 meritum,
528 3571 627 3627 sed
655 3570 724 3624 ad
753 3567 1036 3639 praemium
1063 3566 1223 3621 dare.
1263 3561 1372 3618 Sed
1401 3570 1527 3616 sunt
1563 3560 1826 3627 nonnulli,

218 3664 310 3738 qui
339 3662 569 3735 quidem
597 3672 944 3714 nummorum
971 3653 1199 3725 praemia
1237 3668 1304 3707 ex
1330 3649 1671 3707 ordinatione
1718 3663 1828 3704 non

220 3751 519 3831 accipiunt,
578 3754 633 3803 et
689 3755 872 3801 tamen
936 3757 1123 3798 sacros
1177 3740 1400 3795 ordines
1445 3753 1544 3807 pro
1592 3738 1829 3831 humana

222 3824 395 3913 gratia
425 3835 752 3910 largiuntur,
810 3840 974 3903 atque
1002 3831 1072 3886 de
1098 3829 1349 3901 largitate
1397 3826 1592 3882 eadem
1650 3824 1828 3880 laudis

222 3926 571 3984 solummodo
627 3921 1037 3978 retributionem
1090 3924 1357 3990 quaerunt.
1420 3915 1488 3970 Hi
1546 3913 1822 3982 nimirum,

224 4018 367 4091 quod
396 4013 572 4087 gratis
602 4017 882 4081 acceptum
912 4015 1015 4072 est,
1047 4006 1220 4079 gratis
1249 4020 1358 4060 non
1388 4004 1649 4091 tribuunt,
1699 4000 1828 4074 quia

223 4089 290 4161 de
316 4105 576 4175 impenso
603 4098 782 4155 oﬂicio
810 4094 1113 4153 sanctitatis
1146 4108 1428 4148 nummum
1472 4089 1678 4145 favoris
1725 4104 1825 4143 ex-

225 4200 430 4267 petunt.
463 4189 626 4248 Unde
655 4188 795 4243 bene
841 4200 963 4241 cum
1001 4183 1205 4252 justum
1251 4181 1426 4236 virum
1484 4177 1826 4233 describeret

226 4281 499 4352 Propheta
510 4278 605 4333 ait:
625 4277 732 4344 Qui
741 4273 966 4331 excutit
980 4286 1185 4326 manus
1196 4285 1329 4325 suas
1344 4267 1411 4323 ab
1422 4268 1579 4324 omni
1592 4280 1825 4321 munera

226 4371 357 4440 (lac.
371 4366 611 4436 χχχιιι).
629 4364 819 4435 Neque
832 4361 974 4417 enim
994 4358 1142 4426 dicit,
1167 4356 1261 4428 qui
1276 4355 1470 4411 excutit
1490 4369 1685 4408 manus
1697 4367 1824 4407 suas

1931 3234 2124 3275 omnes
2154 3235 2219 3274 ex
2249 3228 2375 3274 tunc
2406 3226 2459 3273 et
2487 3233 2651 3285 nunc,
2688 3225 2740 3271 et
2764 3232 2938 3289 usque
2994 3217 3052 3271 in
3106 3214 3269 3271 finem
3325 3214 3533 3283 seculi,

1929 3308 2170 3363 veridica
2201 3314 2255 3361 et
2284 3306 2523 3361 valentia
2559 3311 2896 3376 permanent.
2943 3304 3013 3358 Et
3058 3302 3216 3358 sicuti
3258 3316 3385 3357 cum
3442 3300 3540 3357 illo

1928 3395 2158 3466 pecunia
2185 3410 2280 3448 sua
2310 3393 2532 3458 exstitit,
2564 3393 2618 3446 in
2634 3392 3013 3461 perditionem,
3032 3391 3107 3444 ita
3123 3398 3178 3444 et
3208 3404 3401 3444 omnes
3444 3387 3539 3461 qui

1929 3483 2055 3537 hinc
2084 3497 2310 3536 munera
2339 3481 2469 3536 dant
2512 3480 2598 3534 vel
2646 3478 2937 3549 accipiunt,
2988 3477 3093 3531 nisi
3141 3475 3365 3549 dignam
3410 3475 3539 3532 inde

1927 3569 2301 3641 paenitentiam
2331 3568 2563 3641 egerint,
2596 3566 2652 3620 in
2681 3564 2982 3637 perditione
3010 3572 3065 3620 et
3093 3571 3315 3618 manent
3344 3570 3398 3618 et
3418 3563 3538 3619 sine

1927 3656 2036 3712 ﬁne
2065 3657 2381 3711 manebunt.
2415 3656 2483 3710 Et
2510 3671 2636 3710 cum
2663 3662 2894 3725 uterque
2922 3652 3032 3706 sint
3075 3650 3340 3717 heretici,
3389 3649 3537 3707 scili-

1926 3754 2031 3814 cet,
2064 3754 2117 3801 et
2144 3745 2235 3817 qui
2267 3760 2366 3816 pro
2394 3743 2740 3814 impositione
2788 3756 2980 3795 manus
3023 3740 3255 3811 pretium
3302 3739 3532 3809 donant,

1926 3842 1980 3888 et
2005 3834 2098 3905 qui
2130 3849 2326 3887 munus
2353 3832 2642 3901 accipiunt,
2675 3838 2827 3884 reatu
2855 3836 3038 3883 tamen
3086 3828 3295 3895 majore
3352 3825 3535 3882 delin-

1927 3922 2061 3992 quit,
2092 3921 2183 3993 qui
2212 3921 2421 3992 potiore
2466 3921 2672 3974 honore
2716 3916 3034 3987 perfruitur,
3090 3915 3218 3987 quia
3272 3914 3536 3987 graviora.

1924 4008 2053 4064 facit
2073 4009 2203 4064 vitia
2232 4016 2581 4080 peccatorum
2609 4004 2912 4061 sublimitas
2940 4003 3286 4075 dignitatum.
3335 4003 3406 4057 Et
3443 4002 3537 4059 det

1925 4097 2189 4152 Dominus
2218 4105 2277 4151 ut
2304 4112 2415 4151 non
2444 4095 2551 4150 sint
2578 4109 2732 4162 vera,
2764 4108 2889 4165 qum
2927 4108 3027 4163 per
3063 4091 3266 4146 multos
3314 4106 3381 4146 ex
3426 4089 3534 4147 hoc

1924 4180 1994 4235 de
2023 4188 2076 4236 te
2104 4181 2285 4248 audio,
2319 4189 2372 4234 et
2401 4179 2648 4234 obtestor
2675 4186 2729 4232 te
2759 4192 2859 4247 per
2886 4184 3135 4232 sanctam
3164 4182 3218 4230 et
3245 4174 3533 4243 insepara-

1923 4267 2087 4324 bilem
2117 4268 2449 4332 Trinitatem,
2482 4274 2535 4321 et
2561 4281 2659 4336 per
2687 4279 2908 4320 crucem
2938 4270 2992 4317 et
3036 4260 3361 4333 sanguinem
3401 4260 3535 4315 Jesu

1924 4355 2145 4426 Christi,
2181 4356 2300 4411 Filii
2329 4355 2427 4410 Dei
2463 4354 2593 4421 vivi,
2626 4368 2692 4406 ex
2721 4365 2849 4420 quo,
2875 4357 2929 4404 et
2954 4364 2987 4402 a
3017 4363 3145 4419 quo,
3169 4356 3223 4402 et
3252 4362 3350 4416 per
3367 4361 3531 4416 quem

222 4432 253 4512 a
316 4432 579 4520 munere,
621 4432 1010 4519 sed'adjunxit.
1058 4446 1128 4500 ab
1157 4443 1306 4500 omni
1338 4460 1351 4497 :
1383 4443 1511 4513 quia
1555 4441 1699 4496 aliud
1748 4441 1902 4501 estD
1934 4445 2113 4500 omnis
2141 4444 2482 4514 episcOpatus
2510 4437 2913 4495 ecclesiasticus
2958 4435 3102 4505 cepit
3145 4432 3539 4520 exordiumuet

226 4562 424 4601 munus
481 4544 557 4600 ab
607 4537 892 4611 obsequio,
952 4534 1097 4591 aliud
1161 4547 1361 4587 munus
1389 4546 1419 4585 a
1451 4545 1638 4599 manu,
1687 4527 1834 4583 aliud

225 4651 422 4690 munus
446 4649 478 4687 a
512 4631 716 4701 lingua.
767 4627 961 4682 Munus
1016 4622 1219 4695 quippe
1272 4620 1341 4674 ab
1404 4617 1670 4689 obsequio
1726 4622 1829 4685 est,

228 4723 487 4793 subjectis
512 4717 753 4774 indebite
781 4715 1046 4785 impensa,
1081 4725 1280 4766 munus
1299 4723 1333 4763 a
1362 4721 1544 4774 manu,
1578 4704 1829 4775 pecunia,

227 4828 423 4867 munus
457 4826 490 4864 a
536 4807 745 4879 lingua,
799 4802 969 4858 favor.
1019 4798 1125 4868 Qui
1180 4811 1316 4867 ergo
1369 4810 1559 4850 sacros
1614 4792 1836 4848 ordines

226 4900 435 4967 tribuit,
468 4905 600 4951 tunc
627 4894 695 4948 ab
723 4891 872 4947 omni
902 4903 1127 4943 munere
1157 4900 1353 4940 manus
1370 4882 1592 4950 excutit,
1620 4880 1836 4953 quando

226 4989 281 5043 in
310 4986 513 5042 divinis
558 4983 727 5038 rebus
766 4995 877 5034 non
914 4976 1091 5031 solum
1137 4974 1342 5029 nullam
1384 4971 1692 5043 pecuniam,
1740 4967 1838 5023 sed

226 5077 392 5130 etiam
437 5076 729 5129 humanam
753 5066 980 5141 gratiam
1012 5080 1120 5119 non
1151 5061 1401 5133 requirit.
1461 5082 1482 5109 α
1512 5059 1580 5113 Et
1612 5059 1666 5112 in
1717 5056 1837 5127 epi-

225 5164 370 5219 stola
398 5163 470 5217 ad
498 5163 760 5215 Joannem
792 5152 1229 5211 Corienthiorum
1258 5149 1573 5220 episcopum
1608 5163 1620 5200 :
1658 5166 1681 5196 ι
1720 5146 1842 5199 Per-

228 5253 400 5316 venit,
425 5249 599 5320 inquit
627 5247 744 5317 (lib.
771 5260 847 5311 tv,
873 5259 960 5315 cp.
994 5242 1106 5311 55),
1149 5238 1219 5293 ad
1264 5253 1386 5305 nos,
1434 5235 1580 5307 quod
1629 5234 1684 5287 in
1732 5232 1839 5287 illis

228 5340 479 5412 partibus
508 5335 691 5391 nullus
721 5334 791 5389 ad
833 5345 1051 5387 sacrum
1093 5327 1345 5384 ordinem
1389 5326 1508 5380 sine
1565 5321 1840 5379 commodi

228 5426 450 5485 datione
479 5424 775 5498 perveniat.
809 5419 970 5490 Quod
998 5418 1044 5473 si
1070 5418 1141 5472 ita
1157 5425 1261 5481 est,
1282 5415 1421 5471 ﬂens
1437 5414 1580 5479 dico,
1612 5426 1841 5485 gemens

230 5515 512 5581 denuntio,
540 5512 672 5586 quia
689 5526 818 5568 cum
843 5504 1206 5565 sacerdotalis
1233 5502 1373 5589 ordo
1416 5501 1561 5557 intus
1620 5498 1839 5566 cecidit,

465 5630 711 5690 Panos.
742 5621 993 5684 CXXVI.

1930 4549 2030 4604 per
2045 4532 2224 4602 ipsum
2242 4538 2486 4584 sanctum
2503 4527 2780 4597 Spiritum,
2797 4524 2891 4596 qui
2911 4522 3144 4579 maxime
3165 4522 3220 4576 in
3240 4519 3537 4576 ordinatio-

1932 4621 2092 4675 nibus
2121 4626 2390 4690 opcratur,
2412 4625 2466 4671 et
2493 4631 2594 4686 per
2620 4630 2840 4669 omnem
2870 4620 3180 4668 sanctorum
3209 4608 3535 4682 angelorum

1933 4708 2201 4773 militiam,
2233 4723 2297 4763 ac
2325 4721 2424 4777 per
2455 4712 2699 4760 sanctam
2730 4702 2973 4758 omnium
3003 4699 3301 4754 electorum
3341 4694 3539 4752 Eccle-

1936 4799 2078 4854 ciam
2107 4795 2473 4866 conscriptam
2501 4794 2557 4847 in
2576 4792 2749 4856 caelis,
2782 4799 2837 4845 et
2864 4805 2962 4861 per
2987 4786 3223 4841 futurum
3246 4783 3534 4855 judicium,

1939 4903 2047 4959 quo
2094 4886 2338 4942 Christus
2377 4883 2557 4938 veniet
2599 4880 2846 4949 judicare
2890 4876 3043 4931 vivos
3087 4881 3141 4928 et
3183 4881 3448 4941 mortuos,
3483 4878 3541 4929 et

1941 4975 2200 5031 saeculum
2222 4990 2322 5044 per
2348 4973 2551 5044 ignem,
2584 4977 2638 5023 et
2666 4966 2893 5020 reddere
2910 4962 3201 5033 unicuique
3235 4960 3541 5017 secundum

1942 5080 2109 5135 opera
2139 5079 2253 5126 sua,
2286 5070 2344 5115 ut
2374 5075 2472 5114 nec
2516 5058 2653 5126 ipse,
2686 5060 2874 5108 contra
2904 5050 3116 5105 divinas
3145 5058 3199 5105 et
3255 5047 3543 5104 canonicas

1944 5133 2376 5212 constitutiones,
2408 5156 2461 5201 te
2492 5144 2616 5198 huic
2672 5142 2787 5196 Deo
2845 5139 3134 5195 contrariae
3187 5133 3544 5210 negotiationi

1945 5241 2187 5314 quolibet
2208 5237 2371 5291 modo
2391 5234 2475 5288 vel
2497 5246 2821 5303 quacunque
2843 5228 3146 5299 excogitata
3165 5223 3547 5280 adinventione

1946 5328 2271 5392 immisceas,
2305 5339 2406 5379 nec
2434 5320 2617 5389 alicui,
2648 5326 2906 5392 quantum
2935 5332 3003 5371 ex
3031 5324 3084 5369 te
3113 5321 3214 5378 est,
3274 5319 3327 5367 et
3384 5324 3555 5384 quan-

1948 5427 2061 5474 tum
2115 5415 2186 5470 ad
2231 5422 2284 5467 te
2339 5410 2596 5484 pertinet,
2657 5405 2952 5463 immisceri
3006 5400 3318 5460 consentias
3367 5417 3382 5455 :
3441 5400 3555 5458 imo

1947 5506 2074 5572 tuis,
2104 5510 2305 5576 quanta
2331 5507 2489 5573 potes
2517 5496 2899 5567 obtestatione,
2944 5490 3274 5549 interdicere
3316 5489 3559 5550 studeas.

3165 5600 3234 5654 ﬂ
3412 5613 3420 5619 '
