4054 6180
411 311 416 316 ι
489 235 594 292 m

1555 223 1893 280 HINCMAIU
1931 219 2332 286 RHEMENSIS
2373 217 2925 276 ARGHlEPlSCOPl.

3684 213 3798 276 428.

493 359 671 426 Quam
697 321 1113 411 obtestationem
1131 368 1240 407 non
1269 366 1410 406 nova
1435 348 1856 420 pmsumptione
1907 362 2090 410 exero,
2125 347 2280 408 Atra
2309 345 2424 398 haec
2479 342 2768 398 constituta
2823 339 3010 396 venire
3057 337 3360 402 tentaverit,
3419 343 3471 390 et
3525 335 3780 406 prohibita

488 447 586 502 sed
615 461 714 516 pro
743 443 962 498 modulo
989 457 1112 496 meo
1141 439 1286 496 beati
1333 438 1481 494 Pauli
1521 451 1721 507 sequor
1763 435 2088 504 exemplum,

488 533 780 591 scribentis
807 531 876 587 ad
903 529 1264 596 Timotheum,
1297 543 1459 598 quem
1502 527 1760 594 juvenem
1819 522 2093 578 ordinavit

487 623 840 694 Episcopum,
871 619 998 674 licet
1025 633 1134 672 non
1165 617 1234 671 de
1263 616 1366 670 hac
1385 629 1568 678 causa,
1603 612 1702 668 sed
1731 613 1798 666 de
1841 611 1980 674 aliis,
2021 611 2090 664 de

487 711 685 782 quibus
713 706 1082 763 necessarium
1109 705 1278 772 duxit,
1309 701 1616 770 hujusmodi
1673 699 2091 754 obtestationem

486 798 713 854 e‘xeruit.
745 797 910 864 Cujus
937 795 1126 856 verba,
1151 809 1248 863 per
1277 808 1440 862 quem
1469 791 1680 844 locutus
1709 796 1790 842 est
1823 787 2084 853 Christus,

487 888 654 942 etiam
681 884 778 939 tibi
817 884 1049 939 inculco.
1093 881 1394 950 Tcstiﬁcor,
1423 879 1616 948 inquit,
1653 893 1842 932 coram
1872 877 2000 942 Deo,
2033 879 2090 930 et

492 976 716 1032 Christo
727 975 875 1038 Iesu,
896 976 954 1028 et
969 971 1163 1026 electis
1186 969 1426 1040 angelis,
1445 968 1639 1022 uthwc
1655 964 1944 1020 custodias
1965 965 2090 1018 sine

481 1063 831 1135 praeiudicia,
846 1060 998 1115 nihil
1007 1061 1226 1129 faciens
1239 1058 1304 1110 in
1315 1057 1494 1110 aliam
1503 1057 1727 1126 partem
1751 1053 1848 1108 dcc
1856 1051 2088 1106 linando

481 1152 536 1220 (f'
547 1153 686 1206 Tim.
713 1151 772 1219 ν)
795 1169 813 1214 ,-
835 1156 889 1203 et
911 1164 924 1202 ε
949 1147 1221 1217 Principio
1243 1143 1346 1199 tibi
1367 1159 1558 1198 coram
1577 1143 1705 1204 Deo,
1729 1141 1826 1211 qui
1843 1139 2087 1205 viviﬁcat

484 1241 697 1305 omnia,
717 1241 774 1293 et
799 1236 1164 1293 Christolesu
1202 1234 1298 1304 qui
1313 1232 1706 1286 testimonium
1721 1227 1964 1282 reddidit
1987 1226 2088 1282 sub

481 1328 684 1384 Pontio
699 1326 888 1381 Pilato
903 1321 1109 1378 bonam
1123 1319 1554 1390 confessionem,
1570 1321 1638 1372 ut
1652 1332 1835 1372 serves
1851 1332 1984 1370 man
1991 1315 2089 1370 da-

485 1420 608 1470 tum
628 1415 754 1470 sine
763 1412 994 1467 macula
1011 1407 1506 1480 irrcprchensibile
1522 1422 1694 1477 usque
1704 1407 1768 1460 in
1779 1403 2086 1458 adventum

483 1503 710 1557 Domini
729 1500 913 1554 nostri
928 1499 1060 1554 Iesu
1073 1496 1286 1552 Christi
1306 1494 1356 1564 (ι
1372 1495 1508 1549 Tim.
1533 1497 1628 1562 v1).
1649 1493 1728 1548 De
1745 1491 2084 1546 Luciiautem

485 1588 734 1660 epistola,
781 1601 904 1657 quae
959 1593 1085 1640 ante
1136 1583 1416 1639 Nicaenum
1489 1579 1782 1636 concilium
1809 1579 1953 1632 facta
1993 1576 2091 1632 fuit

476 1691 587 1732 non
615 1677 741 1732 ideo
771 1675 868 1730 tibi
897 1673 1109 1744 scripsi,
1144 1671 1298 1743 quasi
1327 1686 1437 1725 non
1469 1667 1734 1725 sufficiant
1761 1667 1832 1722 ad
1850 1665 2084 1722 auctori-
2111 1692 2165 1754 Β

477 1771 664 1830 tatem,
714 1777 836 1834 qua
882 1775 1167 1818 sacrorum
1212 1758 1564 1818 conciliorum
1609 1770 1868 1820 canones,
1919 1761 1974 1810 et
2017 1768 2086 1808 ex
2125 1755 2136 1760 ’

477 1852 563 1907 his
592 1851 943 1923 promulgata
969 1849 1190 1905 decreta
1217 1847 1324 1902 alia
1345 1845 1492 1901 sedis
1523 1843 1840 1916 apostolicae
1875 1841 2080 1909 dicunt,

475 1941 574 1995 sed
641 1948 700 1994 ut
745 1938 1031 1995 scientiam
1077 1944 1226 1992 tuam
1270 1951 1393 2006 quae
1434 1933 1604 1998 inﬂat,
1655 1933 1775 1987 sine
1822 1930 2084 1986 charitate

476 2041 600 2100 qua
641 2025 897 2094 mdificat,
956 2032 1120 2082 vento
1173 2023 1464 2078 distentam
1517 2036 1642 2078 esse
1690 2020 2080 2076 demonstrem.

475 2117 624 2185 Hec,
656 2115 840 2180 frater,
873 2114 1144 2185 patienter
1171 2121 1332 2183 atque
1343 2110 1582 2181 benigne
1598 2107 1836 2180 suscipe,
1868 2115 1922 2162 et
1936 2107 2083 2177 apud

477 2204 686 2276 peritos
711 2203 960 2258 medicos
987 2201 1140 2256 disce
1189 2199 1530 2269 sapientiam,
1583 2197 1712 2268 quia
1765 2195 1874 2250 illis
1919 2195 2082 2264 inpo-

479 2291 738 2347 nentibus
755 2304 906 2360 saepe
933 2289 1120 2344 funem
1147 2294 1327 2358 portat
1351 2285 1702 2356 phreneticus
1745 2284 1894 2338 unde
1938 2283 2082 2354 lige-
2127 2284 2140 2296 ‘

475 2385 583 2436 tur.
614 2379 686 2433 Et
712 2379 823 2446 illa,
853 2377 923 2432 de
952 2375 1150 2448 quibus
1177 2391 1267 2430 me
1299 2372 1691 2444 comprehendi
1734 2388 1764 2426 a
1811 2379 1866 2428 te
1920 2385 2084 2440 posse

475 2465 774 2533 existimas,
809 2465 1046 2520 discreta
1075 2461 1322 2535 intellige
1354 2479 1368 2516 :
1402 2461 1662 2532 quoniam
1691 2460 1798 2514 alia
1819 2467 1943 2514 sunt
1965 2475 2085 2528 qua

477 2554 926 2625 metropolitanus
954 2553 1074 2607 sine
1104 2549 1334 2607 consilio
1354 2558 1518 2621 atque
1546 2565 1818 2604 consensu
1841 2547 2084 2602 omnium

477 2644 930 2714 eoepiscoporum
989 2639 1288 2711 provinciae
1351 2653 1522 2709 agere
1569 2653 1676 2692 non
1723 2637 1902 2701 debet,
1951 2635 2089 2696 sicut

473 2747 680 2788 causas
709 2728 1015 2786 accusantis
1043 2727 1382 2798 episcopum,
1415 2725 1486 2780 ad
1527 2724 1949 2790 discutiendum,
2000 2723 2088 2780 vel

475 2815 655 2890 ipsum
683 2818 944 2874 canonice
966 2815 1344 2886 judicandum,
1377 2814 1492 2869 sive
1519 2814 1740 2868 noxium
1768 2813 1856 2868 vel
1883 2827 2087 2884 purga-

477 2915 596 2964 tum
623 2907 938 2972 decernere,
969 2903 1058 2960 vel
1082 2902 1139 2958 in
1169 2903 1292 2959 loco
1321 2901 1640 2957 decedentis
1670 2900 1912 2972 episcopi
1941 2899 2090 2956 ordi-

477 3011 633 3062 nare,
687 3003 740 3050 et
784 2995 854 3049 de
925 2993 1343 3064 quibuscunque
1413 2990 1626 3045 noviter
1677 2988 2085 3060 emergentibus

479 3084 678 3149 causis,
712 3083 800 3138 vel
827 3081 1006 3136 dubiis
1034 3089 1128 3136 aut
1153 3079 1405 3136 obscuris
1433 3095 1448 3132 :
1482 3087 1535 3132 et
1563 3078 1666 3132 alia
1696 3085 1840 3146 sunt,
1869 3079 1940 3132 de
1969 3076 2086 3147 qui-

482 3174 585 3226 bus
613 3179 766 3228 certa
811 3177 865 3226 et
919 3183 1180 3241 expressa
1235 3167 1293 3221 in
1339 3166 1514 3222 sacris
1558 3165 1764 3236 regulis
1819 3165 2083 3220 habemus

477 3259 706 3329 judicia,
753 3274 874 3330 qute
916 3256 1176 3328 refragari
1218 3256 1306 3312 vel
1339 3253 1572 3310 convelli
1625 3269 1736 3309 non
1791 3252 1938 3319 licet,
1987 3253 2084 3308 sed

483 3349 601 3404 sine
643 3346 1024 3404 retractatione
1071 3343 1296 3415 exsequi
1331 3341 1624 3398 auctoritas
1687 3350 1742 3398 et
1784 3341 1920 3398 ratio
1967 3342 2085 3412 ipsa

481 3435 776 3507 compellit.

1029 3520 1253 3576 CAPUT
1279 3519 1536 3574 XXXVI.

482 3613 560 3668 De
585 3612 896 3683 irregulari
937 3610 1363 3680 subscriptione,
1405 3623 1576 3678 quam
1607 3607 1930 3663 collectioni
1967 3621 2084 3662 sua

1121 3698 1404 3767 apposuit.

554 3787 650 3842 His
679 3787 846 3858 igitur
871 3783 1214 3840 documentis
1240 3781 1562 3837 certissimis
1581 3788 1790 3836 constat
1817 3780 1964 3850 quod
1995 3795 2082 3834 me

483 3873 751 3945 replicare
780 3871 926 3944 cogit
955 3871 1074 3941 ipsa
1119 3869 1442 3934 necessitas,
1487 3867 1615 3939 quia
1664 3868 1710 3922 si
1739 3869 1796 3922 in
1822 3867 2082 3938 parochia

481 3969 594 4026 tua,
627 3977 750 4030 quas
789 3957 920 4014 mihi
967 3973 1090 4014 cum
1137 3956 1496 4013 sollicitudine
1539 3955 1701 4010 totius
1749 3956 2082 4012 Rhemorum

481 4047 774 4119 provinciae
845 4045 1137 4102 commissa
1210 4053 1312 4114 est,
1369 4044 1672 4100 secundum
1733 4043 2081 4114 privilegium

479 4135 611 4191 mihi
658 4135 864 4203 datum,
897 4133 1042 4206 quod
1072 4131 1214 4188 male
1259 4132 1525 4187 admisisti
1559 4131 1841 4204 corrigere
1894 4131 2079 4188 detre-

483 4229 740 4292 ctassem,
770 4221 1134 4294 aprmstitutis
1181 4220 1388 4294 regulis
1432 4221 1768 4293 negligentia
1825 4220 2080 4276 discede-

483 4327 619 4378 rem,
683 4327 718 4366 a
763 4310 959 4383 quibus
1011 4309 1437 4382 praesumptione
1491 4317 1550 4364 tu
1597 4309 1916 4364 discessisti.
1977 4308 2081 4381 Egi

485 4415 621 4473 ergo
669 4399 969 4455 secundum
1016 4398 1107 4466 jus
1162 4397 1590 4468 metropolitanae
1619 4397 1973 4466 auctoritatis,
2035 4399 2090 4452 in
2119 4393 2170 4454 D
2193 4402 2458 4458 catholica
2529 4402 2910 4458 communione
2981 4404 3322 4474 segregasti,
3385 4405 3574 4460 dicens

461 4497 464 4500 '
486 4503 594 4560 quo
615 4487 738 4558 jure
767 4486 1204 4557 metropolitanm
1233 4486 1534 4557 dignitatis,
1557 4502 1646 4542 me
1673 4503 1705 4540 a
1735 4494 1806 4556 te,
1828 4485 2084 4556 subjectae

483 4575 718 4634 civitatis
748 4575 1026 4647 episcopo,
1059 4573 1192 4628 mihi
1218 4574 1356 4630 velis
1383 4574 1524 4628 nolis
1566 4575 1830 4650 subjecto,
1878 4573 2084 4645 capitu-

457 4663 597 4720 'lum
625 4663 771 4720 beati
802 4663 998 4718 Leonis
1025 4662 1297 4731 discrevit,
1332 4678 1438 4733 quo
1461 4662 1624 4731 jussit
1651 4663 2084 4733 metropolitanis

486 4751 826 4824 singularum
855 4751 1258 4822 provinciarum
1283 4751 1372 4819 jus
1401 4751 1608 4805 traditae
1638 4751 1740 4804 sibi
1788 4751 2083 4822 antiquitus

485 4840 764 4912 dignitatis
789 4841 1168 4895 intemeratum
1199 4855 1438 4906 servare,
1471 4839 1544 4893 ita
1588 4847 1642 4893 ut
1691 4855 1724 4893 a
1767 4839 2084 4910 praestitutis

487 4926 690 5000 regulis
741 4927 907 4995 nulla,
954 4935 1046 4982 aut
1099 4927 1455 4998 negligentia,
1517 4934 1609 4982 aut
1663 4928 2084 5000 praesumptione

483 4998 789 5072 discedant.
853 5015 1015 5070 Aliud
1062 5023 1244 5071 autem
1290 5015 1586 5086 capitulum
1651 5016 1898 5084 ejusdem
1937 4998 2088 5071 beati

485 5105 679 5161 Leonis
709 5119 798 5158 me
825 5102 923 5157 tibi
953 5103 1161 5158 ordinis
1209 5104 1470 5160 societate
1507 5105 1802 5174 conjunxit,
1851 5104 1906 5159 in
1963 5103 2082 5175 epi-

447 5209 450 5212 '
483 5193 621 5250 stola
683 5193 754 5248 ad
801 5207 992 5247 omnes
1037 5191 1298 5263 episcopo
1335 5209 1437 5262 per
1485 5192 1736 5248 diversas
1777 5191 2084 5263 provincias

437 5283 440 5288 “
485 5282 826 5348 constitutos,
858 5280 930 5335 de
976 5279 1152 5335 sacris
1205 5280 1489 5336 ordinibus
1543 5289 1598 5336 et
1643 5296 1916 5337 canonum
1957 5295 2085 5352 pro-

441 5385 448 5392 ·
479 5369 722 5440 mulgata
746 5367 1066 5437 disciplinis,
1099 5367 1228 5422 dum
1249 5367 1376 5422 dicit
1409 5368 1596 5438 (epist.
1621 5369 1675 5438 l)
1707 5387 1721 5422 :
1760 5393 1780 5416 α
1819 5371 1934 5424 Hoc
1981 5367 2083 5424 ad-

433 5445 462 5478 "
481 5455 706 5511 monitio
733 5464 920 5511 nostra
955 5455 1254 5525 denuntiat,
1287 5456 1436 5526 quod
1461 5455 1512 5510 si
1539 5457 1662 5526 quia
1689 5455 1918 5526 fratrum
1945 5471 2083 5514 con-

2195 432 2351 488 fuerit
2381 447 2546 484 ausus
2575 430 2883 494 admittere,
2915 444 2944 480 a
2976 442 3075 480 suo
3107 442 3164 480 se
3195 423 3407 480 noverit
3436 421 3610 478 ofﬁcio
3652 423 3776 476 sub-

2195 519 2539 588 movendum,
2574 534 2675 572 nec
2706 515 3100 572 communionis
3147 521 3348 568 nostra:
3394 511 3629 588 futurum
3668 527 3778 565 esse

2193 615 2524 670 consortem,
2557 606 2648 678 qui
2679 605 2858 660 socius
2888 620 3010 658 esse
3040 602 3210 658 noluit
3238 585 3558 672 disciplinae.
3597 620 3618 648 »
3653 600 3780 654 Pen-

2194 713 2376 750 scmus
2405 695 2570 766 igitur
2600 710 2710 748 non
2739 693 2950 756 dolosa,
3012 691 3111 746 sed
3165 698 3314 746 recta
3374 697 3592 754 statera,
3625 704 3778 760 quem

2191 793 2436 840 nostrum
2467 783 2711 853 pressius
2739 781 2882 836 istud
2925 781 3200 850 contingat
3247 779 3560 848 capitulum,
3611 785 3778 830 utrum

2191 889 2298 938 me,
2331 871 2422 943 qui
2455 887 2538 938 ea,
2575 871 2666 942 qui
2699 886 2761 924 ea
2788 869 3233 940 irrefragabiliter
3278 866 3622 922 observanda
3667 877 3780 922 sunt

2191 961 2518 1027 constituta,
2578 959 2892 1014 auctoritate
2947 957 3364 1026 metropolitana
3419 956 3472 1010 in
3530 956 3780 1024 paroehia

2191 1049 2487 1120 provinciae
2515 1048 2648 1102 mihi
2677 1047 2982 1102 commissa:
3011 1061 3332 1100 conservare
3362 1043 3596 1106 decrevi,
3631 1059 3696 1096 an
3715 1053 3780 1110 te,

2191 1137 2282 1208 qui
2311 1139 2366 1192 in
2395 1137 2506 1200 illa,
2542 1152 2662 1206 quae
2687 1133 3066 1190 inviolabiliter
3093 1133 3468 1188 conservanda
3501 1140 3621 1186 sunt
3653 1147 3780 1186 con-

2190 1225 2391 1290 stituta,
2459 1233 2512 1280 et
2557 1223 2834 1278 temerasti
2874 1230 2927 1276 et
2975 1221 3208 1276 convelli
3247 1219 3442 1288 fecisti,
3488 1229 3540 1274 et
3595 1227 3782 1290 praeter

2186 1325 2294 1375 me,
2343 1308 2629 1378 primatem
2701 1315 2870 1372 tuum,
2915 1312 3106 1360 contra
3157 1311 3354 1360 statuta
3422 1303 3786 1358 ecclesiastica

2187 1395 2554 1466 subscripsisti
2596 1403 2648 1450 et
2691 1393 2960 1448 subscribi
3006 1392 3202 1456 fecisti,
3253 1409 3374 1448 cum
3417 1392 3554 1448 sicut
3593 1400 3782 1446 statuta

2186 1483 2562 1540 ecclesiastica
2582 1483 2796 1546 docent,
2833 1481 2948 1536 sine
2977 1497 3064 1535 me
3085 1480 3217 1534 nihil
3247 1481 3544 1536 decernere
3585 1479 3780 1548 valeas,

2185 1589 2306 1642 quae
2335 1573 2403 1626 ad
2431 1571 2750 1642 generalem
2779 1569 3184 1624 observantiam
3223 1569 3494 1640 pertinent
3547 1567 3783 1622 omnium

2190 1661 2408 1716 Domini
2443 1659 2806 1726 sacerdotum,
2833 1659 2972 1714 sicut
2999 1657 3312 1714 Africanum
3363 1657 3604 1714 decrevit
3650 1673 3784 1720 con_

2137 1757 2146 1760 ”
2186 1757 2366 1812 cilium
2397 1757 2586 1812 dicens
2615 1757 2796 1826 (conc.
2830 1757 3031 1824 Afric.,
3071 1770 3192 1810 can.
3239 1757 3328 1824 53)
3381 1771 3392 1808 :
3433 1777 3454 1804 α
3503 1756 3571 1810 Ut
3597 1763 3784 1824 poste-

2181 1845 2352 1900 riores
2383 1844 2750 1900 anterioribus
2775 1842 3038 1911 deferant,
3069 1859 3172 1898 nec
3201 1843 3278 1898 eis
3325 1843 3646 1898 inconsultis
3689 1842 3786 1898 ali-

2183 1934 2312 2004 quid
2341 1949 2510 2005 agere
2538 1939 2890 2003 praesumant.
2923 1931 3044 1999 Qua
3073 1931 3142 1986 de
3172 1946 3252 1996 re,
3291 1931 3464 2002 inquit
3507 1931 3782 1996 Aurelius,

2182 2023 2324 2089 dico,
2347 2029 2507 2092 prout
2532 2029 2724 2091 captus
2753 2020 2920 2074 animi
2949 2019 3058 2074 mei
3091 2019 3304 2080 retinet.
3351 2035 3447 2080 eos
3491 2021 3586 2090 qui
3633 2027 3784 2090 puta-

2183 2111 2356 2164 verint
2423 2109 2620 2179 spretis
2696 2107 2993 2176 majoribus
3053 2107 3258 2178 aliquid
3324 2108 3785 2178 praesumendum,

2183 2205 2554 2268 competenter
2610 2213 2733 2252 esse
2778 2197 2846 2250 ab
2895 2197 3043 2250 omni
3089 2196 3320 2252 concilio
3363 2197 3722 2252 coercendos.
3761 2219 3784 2246 ι

2185 2287 2253 2340 Et
2277 2287 2404 2340 hinc
2425 2287 2534 2341 Leo
2554 2286 2622 2340 ad
2651 2285 2995 2342 Theodorum
3023 2283 3450 2352 Forojuliensem
3471 2285 3788 2356 episcopum

2184 2375 2313 2430 dicit
2345 2375 2495 2440 (Leo,
2528 2376 2691 2445 epist.
2717 2375 2806 2443 59)
2841 2391 2854 2426 :
2881 2395 2902 2422 α
2925 2371 3066 2440 Quia
3085 2373 3140 2426 in
3160 2373 3358 2442 causis,
3379 2388 3500 2444 quae
3519 2374 3588 2428 ad
3617 2390 3789 2445 gene-

2185 2464 2356 2516 ralem
2385 2461 2785 2518 observantiam
2825 2461 3092 2530 pertinent
3137 2461 3374 2516 omnium
3429 2462 3646 2518 Domini
3693 2477 3784 2516 sa-

2186 2551 2482 2617 cerdotum,
2533 2549 2662 2602 nihil
2705 2549 2823 2604 sine
2868 2549 3184 2619 primaticus
3226 2557 3438 2620 oportet
3483 2550 3722 2621 impleri.
3761 2572 3784 2598 ι

2187 2639 2384 2692 Contra
2429 2637 2712 2692 constituta
2755 2653 2890 2708 ergo
2932 2637 3146 2704 venisti,
3195 2653 3318 2692 cum
3363 2653 3470 2703 ea,
3501 2654 3624 2709 quae
3669 2639 3786 2710 ipsa

2185 2727 2505 2796 praecipiunt
2553 2725 2684 2780 nulli
2747 2724 2990 2795 poscenti
3036 2726 3242 2796 negari,
3287 2726 3542 2782 omnibus
3584 2727 3642 2780 in
3700 2735 3794 2782 tua

2186 2815 2446 2883 parochia
2475 2813 2738 2884 denegari
2767 2813 2996 2881 jussisti.
3044 2814 3321 2868 Prohibita
3365 2815 3586 2885 quidem
3641 2815 3792 2870 fuisti

2187 2917 2352 2956 ausus
2371 2902 2676 2966 admittere,
2721 2917 2845 2956 cum
2903 2902 3168 2958 adversus
3223 2918 3286 2956 ea
3341 2918 3427 2956 me
3484 2904 3790 2974 postposito

2188 2989 2557 3060 subscripsisti
2586 2997 2638 3044 et
2668 2989 2936 3044 subscribi
2966 2989 3160 3056 fecisti,
3195 2990 3342 3060 quod
3379 2991 3542 3046 etiam
3599 3007 3706 3048 nec
3737 2993 3792 3046 in

2186 3078 2350 3133 rectis
2377 3095 2542 3148 agere
2571 3078 2838 3142 debuisti;
2873 3078 3200 3148 subscriptio
3229 3095 3464 3149 namque
3489 3088 3602 3146 tua,
3651 3081 3794 3135 sicut

2183 3183 2214 3220 a
2245 3167 2429 3220 multis
2457 3166 2674 3230 dicitur,
2727 3167 2953 3220 habetur
2999 3166 3306 3234 hujusmodi
3341 3183 3352 3221 :
3391 3189 3412 3218 α
3465 3167 3796 3224 Hincmarus

2186 3256 2301 3310 Deo
2331 3254 2628 3310 miserante
2653 3255 2915 3310 Ecclesia:
2953 3255 3327 3310 Landuneusis
3347 3255 3658 3326 episcopus,
3709 3259 3798 3312 bis

2185 3351 2500 3398 sanctorum
2528 3343 2840 3413 apostolicae
2865 3343 3014 3397 sedis
3043 3343 3258 3398 Patrum
3287 3343 3524 3400 decretis
3571 3345 3794 3400 obtem—

2185 3432 2485 3501 perandum
2515 3430 2830 3500 subscripsi.
2867 3430 2970 3498 Qui
3003 3447 3220 3501 quoque
3257 3431 3390 3486 mihi
3419 3433 3610 3488 eodem
3671 3435 3792 3490 Deo

2183 3527 2405 3574 auctore
2433 3519 2710 3574 commissi
2750 3527 2894 3583 sunt,
2927 3527 2980 3574 et
3011 3519 3066 3572 in
3096 3518 3182 3572 bis
3228 3519 3475 3575 similiter
3529 3521 3790 3586 sentiunt,

2183 3607 2398 3662 solliciti
2427 3623 2651 3662 servare
2681 3612 2942 3662 unitatem
2971 3607 3196 3677 spiritus
3242 3608 3298 3662 in
3353 3609 3570 3664 vinculo
3607 3611 3788 3680 pacis,

2181 3696 2282 3750 hac
2301 3711 2514 3751 mecum
2543 3711 2676 3765 pace
2704 3695 2994 3765 potiantur.
3027 3695 3082 3752 Si
3113 3711 3242 3752 vero
3271 3696 3436 3766 aliqui
3479 3713 3640 3752 secus
3697 3713 3799 3754 no—

2183 3781 2357 3838 lentes
2387 3783 2502 3838 fieri
2560 3783 2694 3838 socii
2744 3784 2901 3851 hujus
2957 3783 3278 3854 disciplinae,
3333 3801 3434 3842 nec
3489 3786 3799 3842 habeantur

2183 3871 2472 3941 participes
2503 3871 2900 3928 communionis
2927 3879 3146 3928 nostra.
3183 3877 3375 3928 Actum
3401 3873 3668 3930 Lauduno
3691 3891 3797 3930 VIII

2183 3960 2308 4014 ldus
2337 3960 2508 4015 Julias
2521 4001 2534 4013 .
2581 3981 2602 4009 υ

2253 4048 2371 4116 Qua
2399 4048 2794 4119 subscriptione
2823 4057 2914 4104 tua
2941 4049 3382 4106 manifestissime
3412 4051 3597 4116 claret,
3663 4051 3802 4123 quia

2181 4136 2228 4190 si
2275 4136 2498 4191 Niczeno
2540 4137 2790 4202 concilio,
2837 4145 2891 4192 et
2931 4137 3052 4192 aliis
3109 4138 3456 4208 generalibus
3511 4140 3804 4196 catholicis

2181 4225 2428 4294 synodis,
2495 4241 2794 4296 eorumque
2849 4224 2970 4280 ﬁxis
3026 4234 3079 4282 et
3129 4227 3494 4282 immobilibus
3551 4229 3800 4284 decretis

2179 4313 2454 4367 contraria
2483 4314 2650 4368 sentis
2695 4313 2750 4368 in
2805 4313 3010 4385 aliquo,
3071 4323 3130 4368 te
3181 4315 3386 4387 tibique
3441 4317 3804 4388 complicesa

3622 4407 3806 4462 :His

2183 4490 2414 4545 decretis
2461 4490 2948 4560 obtemperandum
3016 4491 3333 4562 subscripsi.
3401 4493 3554 4548 Unde
3601 4495 3806 4550 verbis

2185 4579 2329 4633 beati
2377 4579 2632 4650 Gregorii
2689 4578 3014 4650 alloquentis
3071 4579 3336 4636 Serenum
3391 4580 3806 4638 Massiliensem

2185 4667 2500 4737 episcopum
2551 4675 2602 4722 te
2647 4666 2912 4737 alloquor,
2968 4666 3158 4722 dicens
3187 4669 3206 4739 (
3235 4669 3326 4724 tib.
3385 4684 3466 4735 Ix,
3525 4687 3616 4741 cp.
3687 4676 3754 4742 9)
3787 4691 3810 4726 :

2189 4775 2212 4804 α
2262 4755 2359 4808 Die
2409 4755 2592 4820 frater,
2654 4771 2686 4808 a
2741 4771 2849 4825 quo
2903 4755 3104 4812 factum
3159 4757 3448 4812 sacerdote
3497 4758 3806 4829 aliquando

2185 4843 2426 4896 auditum
2505 4851 2586 4897 est
2653 4844 2800 4912 quod
2887 4842 3108 4899 fecisti?
3193 4845 3248 4900 Si
3317 4861 3424 4900 non
3477 4846 3644 4912 aliud,
3707 4847 3808 4904 vel

2185 4932 2318 4986 illud
2345 4938 2396 4985 te
2426 4931 2608 4985 debuit
2641 4947 2921 4996 revocare,
2973 4941 3030 4986 ut
3086 4933 3359 5003 despectis
3417 4935 3538 4989 aliis
3597 4935 3806 4990 fratri-

2187 5020 2288 5074 bus
2308 5018 2482 5072 solum
2512 5027 2563 5073 te
2595 5027 2838 5075 sanctum
2889 5028 2942 5074 et
2979 5037 3101 5075 esse
3159 5022 3418 5078 crederes
3463 5024 3804 5093 sapientem.

2187 5107 2465 5176 Praecipue
2493 5123 2616 5162 cum
2650 5123 2929 5162 sacrorum
2985 5124 3254 5166 canonum
3310 5110 3602 5180 prohibitio
3635 5119 3692 5166 te
3727 5114 3810 5168 ab

2187 5195 2286 5250 hac
2315 5196 2737 5265 praesumptione
2770 5195 2946 5252 modis
2975 5197 3230 5252 omnibus
3259 5205 3496 5254 revocet.
3521 5200 3637 5256 Hoc
3651 5216 3812 5258 vero

2187 5284 2332 5352 quod
2361 5283 2518 5352 dicis,
2551 5285 2666 5338 Deo
2696 5285 2992 5342 miserante
3023 5285 3288 5342 Ecclesia:
3331 5287 3718 5344 Laudunensis
3749 5297 3812 5346 te

2185 5387 2310 5426 esse
2339 5372 2670 5442 episcopum,
2705 5389 2925 5428 oramus
2957 5381 3014 5428 ut
3045 5390 3234 5430 verum
3267 5375 3354 5428 sit.
3389 5376 3646 5446 Legimus
3707 5386 3814 5436 ta-

2185 5475 2312 5515 men
2341 5461 2410 5514 de
2439 5460 2764 5531 quibusdam
2795 5461 2980 5520 dicere
3011 5463 3302 5524 Dominum
3335 5465 3483 5534 :Ipsi
3513 5481 3810 5536 νεαηαρς..
