4054 6180
259 243 390 299 ηαδ

970 244 1214 300 OPUSC.
1261 247 1368 304 Μ
1415 246 1636 306 ωηατ.
1696 247 1773 304 ΙΝ
1823 247 2054 308 ῧωθΑ
2095 251 2790 314 ΜΗΟΜΔΜῚΑΑΠΒΗΝ.

3447 260 3550 336 tio
3569 293 3588 340 _-_

257 371 416 432 ruat,
433 371 720 423 “mox
731 381 863 423 me:
871 370 1158 441 pm
1175 373 1550 434 acciturum,
1567 374 1625 426 et
1639 387 1759 428 nan
1775 387 1860 427 eoo
1872 371 1932 434 Α,
1955 373 2132 430 suisti.
2153 375 2469 440 Nonenim,
2486 379 2715 448 quando
2723 379 2884 444 illam
2893 381 3348 452 subscriptionem
3365 385 3552 448 t‘n'ma-
3586 439 3596 452 ,

253 456 418 524 gnavi
441 455 594 523 (eae.
624 457 766 525 um).
788 456 860 510 Et
879 472 898 509 :
917 457 1058 512 Dedi
1085 459 1169 512 eis
1196 474 1384 528 regem
1410 460 1475 513 iu
1504 461 1594 513 ira
1623 475 1767 522 mea,
1801 463 1860 514 et

251 544 580 614 principem
603 545 670 598 is
695 546 892 614 furore
907 545 1193 614 meum“.
1221 547 1366 615 nu).
1392 547 1498 613 Qui
1524 547 1667 616 facit
1687 548 1858 618 hypo-

252 632 464 685 critam
494 647 735 702 regnare
769 636 1000 704 propter
1011 638 1246 704 peccata
1271 635 1466 705 populi
1484 636 1600 704 (Job
1626 636 1852 704 xxxvi).

254 717 312 770 In
341 733 414 772 eo
440 719 587 788 quod
617 718 1010 789 subscripsisti,
1056 722 1266 776 Actum
1297 723 1569 777 Lauduno
1598 738 1698 776 VIII
1726 723 1856 778 Idus

253 806 456 870 Julius,
493 805 848 878 intelligimus
875 809 1174 864 secundum
1201 809 1358 881 leges
1382 825 1519 880 quas
1539 811 1736 880 probat
1755 811 1859 866 Ec-

251 893 436 962 clesia,
471 902 636 966 atque
674 896 980 950 secundum
1029 912 1215 952 sacros
1245 913 1506 962 canones,
1539 899 1679 953 hanc
1711 906 1856 952 tuam

252 983 372 1036 sine
417 982 650 1037 consule
692 984 958 1053 prolatam
985 1000 1096 1038 non
1123 985 1306 1040 valere
1353 986 1697 1040 sententiam.
1733 986 1857 1042 Alia

253 1085 486 1142 namque
515 1079 660 1138 sunt,
693 1088 814 1142 quae
843 1073 1264 1128 subscrihuntur
1291 1075 1362 1128 ad
1391 1074 1640 1129 notitiam
1669 1074 1746 1129 rei
1768 1075 1856 1130 vel

250 1159 536 1228 temporis,
585 1159 696 1214 alia
737 1176 878 1231 quas,
921 1161 1126 1230 scripto
1155 1161 1369 1230 prolata
1403 1161 1690 1225 sententia,
1725 1163 1854 1216 sub-

250 1247 544 1317 suiptione
591 1247 885 1320 alligantur
925 1249 997 1302 ad
1025 1249 1470 1305 observationem
1507 1250 1852 1306 constitutio-

251 1335 352 1402 nis,
398 1343 494 1389 aut
519 1335 895 1405 professionis,
947 1353 1044 1392 seu
1090 1337 1470 1404 accusationis,
1516 1339 1602 1393 vel
1631 1338 1852 1408 petitio-

251 1422 353 1476 nis.
389 1444 412 1472 ι
447 1423 747 1490 Sententia,
781 1424 1030 1494 inquiunt
1057 1425 1212 1498 leges
1243 1426 1398 1494 (Cod.
1430 1427 1522 1481 Th.
1557 1426 1665 1498 leg.
1703 1430 1752 1490 1,
1785 1427 1852 1481 de

250 1515 426 1566 coast.
457 1513 670 1584 prius"
703 1528 823 1567 can.
857 1514 972 1583 56),
1005 1513 1052 1567 si
1100 1514 1218 1568 sine
1267 1514 1467 1584 scripto
1497 1514 1642 1569 dicta
1673 1513 1850 1583 fuerit,

251 1614 352 1654 nec
377 1615 582 1654 nomen
602 1600 802 1654 habere
823 1601 1104 1656 sententiae
1125 1611 1404 1656 mereatur
1427 1621 1440 1666 ;
1467 1623 1489 1651 ι
1514 1609 1568 1656 et
1589 1619 1604 1656 :
1627 1601 1854 1672 «Siqua

1958 461 2044 525 sti,
2096 463 2228 534 quin
2282 466 2460 534 potius
2509 475 2562 522 te
2606 475 2660 521 et
2705 468 3118 528 subscribean
3167 479 3344 529 tecum
3392 465 3550 530 inﬁr-

1957 551 2138 616 masti,
2183 551 2448 607 sollicitus
2489 553 2638 608 fuisti
2688 556 2908 612 servare
2953 557 3216 614 unitatem
3243 559 3470 630 spiritus
3495 562 3554 618 in
3587 619 3596 628 ,

1956 636 2176 694 vinculo
2211 641 2382 708 pacis,
2434 642 2528 696 sed
2577 641 2838 700 sollicitus
2864 643 3012 700 fuisti
3039 645 3344 704 dissolvere
3370 649 3552 706 unita-

1957 733 2064 779 tem
2107 727 2324 797 Spiritus
2371 738 2559 783 contra
2608 730 2881 786 vinculum
2931 733 3096 801 pacis.
3161 735 3316 792 Unde
3359 739 3552 806 provi-

1955 813 2194 868 dendum
2245 825 2326 869 est
2375 816 2490 882 tibi,
2523 833 2591 871 ne
2637 819 2778 872 inter
2825 820 3226 880 adulteratores
3269 825 3422 878 verbi
3451 826 3555 881 Dei

1955 903 2304 972 computeris,
2353 921 2509 975 quos,
2546 914 2604 959 ut
2632 923 2792 976 supra
2836 909 3010 976 posui,
3043 910 3322 980 redarguit
3353 913 3556 970 Paulus

1955 991 2253 1059 apostolus.
2290 993 2397 1047 Sed
2427 1001 2480 1047 et
2509 995 2578 1048 de
2606 995 2709 1048 hac
2737 995 3006 1052 sententia
3051 997 3198 1052 idem
3244 999 3392 1057 dicit.
3423 1001 3550 1058 Sol-

1957 1078 2102 1134 liciti
2149 1095 2371 1134 seruare
2417 1082 2698 1136 unitatem
2745 1085 2981 1154 spiritus
3009 1087 3074 1141 in
3109 1088 3333 1145 vinculo
3365 1090 3544 1162 pacis,
3587 1153 3595 1160 ,

1955 1183 2134 1221 unum
2145 1183 2366 1238 corpus,
2386 1185 2536 1223 unus
2557 1171 2813 1240 spiritus,
2840 1173 2991 1228 sicut
3019 1176 3342 1233 voeatiestis
3356 1176 3421 1231 in
3433 1193 3556 1236 una

1953 1271 2047 1324 spe
2059 1257 2364 1310 vocationis
2380 1257 2811 1328 vestrazt'b‘phes.
2827 1263 2924 1326 ιν).
2950 1259 3103 1316 Unde
3123 1262 3320 1318 beatus
3342 1263 3570 1334 Gt‘égou,

1953 1341 2066 1395 rius
2085 1359 2098 1395 :
2115 1343 2196 1396 Ad
2219 1358 2382 1397 unam
2401 1343 2566 1414 igitur
2581 1345 2882 1400 vocationis
2897 1363 3049 1416 spem
3073 1363 3414 1419 nequaquam
3429 1367 3556 1421 per-

1951 1427 2196 1500 tingitur,
2213 1430 2259 1482 si
2279 1446 2390 1485 non
2410 1431 2482 1484 ad
2504 1447 2625 1486 eam
2646 1431 2791 1486 unita
2812 1449 2936 1488 cum
2954 1435 3218 1503 proximis
3230 1445 3416 1494 mente
3427 1453 3552 1494 cur-

1951 1524 2117 1570 ratur.
2151 1519 2269 1584 Est,
2302 1518 2474 1588 inquit
2501 1519 2767 1574 Dominus
2787 1522 2856 1574 ad
2883 1522 3146 1592 Moysem,
3195 1525 3347 1580 locus
3373 1542 3546 1596 penes

1950 1621 2058 1670 me,
2085 1609 2142 1660 et
2161 1607 2336 1661 stabis
2349 1624 2518 1678 super
2531 1613 2756 1679 petram
2779 1611 2978 1677 (Exod.
2997 1613 3225 1680 χχχιιι).
3248 1613 3426 1668 Locus
3442 1614 3560 1685 qui-

249 1695 370 1758 [νοεῖ
393 1689 518 1744 haec
558 1687 740 1744 edicta
767 1687 884 1744 sive
915 1689 1328 1744 constitutiones
1363 1689 1481 1745 sine
1511 1689 1599 1745 die
1629 1698 1684 1744 et
1712 1706 1848 1744 con-
1879 1717 1932 1778 Β
1953 1693 2080 1746 dem
2107 1694 2252 1762 apud
2281 1695 2578 1750 Dominum
2605 1704 2688 1752 est
2719 1705 2922 1753 sanctae
2941 1699 3208 1756 Ecclesia
3227 1699 3430 1766 unitas,
3451 1718 3560 1774 qua

247 1773 361 1830 sule
389 1775 556 1831 fuerit
600 1775 964 1846 deprehensa,
1008 1777 1330 1832 auctoritate
1356 1785 1591 1832 careant.
1624 1777 1694 1832 Et
1725 1777 1852 1834 hinc

247 1861 443 1919 Africa
465 1864 768 1934 provinciae
807 1879 1047 1920 canones
1094 1865 1366 1934 episcopis
1409 1866 1621 1921 litteras
1653 1865 1722 1919 ab
1751 1881 1850 1920 or-

246 1951 580 2007 dinatoribus
626 1951 741 2007 suis
797 1967 963 2007 manu
1020 1968 1211 2008 eorum
1267 1953 1606 2024 conscriptas
1655 1953 1852 2022 jubent

247 2041 519 2110 accipere,
564 2039 904 2095 continentes
956 2041 1236 2096 consulem
1277 2049 1331 2096 et
1380 2041 1550 2096 diem.
1586 2061 1608 2090 »
1660 2041 1738 2094 De
1781 2055 1848 2098 eo

247 2127 388 2197 quod
402 2127 748 2183 subnexuisti
763 2145 777 2181 :
795 2128 899 2195 Qui
919 2145 1130 2202 quoque
1148 2129 1294 2184 mihi
1312 2131 1598 2185 commissi
1613 2135 1768 2194 sunt,
1791 2134 1848 2186 et

246 2217 304 2270 in
319 2217 410 2272 his
427 2217 703 2273 similiter
717 2219 998 2282 sentiunt,
1015 2219 1119 2273 hac
1135 2234 1358 2273 mecum
1369 2235 1506 2290 pace
1522 2219 1842 2290 potiantur,

246 2303 442 2360 videris
469 2320 582 2360 non
611 2304 846 2374 simplici
887 2305 1246 2376 intelligentia
1283 2305 1550 2376 posuisse,
1585 2307 1688 2361 hac
1722 2323 1844 2361 me-

246 2410 372 2448 cum
400 2410 542 2465 pace
565 2396 867 2465 patiantur
889 2413 907 2448 :
929 2393 1060 2464 quia
1085 2409 1196 2448 non
1231 2403 1316 2448 est
1341 2410 1446 2464 pax
1476 2411 1622 2460 vera,
1655 2394 1761 2449 nisi
1789 2395 1846 2450 in

243 2482 595 2536 unanimitate
642 2481 928 2546 catholica,
989 2481 1228 2553 alioquin
1271 2482 1533 2546 dicentes,
1593 2491 1650 2536 ut
1710 2483 1844 2538 scri-

244 2578 390 2638 ptum
419 2577 506 2624 est
538 2587 552 2623 :
584 2572 730 2634 Pax,
750 2587 892 2641 pax,
924 2586 1054 2626 cum
1085 2587 1198 2625 non
1230 2574 1378 2625 esset
1395 2587 1514 2642 pax
1537 2572 1674 2639 (Jer.
1699 2579 1839 2639 vm).

247 2658 361 2713 Non
391 2663 480 2713 est
527 2675 646 2729 pax
693 2659 908 2729 impiis,
956 2658 1097 2714 dicit
1140 2660 1416 2714 Dominus
1455 2659 1587 2726 (Isa.
1623 2659 1840 2728 XLVIII).

245 2745 398 2816 [mpii
462 2761 702 2816 namque
758 2745 1030 2810 dicuntur,
1082 2746 1174 2816 qui
1231 2754 1322 2799 aut
1377 2761 1478 2815 per
1534 2744 1695 2801 fidem
1751 2763 1844 2800 re-

241 2841 382 2886 ctam
431 2833 702 2890 Ecclesim
745 2833 1028 2890 catholicae
1055 2848 1167 2889 non
1195 2833 1623 2903 incorporantur,
1656 2841 1747 2887 aut
1776 2833 1844 2886 ab

243 2936 304 2976 ea
346 2919 456 2976 ﬁde
503 2921 595 2976 vel
649 2937 815 2992 opere
857 2937 954 2991 per
991 2922 1233 2977 haereses
1273 2928 1364 2975 aut
1411 2921 1708 2976 schismata
1749 2937 1845 2975 re-

241 3009 458 3064 cedunt.
505 3009 576 3063 Et
617 3009 672 3063 in
709 3010 1064 3064 unanimitate
1111 3009 1379 3064 catholica
1436 3025 1546 3064 non
1603 3009 1844 3064 subscri-

240 3097 414 3166 psisti,
473 3112 654 3168 neque
699 3097 796 3152 tibi
855 3097 1178 3153 commissos
1236 3096 1586 3151 subscribere
1643 3096 1836 3162 iecisti,

241 3185 306 3252 si,
353 3194 412 3239 ut
453 3185 586 3254 dixi,
639 3194 828 3240 contra
875 3185 1129 3241 Nicanos
1172 3201 1432 3244 canones.
1482 3193 1536 3240 et
1583 3184 1690 3239 alia
1735 3202 1840 3257 ge-

239 3273 446 3328 neralia
489 3273 740 3339 concilia,
773 3272 990 3346 ﬁxaque
1018 3274 1236 3328 decreta
1281 3273 1448 3327 sentis
1477 3273 1564 3327 vel
1596 3273 1834 3336 sensisti,

241 3375 304 3416 ac
331 3377 430 3431 per
453 3361 563 3417 hoc
591 3361 856 3417 sollicitus
875 3376 1098 3417 servare
1121 3361 1384 3416 unitatem
1404 3360 1626 3430 spiritus
1648 3361 1702 3412 in
1722 3360 1838 3413 vin-

239 3449 359 3504 culo
389 3449 561 3520 pacis,
594 3446 939 3521 nequaquam
975 3449 1029 3504 in
1076 3449 1183 3504 ista
1227 3449 1624 3518 subscriptione
1669 3447 1832 3501 fuisti.

241 3537 388 3593 Sicut
415 3537 568 3593 enim
611 3539 666 3591 in
709 3538 888 3593 edicto
933 3537 1135 3608 quinta
1183 3537 1378 3606 synodi
1417 3537 1678 3606 scriptum
1708 3543 1788 3590 est
1821 3553 1834 3589 :

245 3648 266 3673 α
299 3625 488 3681 Solent
514 3641 682 3696 prave
713 3625 1028 3693 sentientes,
1062 3632 1120 3679 ut
1149 3625 1508 3694 simpliciores
1543 3623 1832 3694 decipiant,

241 3715 462 3771 vocibus
493 3713 716 3786 quidem
744 3713 822 3768 uti
849 3730 972 3785 quae
1002 3714 1071 3767 ab
1102 3712 1420 3767 orthodoxis
1449 3712 1537 3782 pie
1556 3712 1833 3776 dicuntur,

240 3812 445 3857 rectum
474 3809 659 3857 autem
689 3816 874 3856 earum
905 3801 1234 3856 intellectum
1265 3808 1318 3856 et
1347 3800 1740 3870 expositionem
1766 3800 1836 3854 ad

240 3905 388 3946 suam
433 3890 769 3962 impietatem
817 3889 1153 3945 transferre:
1185 3889 1442 3960 quoniam
1488 3897 1571 3943 est
1619 3888 1836 3958 quando

239 3981 441 4034 eadem
487 3993 676 4048 voces,
720 3993 844 4034 cum
873 3978 1012 4032 bene
1037 3985 1380 4056 exponuntur
1422 3983 1474 4031 et
1518 3976 1834 4048 intelligun-

240 4076 337 4133 tur,
377 4084 504 4124 cum
535 4067 734 4138 pietate
763 4074 890 4121 sunt
911 4083 924 4120 :
949 4065 1166 4137 quando
1209 4073 1392 4119 autem
1435 4065 1576 4119 male
1605 4080 1636 4118 a
1665 4080 1834 4134 prave

238 4155 595 4212 sentientibus
643 4155 1070 4224 interpretantur
1096 4162 1149 4208 et
1177 4153 1546 4224 proferuntur,
1579 4151 1832 4223 impieta-

239 4253 344 4300 tem
383 4244 610 4298 habent.
647 4264 669 4292 ι
698 4243 766 4296 Ει
807 4251 1028 4298 sanctus
1075 4241 1372 4313 Gregorius
1415 4241 1472 4295 in
1517 4239 1737 4296 homilia
1769 4243 1834 4292 to

239 4331 540 4388 Ezechielis
568 4330 700 4387 dicit
733 4348 749 4384 :
787 4354 808 4378 α
837 4329 977 4398 Quia
1005 4329 1250 4402 quisquis
1281 4327 1556 4399 expositor
1574 4327 1630 4382 in
1649 4327 1832 4398 expla-

1955 1796 2122 1851 supra
2153 1789 2362 1852 petram
2391 1791 2581 1848 statur,
2617 1784 2748 1838 dum
2777 1785 3139 1842 confessionis
3168 1788 3286 1856 ejus
3309 1789 3585 1856 soliditas.

1953 1869 2155 1924 utiliter
2184 1878 2417 1926 tenetur.
2441 1871 2508 1925 Hi
2529 1871 2674 1926 enim
2701 1872 2755 1926 in
2785 1872 2908 1930 loco
2937 1875 3032 1944 qui
3061 1889 3232 1945 penes
3261 1877 3576 1934 Dominum'

1952 1965 2060 2028 est,
2087 1965 2140 2011 et
2166 1974 2331 2028 supra
2370 1968 2582 2029 petram
2627 1966 2792 2024 stant”,
2825 1961 2920 2032 qui
2948 1977 3048 2032 per
3072 1963 3311 2020 haereses
3338 1965 3424 2020 vel
3451 1981 3553 2034 per

1951 2044 2248 2100 schismata
2274 2047 2344 2099 ab
2373 2047 2574 2101 unitate
2603 2064 2666 2102 se
2693 2047 2957 2104 Ecclesia:
2973 2065 3086 2104 non
3105 2050 3369 2109 dividunt.
3392 2050 3550 2119 Quia,

1949 2139 2006 2185 ut
2037 2142 2255 2187 sanctus
2286 2133 2500 2189 Hilarus
2537 2150 2683 2205 papa
2708 2135 2838 2194 dicit
2875 2137 3062 2208 (epist.
3095 2137 3174 2206 2),
3203 2138 3346 2194 sicut
3371 2145 3425 2192 et
3453 2155 3574 2204 sua

1947 2236 2049 2289 pra
2079 2221 2236 2290 posui
2269 2238 2280 2273 :
2322 2244 2344 2270 ε
2378 2223 2502 2276 Non
2552 2222 2730 2278 minus
2761 2225 2815 2278 in
2845 2233 3154 2280 sanctarum
3200 2225 3552 2282 traditionum

1947 2310 2256 2364 sanctiones
2298 2309 2652 2381 delinquitur,
2699 2328 2861 2382 quam
2907 2313 2964 2365 in
2994 2312 3165 2381 ipsius
3207 2312 3423 2368 Domini
3459 2313 3551 2368 in-

1939 2397 2136 2464 juriam
2183 2397 2478 2468 prosilitur.
2517 2420 2538 2448 »
2575 2399 2861 2454 Credimus
2899 2415 3152 2472 namque,
3186 2415 3252 2456 ac
3281 2401 3552 2467 cumEc-

1946 2485 2116 2539 clesia
2162 2485 2422 2541 catholica
2465 2485 2806 2554 conﬁtemur,
2841 2503 3027 2544 sacros
3073 2503 3316 2544 canones
3345 2487 3552 2558 Spiritu

1945 2573 2045 2626 Dei
2073 2573 2322 2628 conditos
2357 2589 2371 2628 :
2406 2575 2550 2628 unde
2591 2575 2684 2646 qui
2714 2591 2810 2644 per
2849 2583 3220 2646 contemptum
3246 2575 3547 2646 pertinaci-

1947 2652 2030 2713 ler
2058 2675 2091 2714 a
2121 2661 2295 2716 sacris
2325 2662 2626 2716 canonibus
2655 2662 2894 2728 deviant,
2924 2663 2979 2716 in
3011 2663 3272 2732 Spiritum
3301 2671 3552 2718 sanctum

1946 2763 2055 2816 quo
2085 2755 2206 2801 sunt
2235 2749 2435 2802 conditi
2463 2758 2709 2818 peccant.
2745 2749 3098 2805 Pertinaciter
3127 2759 3312 2806 autem
3339 2749 3548 2819 addidi,

1947 2835 2200 2904 quoniam
2234 2835 2496 2890 Dominus
2526 2837 2652 2890 dicit
2683 2838 2902 2906 (illatth.
2937 2850 3060 2907 xu),
3107 2839 3252 2908 quod
3281 2837 3339 2892 in
3368 2837 3548 2908 Spiri-

1947 2931 2057 2976 tum
2089 2931 2330 2978 sanctum
2381 2923 2732 2993 peccantibus
2778 2941 2879 2980 nec
2926 2925 3014 2981 hic
3065 2941 3208 2993 esse,
3240 2941 3342 2980 nec
3368 2924 3426 2980 in
3455 2923 3548 2978 fu-

1947 3018 2066 3064 turo
2093 3011 2292 3066 sarculo
2320 3011 2722 3066 remittendum.
2753 3011 2821 3066 Et
2849 3013 3050 3069 multos
3089 3013 3376 3070 hereticos
3401 3011 3548 3084 legi-

1950 3114 2069 3151 mus
2101 3107 2151 3152 et
2180 3099 2452 3153 credimus
2497 3100 2567 3153 ad
2607 3098 2770 3154 fidem
2817 3101 3137 3156 catholicam
3187 3107 3546 3167 revertentes,

1947 3194 2000 3240 et
2027 3185 2116 3240 hic
2146 3187 2522 3242 remiss1onem
2572 3204 2686 3242 suae
2731 3189 3044 3258 percepisse
3085 3189 3459 3261 blasphemiae,
3490 3195 3546 3244 et

1945 3273 2000 3325 in
2032 3273 2208 3328 futuro
2236 3291 2388 3342 spem
2420 3275 2773 3346 indulgentiae
2792 3277 3193 3346 consequentiae
3213 3276 3544 3346 sumpsisse.

1944 3361 2058 3415 Nec
2088 3369 2265 3414 tamen
2296 3362 2413 3430 ejus
2441 3361 2752 3432 refragatur
2773 3363 3060 3428 sententia,
3093 3364 3181 3434 qui
3212 3365 3340 3419 alibi
3365 3367 3497 3424 dixit
3525 3387 3540 3424 :

1954 3449 2106 3504 Verte
2129 3450 2346 3520 impios,
2381 3453 2437 3503 et
2468 3466 2582 3504 non
2612 3455 2784 3504 erunt
2814 3452 2996 3519 (Prov.
3026 3451 3148 3516 xu).
3173 3451 3295 3506 Non
3318 3454 3541 3522 quidem

1943 3544 1999 3589 ut
2019 3553 2130 3590 non
2150 3537 2253 3589 sint
2275 3553 2376 3606 per
2397 3537 2705 3601 essentiam,
2727 3538 2824 3592 sed
2847 3554 2954 3592 non
2978 3546 3139 3593 erunt
3158 3539 3302 3609 quod
3325 3539 3542 3602 fuerant

1941 3640 2040 3692 per
2065 3619 2354 3693 impietatis
2379 3625 2597 3694 culpam
2630 3643 2642 3678 :
2677 3625 2816 3680 sicut
2845 3634 2898 3680 et
2930 3625 3124 3680 Paulus
3169 3625 3298 3682 dicit
3327 3628 3396 3684 de
3426 3647 3486 3686 se
3518 3649 3534 3686 :

1948 3713 2066 3766 Vivo
2097 3718 2306 3770 autem.
2325 3715 2451 3783 jam
2469 3729 2584 3767 non
2613 3729 2726 3783 ego,
2762 3714 2896 3768 vivit
2927 3730 3052 3769 vero
3073 3715 3136 3768 iu
3164 3731 3252 3769 me
3277 3717 3536 3776 Christus

1939 3800 2082 3869 (Gal.
2117 3801 2198 3869 ιι).
2232 3800 2543 3855 Exstinctus
2591 3801 2791 3871 quippe
2819 3801 2994 3856 fuerat
3019 3817 3195 3856 saevus
3225 3803 3316 3859 ille
3343 3821 3535 3875 perse-

1937 3895 2110 3956 cutor,
2136 3897 2189 3942 et
2218 3888 2402 3943 vivere
2431 3897 2671 3958 cmperat
2697 3888 2819 3958 pius
2839 3889 3180 3958 praedicator.
3203 3891 3340 3947 Hinc
3369 3893 3532 3950 etiam

1935 3975 2110 4031 adhuc
2141 3976 2282 4046 dico,
2334 3977 2480 4046 quod
2527 3993 2652 4032 cum
2671 3977 2947 4032 catholica
2985 3978 3150 4032 credo
3177 3979 3444 4046 Ecclesia,
3479 3991 3534 4039 et

1934 4063 2214 4128 conﬁteor,
2269 4065 2391 4134 quia
2423 4065 2625 4134 Spiritu
2656 4067 2774 4130 Dei,
2806 4075 2863 4120 ut
2892 4067 3000 4120 Leo
3039 4081 3165 4121 cum
3193 4067 3312 4121 aliis
3339 4071 3528 4127 ortho-

1935 4151 2090 4206 doxis
2132 4151 2384 4216 afﬁrmat,
2434 4168 2670 4207 canones
2714 4153 2857 4208 sacri
2905 4163 3030 4208 sunt
3055 4155 3278 4210 conditi.
3312 4156 3418 4225 Qui
3446 4159 3526 4214 si-

1933 4240 2152 4310 quidem
2202 4240 2432 4311 Spiritus
2479 4249 2559 4295 est
2603 4241 2797 4306 Patris,
2857 4243 3086 4313 Spiritus
3143 4251 3225 4297 est
3279 4244 3417 4309 Filii,
3479 4255 3534 4302 et

1930 4327 2107 4395 Pater,
2166 4335 2219 4383 et
2265 4329 2447 4398 Filius,
2498 4337 2550 4383 et
2595 4328 2828 4398 Spiritus
2886 4338 3130 4394 sanctus,
3189 4346 3413 4401 quorum
3445 4341 3528 4388 est

238 4421 455 4476 natione
482 4419 622 4476 sacri
651 4418 871 4491 eloquii,
904 4427 962 4472 ut
991 4417 1222 4473 fortasse
1241 4415 1578 4472 auditoribus
1599 4416 1828 4485 placeat,
1847 4409 1900 4470 D
1931 4432 2038 4470 una
2081 4408 2401 4482 substantia,
2454 4432 2560 4471 una
2607 4417 2854 4471 voluntas
2885 4426 2936 4471 et
2961 4417 3226 4486 operatio,
3271 4433 3412 4473 unus
3441 4428 3531 4475 est.

233 4507 430 4580 aliquid
476 4507 794 4563 mentiendo
836 4506 1128 4576 componit,
1163 4521 1258 4559 sua
1289 4513 1342 4559 et
1371 4519 1482 4558 non
1516 4503 1615 4556 Dei
1657 4503 1830 4558 verba

233 4595 488 4667 loquitur,
522 4595 574 4650 si
585 4603 768 4650 tamen
787 4594 1036 4665 placendi
1055 4594 1142 4648 vel
1162 4591 1458 4647 seducendi
1474 4590 1653 4646 studio
1673 4605 1828 4645 men-

235 4685 408 4739 tiatur.
445 4706 469 4734 »
501 4685 571 4738 Et
599 4692 672 4752 tu,
705 4684 751 4738 si
784 4684 920 4738 hanc
968 4690 1291 4737 sententiam
1337 4680 1582 4750 Apostoli
1612 4679 1718 4734 tuis
1747 4678 1828 4734 di-

235 4781 334 4828 ctis
379 4771 772 4844 interposuisti,
807 4779 867 4826 ut
893 4771 964 4828 ad
1003 4769 1478 4834 subscribendum,
1526 4768 1670 4839 quod
1717 4783 1828 4822 non

235 4861 378 4930 licet,
434 4861 842 4918 comministros
875 4867 996 4914 tuos
1042 4857 1250 4913 facilius
1288 4872 1481 4927 posses
1539 4856 1822 4922 seducere,

233 4950 302 5005 de
333 4965 463 5006 auro
492 4957 547 5004 et
590 4955 820 5021 argento
868 4947 988 5012 Dei,
1023 4947 1079 5001 id
1107 4954 1190 5000 est
1217 4945 1286 4999 de
1326 4961 1491 5000 sensu
1520 4953 1570 4998 et
1609 4944 1827 5014 eloquio

231 5037 434 5107 divino,
467 5039 611 5093 sicut
627 5053 728 5108 per
755 5035 1075 5108 prOphetam
1091 5034 1356 5089 Dominus
1385 5033 1456 5088 ad
1487 5032 1830 5087 idololatram

231 5118 506 5196 populum.
536 5125 686 5189 dicit,
737 5132 828 5178 tuo
873 5139 1039 5179 sensu
1069 5123 1166 5176 tibi
1195 5130 1247 5176 et
1276 5121 1383 5175 illis
1413 5120 1616 5174 idolum
1657 5119 1828 5174 fabri-

231 5214 386 5269 casti.
436 5212 778 5268 Manifestum
823 5219 906 5266 est
936 5211 1102 5275 enim,
1152 5211 1278 5282 quia
1309 5209 1572 5265 sententia
1601 5214 1827 5278 aposto-

229 5302 352 5364 lica.
377 5316 543 5374 quam
573 5301 630 5355 in
660 5301 849 5355 eadem
879 5308 976 5355 tua
1001 5296 1398 5369 subscriptione
1428 5297 1498 5352 ad
1530 5306 1675 5352 tuam
1697 5311 1828 5351 con-

229 5390 545 5446 ﬁrmandam
577 5389 901 5448 sententiam
930 5403 1182 5458 perverse
1203 5385 1418 5455 misisti,
1436 5399 1547 5441 non
1572 5401 1636 5439 eo
1664 5400 1829 5439 sensu

232 5478 374 5534 dicta
401 5489 487 5534 est
511 5494 555 5535 ι
578 5480 736 5534 beato
774 5478 938 5534 Paulo
977 5476 1242 5546 apostolo,
1289 5474 1430 5531 sicut
1467 5489 1586 5530 earn
1617 5472 1692 5528 ibi
1721 5487 1828 5541 po-

1929 4504 2214 4571 Dominus,
2245 4520 2312 4561 ac
2341 4521 2439 4574 per
2467 4507 2568 4560 hoc
2596 4520 2629 4560 a
2658 4505 2814 4560 Patre
2843 4513 2893 4559 et
2923 4504 3058 4558 Filio
3084 4513 3140 4558 et
3162 4505 3366 4575 Spiritu
3395 4522 3523 4562 san-

1929 4599 2036 4652 cto,
2066 4599 2178 4646 tota
2230 4592 2435 4648 scilicet
2475 4593 2732 4648 Trinitate
2779 4609 2884 4648 uno
2919 4594 3033 4649 Deo
3063 4603 3114 4647 et
3145 4593 3396 4659 Domino,
3431 4609 3522 4650 ca-

1929 4694 2102 4734 nones
2143 4681 2286 4734 sacri
2317 4689 2441 4734 sunt
2485 4681 2700 4747 conditi,
2734 4697 2766 4736 a
2799 4682 2995 4753 quibus
3025 4682 3116 4752 qui
3146 4697 3242 4751 per
3269 4689 3518 4738 contem-

1930 4775 2078 4839 ptum
2108 4767 2456 4838 pertinaciter
2475 4769 2712 4836 deviant,
2733 4771 2787 4824 in
2809 4771 3022 4824 Patrem
3043 4777 3094 4824 et
3113 4769 3304 4824 Filium
3325 4777 3380 4826 et
3402 4771 3524 4840 Spi-

1928 4856 2088 4910 ritum
2127 4865 2394 4920 sanctum,
2434 4857 2638 4912 scilicet
2671 4858 2728 4912 in
2761 4859 2932 4913 Deum
2952 4863 3027 4914 ac
3057 4860 3346 4913 Dominum
3393 4876 3520 4928 pec-

1929 4952 2071 5000 cant.
2119 4946 2339 4999 Constat
2384 4945 2550 5016 igitur
2601 4946 2743 5016 quia,
2776 4955 2833 5000 ut
2863 4947 3095 5001 Hilarius
3141 4963 3280 5018 papa
3309 4947 3519 5014 scribit,

1929 5047 2038 5086 non
2057 5033 2237 5087 minus
2259 5033 2312 5086 in
2333 5040 2642 5087 sanctarum
2666 5034 3006 5088 traditionum
3027 5035 3330 5091 sanctiones
3347 5035 3524 5090 delin-

1929 5119 2130 5191 quitur,
2162 5137 2321 5192 quam
2351 5122 2405 5176 in
2434 5121 2604 5191 ipsius
2634 5121 2866 5186 Domini,
2901 5123 3076 5177 Patris
3116 5123 3322 5178 scilicet
3349 5133 3400 5178 et
3426 5123 3522 5178 Fi-

1930 5207 1987 5262 lii
2011 5217 2064 5263 et
2091 5209 2318 5278 Spiritus
2358 5210 2548 5273 sancti,
2597 5209 2846 5277 injuriam
2895 5211 3192 5280 prosilitur.
3225 5211 3291 5266 Et
3319 5227 3518 5266 conse-

1930 5306 2160 5366 quenter
2207 5297 2402 5352 iterum
2445 5297 2812 5366 pertinaciter,
2865 5299 2918 5352 id
2973 5308 3055 5354 est
3111 5307 3524 5369 perseveranter

1933 5383 2137 5450 addidi,
2189 5385 2311 5455 quia
2359 5386 2550 5441 beatus
2609 5387 2848 5441 Joannes
2902 5387 3178 5456 apostolus
3223 5387 3390 5443 dicit:
3420 5389 3524 5445 Est

1929 5478 2224 5543 peccatum
2251 5474 2322 5529 ad
2353 5481 2608 5536 mortem,
2645 5491 2752 5527 non
2783 5474 2904 5528 dico
2935 5481 2986 5528 ut
3019 5483 3199 5528 oretur
3220 5492 3316 5544 pro
3341 5493 3405 5530 eo
3428 5495 3442 5529 :
3465 5481 3522 5538 et
