4020 6182
1431 254 1775 314 meum
1801 245 2205 308 manus
2232 240 2788 301 mmemori.
3623 236 3736 313 ιιι

428 403 518 457 est
543 397 842 471 peceatum
867 405 987 447 που
1013 382 1587 454 admortomUJoan.
1612 378 1800 447 v,16),
1822 374 1946 430 dico
1966 380 2026 471 ut
2052 372 2109 432 Α
2128 367 2342 471 emisti,
2378 367 2478 422 sed
2507 381 2615 471 coal
2632 361 3084 435 prandentium
3113 360 3307 458 potius.
3627 371 3743 454 vo:

1025 474 1243 547 quidem
1279 443 1562 542 peccatum
1590 443 1662 521 ad
1689 443 1941 526 mortem,
1975 461 2029 514 in
2130 458 2248 512 lens
2272 471 2381 554 .me
2425 454 2728 510 ostendere
2763 466 3034 550 canonum
3082 448 3578 556 pmtaﬁcatprem,

648 532 898 642 ’πλέοᾶιο
946 532 1299 619 manentibus
1329 576 1343 612 :
1374 565 1455 612 est
1503 561 1785 626 peccatum
1823 567 1934 605 non
1961 549 2032 603 ad
2130 544 2288 617 quasi
2330 553 2520 599 contra
2565 557 2804 597 canones
2833 541 2888 593 in
2919 547 3007 592 tua
3036 536 3297 635 parochia
3343 534 3481 590 solvi
3508 550 3632 605 quae
3662 532 3735 587 li-

430 624 697 725 ;dr't’ewm:
822 654 1013 710 eodem
1045 656 1273 721 peccato
1300 624 1697 700 recedentibus.
1716 639 1935 694 Nullum
1952 644 2035 691 est
2131 633 2294 705 gasti,
2328 640 2381 686 et
2409 639 2628 687 certans
2656 645 2745 684 me
2775 636 2906 682 nota
2925 624 3546 725 damnationisi‘nurere,
3571 635 3747 718 quam

1029 707 1128 809 pro
1174 750 1282 806 quo
1472 746 1579 824 non
1616 736 1742 824 oret
1786 724 2033 781 Ecclesia
2133 719 2465 824 conscientia
2498 726 2585 772 tua
2616 713 3169 824 nequibateﬂ‘ugere,
3203 711 3410 824 id?
3438 709 3557 780 plus
3587 707 3749 824 veli-i-

428 796 832 899 ;;;i:¢;mrjﬁjxi,
865 796 1132 898 autquod
1162 796 1285 879 data
1314 820 1419 875 sibi
1462 817 1719 873 divinitus
1768 820 2033 885 potestate
2134 818 2220 863 tus
2262 809 2559 861 humanam
2609 804 3011 867 verecundiam,
3065 817 3135 855 ne
3178 800 3303 853 vilis
3348 797 3509 853 ﬁeres
3553 814 3623 851 ex
3652 796 3751 850 his

429 889 833 981 discedentibus
860 917 930 972 ab
961 889 1027 971 eo
1058 928 1168 970 non
1196 910 1370 982 possit
1400 907 1709 967 absolvere,
1744 903 1830 956 vel
1858 900 2035 971 paani-
2135 913 2256 968 quae
2307 910 2537 965 pet-pere
2577 892 2796 965 gessisti
2842 892 2948 945 tuis
3006 889 3257 954 subditis,
3304 903 3465 958 quam
3523 892 3754 940 reatum

2137 993 2261 1039 ante
2292 983 2508 1037 divinos
2554 981 2764 1046 oculos,
2808 979 2953 1050 quod
2984 977 3170 1031 humili
3202 973 3580 1045 resipiscentia
3608 988 3755 1027 cor-

2137 1073 2316 1144 rigere
2348 1079 2586 1141 poteras,
2620 1070 2692 1123 ad
2723 1068 2855 1122 illud
2902 1073 3284 1139 argumentum
3314 1072 3364 1117 te
3397 1060 3751 1123 convertisti,

2136 1168 2195 1214 ut
2227 1161 2365 1214 hanc
2411 1157 2790 1228 irregularem,
2821 1155 2931 1208 imo
2962 1152 3343 1225 tragoedialem
3384 1148 3758 1218 subscriptio—

2139 1264 2264 1301 nem
2308 1246 2672 1318 excogitares,
2705 1252 2758 1298 et
2787 1244 2888 1297 hac
2919 1241 3302 1296 adinventione
3350 1238 3639 1293 Dominum
3671 1235 3762 1291 ad

2139 1336 2476 1390 iracundiam
2522 1333 2754 1403 amplius
2797 1345 3145 1402 provocares,
3176 1338 3227 1383 et
3257 1337 3437 1382 tecum
3467 1325 3605 1380 alios
3638 1340 3759 1379 ne—

2140 1432 2338 1479 cteres.
2372 1423 2517 1494 Lege
2548 1422 2710 1492 igitur
2737 1420 2792 1474 in
2822 1418 3055 1474 decretis
3087 1416 3287 1472 Gelasii
3320 1414 3646 1469 sententiam
3679 1412 3767 1466 de

2141 1512 2358 1576 Acasio,
2392 1518 2445 1564 et
2476 1510 2543 1564 de
2572 1507 2844 1579 episcOpis
2873 1507 2965 1577 qui
2991 1522 3115 1561 eum
3147 1503 3474 1576 regulariter
3512 1510 3765 1557 conten-

425 276 527 336 ιιι

426 1011 664 1069 tantibus
691 1006 961 1069 relaxare,
995 1001 1084 1058 cui
1129 999 1325 1055 dicitur
1355 1014 1369 1050 :
1409 997 1760 1064 Quaecunque
1789 990 2035 1044 dimise-

425 1101 557 1158 ritis
575 1112 747 1169 super
764 1100 997 1156 terram,
1023 1090 1258 1145 dimissa
1280 1087 1455 1141 erunt
1476 1086 1531 1137 et
1546 1084 1609 1136 in
1626 1081 1799 1145 cretis,
1820 1081 1876 1132 et
1892 1090 2033 1148 quor

427 1167 945 1258 cunque—solveritis
965 1193 1135 1249 super
1152 1179 1385 1235 terram,
1404 1173 1576 1226 erunt
1589 1168 1774 1223 soluta
1788 1169 1841 1221 et
1858 1167 1918 1219 in
1932 1180 2038 1219 cae-

429 1277 500 1331 lis
517 1256 740 1342 (Matth.
773 1283 939 1333 xvm,
967 1265 1077 1335 18).
1101 1264 1236 1318 Cum
1259 1260 1403 1315 enim
1428 1257 1626 1312 dicitur
1649 1272 1662 1308 :
1686 1256 2037 1323 Quaecunque

425 1361 731 1424 solueritis,
764 1354 951 1412 omnia
982 1364 1323 1423 quaecunque
1370 1346 1494 1409 sint,
1529 1353 1581 1398 et
1615 1350 2035 1414 quantacunque

429 1451 558 1514 sint,
589 1456 643 1502 et
673 1444 1073 1520 qualiacunque
1117 1437 1245 1502 sint,
1295 1451 1361 1489 ex
1392 1446 1715 1505 quocunque
1755 1436 1913 1492 statu,
1948 1426 2034 1480 vel

432 1552 503 1594 ex
522 1514 850 1608 quocunque
867 1529 1025 1599 lapsu
1046 1522 1581 1595 comprehenduntur
1602 1535 1614 1574 :
1639 1517 1820 1573 veraci
1840 1514 2036 1569 nihilo-

649 1589 864 1676 eonum
923 1589 1187 1670 manente
1247 1608 1534 1672 sententia,
1583 1622 1705 1678 quae
1758 1617 2033 1673 nunquam
2142 1600 2345 1654 debant
2391 1614 2554 1668 posse
2601 1597 2910 1650 absolutum
2952 1595 3153 1659 dicere,
3188 1602 3240 1647 et
3284 1607 3408 1646 eam
3459 1590 3553 1644 tibi
3583 1599 3638 1644 et
3665 1589 3769 1643 his

440 1677 702 1768 :olvenda
732 1721 857 1763 esse
885 1702 1290 1764 denuntiantur,
1323 1697 1379 1751 in
1409 1677 1612 1751 eodem,
1633 1701 1822 1747 tenore
1854 1689 2033 1746 consi-
2066 1718 2120 1777 Β
2145 1703 2283 1758 quos
2314 1695 2494 1741 tecum
2526 1684 2699 1739 fecisti
2731 1682 3077 1738 subscribere
3108 1680 3339 1750 applica,
3374 1686 3427 1733 et
3459 1677 3588 1749 quid
3619 1692 3775 1749 ege-

440 1766 729 1858 stentibus,
760 1808 871 1849 non
918 1790 1083 1846 etiam
1125 1788 1193 1842 ab
1220 1787 1325 1841 hoc
1354 1784 1549 1839 eodem
1589 1788 1816 1851 peccato
1848 1785 2037 1848 postea
2066 1766 2117 1777 ν
2142 1776 2220 1829 ris
2250 1789 2604 1845 recognosce.
2638 1774 2705 1826 Et
2733 1772 2880 1843 quod
2906 1771 2980 1823 ibi
3003 1770 3071 1824 de
3091 1770 3222 1823 sede
3253 1766 3550 1838 apostolica
3570 1766 3769 1838 leges,

408 1854 840 1943 recedentibus.
872 1879 957 1934 Ex
986 1876 1071 1931 his
1100 1875 1262 1946 igitur
1290 1869 1728 1926 manifestissime
1769 1866 1935 1921 claret
1972 1864 2042 1919 de
2144 1864 2214 1918 de
2244 1870 2333 1917 tua
2380 1860 2689 1931 metropoli,
2732 1876 2854 1931 qua;-
2878 1859 3031 1927 jussa
3063 1856 3212 1911 sedis
3241 1854 3555 1925 apcstolicte
3586 1868 3769 1908 exse-

441 1973 636 2030 eadem
664 1978 758 2024 tua
787 1943 1202 2034 subscriptione,
1233 1961 1289 2015 in
1320 1974 1427 2030 qua
1455 1957 1593 2012 dicis
1613 1974 1626 2009 :
1647 1957 1761 2019 His,
1790 1953 1918 2024 quin
1940 1968 1967 2005 a
1992 1950 2075 2006 te'
2134 1960 2272 2019 euta
2294 1958 2396 2016 est,
2421 1950 2624 2004 dictum
2644 1956 2793 2018 puta.
2819 1948 2905 2001 Ait
2924 1947 3064 1999 enim
3089 1944 3383 2011 (Gelasius,
3400 1945 3562 2015 epist.
3582 1946 3669 2007 ll,
3694 1943 3771 1996 in

443 2058 758 2132 specialiter
773 2031 1062 2123 excerptis,
1084 2045 1752 2118 sanctorumapostolicce
1772 2042 1915 2095 sedis
1938 2042 2045 2094 Pa-
2144 2040 2281 2107 ﬁne)
2315 2056 2327 2091 :
2367 2059 2388 2087 ι
2426 2037 2554 2091 Ideo
2583 2052 2708 2091 cum
2738 2035 2869 2089 sede
2899 2033 3197 2103 apostolica
3225 2031 3449 2085 minime
3479 2045 3776 2101 congrue-

448 2117 603 2205 ἀνω
621 2145 861 2202 decretis
878 2117 1378 2211 obtemperantium
1393 2117 1717 2204 subscripsi.
1738 2129 1879 2196 Quia
1900 2126 1964 2191 si,
1987 2133 2048 2181 ut
2148 2127 2295 2194 bant,
2329 2126 2459 2196 quia
2488 2125 2546 2178 in
2574 2134 2774 2178 sortem
2807 2123 3116 2177 reciderant
3147 2117 3586 2191 praevaricatoris
3615 2121 3773 2173 Aca-

438 2251 606 2308 supra
635 2232 766 2295 dixi.
800 2238 854 2286 et
883 2243 1029 2284 nunc
1053 2207 1246 2281 iterum
1277 2224 1421 2291 dico,
1451 2221 1673 2275 Niceno
1705 2216 1958 2280 concilio,
1991 2222 2045 2269 et
2147 2215 2238 2281 cii,
2274 2223 2327 2269 et
2356 2214 2497 2267 illius
2529 2229 2589 2267 se
2620 2212 2736 2266 sine
2767 2211 2934 2266 dubio
2957 2209 3312 2280 pervidebant
3334 2207 3603 2262 sententia
3625 2222 3780 2261 con-

442 2295 565 2380 aliis
610 2317 960 2394 generalibus
1006 2330 1069 2369 ac
1114 2310 1395 2367 catholicis
1443 2306 1686 2379 synodis,
1748 2316 2046 2374 eorumque
2151 2310 2445 2373 sequenter
2473 2301 2757 2371 adstringi,
2790 2299 2860 2354 ob
2888 2300 2993 2354 hoc
3014 2314 3136 2353 eum
3157 2296 3329 2352 videri
3350 2295 3608 2350 nolebant
3631 2310 3774 2350 esse

450 2409 576 2466 ﬁxis
602 2384 658 2464 ξι
684 2400 1155 2476 irrefragabilibus
1184 2397 1440 2461 decretis,
1472 2411 1593 2467 qum
1627 2391 1926 2464 apostolica
1956 2406 2048 2445 se-
2151 2390 2486 2457 damnatum,
2533 2389 2654 2460 quia
2688 2404 2746 2441 se
2777 2387 3181 2458 cognoscebant
3210 2385 3266 2438 in
3296 2384 3493 2439 eadem
3536 2398 3772 2453 praeva-

438 2497 541 2553 des
571 2503 626 2551 et
670 2499 864 2551 cuncta
883 2472 1140 2546 Ecclesia
1186 2484 1450 2541 catholica
1496 2481 1709 2552 recipit,
1737 2486 2045 2542 veneratur,
2150 2478 2408 2533 ricatione
2451 2493 2574 2531 esse
2618 2476 2920 2541 damnatos,
2970 2475 3025 2528 in
3071 2490 3176 2545 qua
3227 2472 3497 2543 hodieque
3531 2485 3775 2525 manere

443 2593 499 2641 et
527 2590 724 2646 servat,
770 2576 1037 2635 contraria
1084 2576 1140 2630 in
1188 2573 1371 2644 aliquo
1413 2570 1603 2635 sentis,
1652 2567 1737 2623 vel
1784 2566 1956 2620 teneri
1986 2580 2051 2619 ac
2148 2566 2462 2636 persistunt.
2516 2564 2625 2618 Sed
2671 2563 2807 2617 sicut
2837 2562 2893 2616 hi
2923 2561 3085 2615 simili
3113 2559 3426 2615 conditione
3457 2557 3773 2623 constricti,

440 2669 655 2729 servari
700 2666 976 2734 decernis,
1026 2672 1078 2718 te
1125 2661 1330 2733 tibique
1378 2657 1674 2729 complices
1719 2672 1750 2709 a
1787 2653 2052 2711 catholica
2150 2653 2473 2723 complicem
2518 2668 2676 2705 suum
2723 2667 2834 2705 non
2890 2656 3121 2720 possunt
3171 2648 3421 2717 judicare
3476 2662 3588 2700 non
3638 2645 3777 2713 jure

445 2756 833 2817 communione
885 2749 1210 2825 segregasti,
1257 2756 1311 2803 et
1347 2746 1566 2819 quando
1610 2742 1890 2800 catholicae
1947 2741 2051 2795 ob-
2151 2742 2482 2807 damnatum,
2535 2755 2713 2810 neque
2757 2738 2835 2792 rei
2881 2753 3032 2792 reum
3099 2744 3330 2807 possunt
3387 2741 3780 2804 competenter

431 2844 745 2904 servantia
774 2821 1480 2906 contrariissubscripsisti,
1531 2832 1793 2888 sollicitus
1831 2844 2053 2884 servare
2150 2828 2483 2883 absolvere:
2517 2827 2595 2882 sic
2645 2826 2737 2880 illo
2792 2826 2936 2894 juste
3002 2823 3419 2895 praevaricatore
3476 2821 3773 2890 damnato,

451 2934 712 2989 unitatem
761 2927 979 3000 spiritus
1032 2926 1088 2980 in
1139 2923 1355 2978 vinculo
1409 2921 1560 2991 pacis
1614 2933 1954 2989 nequaquam
1997 2915 2054 2969 in
2154 2917 2259 2987 ipsi
2289 2931 2505 2986 quoque
2535 2915 2650 2985 pari
2670 2915 2853 2982 jacent
2886 2912 3237 2967 damnatione
3277 2908 3546 2981 prostrati,
3580 2924 3777 2980 neque

454 3021 557 3076 ista
588 2996 986 3086 subscriptione
1014 3011 1180 3067 fuisti.
1216 3011 1280 3064 Et
1309 3010 1454 3064 beati
1484 3008 1680 3062 Leonis
1711 3003 2054 3061 decernentis
2089 3063 2134 3086 Α
2155 3004 2259 3059 nisi
2291 3004 2673 3073 resipiscentes
2702 3002 2826 3055 inde
2847 3008 3100 3070 poterunt
3120 3015 3345 3070 prorsus
3360 2996 3570 3052 absolvi
3597 3015 3612 3062 ;
3637 2997 3785 3067 quia

461 3107 654 3181 (epist.
688 3105 778 3175 59)
860 3100 997 3170 Quia
1035 3100 1089 3154 in
1119 3098 1322 3163 causis,
1367 3111 1487 3167 quae
1515 3094 1585 3149 ad
1613 3093 1927 3165 generalem
1958 3090 2057 3145 oh-
2087 3063 2136 3126 Ο
2158 3093 2297 3148 sicut
2343 3063 2443 3161 per
2483 3106 2648 3144 unum
2680 3063 3014 3145 scribentem
3042 3063 3235 3142 eorum
3265 3086 3508 3141 omnium
3537 3063 3777 3155 vulgata

454 3173 785 3251 servantiam
833 3189 1105 3261 pertinent
1153 3185 1393 3241 omnium
1439 3182 1655 3238 Domini
1689 3180 2057 3245 sacerdotum,
2159 3178 2521 3250 transgressio
2553 3186 2654 3246 est,
2687 3178 2780 3248 qui
2809 3177 2865 3230 in
2894 3176 3143 3231 eamdem
3175 3173 3417 3245 perﬁdia:
3455 3173 3781 3228 reciderant

457 3281 593 3338 nihil
622 3280 739 3335 sine
768 3276 1092 3350 primatibus
1123 3280 1337 3344 oportet
1385 3270 1619 3341 impleri,
1651 3284 1757 3323 non
1789 3267 1935 3321 fuisti
1965 3281 2061 3321 so-
2160 3268 2447 3332 actionem,
2503 3267 2581 3320 sic
2627 3266 2683 3319 in
2727 3281 2840 3319 uno
2870 3265 3191 3335 eodemque,
3244 3262 3337 3334 qui
3365 3277 3464 3332 pro
3511 3261 3780 3315 omnibus

459 3372 579 3429 cius
606 3366 926 3438 disciplinae.
951 3363 1107 3420 Unde
1136 3360 1434 3417 timendum
1462 3366 1546 3413 est
1575 3365 1631 3412 ut
1653 3372 1760 3411 non
1793 3356 1868 3409 sis
1898 3354 2064 3409 etiam

462 3472 693 3517 consors
736 3450 1135 3511 communionis
1184 3465 1314 3511 sum,
1347 3464 1377 3501 a
1405 3446 1558 3514 cujus
1604 3444 1987 3500 communione
2018 3441 2065 3496 si

463 3545 612 3621 quod
639 3542 780 3599 absit
807 3540 975 3597 fueris
1022 3538 1249 3601 alienus,
1286 3552 1412 3591 cum
1440 3534 1545 3600 his,
1580 3547 1811 3604 quorum
1841 3531 2066 3585 decreta

468 3619 705 3691 convelli
744 3628 939 3694 fecisti,
979 3626 1117 3682 sicut
1145 3640 1212 3680 ex
1242 3624 1412 3679 sacris
1450 3620 1747 3677 canonibus
1778 3627 1831 3673 et
1868 3619 2065 3673 decre-

471 3722 542 3777 tis
571 3721 832 3777 Romanas
878 3714 1026 3771 sedis
1055 3709 1369 3784 pontiﬁcum
1414 3709 1511 3763 tibi
1555 3708 1753 3776 scripto
1778 3706 1972 3771 direxi,
2006 3720 2068 3760 ac

473 3821 573 3878 per
599 3805 703 3859 hoc
746 3816 870 3857 cum
914 3796 1161 3854 Ecclesia
1201 3794 1468 3850 catholica
1497 3790 1933 3846 communionem
1966 3789 2068 3843 ha-

476 3877 613 3948 bere
639 3904 749 3945 non
776 3885 1002 3958 poteris.
1026 3884 1097 3937 Et
1124 3897 1235 3936 non
1255 3881 1372 3935 leve
1393 3879 1489 3933 tibi
1509 3879 1620 3933 ullo
1640 3878 1803 3933 modo
1824 3877 2072 3931 videatur

480 3977 628 4052 quod
649 3989 813 4045 supra
832 3988 900 4028 ex
920 3970 1102 4026 verbis
1117 3968 1358 4037 ejusdem
1380 3967 1522 4023 beati
1536 3966 1732 4021 Leonis
1751 3965 1928 4036 posui,
1953 3963 2072 4036 qui-

436 4116 441 4119 _
482 4066 588 4121 bus
602 4061 733 4119 dicit
748 4061 937 4133 (epist.
952 4059 1040 4124 84,
1054 4056 1126 4112 ad
1146 4058 1380 4111 Leonem
1397 4053 1763 4127 Augustum):
1784 4074 1804 4102 α
1824 4051 1958 4120 Quae
1976 4066 2075 4122 pa-

482 4150 677 4208 tefacta
697 4154 822 4204 sunt
840 4160 1105 4219 quaerere,
1125 4151 1179 4199 et
1193 4159 1315 4215 quae
1338 4141 1575 4213 perfecta
1602 4148 1727 4196 sunt
1755 4147 2070 4204 retractare,
2104 4187 2114 4196 .

483 4247 539 4298 et
568 4253 691 4312 quae
719 4244 842 4291 sunt
869 4231 1093 4289 diﬁiuita
1120 4230 1448 4298 convellere,
1474 4230 1602 4301 quid
1630 4228 1777 4283 aliud
1806 4235 1887 4282 est
1917 4243 2075 4298 quam

483 4328 554 4384 de
581 4324 794 4396 adeptis
820 4321 1056 4394 gratiam
1084 4334 1193 4376 non
1223 4318 1443 4385 referre,
1477 4325 1529 4372 et
1557 4317 1625 4371 ad
1657 4315 1959 4370 interdictae
1987 4329 2076 4368 ar-

2163 3356 2474 3426 seripserat,
2510 3354 2596 3408 vel
2629 3353 2922 3408 scribendo
2952 3351 3196 3407 omnium
3227 3349 3539 3422 prodiderat
3566 3348 3780 3404 volun-

2162 3452 2317 3511 tates,
2368 3443 2813 3515 transgressione
2858 3440 3066 3512 punita,
3130 3439 3337 3510 pariter
3381 3453 3602 3509 quoque
3647 3452 3783 3492 cum

2164 3532 2377 3599 eodem,
2404 3531 2490 3585 vel
2520 3532 2576 3583 in
2605 3531 2799 3584 eodem
2827 3538 2910 3583 est
2930 3527 3257 3598 complicum
3277 3526 3650 3598 transgressio
3672 3541 3779 3596 pu-

2165 3620 2278 3674 nila
2308 3626 2644 3673 cunctorum.
2684 3638 2706 3667 υ
2742 3619 2809 3672 Et
2840 3625 3059 3672 sanctus
3088 3615 3324 3669 Hilarius
3352 3615 3407 3668 in
3439 3613 3673 3684 epistola
3706 3613 3781 3668 de

2167 3706 2408 3777 synodis,
2433 3722 2595 3777 quam
2625 3705 2693 3759 de
2719 3704 2908 3759 exsilio
2939 3704 3007 3758 ad
3038 3702 3351 3758 Gallicanos
3379 3701 3528 3755 misit
3558 3700 3782 3770 episco-

2166 3810 2286 3865 pos,
2337 3794 2466 3849 dicit
2500 3811 2513 3848 ε
2549 3814 2570 3843 α
2602 3792 2770 3857 Nihil,
2824 3792 3090 3863 inquiens,
3154 3790 3351 3844 mirum
3395 3787 3569 3843 videri
3617 3788 3781 3843 vobis

2169 3883 2348 3947 debet,
2384 3880 2582 3936 fratres
2609 3880 2934 3945 charissimi,
2967 3878 3113 3950 quod
3141 3886 3247 3931 tam
3271 3876 3586 3948 frequenter
3608 3892 3784 3946 expo-

2169 3971 2224 4024 ni
2280 3968 2416 4023 ﬁdes
2483 3977 2677 4039 emptas
2733 3976 2857 4023 sunt
2909 3983 2920 4022 :
2969 3966 3351 4022 necessitatem
3425 3966 3568 4019 hanc
3626 3964 3781 4019 furor

2171 4058 2460 4113 haereticus
2523 4056 2797 4126 imposuit,
2860 4063 2914 4110 et
2965 4053 3266 4110 necessitas
3319 4051 3781 4108 consuetudinem

2172 4145 2347 4201 intulit
2378 4144 2575 4214 exponi
2601 4142 2758 4209 fides,
2794 4151 2847 4198 et
2876 4142 3136 4213 expositis
3171 4140 3463 4196 subscribi.
3494 4140 3602 4196 Ubi
3635 4139 3782 4195 enim

2175 4248 2368 4287 sensus
2407 4230 2753 4287 conscientia:
2797 4230 3147 4300 periclitatur,
3186 4228 3293 4283 illic
3323 4228 3504 4281 littera
3531 4226 3783 4297 postula-

2176 4328 2278 4385 tur,
2311 4335 2410 4373 nec
2459 4335 2590 4373 sane
2632 4319 2898 4374 subscribi
2944 4317 3188 4388 impedit,
3237 4316 3383 4387 quod
3435 4315 3674 4370 salutare
3700 4323 3782 4372 est

486 4415 637 4472 boris
665 4412 846 4470 cibum
875 4409 1150 4481 improbos
1176 4407 1445 4479 appetitus
1483 4402 1775 4459 mortiferae
1803 4402 2075 4472 cupidita-
2105 4412 2158 4471 D
2179 4406 2445 4463 conﬁteri.
2485 4428 2508 4456 »
2541 4407 2808 4461 Converte
2865 4406 3034 4477 igitur
3088 4404 3279 4459 oculos
3320 4405 3518 4459 mentis
3565 4411 3674 4457 tute
3713 4402 3785 4457 ad

485 4505 555 4560 tis
583 4499 918 4559 extendere?
952 4518 976 4548 ι
1013 4496 1123 4553 Sed
1150 4511 1274 4551 cum
1301 4509 1505 4566 magna
1548 4492 1732 4548 cordis
1779 4490 2076 4544 intentione

487 4591 799 4655 considera,
849 4586 937 4643 cui
991 4591 1216 4656 peccato
1271 4590 1556 4653 peccatum
1612 4580 1760 4651 quod
1813 4577 2076 4632 admisisti

485 4678 715 4736 diﬂinita
742 4672 1057 4733 convellens
1084 4678 1378 4742 comparet,
1413 4668 1618 4724 scilicet
1663 4668 1809 4738 quod
1837 4682 1946 4721 non
1972 4667 2077 4721 nisi

488 4782 756 4840 sanguine
784 4763 905 4820 Filii
931 4761 1032 4817 Dei
1059 4757 1317 4831 praevalet
1345 4756 1567 4827 expiari,
1602 4754 1856 4810 videlicet
1885 4755 2077 4826 quoda

483 4855 661 4926 primo
702 4860 928 4923 parente
976 4847 1325 4905 commissum
1355 4845 1409 4898 in
1440 4859 1632 4899 omnes
1660 4851 1911 4913 posteros
1943 4858 2075 4913 per-

485 4941 758 5008 transivit,
788 4940 926 4995 sicut
954 4938 1085 4993 dicit
1112 4935 1402 5007 Apostolus
1426 4948 1439 4989 ε
1468 4935 1571 4988 Per
1588 4949 1769 4987 unum
1792 4931 2075 4987 hominem

479 5028 781 5104 peccatum
791 5027 1029 5082 intravit
1040 5027 1104 5081 in
1116 5024 1293 5080 mund
1301 5025 1475 5088 um,et
1487 5037 1586 5092 per
1595 5024 1888 5093 peccatum
1905 5036 2071 5087 mors,

482 5124 539 5175 et
567 5119 652 5174 ita
680 5118 745 5173 in
772 5130 963 5171 omnes
984 5115 1236 5169 homines
1254 5109 1650 5185 pertransivit,
1675 5110 1737 5163 in
1759 5124 1862 5180 quo
1882 5124 2075 5163 omnes

476 5207 860 5281 peccaverunt
890 5204 1067 5272 (Rom.
1098 5217 1154 5256 v.
1192 5203 1279 5270 12)
1304 5216 1316 5255 :
1343 5200 1480 5254 sicut
1510 5206 1563 5252 et
1590 5213 1691 5267 per
1720 5205 1771 5251 te
1800 5196 1856 5249 in
1884 5212 2075 5250 omnes

478 5303 661 5353 tecum
707 5290 1113 5350 subscribentes
1160 5297 1350 5345 contra
1396 5286 1624 5342 difﬁnita
1670 5300 1704 5340 a
1737 5285 1935 5340 sanctis
1968 5285 2073 5340 Pa-

481 5382 654 5439 tribus
701 5388 983 5453 peccatum
1029 5375 1364 5450 pertransiit,
1412 5376 1504 5446 qui
1541 5383 1595 5430 te
1642 5381 1842 5446 agente
1885 5372 1941 5426 in
1969 5373 2074 5427 hoc

478 5486 861 5551 peccaverunt,
885 5475 1014 5550 quia
1041 5476 1097 5532 in
1124 5474 1216 5531 illa
1244 5471 1641 5542 subscriptione
1659 5486 1770 5527 non
1789 5478 1841 5525 te
1861 5468 2076 5540 penitus

2172 4506 2350 4551 actum
2382 4504 2553 4558 tuum,
2585 4495 2730 4565 quod
2778 4493 3236 4558 irrationabiliter,
3270 4501 3323 4546 et
3353 4500 3546 4547 contra
3587 4501 3781 4547 aucto-

2173 4585 2385 4638 ritatem
2432 4591 2596 4653 atque
2634 4584 2751 4636 sine
2784 4582 2893 4635 ulla
2932 4581 3252 4636 necessitate
3282 4580 3341 4634 in
3369 4580 3472 4635 hac
3502 4595 3779 4650 prsesum-

2171 4673 2317 4743 ptiva
2384 4670 2781 4740 subscriptione
2838 4678 2925 4723 tua
2987 4677 3306 4740 perpetrare
3373 4684 3482 4722 non
3531 4666 3778 4736 timuisti,

2174 4768 2227 4814 et
2277 4760 2371 4814 tibi
2421 4759 2665 4814 subditos
2711 4773 2876 4829 agere
2934 4757 3262 4827 compulisti,
3305 4772 3375 4810 ne
3423 4755 3577 4811 furor
3637 4764 3774 4820 tuus,

2175 4849 2277 4902 etsi
2320 4848 2534 4902 diverso
2580 4846 2764 4910 modo,
2816 4862 2926 4900 non
2972 4846 3189 4901 diverso
3232 4844 3379 4911 dolo,
3413 4845 3467 4898 in
3502 4845 3608 4900 hoc
3641 4844 3778 4899 facto

2174 4936 2342 4990 furori
2373 4936 2747 4989 hmreticorum
2775 4942 3039 5005 aequetur,
3064 4935 3154 5004 qui
3186 4933 3294 4987 illic
3324 4933 3556 4987 litteram
3589 4941 3776 5002 postu-

2174 5024 2314 5088 lasti,
2374 5024 2465 5077 ubi
2516 5040 2709 5077 sensus
2775 5022 3121 5078 conscientiae
3175 5037 3285 5075 non
3339 5022 3772 5091 periclitabatur,

2174 5121 2226 5166 et
2270 5112 2443 5167 fecisti
2506 5111 2776 5165 subscribi
2836 5111 2983 5181 quod
3043 5110 3278 5164 salutare
3323 5126 3431 5163 non
3479 5118 3566 5163 est
3610 5105 3772 5163 eonﬁ-

2174 5200 2292 5264 teri,
2337 5201 2383 5253 si
2426 5208 2605 5253 tamen
2652 5215 2807 5254 sacro
2854 5199 3077 5254 Nicaeno
3121 5197 3369 5262 concilio,
3418 5204 3472 5251 et
3520 5198 3778 5252 Romanae

2174 5288 2321 5343 sedis
2366 5287 2680 5359 pontiﬁcum
2722 5288 2958 5343 decretis
3004 5295 3129 5357 post
3173 5286 3457 5341 Nicaenum
3488 5286 3775 5342 concilium

2171 5376 2391 5444 habitis,
2440 5386 2493 5431 et
2521 5393 2585 5431 ex
2618 5376 2784 5431 sacris
2822 5376 3125 5432 canonibus
3172 5374 3558 5447 promulgatis,
3593 5374 3653 5429 in
3683 5371 3773 5428 ali-

2174 5490 2281 5544 quo
2325 5482 2409 5531 est
2453 5473 2804 5541 contrarium,
2855 5473 2997 5546 quod
3029 5490 3062 5530 a
3089 5483 3143 5530 te
3188 5480 3243 5530 et
3269 5473 3377 5529 tuis
3419 5471 3776 5545 complicibus
