4054 6180
291 278 393 332 L33

1005 273 1250 332 OPUSC.
1292 275 1381 330 ET
1435 274 1654 330 EPIST.
1707 274 1780 329 IN
1834 272 2061 328 CAUSA
2116 271 2460 328 HINCMARI
2497 273 2807 331 LAUDUN.

3489 274 3595 332 ιιι

288 406 500 456 constat
530 414 654 455 esse
695 397 1052 470 subcriptum.
1112 399 1174 454 In
1203 414 1312 471 quo
1340 379 1652 472 pernicioso
1691 397 1834 454 facto
1863 414 1894 452 a
1921 398 1978 459 A
1996 397 2253 452 mentium
2284 396 2434 454 Deus
2481 413 2594 453 non
2621 405 2723 468 est,
2769 404 2828 452 ut
2876 397 3070 454 beatus
3098 396 3229 454 dicit
3271 397 3594 471 Gregorius.

286 495 337 542 te
380 503 492 543 non
532 486 727 542 leviter
769 495 852 542 est
886 496 1142 555 erratum,
1188 487 1243 542 in
1307 504 1470 559 quem
1513 504 1543 542 a
1584 487 1744 542 beato
1793 486 1901 541 Ge-

284 576 423 632 lasio
457 575 764 630 ostenditur
801 576 1170 648 transgressio
1235 577 1516 647 punienda
1557 584 1896 640 cunctorum,

281 665 371 737 qui
419 665 676 719 omnibus
722 665 1128 735 praescripsisti,
1182 673 1234 718 et
1265 666 1336 718 ab
1382 665 1634 720 omnibus
1664 664 1897 718 commi-

283 754 473 808 nistris
502 753 609 806 tuis
651 753 922 808 subscribi
954 751 1156 807 fecisti.
1192 753 1344 808 Unde
1375 753 1516 806 idem
1547 752 1796 807 Gelasius
1817 752 1901 806 di-

1997 485 2146 540 Deus
2191 486 2390 557 quippe
2443 487 2498 542 in
2523 486 2727 542 unitate
2757 494 2860 553 est,
2893 495 2946 543 et
2973 485 3052 542 illi
3089 486 3205 556 ejus
3232 485 3438 543 habere
3467 499 3598 558 gra-

1997 573 2126 628 tiam
2185 583 2476 640 merentur,
2535 575 2626 646 qui
2666 591 2726 630 se
2779 575 2849 629 ab
2889 575 3128 631 invicem
3183 591 3280 646 per
3326 583 3599 632 sectarum

1999 663 2257 717 scandala
2295 679 2404 718 non
2444 663 2708 718 dividunt.
2745 664 2900 719 Unde
2929 679 3030 734 per
3059 679 3120 718 se
3151 663 3362 719 Veritas
3399 663 3596 720 admo-

1997 759 2089 803 net
2135 750 2322 805 dicens
2355 767 2369 804 :
2412 752 2614 806 Habeto
2651 752 2740 807 sal
2767 751 2832 806 in
2877 753 3046 818 vobis,
3077 755 3135 806 et
3159 767 3356 824 pacem
3402 752 3598 808 habete

284 842 353 896 cit
388 858 401 896 :
441 863 463 890 α
492 841 764 910 Quoniam
788 842 931 896 idem
961 841 1078 912 ipse
1113 857 1292 904 error,
1321 841 1412 912 qui
1449 841 1618 895 semel
1648 849 1728 895 est
1776 855 1901 895 cum
1997 839 2152 892 inter
2193 855 2284 894 vos
2326 839 2516 908 (Marc.
2568 839 2672 909 ix).
2723 839 2790 895 Ut
2845 839 3092 910 quisquis
3145 839 3349 894 habere
3395 839 3478 894 sal
3507 854 3600 894 sa-

283 945 381 984 suo
420 939 648 984 auctore
699 930 1008 993 damnatus,
1045 930 1097 982 in
1143 930 1400 1000 participe
1432 929 1672 1000 quolibet
1716 945 1901 999 pravas
1997 925 2212 996 pientizn
2261 927 2460 992 studet,
2507 934 2660 981 curet
2706 942 2931 982 necesse
2979 934 3062 982 est
3103 934 3370 998 quatenus
3398 941 3432 982 a
3458 941 3596 998 pace

283 1018 686 1072 communionis
734 1016 948 1082 effecto,
1009 1019 1439 1072 exsecrationem
1484 1019 1801 1090 sui.gestat
1844 1025 1898 1072 et
1997 1013 2304 1070 concordiae
2360 1029 2638 1086 nunquam
2691 1015 2930 1070 recedat.
2982 1015 3092 1070 Sed
3145 1023 3270 1070 sunt
3323 1015 3592 1085 nonnulli,

283 1121 524 1176 prauam.
565 1128 587 1155 ι
623 1107 690 1160 Et
731 1107 786 1159 in
817 1106 1045 1177 epistola
1076 1106 1144 1160 ad
1176 1106 1522 1160 Anastasium
1575 1109 1766 1178 (epist.
1807 1109 1892 1171 1ο,

279 1195 378 1250 sub
419 1195 704 1265 medium)
737 1212 750 1247 :
789 1217 810 1243 α
847 1193 982 1248 Cum
1047 1195 1191 1248 dicat
1259 1195 1550 1264 Apostolus
1601 1197 1776 1259 (Rom.
1829 1193 1891 1262 1),

279 1298 387 1337 non
419 1284 600 1337 solum
631 1283 721 1354 qui
753 1298 863 1336 non
904 1282 1149 1337 facienda
1184 1281 1385 1338 faciunt
1415 1299 1539 1336 reos
1571 1283 1763 1350 videri,
1799 1283 1895 1336 sed

282 1371 449 1426 etiam
499 1371 594 1442 qui
652 1370 996 1426 consentiunt
1043 1369 1413 1425 facientibus?
1468 1371 1704 1425 Proinde
1758 1370 1896 1426 sicut

281 1475 391 1513 non
437 1467 639 1528 potest,
685 1458 1060 1529 perversitatis
1111 1459 1576 1514 communicatore
1618 1467 1890 1528 suscepto,

281 1563 389 1602 non
435 1547 646 1618 pariter
691 1547 1028 1617 perversitas
1071 1548 1364 1618 approbari
1410 1565 1424 1600 :
1459 1547 1538 1602 sic
1584 1564 1694 1602 non
1722 1554 1896 1618 potest

279 1633 505 1690 refutari
532 1635 867 1705 perversitas
921 1623 1186 1706 complice
1216 1644 1486 1690 sectatore
1527 1635 1896 1706 perversitatis

233 1723 242 1728 ’
277 1723 543 1778 admisso.
586 1723 824 1796 Legibus
860 1731 1011 1778 certe
1041 1724 1242 1778 vestris
1289 1724 1578 1780 criminum
1617 1723 1888 1791 conscios,

286 1821 748 1882 susceptoresque
779 1811 1222 1867 latrocinantium
1255 1828 1356 1882 par
1380 1813 1710 1882 judiciorum
1733 1827 1895 1882 poena

286 1899 609 1972 constringit
641 1916 655 1952 :
689 1915 792 1954 nec
837 1905 1040 1970 expers
1078 1899 1336 1954 facinoris
1386 1901 1685 1955 aestimatur
1711 1943 1724 1968 ,
1797 1900 1890 1970 qui

287 1986 410 2043 licet
441 1988 563 2058 ipse
593 2002 702 2042 non
749 1986 954 2053 fecerit,
1007 1987 1270 2044 facientes
1315 1997 1496 2043 tamen
1527 1989 1579 2042 in
1611 1987 1898 2042 familiari-

289 2084 447 2130 tatem
481 2074 774 2147 fmdusque
801 2076 1092 2146 receperit.
1123 2097 1145 2124 ι»
1182 2077 1249 2130 Et
1277 2076 1332 2130 in
1363 2077 1540 2132 edicto
1573 2075 1743 2148 quinti
1760 2091 1896 2131 con-

293 2162 399 2219 eilii
448 2162 713 2234 scriptum
753 2172 882 2218 est:
930 2186 952 2215 α
1005 2164 1266 2220 Miramur
1305 2180 1492 2220 eorum
1549 2163 1895 2232 dementiam,

291 2251 380 2322 qui
431 2251 633 2306 divinae
678 2250 975 2322 Scriptura:
1031 2252 1311 2308 contraria
1368 2260 1569 2326 agunt,
1620 2252 1900 2308 evidenter

1997 1101 2089 1172 qui
2120 1103 2250 1156 dum
2279 1103 2399 1172 plus
2430 1117 2626 1172 sapere
2669 1117 2829 1174 quam
2859 1117 3088 1159 necesse
3142 1111 3225 1158 est
3271 1103 3529 1170 student;
3557 1118 3594 1158 a

1997 1191 2371 1260 proximorum
2400 1205 2536 1260 pace
2566 1190 2831 1258 resiliunt,
2875 1191 3005 1247 dum
3043 1205 3140 1246 eos
3175 1190 3322 1247 velut
3365 1190 3593 1247 hebetes

1997 1278 2299 1348 stultosque
2357 1285 2730 1342 contemnunt,
2781 1277 2919 1332 sicut
2974 1287 3031 1334 tu
3078 1278 3259 1351 egisti,
3317 1279 3411 1350 qui
3465 1293 3593 1334 cum

1996 1366 2101 1420 tuis
2131 1365 2507 1436 complicibus,
2558 1373 2612 1421 et
2653 1373 2834 1421 tecum
2877 1366 3363 1434 subscribentibus,
3404 1381 3437 1421 a
3465 1365 3592 1421 vin-

1997 1454 2120 1510 culo
2151 1462 2204 1508 et
2233 1455 2437 1508 unitate
2475 1453 2626 1525 pacis
2655 1452 3042 1510 ecclesiastica
3065 1453 3316 1520 divisisti,
3338 1461 3588 1509 contem-

1997 1557 2132 1596 nens
2175 1542 2543 1597 auctoritatem
2582 1549 2690 1597 tuse
2733 1541 3074 1612 metropolis,
3120 1549 3175 1598 et
3217 1540 3594 1598 contradicens

1995 1637 2156 1701 atque
2189 1629 2449 1685 resistens
2478 1629 2562 1684 his
2613 1645 2734 1702 qum
2761 1630 2832 1685 de
2879 1628 3212 1704 Evangelica
3267 1629 3492 1686 veritate
3538 1635 3594 1684 et

1921 1747 1976 1806 B
1996 1718 2296 1789 apostolica
2325 1727 2488 1790 atque
2517 1717 2889 1806 ecclesiastica
2915 1718 3234 1806 auctoritate
3279 1717 3378 1773 tibi
3405 1725 3462 1774 et
3495 1731 3594 1806 ec-

1997 1807 2196 1863 clesiae.
2236 1807 2582 1861 Lauduneni
2609 1805 3022 1878 metropolitana
3061 1805 3426 1863 sollicitudine
3451 1804 3594 1862 scri-

1996 1895 2100 1967 psi,
2151 1895 2422 1950 eteadem
2453 1895 2730 1950 catholica:
2777 1894 3040 1950 Ecclesia
3083 1895 3424 1960 auctoritate,
3454 1909 3593 1950 con-

1996 1984 2246 2038 siderans
2274 1983 2580 2054 periculum
2609 1983 2920 2048 imminens,
2955 1983 3099 2054 quod
3126 1981 3272 2038 male
3291 1981 3478 2054 ligasti
3489 1995 3594 2054 pro

1997 2070 2173 2127 otiicio
2200 2071 2309 2127 loci
2338 2071 2446 2127 mei
2474 2071 2721 2126 dissolvi.

2513 2177 2742 2232 CAPUT
2798 2177 3082 2233 XXXVII.

2001 2267 2066 2323 Ut
2092 2265 2296 2322 nonsit
2327 2264 2577 2350 puniens
2607 2264 2757 2350 apud
2776 2267 3163 2350 semetipsum,
3195 2269 3253 2322 et
3283 2263 3350 2322 ds
3376 2263 3591 2320 discre-

289 2337 488 2394 dicenti
540 2339 695 2410 (Sap.
748 2341 892 2411 xw),
944 2339 1074 2412 quia
1121 2340 1402 2412 aequaliter
1449 2340 1731 2396 horribilia
1773 2348 1898 2394 sunt

289 2427 433 2498 apud
468 2427 644 2482 Deum
671 2427 873 2498 impius
893 2437 946 2483 et
977 2428 1225 2500 impietas
1257 2429 1393 2498 ejus.
1427 2429 1582 2484 Actio
1611 2429 1754 2482 enim
1773 2444 1897 2484 cum

289 2523 473 2572 actore
504 2515 780 2587 punietur.
813 2537 835 2566 »
872 2517 928 2572 Si
974 2526 1157 2572 autem
1187 2517 1438 2573 similiter
1483 2517 1731 2588 impietas
1777 2518 1896 2572 hor-

288 2603 462 2658 ribilis
510 2612 594 2659 est
643 2605 780 2668 Deo,
827 2613 880 2660 et
925 2604 1014 2660 ille
1062 2606 1153 2676 qui
1184 2605 1348 2676 impie
1397 2605 1528 2678 agit,
1562 2614 1708 2660 certe
1737 2620 1897 2675 sepa-

290 2701 438 2746 ratus
470 2700 557 2746 est
585 2691 708 2746 talis
739 2708 769 2745 a
800 2693 937 2758 Deo,
969 2701 1022 2748 et
1052 2694 1384 2748 anathemati
1416 2694 1560 2762 juste
1593 2693 1890 2761 subjicitur.
1917 2757 1922 2761 η
1991 2688 2299 2761 prudentes
2320 2689 2449 2753 (Isa.
2482 2691 2540 2756 ν)
2566 2706 2581 2754 ;
2611 2697 2666 2742 et
2702 2704 2804 2759 per
2836 2690 3156 2759 Apostolum
3181 2707 3194 2742 :
3215 2689 3398 2744 Nolite
3451 2704 3598 2761 pru-

289 2781 590 2835 Anathema
628 2779 774 2834 enim
818 2780 950 2834 nihil
983 2780 1128 2836 aliud
1158 2781 1430 2854 signiﬁcat
1461 2781 1563 2834 nisi
1593 2797 1626 2835 a
1655 2781 1770 2836 Deo
1799 2797 1894 2836 se-
1994 2777 2190 2832 dentes
2239 2792 2358 2832 esse
2413 2777 2564 2848 apud
2627 2779 2988 2850 vosmetipsos
3037 2779 3214 2846 (Rom.
3249 2779 3384 2846 xu);
3417 2784 3507 2832 et:
3539 2775 3601 2832 Si

288 2867 650 2939 perationem,
703 2867 840 2924 sicut
873 2868 927 2922 in
960 2869 1142 2924 Veteri
1181 2879 1234 2924 et
1265 2870 1319 2923 in
1363 2870 1518 2924 Novo
1547 2869 1894 2940 Testamento
1996 2866 2120 2938 quis
2140 2881 2199 2921 se
2221 2865 3600 2937 existimataliquidscire,nondumeognovitquo-

283 2956 552 3024 judicium
601 2956 670 3010 de
701 2957 1042 3012 anathemate
1082 2957 1371 3029 significat.
1424 2959 1486 3011 In
1515 2965 1696 3033 mente
1729 2957 1894 3029 igitur
1997 2953 2155 3009 modo
2185 2956 2442 3026 aporteat
2473 2968 2605 3008 eum
2635 2955 2778 3010 scire
2805 2954 2856 3021 (ι
2882 2954 3004 3010 Cor.
3043 2953 3208 3022 vni),-
3237 2961 3292 3008 et
3323 2969 3337 3007 :
3374 2953 3434 3010 Si
3463 2953 3587 3026 quis

289 3043 427 3099 habe
458 3044 730 3114 scriptum
758 3059 791 3098 a
821 3045 977 3100 beato
1033 3046 1197 3101 Paulo
1232 3064 1244 3099 :
1278 3046 1368 3102 Sic
1415 3049 1609 3101 autem
1634 3049 1891 3118 peccates
1915 3092 1962 3118 η
1997 3043 2122 3096 vult
2141 3043 2296 3096 inter
2310 3058 2404 3096 vos
2424 3041 2652 3112 sapiens
2669 3057 2806 3107 esse,
2826 3043 3040 3098 stultus
3059 3042 3164 3112 ﬁat
3184 3045 3252 3098 ut
3277 3041 3326 3096 si
3345 3043 3594 3114 sapiens,

291 3092 425 3099 -π
459 3092 730 3114 "ur-w-
759 3092 791 3098 —
821 3092 974 3100 -ν-νν
1034 3092 1053 3100 -
1075 3092 1194 3101 --η
1232 3092 1244 3099 -
1278 3092 1364 3102 υ-κ-
1415 3092 1606 3101 -..τω--
1634 3092 1887 3118 ,νην-η-
3059 3092 3157 3112 ,νην
3188 3092 3243 3098 π-
3279 3092 3323 3096 η

289 3133 348 3186 in
377 3135 616 3204 fratres,
642 3137 700 3188 et
725 3136 1109 3205 percutientes
1155 3151 1348 3191 eorum
1385 3134 1677 3202 inﬁrmam
1723 3151 1890 3189 cons-
1915 3092 1964 3155 Ο
1995 3132 2127 3202 quia
2155 3130 2441 3200 sapientia
2472 3129 2643 3200 hujus
2674 3130 2877 3186 mundi
2905 3131 3144 3186 inimica
3173 3134 3260 3186 est
3273 3131 3380 3184 Deo
3401 3129 3453 3199 (I
3475 3129 3598 3185 Cor.

291 3223 590 3286 cientium,
610 3223 674 3276 in
694 3221 983 3277 Christum
999 3224 1248 3296 peccatis
1267 3225 1313 3293 (Ι
1335 3225 1453 3279 Cor.
1477 3212 1614 3291 vm)'.
1641 3223 1894 3277 Graviter
1995 3220 2112 3288 Ill);
2153 3226 2203 3272 et
2232 3234 2334 3288 per
2361 3218 2622 3273 Jacobum
2655 3217 2962 3288 apostolum
2993 3225 3258 3273 monstrat
3291 3235 3307 3284 ;
3343 3217 3482 3284 Quia
3499 3233 3602 3272 su-

289 3317 470 3364 autem
499 3308 577 3362 illi
609 3308 666 3363 in
697 3309 967 3364 Christum
997 3319 1244 3381 peccant,
1279 3311 1368 3383 qui
1403 3309 1890 3381 periculosissimo,
1993 3307 2164 3378 perba
2185 3311 2242 3361 et
2261 3307 2615 3362 contentiosa
2632 3307 2920 3378 sapientia
2942 3310 3190 3372 terrena,
3223 3304 3496 3359 animalis
3516 3306 3604 3360 est

291 3405 341 3452 et
369 3397 614 3453 maxime
658 3397 982 3453 detestando
1033 3399 1318 3454 mendacio
1347 3386 1403 3452 in
1433 3399 1701 3471 religione
1734 3415 1895 3453 men-
1997 3398 2054 3449 et
2070 3393 2673 3466 diabolica:sapientia
2690 3398 2885 3449 autem
2911 3409 3034 3466 qua
3053 3393 3353 3448 desursum
3371 3395 3474 3459 est,
3487 3392 3603 3462 pri-

289 3487 503 3549 tientes,
579 3482 920 3542 inﬁrmorum
995 3488 1357 3544 conscientias
1441 3487 1768 3558 percutiunt,
1827 3485 1896 3540 de
1997 3479 3605 3554 mumquidempudicaest,deindepaciﬁca,modesta,sua—

291 3575 486 3648 quibus
517 3573 831 3644 specialiter
867 3576 1132 3647 scriptum
1161 3585 1242 3631 est
1281 3594 1294 3630 :
1328 3561 1532 3631 Perdes
1579 3591 1771 3632 omnes
1803 3575 1899 3648 qui
1999 3570 2208 3636 dibilis,
2251 3570 2406 3624 bonis
2438 3571 2801 3625 consentiens
2831 3569 3092 3640 (lamin).
3114 3567 3351 3624 Scientia
3371 3574 3425 3622 et
3454 3565 3602 3622 enim

296 3665 611 3736 loquuntur
659 3665 1018 3721 mendacium
1070 3666 1245 3734 (Psal.
1297 3665 1375 3727 v).
1439 3665 1508 3717 Et
1555 3664 1610 3717 in
1661 3662 1900 3717 decretis
2000 3657 2174 3712 virtus
2203 3665 2304 3724 est,
2332 3656 2606 3711 humilitas
2635 3665 2818 3712 custos
2846 3656 3082 3724 virtutis,
3115 3664 3165 3711 et
3196 3654 3601 3711 mirandaactio

295 3750 615 3824 apostolicae
665 3752 814 3806 sedis
861 3754 1123 3824 scriptum
1153 3761 1235 3808 est
1268 3770 1281 3806 :
1323 3753 1597 3822 Quoniam
1651 3752 1902 3824 quisquis
2003 3761 2125 3801 cum
2157 3745 2390 3800 elatione
2421 3761 2530 3800 non
2549 3745 2740 3810 elevat,
2775 3745 2872 3800 sed
2903 3751 3124 3818 gravat.
3163 3741 3268 3813 Qui
3298 3743 3445 3798 enim
3481 3741 3601 3798 sine

293 3841 660 3897 schismatico
675 3843 1420 3907 assenserit,schismaticus
1439 3856 1557 3896 esse
1579 3841 1778 3910 negari
1788 3855 1904 3894 non
2003 3833 2306 3888 humilitate
2355 3833 2586 3888 virtutes
2618 3840 2942 3906 congregat,
2985 3831 3040 3886 in
3071 3837 3288 3887 ventum
3317 3829 3600 3902 pulverem

294 3931 527 4003 poterit.
555 3927 802 3983 Schisma
829 3931 973 3985 enim
1022 3947 1051 3983 a
1095 3931 1334 3984 scissura
1373 3937 1453 3982 est
1493 3928 1816 3996 animorum,
1847 3934 1908 3981 ut
2004 3929 2200 3993 portat,
2238 3930 2291 3976 et
2337 3921 2481 3976 unde
2509 3921 2711 3993 aliquid
2743 3919 2889 3976 ferre
2919 3919 3178 3986 cernitur,
3210 3918 3337 3974 inde
3364 3917 3605 3974 deterius

297 4020 548 4076 catholici
605 4022 863 4076 doctores
909 4019 1114 4083 dicunt,
1171 4026 1442 4072 vocatum.
1503 4017 1712 4070 Eodem
1763 4015 1907 4069 enim
2007 4017 2262 4065 caecatur.
2299 4009 2435 4064 Hinc
2464 4009 2628 4064 etiam
2661 4009 2922 4078 scriptum
2950 4015 3032 4062 est
3063 4025 3077 4062 :
3114 4007 3456 4075 Quiemittit
3481 4007 3604 4078 [ona-

298 4108 461 4176 cultu,
506 4109 710 4164 eodem
742 4107 842 4161 ritu
889 4107 1061 4162 credit
1091 4114 1148 4160 ut
1180 4105 1381 4169 cmtcri,
1435 4103 1554 4159 solo
1593 4118 1908 4174 congrega-
2011 4102 2092 4154 tes
2122 4099 2186 4152 in
2216 4097 2562 4153 convallibus
2581 4098 2738 4166 (Psal
2750 4137 2762 4150 .
2795 4097 2912 4166 cm)
2938 4116 2957 4164 ,-
2989 4102 3079 4151 et:
3105 4094 3397 4152 Convalles
3425 4093 3605 4149 abun-

298 4195 455 4251 tionis
501 4198 807 4252 delectatur
848 4194 1096 4261 discidio,
1147 4202 1196 4247 et
1227 4193 1609 4248 schismaticus
1639 4199 1741 4259 est,
1783 4191 1912 4244 licet
2011 4187 2225 4240 dabunt
2253 4189 2545 4256 frumento
2575 4185 2749 4256 (Psal.
2784 4187 2962 4254 LXIX).
2985 4186 3030 4239 Α
3063 4183 3338 4238 montibus
3365 4195 3605 4252 namque

299 4284 368 4339 sic
397 4287 592 4341 credat
625 4293 683 4339 αι
713 4282 986 4339 catholica
1016 4281 1191 4337 credi;
1225 4279 1494 4344 Ecdesia,
1529 4280 1574 4333 si
1598 4280 1651 4333 in
1681 4279 1913 4350 dogma-
2010 4284 2149 4338 aqua
2192 4268 2469 4336 dilabitur,
2511 4269 2638 4338 quia
2691 4267 2958 4336 superbas
3003 4273 3217 4321 mentes
3256 4269 3455 4320 veritas
3496 4263 3605 4320 do-

301 4372 440 4427 tibus
485 4371 880 4428 ecclesiasticis
917 4371 984 4424 ab
1017 4369 1262 4424 Ecclesia
1293 4386 1352 4423 se
1399 4367 1594 4424 scindit
1625 4367 1909 4432 catholica,
2013 4356 2202 4412 ϐίτίηεε
2231 4356 2435 4410 deserit
2471 4371 2484 4410 ε
2516 4355 2613 4409 εθά
2653 4354 2831 4409 fomes
2868 4354 2922 4407 in
2970 4353 3310 4408 convallibus
3355 4359 3602 4422 surgunt.

303 4461 382 4514 cui
433 4461 690 4533 quisquis
729 4459 1044 4524 assenserit,
1108 4457 1489 4512 schismaticus
1533 4472 1658 4510 esse
1718 4455 1910 4527 negari
1941 4443 2143 4533 unia
2183 4445 2348 4533 corda
2407 4442 2691 4533 humilium
2727 4443 2968 4533 verbum
3009 4438 3446 4533 praedicationis_
3465 4439 3608 4533 acci-

2453 2337 2604 2390 tione
2631 2335 2696 2391 in
2723 2353 2860 2408 pace
2895 2335 3162 2420 tengnda.

2069 2425 2224 2480 Unde
2255 2421 2443 2490 frater,
2495 2431 2548 2478 et
2575 2439 2664 2479 me
2706 2431 2760 2480 et
2805 2433 2860 2480 te
2883 2439 3101 2488 moneo,
3134 2431 3194 2480 ut
3246 2421 3594 2479 attendamus

1994 2513 2141 2584 quod
2171 2511 2435 2566 Dominus
2465 2527 2564 2582 per
2593 2513 2915 2584 prophetam
2945 2512 3109 2569 dicit:
3149 2513 3232 2569 νω
3250 2511 3348 2585 qui
3361 2511 3595 2584 sapien-

1995 2603 2078 2656 tes
2108 2603 2243 2656 estis
2267 2602 2332 2655 in
2362 2600 2539 2656 oculis
2582 2603 2814 2671 vestris,
2856 2605 2915 2656 et
2959 2617 3151 2658 coram
3187 2600 3596 2672 vobismetipsis

304 4565 406 4603 non
435 4549 638 4620 poterit
674 4566 686 4602 :
719 4548 864 4620 quod
896 4563 948 4600 et
993 4547 1037 4599 si
1067 4562 1259 4600 omnes
1297 4545 1610 4600 sacerdotes
1655 4551 1708 4596 et
1743 4559 1907 4596 mun-

303 4637 399 4690 dus
428 4637 717 4700 assentiat,
749 4634 1025 4690 damnatio
1079 4634 1482 4688 consentientes
1523 4631 1769 4700 involvit,
1801 4645 1911 4684 non

261 4721 266 4724 ⁴
305 4724 813 4795 prmvaricationem
863 4739 1163 4778 consensus
1193 4721 1446 4776 absolvit.
1480 4722 1602 4776 Non
1631 4720 1774 4774 enim
1807 4717 1910 4774 cri-

307 4829 428 4867 men
474 4813 758 4877 minuitur,
793 4811 892 4866 sed
949 4811 1233 4875 accrescit,
1269 4827 1390 4864 cum
1451 4808 1708 4882 generale
1756 4806 1814 4861 fit
1845 4822 1911 4861 ex

308 4902 542 4972 privato.
597 4901 713 4955 Hoc
776 4900 921 4977 enim
978 4899 1127 4954 Deus
1175 4899 1419 4952 omnium
1486 4896 1759 4962 indicavit,
1819 4894 1912 4966 qui

309 4991 570 5044 mundum
647 4996 966 5059 peccantem
1026 4985 1274 5059 generali
1338 4986 1544 5040 diluvio
1615 4983 1908 5038 interemit.

307 5075 550 5145 Quorum
605 5076 961 5147 perditionem
1021 5075 1303 5128 evidenter
1360 5073 1624 5129 catholica
1687 5073 1913 5127 demon-

306 5173 437 5218 strat
481 5164 749 5228 Ecclesia,
799 5179 918 5234 quae
965 5171 1024 5216 ut
1067 5179 1162 5233 pro
1219 5161 1510 5226 haereticis,
1563 5161 1633 5214 ita
1681 5161 1912 5228 conjun-

303 5253 429 5307 ctim
461 5261 625 5324 etpro
655 5251 1030 5314 schismaticis,
1065 5259 1202 5316 orat,
1249 5259 1306 5304 ut
1357 5251 1427 5304 ad
1483 5248 1608 5302 ﬁdei
1659 5257 1707 5302 et
1763 5247 1914 5318 pacis

305 5341 529 5396 redeant
577 5340 860 5403 unitatem,
911 5339 1090 5394 sciens
1137 5339 1426 5393 haereticos
1457 5345 1507 5390 et
1539 5337 1916 5391 schismaticos

307 5429 367 5482 in
412 5428 608 5484 hmresi
658 5443 724 5482 ac
784 5426 1078 5484 schismate
1129 5433 1508 5497 permanentes
1553 5439 1786 5494 regnum
1817 5423 1916 5478 Dei

309 5531 421 5570 non
477 5517 777 5570 intraturos
820 5533 834 5569 :
865 5515 989 5586 quia
1039 5515 1145 5569 nisi
1187 5515 1254 5569 ad
1282 5512 1564 5584 judicium,
1598 5512 1652 5566 in
1681 5511 1916 5566 scissura

2010 4532 2179 4603 piunt.
2216 4532 2372 4587 Unde
2398 4547 2496 4601 per
2524 4546 2583 4586 se
2617 4529 2829 4585 Veritas
2850 4530 3106 4584 admonet
3135 4527 3321 4582 dicens
3352 4541 3366 4579 :
3395 4527 3602 4582 Habete

2010 4622 2097 4676 sal
2121 4621 2182 4675 in.
2205 4621 2368 4682 vobis,
2398 4623 2454 4674 et
2486 4635 2681 4690 pacem
2725 4619 2925 4674 habete
2953 4619 3108 4672 inter
3135 4631 3228 4672 vos
3258 4614 3450 4686 (Marc.
3501 4613 3600 4682 nt).

2011 4709 2080 4764 Ut
2127 4708 2370 4779 quisquis
2418 4707 2579 4762 habet
2607 4706 2688 4760 sal
2736 4705 3034 4776 sapientiae,
3069 4703 3308 4758 studiose
3329 4707 3484 4758 curet
3508 4715 3606 4756 ne.

2012 4807 2166 4847 cesse
2196 4800 2298 4856 est,
2331 4799 2598 4862 quatenus
2627 4806 2660 4845 a
2687 4805 2822 4861 pace
2869 4787 3178 4844 concordiae
3205 4799 3478 4858 nunquam
3509 4796 3606 4838 re-

2013 4881 2191 4936 cedat.
2225 4881 2294 4934 Et
2324 4896 2393 4933 ne
2422 4880 2478 4933 in
2505 4895 2643 4950 pace
2673 4877 2906 4934 tenenda
2932 4876 3054 4947 quis
3084 4881 3249 4940 erret,
3267 4888 3368 4946 per
3398 4879 3604 4928 semet-
3647 4913 3654 4922 .

2013 4969 2189 5040 ipsam
2243 4969 2471 5036 veritas,
2529 4983 2653 5022 cum
2709 4974 2984 5021 terrenam
3041 4979 3234 5035 pacem
3286 4978 3322 5018 a
3372 4975 3606 5032 superna

2013 5057 2390 5130 distingueret,
2422 5063 2584 5126 atque
2632 5053 2701 5108 ad
2729 5060 3012 5108 venturam
3039 5051 3338 5124 discipulos
3371 5066 3438 5106 ex
3468 5064 3610 5120 prm-

2016 5146 2157 5201 senti
2188 5153 2534 5216 provocaret.
2566 5141 2643 5196 ait
2677 5159 2691 5195 :
2725 5144 2928 5196 Pacem
2956 5157 3143 5196 meam
3171 5137 3606 5210 relinquovobis,

2016 5249 2215 5306 pacem
2245 5249 2430 5286 meam
2462 5231 2529 5286 do
2561 5229 2708 5285 vobis
2739 5231 2924 5299 (Joan.
2943 5232 3104 5298 xxv);
3135 5227 3386 5296 relinquo
3407 5222 3618 5280 scilicet

2019 5319 2400 5386 transitoriam,
2431 5318 2504 5372 do
2550 5332 2888 5372 mansuram.
2923 5317 2980 5372 Si
3009 5331 3146 5388 ergo
3176 5315 3230 5368 in
3261 5327 3328 5368 ea
3364 5327 3462 5368 cor
3491 5325 3615 5384 qua

2018 5408 2206 5464 relicta
2222 5415 2301 5461 est
2323 5405 2529 5480 ﬁgitur,
2561 5420 2842 5478 nunquam
2878 5404 2949 5459 ad
2982 5403 3130 5458 illam
3157 5417 3280 5474 qum
3307 5400 3492 5458 danda
3532 5407 3618 5456 est

2017 5504 2347 5576 pervenitur.
2381 5503 2488 5558 Pax
2517 5502 2686 5576 igitur
2713 5503 2958 5574 princens
3005 5499 3076 5555 ita
3123 5499 3360 5555 tenenda
3403 5505 3509 5563 est,
3558 5505 3620 5552 ut
