4020 6182
519 313 623 364 435

469 417 565 500 :et
593 432 750 504 diligi
795 432 988 488 debeat
1037 441 1088 486 et
1129 430 1402 486 contemni
1455 448 1466 484 :
1512 444 1633 500 qua:
1679 427 1722 482 si
1757 423 2111 482 immoderate
2140 423 2195 482 A

517 518 783 593 diligitur,
806 518 1084 590 diligentis
1113 519 1325 574 animus
1347 518 1401 572 in
1430 515 1590 586 culpa
1619 515 1830 586 capitur
1862 530 1876 568 :
1909 523 1962 568 et
1991 513 2121 566 dum

469 667 480 677 ,
511 608 683 664 nimis
725 609 1019 664 humanam
1051 623 1238 678 pacem
1270 606 1564 670 desiderat,
1593 603 1795 660 bravos
1842 600 2121 657 hominum

521 712 704 752 mores
745 711 1090 768 nequaquam
1133 693 1430 766 redarguit,
1463 702 1516 748 et
1563 689 1956 748 consentiendo
1988 705 2121 760 per-

466 842 474 851 ,
524 785 696 840 versis
723 784 792 840 ab
819 769 1064 840 auctoris
1095 782 1178 838 sui
1217 798 1276 837 se
1303 796 1440 853 pace
1468 779 1751 852 disiungit,
1785 787 1836 833 et
1865 778 1992 832 dum
2024 779 2124 830 hu-

522 887 684 928 mano
725 871 872 928 foras
911 871 1100 944 jurgia
1137 870 1346 934 metuit,
1397 867 1595 924 interni
1633 865 1858 923 hederis
1903 867 2121 920 discus-

521 959 679 1016 sione
708 959 916 1016 feritur.
952 961 1087 1016 Hinc
1121 959 1314 1026 David,
1347 957 1476 1017 dum
1516 963 1686 1010 totum
1735 971 1794 1010 se
1823 954 1893 1010 ad
1920 953 2123 1009 fcedera

476 1033 482 1044 ’
522 1048 674 1119 pacis
705 1049 933 1109 internae
953 1048 1374 1118 constringeret,
1408 1053 1637 1102 testatur
1665 1043 1811 1114 quod
1856 1059 1976 1097 cum
2009 1056 2123 1096 ma-

475 1183 482 1190 .
523 1135 593 1192 lis
631 1137 980 1194 concordiam
1015 1151 1125 1190 non
1166 1141 1417 1204 teneret,
1449 1134 1638 1188 dicens
1669 1150 1679 1184 :
1717 1134 1910 1191 Nonne
1941 1132 2038 1203 qui
2070 1135 2122 1184 te

524 1227 762 1282 oderant
785 1226 1009 1280 oderam
1034 1225 1180 1288 illos,
1197 1227 1252 1278 et
1272 1239 1443 1294 super
1464 1222 1722 1277 inimicos
1747 1225 1766 1275 ἰ
1776 1237 1869 1275 uos
1885 1221 2124 1274 tabesce-

472 1371 480 1380 _
523 1315 691 1370 bam?
720 1315 976 1383 Perfecto
1008 1313 1130 1367 odio
1153 1311 1376 1366 oderam
1409 1312 1554 1368 illos.
1581 1311 1803 1366 inimici.
1823 1310 1967 1378 facti
1987 1309 2123 1361 sunt

476 1403 672 1469 ,mihi
703 1402 881 1470 (Psal.
919 1403 1222 1468 cxxxvui),
1259 1399 1510 1454 Inimicos
1546 1399 1706 1452 etiam
1755 1397 1852 1450 Dei
1881 1395 2124 1467 perfecto

524 1490 652 1564 odio
675 1487 855 1544 odisse
887 1496 986 1550 est,
1019 1487 1088 1542 ad
1120 1487 1265 1560 quod
1289 1486 1414 1544 facti
1446 1495 1569 1540 sunt
1608 1485 1854 1558 diligere,
1892 1493 1942 1537 et
1981 1483 2124 1555 quod

528 1575 732 1632 faciunt
771 1577 1084 1646 increpare,
1129 1591 1312 1630 mores
1349 1589 1647 1646 pravorum
1693 1589 1968 1646 premere,
2002 1572 2125 1626 vitae

524 1663 806 1736 prodesse.
841 1664 1190 1718 Pensandum
1217 1671 1298 1718 est
1327 1663 1514 1736 igitur,
1534 1661 1748 1732 quando
1771 1661 1837 1716 ab
1869 1661 2123 1730 increpa-

1533 305 1870 358 IIINL‘MARI
1901 298 2301 356 IlIIEMENSIS
2333 293 2879 352 ARCHIEPISCOPI.

3708 291 3805 344 ηδ

2745 417 2968 474 CAPUT
3013 415 3273 472 XXXIX.

2225 529 2289 584 Ut
2317 528 2383 582 ab
2404 543 2464 582 eo
2495 530 2777 583 removeat
2807 526 3072 590 dolorem,
3097 539 3130 578 a
3160 539 3216 578 se
3237 523 3354 594 ipso
3380 521 3726 594 periculum,
3759 523 3811 574 et

2624 598 2690 651 ab
2723 600 2953 668 utroque
2983 595 3410 667 improperium.

2293 704 2576 760 Admoneo
2606 711 2657 758 te
2685 711 2911 772 paterna
2942 709 2995 756 et
3024 699 3270 755 fraterna
3295 698 3614 763 dilectione,
3645 705 3702 752 ut
3733 712 3815 750 re-

2222 807 2445 850 moveas
2477 808 2510 845 a
2537 807 2626 846 me
2655 789 2924 855 dolorem,
2956 804 2987 842 α
3037 797 3089 843 te
3116 786 3442 857 periculum,
3483 793 3542 841 et
3564 782 3636 840 ab
3667 783 3818 838 utris-

2225 897 2331 952 que
2347 887 2592 934 nostrum
2622 894 2656 933 a
2683 877 2932 949 plurimis
2953 876 3158 930 illatum
3196 874 3609 946 improperium.
3644 876 3692 926 Α
3734 887 3817 926 me

2223 968 2443 1039 quidem
2473 967 2738 1033 dolorem,
2791 965 2916 1036 quia
2971 972 3028 1018 ut
3059 971 3280 1020 sanctus
3303 961 3608 1035 Gregorius
3639 959 3771 1039 dicit
3800 978 3811 1012 :

2227 1036 2256 1106 ζ
2308 1056 2570 1111 Minorem
2617 1054 2862 1109 dolorem
2893 1053 3039 1106 mala
3067 1052 3344 1122 ingerunt,
3382 1067 3504 1122 qua:
3532 1047 3600 1103 ab
3637 1036 3817 1104 extra-

2221 1145 2340 1200 neis
2369 1143 2688 1209 inferuntur,
2721 1142 2844 1212 plus
2873 1155 3004 1196 vero
3033 1140 3088 1193 in
3117 1139 3274 1195 nobis
3318 1155 3382 1194 ea
3411 1145 3685 1194 tormenta
3716 1151 3818 1192 sa:-

2223 1228 2391 1290 viunt,
2424 1243 2544 1298 quae
2594 1227 2664 1280 ab
2703 1225 2808 1278 illis
2854 1224 3104 1294 patimur,
3155 1223 3223 1276 de
3271 1238 3501 1294 quorum
3547 1219 3821 1275 mentibus

2221 1315 2704 1388 praesumebamus,
2738 1313 2863 1384 quia
2893 1329 3016 1368 cum
3046 1312 3246 1366 damno
3277 1309 3520 1382 corporis
3549 1309 3697 1364 mala
3727 1324 3821 1363 nos

2224 1406 2462 1460 cruciant
2492 1403 2708 1458 amissae
2728 1401 3027 1457 charitatis.
3068 1421 3088 1448 ι
3126 1401 3263 1454 IIinc
3294 1407 3373 1452 est
3403 1397 3549 1453 enim
3579 1397 3730 1472 quod
3760 1398 3822 1452 de

2221 1493 2356 1548 Jnda
2413 1491 2672 1546 traditore
2716 1506 2812 1544 suo
2837 1506 2936 1560 per
2968 1487 3308 1544 Psalmistam
3349 1485 3616 1542 Dominus
3649 1485 3779 1541 dicit
3809 1502 3819 1538 :

2222 1585 2290 1638 Et
2322 1581 2542 1653 quidem
2565 1582 2614 1634 si
2637 1580 2904 1633 inimicus
2917 1594 3072 1632 meus
3097 1576 3488 1630 maledixisset
3506 1574 3671 1640 mihi,
3699 1591 3821 1645 sup-

2221 1675 2536 1742 portussem
2568 1669 2761 1740 utique
2783 1685 2800 1720 :
2824 1670 2878 1721 et
2901 1668 2949 1721 si
2983 1667 3028 1720 is
3068 1665 3162 1738 qui
3193 1664 3386 1718 oderat
3418 1679 3503 1717 me
3525 1680 3705 1736 super
3744 1679 3827 1716 me

473 1808 480 1817 ,
527 1751 670 1808 tione
695 1751 1006 1822 quiescitur,
1042 1768 1146 1824 qua
1173 1751 1338 1822 culpa
1379 1768 1502 1806 eum
1547 1750 1802 1822 pessimis
1834 1764 1937 1818 pax
1967 1757 2124 1802 tene-

2232 1775 2434 1828 magna
2461 1758 2680 1810 locutus
2700 1752 3327 1824 fuisset,absco-nderem
3345 1768 3434 1806 me
3455 1751 3656 1823 utique
3672 1749 3738 1804 ab
3769 1767 3824 1806 eo

473 1898 482 1906 ,
527 1849 632 1903 tur,
667 1840 713 1896 si
741 1841 1013 1911 Propheta
1045 1841 1203 1894 etiam
1238 1840 1385 1894 velut
1417 1839 1471 1894 in
1501 1839 1732 1896 hostiam
1762 1838 1876 1892 Deo
1907 1835 2120 1904 obtulit,

525 1927 674 1998 quod
717 1937 930 2001 contra.
963 1945 1020 1982 sc
1075 1944 1176 1998 pro
1227 1927 1456 1982 Domino
1493 1942 1788 1998 pravorum
1819 1923 2126 1980 inimicitias

525 2016 792 2071 exchavu.

1045 2165 1268 2220 CAPUT
1299 2163 1606 2219 XXXVIII.

471 2267 476 2274 l
529 2283 594 2338 Ut
622 2298 797 2336 sacrm
827 2271 1135 2352 Seripturce
1170 2279 1348 2352 verba,
1393 2283 1447 2335 et
1477 2297 1670 2335 sacras
1707 2280 1926 2346 regulas
1978 2283 2126 2332 recte

1166 2351 1474 2419 intelligat.

595 2457 880 2514 Admoneo
907 2456 1074 2512 etiam
1104 2464 1254 2510 tuam
1285 2455 1658 2522 dilectionem,
1692 2463 1746 2508 ut
1793 2470 1916 2510 cum
1953 2469 2128 2509 sacra:

468 2590 482 2602 ..
529 2545 822 2616 Scriptura?
853 2545 1035 2601 verbis
1067 2544 1228 2600 etiam
1262 2559 1445 2599 sacras
1488 2543 1728 2616 regulas,
1749 2542 1898 2604 sicut
1928 2559 1960 2597 a
1998 2559 2125 2594 san-

463 2690 476 2702 ,
529 2641 618 2690 cto
649 2634 848 2705 Spiritu
893 2649 999 2706 quo
1050 2641 1103 2688 et
1152 2648 1326 2688 sacrae
1367 2632 1664 2701 Scriptura:
1705 2640 1831 2684 sunt
1875 2631 2123 2690 conditae.

465 2753 473 2762 -
530 2720 836 2792 intelligas:
871 2723 1129 2794 quoniam
1170 2722 1260 2792 qui
1291 2737 1463 2776 sacra:
1493 2720 1632 2792 legis
1659 2720 1824 2774 verba
1845 2734 1951 2772 non
1982 2727 2128 2773 recte

462 2867 476 2877 ,
529 2809 856 2882 intelligunt,
901 2811 1321 2864 saluberrimum
1352 2809 1462 2864 vini
1488 2817 1672 2878 potum
1703 2809 1758 2862 in
1788 2807 1982 2862 veneni
2027 2807 2128 2859 sibi

477 2945 486 2956 .
527 2898 784 2970 poculum
813 2906 1048 2962 vertunt,
1082 2913 1148 2952 ac
1176 2913 1276 2966 per
1306 2895 1634 2952 medicinalu
1663 2896 1872 2950 ferrum
1904 2895 2128 2948 vulnere

493 3035 498 3042 .
531 3001 590 3040 se
622 2985 834 3040 mortali
853 2983 1070 3050 feriunt,
1106 2984 1236 3038 dum
1259 2999 1354 3053 per
1382 2985 1486 3038 hoc
1513 2981 1569 3036 in
1603 2999 1661 3037 se
1675 2999 1808 3037 sana
1836 2982 2126 3052 perimunt,

533 3089 632 3145 per
659 3073 806 3144 quod
835 3072 1121 3127 salubriter
1169 3072 1455 3126 abscidere
1502 3072 1740 3125 sauciata
1773 3072 2079 3125 debuerunt
2113 3085 2126 3125 :

462 3220 472 3228 _
535 3175 674 3232 quos
702 3160 955 3216 videlicet
1002 3161 1069 3214 ad
1100 3160 1430 3214 intellectum
1481 3175 1707 3230 pravum
1740 3159 1964 3212 intentio
2003 3174 2129 3228 per-

463 3281 470 3288 -
535 3265 694 3304 versa
721 3265 832 3306 non
860 3258 1088 3319 raperet,
1124 3249 1226 3302 nisi
1247 3249 1398 3319 prius
1426 3247 1683 3318 superbia
1715 3247 1928 3304 inﬂaret
1959 3265 1970 3299 :
2006 3247 2132 3301 dum

535 3338 681 3394 enim
727 3353 787 3392 se
819 3353 934 3406 prae
988 3337 1195 3392 caeteris
1254 3336 1526 3406 sapientes
1577 3335 1928 3400 arbitrantur,
1979 3336 2132 3405 sequi

457 3461 466 3492 ;
536 3425 671 3481 alios
700 3425 769 3480 ad
797 3426 991 3482 melius
1039 3425 1314 3481 intellecta
1339 3424 1645 3494 despiciunt
1677 3441 1689 3476 :
1714 3432 1874 3494 atque
1904 3432 1960 3476 ut
1989 3425 2132 3493 apud

536 3515 844 3584 imperitum
876 3513 1072 3584 vulgus
1121 3513 1361 3570 scientiae
1392 3513 1496 3568 sibi
1527 3529 1724 3566 nomen
1754 3519 2130 3584 extorqueant,

539 3603 754 3658 student
791 3618 1137 3674 summopere
1181 3611 1232 3657 et
1276 3603 1344 3654 ab
1371 3602 1494 3656 aliis
1541 3609 1688 3658 recte
1728 3600 2000 3656 intellecta
2034 3600 2132 3653 de-

539 3699 753 3748 struere
797 3697 852 3746 et
889 3706 985 3744 sua
1015 3706 1276 3761 perversa
1306 3689 1604 3756 roborare;
1639 3704 1866 3757 quorum
1915 3688 2133 3757 sapien-

542 3779 621 3834 tia.
646 3781 795 3839 sicut
815 3781 1094 3834 novacula
1116 3782 1282 3833 acuta
1302 3779 1443 3847 facit
1465 3777 1655 3832 dolum
1679 3777 1853 3844 (Psal.
1879 3784 1974 3844 ι.ι);
2013 3776 2136 3846 quia

460 3909 468 3918 .
549 3868 690 3922 sicut
718 3866 978 3920 novacula
1007 3873 1162 3920 acuta
1209 3881 1354 3934 saepe
1384 3863 1645 3918 assimilat
1673 3880 1731 3917 se
1763 3879 1929 3934 agere
1959 3863 2136 3917 vultus

459 4011 464 4017 ,
541 3953 797 4019 nitorem,
830 3961 881 4007 et
927 3968 1099 4024 genas
1148 3952 1372 4005 vulnere
1422 3967 1518 4006 suo
1569 3951 1792 4016 sauciat,
1846 3951 1916 4004 ita
1945 3951 2138 4006 dolosa

460 4096 470 4105 _
544 4041 774 4094 versutia
797 4039 924 4094 dolo
947 4054 1132 4109 prava:
1162 4039 1532 4110 intelligentia
1563 4038 1807 4093 vulnerat
1838 4054 1972 4108 quos
2001 4055 2136 4093 sano

461 4173 470 4202 ε
545 4143 710 4184 sensu
741 4142 939 4182 sanare
969 4145 1031 4182 se
1061 4126 1298 4182 simulat.
1332 4127 1485 4182 Unde
1524 4127 1662 4181 bene
1691 4143 1791 4198 per
1819 4129 2136 4197 prophetam

460 4265 470 4275 .
545 4215 740 4271 dicitur
765 4233 778 4268 :
807 4217 1119 4272 Secuerunt
1145 4220 1509 4288 pra’gnantes
1552 4216 1760 4271 Galaad
1789 4215 1860 4270 ad
1889 4215 2138 4270 dilatan-

463 4372 470 4380 ε
548 4304 686 4360 dum
726 4305 1033 4360 terminum
1063 4322 1229 4361 suum
1260 4306 1446 4369 (Amos
1468 4307 1527 4368 ι).
1563 4303 1696 4372 Quia
1719 4303 1972 4357 nimirum
1999 4305 2136 4358 bene

455 4445 462 4452 .
541 4391 690 4448 dicta
716 4409 883 4462 prave
910 4393 1296 4464 intelligentes,
1341 4392 1581 4446 fidelium
1619 4400 1849 4460 mentes,
1881 4409 2002 4462 quae
2026 4392 2138 4459 jam

2237 1849 2313 1900 Tu
2327 1862 2449 1900 vero
2483 1844 2640 1898 homo
2671 1841 2965 1896 unanimis
3001 1840 3120 1894 dua:
3149 1857 3306 1894 meus
3339 1843 3394 1894 et
3425 1842 3596 1896 notus
3647 1855 3820 1898 naeus,

2227 1934 2322 2006 qui
2351 1934 2523 1988 simul
2557 1947 2775 1986 mecum
2797 1929 2988 1986 dulces
3001 1927 3256 1999 cupiebas
3273 1927 3440 1994 cibos,
3465 1928 3528 1981 in
3541 1925 3707 1986 domo
3730 1927 3823 1981 Do-

2229 2022 2372 2076 mini.
2395 2019 2805 2075 ambulavimus
2821 2035 2952 2074 cum
2969 2032 3249 2072 consensu
3271 2015 3444 2082 (Psal.
3469 2012 3609 2085 Liv).
3630 2013 3702 2068 Et
3718 2031 3823 2068 rur-

2229 2126 2352 2164 sum
2389 2127 2399 2161 :
2430 2107 2597 2164 Homo
2615 2107 2772 2179 pacis
2805 2123 2961 2172 mete,
2977 2107 3155 2177 inquo
3178 2104 3490 2174 sperabam,
3514 2108 3570 2158 et
3588 2102 3690 2176 qui
3709 2099 3825 2158 ede-

2227 2200 2319 2254 bat
2327 2215 2440 2270 pan
2451 2214 2505 2250 es
2524 2212 2671 2252 meos
2692 2195 2990 2267 ampliavit
3004 2193 3298 2251 adversum
3315 2209 3403 2246 me
3416 2189 3827 2264 supplantatiir

2227 2302 2357 2341 nem
2383 2286 2558 2356 (Psal.
2587 2286 2700 2351 XL).
2727 2285 2801 2336 Ac
2826 2279 2870 2334 si
2892 2281 2958 2334 de
2981 2279 3234 2336 traditore
3253 2295 3352 2336 suo
3373 2278 3582 2350 apertis
3603 2277 3826 2333 vocibus

2227 2373 2410 2430 dicat:
2445 2367 2967 2443 'l‘ransgressionpm
3001 2369 3117 2438 ejus
3158 2375 3308 2424 tanto
3349 2367 3576 2442 gravius
3614 2366 3826 2437 pertuli.

2228 2469 2430 2533 quanto
2444 2461 2584 2516 hanc
2607 2459 2676 2512 ab
2697 2475 2763 2512 eo
2777 2459 2864 2529 qui
2887 2474 3038 2510 meus
3053 2473 3176 2512 esse
3198 2453 3482 2510 videbatur
3494 2451 3667 2509 sensi.
3691 2451 3826 2509 Om-

2229 2567 2327 2603 nes
2349 2563 2483 2619 ergo
2505 2547 2682 2610 electi,
2700 2545 2824 2616 quia
2847 2543 3224 2614 sumnicapitis
3238 2543 3484 2598 membra
3507 2551 3654 2608 sunt,
3669 2553 3828 2613 caput

2229 2653 2447 2708 quoque
2498 2652 2618 2689 sum
2668 2635 2722 2688 in
2777 2633 3124 2704 passionibus
3169 2641 3506 2702 sequuntur,
3565 2639 3620 2684 ut
3679 2631 3828 2702 ipsos

2229 2723 2571 2780 adversarios
2602 2723 2654 2776 in
2687 2738 2786 2777 sua
2817 2729 2988 2775 morte
3027 2719 3280 2783 sentiant,
3332 2719 3400 2773 de
3450 2736 3682 2790 quorum
3725 2718 3828 2773 vita

2228 2812 2652 2884 praesumebant,
2704 2817 2756 2864 et
2804 2818 2951 2862 tanto
3001 2808 3080 2864 cis
3129 2815 3338 2862 crescat
3375 2823 3588 2862 merces
3621 2807 3824 2877 Operis,

2229 2909 2431 2972 quanto
2483 2901 2562 2956 eis
2614 2898 2828 2954 virtutis
2889 2898 3100 2952 lucrum
3158 2893 3369 2966 proficit
3423 2903 3473 2949 et
3527 2912 3591 2950 ex
3636 2895 3830 2949 aliena!

2229 2990 2432 3044 damno
2463 2985 2762 3042 cbaritatis.
2798 2987 2863 3040 Et
2913 2984 3164 3056 quoniam
3193 2984 3373 3038 minus
3409 2982 3586 3052 jaeula
3631 2981 3831 3037 feriunt

2233 3093 2355 3147 qua!
2413 3075 2800 3146 praividentur,
2855 3081 2908 3126 et
2957 3088 3056 3127 nos
3087 3071 3417 3126 tolerabilius
3449 3071 3638 3125 mundi
3687 3071 3833 3126 mala

2235 3164 2581 3233 suscipimus,
2615 3163 2660 3216 si
2691 3170 2876 3216 contra
2924 3162 3038 3215 hinc
3067 3177 3168 3230 per
3195 3158 3551 3231 praescientize
3578 3158 3832 3232 clypeum

2234 3251 2525 3316 munimur,
2559 3267 2624 3306 eo
2673 3249 2774 3303 ista
2819 3249 2888 3303 de
2958 3259 3006 3302 te
3076 3241 3412 3303 tolerabilius
3477 3257 3660 3319 porto,
3726 3263 3830 3320 quo

2235 3341 2398 3411 longe
2430 3347 2554 3394 ante
2603 3355 2700 3408 per
2737 3337 3058 3409 prophetam
3099 3353 3128 3390 a
3159 3335 3390 3392 Domino
3421 3331 3625 3400 dictum
3657 3334 3786 3409 lego
3817 3355 3829 3388 :

2241 3425 2854 3500 Unusquisque,inquit,
2893 3444 2924 3480 (ι
2943 3427 3204 3496 proximo
3225 3441 3324 3479 suo
3363 3441 3421 3480 se
3439 3423 3747 3490 custodiat,
3779 3429 3830 3479 et

2236 3519 2296 3572 in
2325 3517 2480 3570 omni
2509 3519 2692 3586 fratre
2713 3532 2811 3569 suo
2835 3531 2942 3568 non
2973 3506 3474 3582 Italieatﬁduciam,
3499 3513 3631 3584 quia
3649 3515 3830 3570 omnis

2235 3607 2421 3676 frater
2450 3603 2828 3674 supplantans
2871 3601 3283 3672 supplantat/it,
3313 3604 3368 3654 et
3397 3601 3580 3663 omnis
3611 3601 3828 3656 amicus

2235 3693 2642 3764 fraudulenter
2656 3691 2894 3758 incedet,
2916 3693 2968 3743 et
2991 3691 3076 3744 vir
3090 3691 3334 3760 fratrem
3351 3706 3518 3742 suum
3536 3686 3828 3751 derirlebit,

2239 3784 2292 3834 et
2329 3781 2625 3833 veritatem
2655 3793 2764 3833 non
2791 3778 3049 3849 loquetur
3077 3777 3212 3845 (Jer.
3245 3777 3347 3846 ix).
3383 3775 3449 3828 Et
3480 3773 3643 3846 paulo
3673 3786 3826 3848 post:

2239 3869 2300 3922 In
2343 3885 2434 3923 ore
2465 3883 2664 3938 pacem
2709 3883 2839 3919 cum
2881 3866 3060 3919 anzico
3089 3881 3186 3919 suo
3220 3864 3495 3936 loquetur,
3529 3869 3582 3918 et
3615 3865 3832 3920 occulte.

2233 3959 2403 4028 ponet
2425 3955 2472 4008 ei
2493 3953 2752 4019 insidias,
2779 3952 3036 4024 nunquid
3053 3969 3221 4025 super
3238 3953 3324 4006 his
3336 3968 3449 4006 non
3471 3953 3726 4019 visitabo,
3751 3953 3831 4007 di-

2236 4045 2315 4097 cit
2348 4042 2652 4098 Dominus?
2685 4044 2700 4106 (
2715 4040 3006 4115 .llatth.x.)
3028 4040 3093 4094 Et
3123 4056 3222 4109 per
3245 4038 3595 4110 semetipsum
3619 4039 3832 4094 Veritas

2237 4129 2364 4184 dicit
2400 4146 2412 4182 :
2450 4130 2674 4184 Inimici
2692 4129 2935 4182 hominis
2957 4128 3250 4182 domestici
3269 4129 3388 4199 ejus
3419 4125 3745 4196 (Humani).
3769 4127 3834 4182 Et

2237 4233 2360 4272 cum
2381 4217 2642 4286 scriptum
2666 4217 2733 4269 sit
2759 4234 2770 4268 :
2795 4217 2964 4271 Labia
2984 4215 3288 4270 sacerdotis
3309 4215 3629 4270 custodicnt
3653 4217 3836 4270 scien-

2239 4306 2398 4370 tiam,
2433 4310 2487 4358 et
2522 4307 2714 4374 legem,
2741 4321 2860 4374 qua:
2881 4303 3018 4357 inter
3038 4303 3142 4356 alia
3172 4302 3300 4357 dicit
3327 4320 3338 4354 :
3363 4303 3584 4359 Honora
3609 4307 3834 4376 patrem

2241 4399 2401 4449 tuum
2431 4398 2484 4448 et
2507 4397 2746 4447 matrem
2779 4397 2956 4456 tuam,
2992 4393 3281 4462 requirent
3310 4408 3384 4445 ex
3406 4407 3499 4446 ore
3529 4394 3666 4463 ejus,
3699 4393 3837 4464 quia

542 4480 748 4552 aliquid
768 4481 836 4536 de
865 4480 1112 4536 veritatis
1151 4481 1428 4535 intellectu
1459 4488 1841 4550 conceperant,
1877 4495 2135 4549 perversa
2165 4467 2217 4528 D
2241 4483 2473 4550 angelus
2529 4481 2756 4537 Domini
2817 4482 3175 4534 exercituum
3233 4484 3318 4533 est
3366 4479 3565 4538 (Exod.
3598 4481 3725 4531 xxi.
3761 4479 3838 4532 Tu

461 4631 468 4640 ο
541 4569 792 4624 doctrina
829 4569 1097 4639 perimunt
1129 4585 1142 4622 :
1176 4577 1230 4621 et
1258 4569 1390 4634 dum
1421 4568 1658 4623 scientiae
1687 4568 1790 4622 sibi
1809 4584 2008 4622 nomen
2038 4584 2136 4621 ex-

457 4714 466 4722 ,
543 4658 788 4722 tendunt,
837 4657 1188 4726 parvulorum
1245 4656 1410 4711 corda
1463 4657 1577 4724 jam
1633 4657 1702 4709 de
1751 4656 1903 4711 verbi
1935 4671 2136 4710 conce-

455 4788 462 4796 .
540 4746 724 4814 ptione
755 4745 982 4817 gravida
1009 4744 1212 4800 erroris
1241 4743 1428 4815 gladio
1457 4744 1738 4807 scindunt,
1767 4752 1818 4797 et
1849 4745 2004 4814 quasi
2033 4745 2136 4798 do-

456 4875 466 4884 .
547 4833 735 4886 ctrina;
762 4833 866 4886 sibi
912 4834 1224 4903 opinionem
1259 4831 1474 4887 faciunt.
1527 4830 1735 4898 Quibus
1779 4832 2008 4900 primum
2035 4849 2135 4886 ne-

543 4935 700 4975 cesse
731 4929 813 4974 est
843 4938 910 4976 ne
939 4923 1158 4977 inanem
1186 4921 1418 4993 gloriam
1448 4926 1726 4990 quaerant:
1759 4918 1888 4988 quia
1916 4920 1960 4972 si
1990 4921 2134 4972 radix

451 5055 460 5061 .
545 5007 794 5063 elationis
822 5009 1132 5079 absciditur,
1164 5017 1561 5078 consequenter
1594 5006 1730 5060 rami
1760 5022 1936 5076 prava:
1967 5024 2135 5062 asser-

543 5096 706 5151 tionis
735 5095 986 5150 areﬁunt.
1021 5099 1156 5151 Nam
1202 5097 1451 5152 catholici
1489 5096 1760 5162 doctores,
1797 5102 1848 5149 et
1879 5096 2136 5150 Ecclesize

544 5195 748 5240 sanctae
797 5193 1062 5249 rectores,
1105 5185 1196 5254 qui
1227 5186 1294 5239 de
1326 5185 1626 5238 haeresibus
1658 5183 2008 5252 scripserunt,
2042 5201 2136 5238 eos

543 5274 636 5343 qui
668 5273 834 5328 verba
876 5273 1044 5327 divini
1090 5273 1290 5342 eloquii
1337 5289 1446 5327 non
1478 5281 1628 5327 recte
1680 5271 2010 5343 intelligunt,
2051 5273 2136 5326 vel

544 5376 654 5414 non
701 5369 848 5416 recte
886 5361 1324 5430 interpretantur,
1379 5361 1476 5415 sed
1511 5361 1576 5414 ad
1636 5376 1765 5414 suos
1805 5376 1999 5414 sensus
2045 5360 2137 5413 illa

475 5487 480 5492 .
541 5445 910 5516 allegorizant,
942 5449 996 5502 in
1025 5449 1278 5520 catalogo
1299 5465 1462 5518 prave
1494 5448 1835 5503 sentientium
1867 5447 2136 5502 haereticis

542 5544 996 5589 connumerantes
1027 5538 1318 5590 ascribunt.

2237 4585 2266 4623 e
2343 4578 2550 4632 contra,
2609 4586 2676 4622 ne
2732 4567 3050 4640 magnitudo
3128 4566 3536 4621 miserationum
3596 4567 3834 4620 Domini.

2239 4673 2373 4728 quas
2403 4656 2470 4710 de.
2503 4672 2664 4710 manu
2695 4656 2834 4709 illius
2865 4656 3097 4727 gratuita
3126 4655 3299 4726 gratia
3349 4655 3466 4709 sine
3496 4655 3688 4708 merito
3726 4655 3839 4709 ullo

2239 4746 2475 4814 suscepi,
2565 4744 2780 4798 extollat
2837 4760 2942 4798 me.
3020 4744 3178 4796 datus
3236 4758 3296 4794 es
3378 4742 3510 4795 mihi
3584 4741 3836 4796 stimulus

2237 4834 2698 4905 recognoscendm
2745 4829 3071 4884 infirmitatis
3137 4847 3290 4894 meae,
3371 4829 3600 4901 angelus
3674 4831 3837 4885 Sata-

2237 4939 2340 4984 nze,
2393 4931 2446 4975 ut
2502 4929 2678 4975 meet
2735 4928 2965 4973 matrem
3041 4926 3183 4972 tuam
3241 4919 3573 4972 Ilhemorum
3624 4926 3836 4972 metro-

2236 5011 2424 5080 polim,
2513 5027 2634 5080 qum
2721 5019 2770 5064 te
2822 5007 3062 5073 nutrivit,
3139 5006 3294 5060 elatis
3351 5006 3592 5060 moribus
3649 5015 3699 5060 et
3760 5007 3838 5060 in-

2237 5099 2560 5154 obedientiis
2611 5097 2934 5167 eolaphizes.
2997 5095 3104 5149 Sed
3153 5095 3332 5148 sciens
3388 5095 3516 5164 quia
3563 5095 3730 5149 virtus
3781 5095 3838 5147 in

2236 5185 2542 5240 infirmitate
2598 5183 2884 5255 perficitur,
2947 5183 3178 5237 libenter
3233 5182 3510 5252 gloriabor
3587 5182 3638 5235 in
3724 5182 3837 5246 his,

2238 5291 2358 5345 qua:
2406 5272 2804 5328 infirmitatibus
2860 5271 3016 5336 meis,
3075 5279 3163 5324 aut
3217 5287 3248 5324 a
3306 5271 3420 5324 Deo
3479 5285 3578 5340 per
3631 5286 3837 5340 corpo-

2237 5361 2378 5414 rales
2442 5360 2721 5414 molestias
2756 5406 2770 5429 ,
2819 5369 2908 5412 aut
2963 5375 2995 5412 a
3057 5358 3277 5414 diabolo
3333 5374 3434 5428 per
3483 5358 3836 5423 tentationes,

2237 5458 2327 5502 aut
2385 5448 2454 5501 ab
2495 5447 2711 5502 homine
2741 5463 2839 5518 per
2869 5447 3137 5518 quaslibet
3185 5445 3554 5500 immissiones
3583 5444 3837 5499 inferun—

2239 5545 2342 5602 tur,
2405 5543 2461 5589 ut
2514 5534 2770 5589 inhabitet
2827 5535 2877 5587 in
2910 5551 2994 5586 me
3025 5532 3238 5588 inﬁrmo
3286 5533 3454 5586 virtus
3485 5527 3702 5596 Christi,
3739 5532 3839 5604 qui
