4020 6182
465 237 571 293 ιιι

1390 222 1733 281 HINCMABI
1784 218 2186 278 RHEMENSIS
2216 274 2222 280 .
2243 219 2794 278 ARCHIEPISCOPI.

3668 218 3774 275 ιιο

469 358 722 416 autem
775 352 1082 410 dilectionis
1136 348 1564 413 unanimitatem,
1611 362 1753 417 quae,
1798 352 1857 400 ut
1897 359 2064 415 supra
2082 344 2139 404 A
2168 343 2328 399 nibus
2383 343 2667 399 Nicolaum
2723 341 3115 408 ordinaverint,
3160 355 3265 398 nec
3306 348 3488 398 tamen
3531 340 3699 397 dictis
3725 350 3780 399 et

469 447 608 515 dixi,
637 454 692 501 te
720 444 853 498 mihi
888 450 1174 512 reputasse
1218 438 1420 506 audivi,
1471 436 1652 507 egisse
1700 445 2071 505 recognoSce-

473 552 611 603 rem,
647 532 772 605 quia
802 532 1017 585 dicente
1046 530 1202 583 beato
1230 529 1439 582 Joanne
1480 523 1727 594 apostolo
1759 540 1773 576 :
1811 524 1870 578 Si
1899 521 2072 590 conﬁ-

478 628 705 679 teamur
719 623 951 693 peccata
967 622 1182 682 nostra,
1199 615 1381 684 ﬁdelis
1399 617 1458 668 et
1466 615 1661 683 justus
1679 616 1765 666 est
1780 611 2069 672 Dominus,

478 715 547 767 ut
562 710 823 765 remittat
844 707 1000 761 nobis
1020 708 1249 775 peccata
1274 706 1469 756 nostra
1490 702 1536 769 (Ι
1553 702 1715 755 Joan.
1740 698 1800 767 ι),
1824 705 1876 752 et
1894 696 2073 767 prima

477 798 666 854 salutis
711 810 838 865 spes
886 802 968 847 est
1017 790 1310 853 confessio,
1369 788 1566 842 deinde
1614 786 1830 841 dilectio
1854 829 1866 851 ,
1933 786 2074 853 Quia

476 886 730 943 charitas
761 884 940 954 operit
963 879 1396 935 multitudinem
1442 879 1803 947 peccatorum
1842 874 1894 939 tl
1917 874 2071 927 Petr.

476 975 576 1043 tv),
610 987 720 1026 non
749 969 1075 1024 dimitterem
1108 967 1239 1037 quin
1270 966 1395 1018 inde
1429 963 1702 1017 salubrem
1724 961 2075 1033 indulgentia

471 1060 800 1117 medicinam
844 1064 1177 1127 expeterem,
1224 1069 1333 1108 non
1379 1068 1480 1122 pro
1527 1053 1784 1115 humano,
1830 1050 1929 1103 sed
1977 1064 2074 1118 pro

474 1149 659 1205 divino
688 1147 904 1211 timore,
938 1152 991 1199 et
1033 1143 1275 1197 fraterno
1321 1155 1530 1206 amore,
1583 1154 1649 1194 ac
1694 1138 1914 1208 pr0pria
1960 1136 2073 1191 sal-

475 1237 712 1292 vatione.
744 1236 867 1289 Non
897 1232 1043 1287 enim
1078 1229 1450 1299 perfunctorie
1496 1226 1654 1280 nobis
1703 1225 2075 1280 sacerdotibus

477 1323 772 1396 legendum
804 1329 857 1375 et
887 1319 1180 1374 tenendum
1212 1324 1313 1380 est,
1349 1315 1492 1387 quod
1521 1315 1686 1369 etiam
1724 1313 1879 1393 laicis
1908 1321 1961 1366 et
1988 1311 2073 1366 fe-

474 1411 637 1465 minis
668 1409 901 1479 Spiritus
933 1413 1153 1459 sanctus
1184 1420 1283 1474 per
1313 1404 1530 1457 beatum
1571 1401 1701 1456 dicit
1746 1400 2073 1472 Gregorium

475 1498 696 1569 (homil.
730 1499 798 1550 32
828 1497 891 1549 in
922 1493 1155 1563 Evang.)
1188 1509 1201 1544 :
1236 1514 1262 1538 ι‹
1298 1491 1397 1574 Est
1425 1489 1517 1544 ubi
1549 1506 1609 1543 se
1639 1488 1867 1558 quisque
1909 1487 2076 1542 inter-

476 1592 655 1657 roget,
686 1591 740 1638 et
768 1582 823 1636 in
854 1579 1198 1636 confessione
1229 1577 1426 1633 Christi
1459 1594 1517 1632 se
1548 1576 1813 1632 veraciter
1857 1575 2073 1645 probet.

2170 432 2326 488 factis
2382 432 2564 498 illius,
2634 432 3083 503 improbabilibus
3136 439 3326 501 postea
3383 430 3779 499 comprobatis,

2171 537 2268 591 per
2296 536 2549 575 manuum
2609 537 2826 575 suarum
2876 520 3277 590 impositionem
3326 518 3781 574 communicave-

2171 617 2316 674 runt,
2351 626 2512 679 quem
2542 610 2852 664 ordinantes
2881 608 3080 662 bonum
3110 607 3483 674 crediderunt,
3530 615 3585 660 et
3615 623 3783 661 man-

2172 712 2357 749 surum
2390 704 2655 766 perpetuo
2694 695 2748 749 in
2798 696 3036 749 bonitate
3084 703 3407 764 optaverunt
3440 712 3453 747 :
3489 695 3633 748 sicut
3679 710 3785 749 nec

2172 784 2388 838 Samuel
2418 783 2632 854 culpam
2661 784 2927 839 contraxit
2958 783 3009 836 in
3042 782 3383 837 ordinatione
3415 782 3563 849 Saul,
3615 799 3783 852 quem

2172 872 2356 927 divina
2380 872 2625 941 jussione
2657 887 2690 926 a
2722 889 2781 926 se
2807 872 3134 935 ordinatum,
3168 879 3220 924 et
3249 885 3282 924 a
3310 871 3546 925 Domino
3589 879 3783 941 postea

2172 961 2451 1028 rejectum,
2485 960 2625 1016 sicut
2649 960 2717 1014 de
2747 969 2797 1014 te
2827 960 3006 1023 doleo,
3054 959 3355 1014 diutissime
3411 960 3582 1023 ﬂevit,
3630 959 3781 1013 velut

2172 1064 2328 1103 sacra
2358 1057 2543 1103 narrat
2571 1048 2815 1103 historia.
2867 1048 3161 1117 Reputatur
3206 1046 3371 1101 etiam
3418 1047 3574 1113 mihi,
3630 1048 3783 1118 quod

2173 1144 2225 1190 te
2256 1144 2507 1205 nepotem
2539 1152 2720 1190 meum
2763 1136 2940 1208 gratia
2987 1134 3405 1205 prOpinquitatis
3453 1135 3782 1205 episcopum

2173 1225 2559 1279 ordinaverim.
2599 1223 2767 1292 Quasi
2794 1238 2901 1277 non
2932 1223 3107 1277 et'alii
3138 1239 3236 1292 per
3262 1239 3351 1276 me
3385 1222 3493 1276 sint
3540 1222 3783 1277 ordinati

2174 1312 2433 1382 episcopi,
2466 1312 2557 1383 qui
2584 1328 2694 1366 non
2724 1320 2848 1365 sunt
2876 1311 3007 1365 mihi
3038 1326 3204 1366 carne
3232 1311 3542 1381 propinqui,
3593 1320 3649 1365 et
3676 1328 3781 1365 no-

2172 1399 2289 1453 lunt
2319 1400 2601 1454 attendere
2630 1399 2764 1453 mihi
2794 1400 2899 1454 hoc
2930 1407 3259 1469 reputantes,
3306 1398 3429 1469 quia
3457 1414 3571 1453 non
3599 1398 3780 1470 impe-

2174 1488 2251 1541 dit
2280 1488 2352 1542 ad
2381 1504 2709 1559 quemquam
2749 1487 3110 1542 ordinandum
3148 1487 3327 1543 carnis
3370 1487 3776 1558 propinquitas,

2175 1575 2220 1628 si
2277 1576 2612 1631 ordinandus
2668 1574 2827 1631 fuerit
2873 1575 3079 1631 electus
3125 1583 3178 1630 et
3221 1575 3420 1645 petitus
3471 1576 3779 1631 secundum

473 1673 740 1727 Veremur
768 1685 913 1739 saepe
942 1685 976 1723 a
1005 1667 1269 1738 proximis
1295 1665 1519 1735 despici,
1577 1664 1942 1736 dedignamur
1982 1663 2071 1717 in-
2101 1693 2154 1752 Β
2176 1663 2578 1719 ecclesiasticas
2607 1663 2850 1736 regulas.
2882 1664 3004 1718 Non
3034 1672 3087 1718 et
3115 1663 3427 1727 Dominum,
3476 1678 3513 1716 a
3560 1678 3676 1735 quo
3728 1673 3780 1719 et

469 1759 645 1829 jurias
674 1757 828 1813 verbi
857 1756 1107 1811 tolerare.
1150 1754 1206 1809 Si
1234 1754 1512 1825 contingat
1552 1752 1793 1822 jurgium
1843 1751 2073 1805 fortasse
2107 1751 2136 1752 Ὺ
2174 1768 2272 1821 per
2300 1766 2463 1822 quem
2494 1752 2659 1822 coepit
2687 1751 3056 1822 episcOpatus,
3088 1767 3252 1807 carne
3298 1751 3401 1805 sibi
3430 1752 3779 1823 propinquos

476 1861 603 1903 cum
631 1845 899 1917 proximo,
931 1842 1303 1898 erubescimus
1333 1842 1544 1911 priores
1584 1838 1917 1893 satisfacere.
1969 1839 2076 1893 Cor

477 1934 676 2006 quippe
706 1932 947 1996 carnale,
981 1931 1110 1984 dum
1139 1930 1296 1998 hujus
1324 1928 1447 1984 vitae
1477 1927 1706 2000 gloriam
1738 1926 1949 1997 qumrit,
1984 1927 2078 1980 hu-

475 2022 761 2076 militatem
790 2018 998 2089 respuit
1032 2036 1045 2072 :
1079 2025 1132 2071 et
1160 2018 1482 2087 plerumque
1503 2016 1619 2085 ipse
1642 2016 1805 2069 homo
1837 2013 1929 2084 qui
1959 2014 2073 2067 ira-

476 2109 666 2175 scitur,
714 2106 1119 2163 discordantem
1166 2104 1268 2159 sibi
1319 2102 1656 2159 reconciliari
1704 2101 1926 2172 appetit,
1977 2100 2076 2155 sed

474 2197 558 2253 ire
610 2196 678 2251 ad
725 2192 1171 2251 satisfaciendum
1224 2192 1374 2262 prior
1428 2191 1719 2245 erubescit.
1778 2190 2075 2244 Pensemus

472 2287 615 2340 facta
642 2282 906 2349 veritatis,
935 2290 994 2336 ut
1023 2281 1307 2335 videamus
1336 2294 1444 2350 quo
1468 2280 1685 2347 jaceant
1712 2285 1912 2332 nostra!
1947 2292 2074 2347 pra-

472 2370 651 2427 vitatis
708 2370 973 2425 actiones.
1033 2367 1091 2422 Si
1147 2367 1291 2422 enim
1344 2366 1594 2421 membra
1643 2366 1838 2420 summi
1884 2364 2075 2435 capitis

471 2474 681 2522 sumus,
713 2456 911 2512 imitari
941 2471 1063 2510 eum
1093 2455 1182 2510 cui
1214 2454 1589 2510 connectimur
1617 2454 1899 2508 debemus.
1932 2451 2076 2520 Quid

472 2561 711 2618 namque
757 2545 826 2600 ad
881 2552 1083 2599 nostra;
1138 2542 1461 2597 eruditionis
1518 2542 1823 2611 exemplum
1872 2540 2075 2595 Paulus

474 2634 738 2708 egregius
775 2632 1105 2704 praedicator
1151 2631 1328 2685 dicit?
1373 2632 1479 2685 Pro
1532 2631 1750 2685 Christo
1800 2630 2073 2700 legatione

469 2723 788 2795 fungimur,
811 2726 1084 2793 tanquam
1107 2722 1215 2775 Deo
1232 2720 1574 2775 exhortante
1585 2734 1688 2790 per
1708 2734 1809 2773 nos
1825 2718 2074 2773 obsecra-

468 2827 598 2867 mus
611 2827 714 2883 pro
738 2810 978 2875 Christo,
1001 2808 1456 2863 reconciliamini
1474 2809 1580 2862 Deo
1601 2807 1675 2876 (ll
1696 2807 1814 2861 Cor.
1833 2807 1911 2875 v).
1927 2805 2073 2860 Ecce

471 2898 616 2953 inter
653 2913 756 2952 nos
795 2905 849 2951 et
897 2898 1071 2950 Deum
1121 2894 1450 2949 discordiam
1493 2894 1775 2963 peccando
1821 2892 2069 2959 fecimus,

476 2993 531 3041 et
558 2993 745 3040 tamen
773 2984 843 3038 ad
870 2997 972 3037 nos
1001 2984 1149 3036 Deus
1179 2997 1307 3035 suos
1346 2982 1557 3052 legatos
1606 2981 1755 3050 prior
1798 2980 1962 3044 misit,
2014 2988 2072 3034 ut

472 3087 576 3128 nos
602 3071 707 3141 ipsi
737 3070 830 3142 qui
859 3069 1226 3141 peccavimus,
1277 3070 1346 3122 ad
1388 3084 1580 3138 pacem
1628 3068 1729 3122 Dei
1761 3068 1939 3139 rogati
1967 3084 2066 3123 ve-

474 3159 710 3215 niamus.
743 3158 1051 3213 Erubescat
1079 3172 1215 3228 ergo
1244 3157 1477 3209 humana
1516 3156 1789 3226 superbia,
1835 3155 2068 3211 confun-

474 3248 635 3305 datur
687 3247 919 3317 quisque
972 3245 1020 3299 si
1063 3260 1173 3299 non
1233 3244 1529 3300 satisfaciat
1589 3260 1742 3315 pI‘IOI‘
1796 3244 2064 3315 proximo,

469 3334 690 3409 quando
713 3342 838 3406 post
866 3333 1082 3403 culpam
1113 3340 1375 3398 nostram,
1408 3341 1466 3386 ut
1496 3333 1545 3388 ei
1576 3332 1919 3388 reconciliari
1965 3332 2068 3387 de-

471 3424 716 3487 beamus,
749 3431 801 3478 et
828 3422 948 3492 ipse
977 3436 1194 3493 quoque
1224 3421 1317 3492 qui
1346 3419 1586 3475 offensus
1627 3428 1710 3476 est
1751 3420 1946 3492 legatis
1986 3419 2068 3474 in-

469 3509 898 3567 tervenientibus
917 3509 1171 3565 obsecrat
1202 3509 1374 3563 Deus.
1421 3532 1442 3555 »

1052 3623 1280 3679 CAPUT
1316 3623 1481 3677 XLII.

467 3716 544 3770 De
574 3713 884 3784 auferendo
913 3729 949 3767 a
978 3713 1135 3768 nobis
1167 3713 1428 3837 alrlnbtzbus
1469 3710 1755 3783 opprobrio
1801 3728 1836 3766 a
1864 3711 2066 3766 multis

468 3836 471 3837 ν
1166 3798 1188 3836 i
1239 3799 1273 3835 a
1346 3823 1359 3835 .

1166 3798 1359 3836 ιιιαιο.

536 3869 708 3925 Aufer
740 3884 895 3939 ergo,
929 3868 1180 3924 faciendo
1211 3884 1332 3938 quae
1365 3868 1553 3933 debes,
1604 3876 1658 3922 et
1697 3884 1817 3939 quae
1845 3875 1972 3939 opto
2001 3882 2065 3924 ac

466 3972 588 4022 oro,
622 3965 673 4012 et
701 3957 910 4011 utinam
956 3956 1158 4027 dignus
1205 3956 1451 4010 exaudiri
1500 3955 1743 4022 fuissem,
1780 3972 1811 4010 a
1842 3972 1929 4011 me
1954 3964 2008 4011 et
2034 3973 2066 4010 a

466 4052 520 4100 te
547 4044 900 4113 opprobrium
930 4043 1076 4114 quod
1123 4043 1255 4097 mihi
1302 4060 1332 4097 a
1380 4044 1560 4097 multis
1599 4052 1892 4114 reputatur,
1942 4044 2066 4115 quia

467 4131 651 4197 talem,
685 4131 823 4186 sicut
848 4138 903 4185 et
932 4138 1120 4186 contra
1177 4131 1375 4186 divinae
1419 4132 1776 4186 ordinationis
1824 4131 2064 4202 disposi-

466 4218 693 4287 tionem,
726 4226 779 4273 et
808 4226 997 4274 contra
1029 4234 1234 4290 regem,
1260 4228 1312 4273 et
1341 4234 1477 4291 erga
1516 4234 1623 4284 me,
1673 4228 1726 4273 et
1769 4235 1904 4293 erga
1956 4220 2064 4276 Ec-

467 4306 692 4364 clesium
719 4306 818 4361 tibi
846 4307 1215 4373 commissam,
1250 4315 1300 4362 et
1331 4323 1461 4378 erga
1492 4307 1754 4377 plurimos
1799 4309 1937 4364 alios
1978 4307 2063 4364 ef-

468 4397 640 4451 fectus
693 4411 773 4463 es,
826 4397 1145 4467 episcopum
1193 4396 1578 4450 ordinaverim.
1638 4396 1745 4451 Sed
1794 4398 1885 4468 qui
1932 4398 2062 4452 mihi
2092 4389 2144 4447 D

463 4484 582 4540 huc
613 4491 880 4555 reputant,
931 4500 1041 4538 non
1091 4485 1388 4547 attendunt,
1441 4485 1568 4555 quia
1614 4499 1726 4539 non
1770 4493 1827 4539 ut
1871 4485 2066 4539 ludam

464 4572 699 4628 electum
756 4572 1013 4642 praesenti
1064 4571 1306 4639 justitia,
1366 4580 1418 4626 et
1462 4580 1519 4626 ut
1567 4588 1668 4642 per
1711 4590 1834 4627 eum
1882 4572 2067 4626 divina

464 4659 748 4730 dispositio
775 4659 1110 4729 impleretur,
1160 4658 1501 4729 Apostolum,
1559 4661 1695 4714 sicut
1734 4669 1786 4715 et
1816 4660 1946 4715 Saul
1970 4676 2064 4714 re-

465 4752 594 4819 gem
621 4756 811 4817 postea
840 4747 1208 4817 reprobatum,
1232 4747 1300 4801 de
1331 4763 1441 4817 quo
1470 4748 1731 4817 scriptum
1763 4756 1845 4801 est
1879 4765 1892 4800 :
1925 4749 2066 4803 Erat

467 4834 555 4889 vir
579 4835 791 4891 electus
820 4840 874 4890 et
906 4836 1098 4901 bonus,
1133 4839 1190 4889 et
1216 4852 1333 4890 non
1363 4839 1487 4890 erat
1521 4836 1606 4889 vir
1634 4835 1699 4890 de
1728 4836 1864 4904 ﬁliis
1890 4836 2065 4891 Israel

465 4922 653 4976 nelior
678 4923 779 4978 illo
810 4923 859 4990 (Ι
888 4926 1013 4993 Reg.
1048 4922 1154 4993 lx).
1187 4924 1335 4977 Deus
1366 4923 1545 4977 omnia
1578 4922 1756 4977 sciens
1803 4939 1903 4993 per
1936 4939 2063 4994 pro-

468 5008 762 5065 videntiam
794 5010 1082 5074 ordinavit,
1117 5018 1171 5065 et
1198 5010 1274 5064 nil
1304 5010 1479 5080 culpae
1504 5011 1791 5076 contraxit,
1825 5012 1914 5081 qui
1938 5028 2065 5080 pec-

462 5112 590 5154 care
619 5111 727 5151 non
759 5097 965 5167 potuit;
1000 5097 1097 5151 sed
1122 5106 1177 5151 ut
1208 5100 1369 5153 homo
1390 5099 1643 5152 nesciens
1665 5098 1811 5168 quod
1831 5099 2063 5153 futurum

464 5193 602 5251 erat,
629 5193 680 5241 te
708 5201 810 5257 per
838 5185 1313 5256 improvidentiam
1344 5187 1591 5240 ordinavi
1611 5194 1663 5240 et
1692 5186 1859 5240 divini
1877 5187 2063 5255 judicii

458 5287 567 5327 non
597 5274 783 5343 injusli
829 5273 1076 5328 minister
1123 5274 1322 5339 exstiti,
1374 5274 1501 5345 quia
1542 5275 1681 5330 sicut
1726 5274 1891 5333 timeo
1942 5274 2063 5329 aliis

460 5360 701 5429 peccatis
753 5361 892 5417 meis
950 5361 1053 5416 hoc
1109 5376 1232 5417 esse
1293 5364 1590 5432 promerui.
1642 5362 1964 5435 Quanquam
2010 5370 2063 5419 et

460 5447 636 5501 sancti
664 5448 900 5517 apostoli
931 5465 1054 5505 cum
1084 5449 1246 5504 beato
1286 5450 1563 5519 Stephano
1611 5460 1666 5506 et
1708 5451 1831 5506 aliis
1872 5449 2059 5507 diaco-

2174 1838 2407 1910 legimus
2436 1840 2722 1894 ordinasse
2751 1840 3047 1910 apostolos.
3099 1839 3210 1895 Sed
3255 1838 3381 1895 licet
3409 1839 3462 1893 in
3493 1848 3548 1894 te
3576 1848 3778 1910 nepote

2174 1943 2299 1983 meo
2329 1926 2536 1999 egerim
2566 1928 2709 1982 unde
2738 1943 2921 1998 gemo,
2947 1928 3077 1998 quia
3096 1928 3284 1983 nescio
3307 1928 3543 1999 qualiter
3569 1928 3643 1983 de
3671 1929 3777 1985 hoc

2175 2025 2228 2071 et
2258 2017 2327 2070 de
2358 2016 2477 2069 aliis
2503 2016 2642 2070 meis
2687 2016 2863 2079 factis,
2911 2016 3171 2071 terribilis
3215 2015 3269 2069 in
3317 2016 3561 2071 consiliis
3613 2032 3779 2087 super

2173 2102 2315 2158 filios
2343 2104 2623 2159 hominum
2651 2104 2709 2157 in
2735 2104 2949 2159 occulto
2980 2119 3080 2159 suo
3103 2103 3327 2171 judicio,
3360 2104 3453 2174 qui
3483 2104 3667 2174 posuit
3698 2113 3778 2160 te-

2173 2192 2372 2247 nebras
2402 2190 2679 2246 latibulum
2711 2207 2869 2246 suum
2899 2192 3155 2263 disponat
3185 2209 3200 2245 :
3232 2191 3345 2246 scio
3369 2200 3552 2247 tamen
3600 2192 3779 2248 omni-

2174 2287 2450 2350 potentem
2506 2280 2832 2335 advocatum
2864 2321 2879 2346 ,
2954 2287 3007 2334 et
3066 2278 3480 2335 misericordem
3529 2279 3780 2348 judicem

2173 2384 2375 2437 meum,
2408 2375 2534 2422 ante
2565 2383 2730 2439 quem
2759 2376 2841 2422 est
2892 2383 3053 2423 omne
3100 2367 3431 2423 desiderium
3462 2384 3675 2435 meum,
3726 2378 3784 2424 et

2173 2456 2259 2512 cui
2314 2456 2549 2528 gemitus
2603 2472 2764 2510 meus
2820 2472 2928 2511 non
2972 2465 3055 2511 est
3101 2456 3473 2512 absconditus.
3524 2456 3582 2511 Si
3630 2457 3781 2512 enim

2173 2544 2485 2598 obaudieris
2512 2544 2717 2598 monita
2744 2544 2887 2599 beati
2919 2544 3068 2598 Pauli
3115 2545 3399 2601 Timotheo
3427 2561 3458 2598 a
3486 2561 3547 2599 se
3570 2546 3783 2615 juvene
3806 2578 3813 2583 -

2173 2632 2420 2686 ordinato
2451 2632 2710 2703 episcopo
2737 2632 2966 2697 directa,
3017 2640 3070 2687 et
3098 2648 3133 2686 a
3159 2649 3249 2688 me
3293 2640 3345 2688 et
3389 2648 3423 2687 a
3467 2641 3519 2688 te
3560 2649 3781 2705 oppro-

2173 2720 2349 2774 brium
2379 2729 2484 2775 ωε
2512 2720 2873 2776 ordinationis
2902 2720 3079 2785 tolles,
3123 2721 3178 2775 in
3227 2721 3424 2792 quibus
3472 2722 3615 2778 inter
3658 2738 3782 2778 cm-

2172 2816 2283 2861 tera
2314 2807 2446 2862 dicit
2475 2825 2489 2861 :
2520 2808 2689 2865 Nemo
2736 2810 3178 2864 adolescentiam
3230 2813 3389 2865 tuam
3437 2814 3783 2867 contemnat

2173 2896 2249 2965 (lI
2281 2898 2418 2951 Tim.
2451 2900 2563 2963 tv);
2609 2897 2664 2949 id
2714 2905 2815 2962 est,
2866 2897 3028 2951 talem
3078 2906 3130 2952 te
3177 2898 3390 2965 exhibe,
3442 2906 3500 2953 ut
3546 2909 3786 2970 propter

2171 2984 2343 3038 aetatis
2380 2984 2809 3039 adolescentiam
2859 3001 3019 3041 nemo
3067 2993 3120 3039 te
3167 2986 3630 3057 contemptibilem
3675 2988 3785 3042 ba-

2169 3072 2309 3139 beat,
2345 3073 2472 3143 quia
2499 3073 2654 3140 cujus
2683 3073 2793 3127 vita
2841 3073 3159 3145 despicitur,
3213 3082 3376 3130 restat
3420 3084 3477 3129 ut
3521 3084 3575 3130 et
3620 3093 3783 3146 pra-

2169 3160 2367 3215 dicatio
2397 3169 2791 3216 contemnatur.
2825 3162 2880 3217 Si
2914 3164 3048 3229 hanc,
3104 3162 3289 3228 frater,
3336 3163 3432 3216 tibi
3480 3164 3535 3217 in
3582 3164 3783 3235 aliquo

2168 3248 2301 3302 dura
2347 3256 2489 3313 sunt,
2541 3265 2662 3320 quae
2703 3265 2813 3304 non
2865 3259 2989 3304 sunt
3037 3252 3180 3305 dicta
3230 3266 3296 3306 ea
3343 3250 3659 3319 intentione,
3714 3262 3784 3308 ut

2168 3336 2329 3391 velim
2361 3336 2507 3407 quod
2537 3337 2682 3391 absit
2711 3337 2765 3391 in
2792 3338 2977 3410 aliquo
3014 3347 3164 3394 tuam
3209 3338 3631 3409 damnationem,
3680 3344 3783 3398 vel

2167 3424 2672 3493 dehonorationem,
2721 3427 2820 3482 sed
2864 3426 3045 3497 potius
3089 3427 3320 3483 salutem
3369 3436 3424 3483 et
3470 3430 3783 3486 correctio-

2166 3528 2312 3578 nem,
2346 3514 2563 3568 attende
2594 3516 2742 3584 quia,
2785 3522 2843 3569 ut
2887 3515 3077 3569 beatus
3119 3516 3249 3570 dicit
3295 3516 3618 3588 Gregorius,
3668 3535 3784 3589 per

2165 3616 2410 3655 amarum
2466 3603 2721 3672 poculum
2781 3602 3137 3659 confectionis
3192 3604 3511 3674 pervenitur
3555 3605 3626 3660 ad
3691 3607 3783 3662 ef-

2165 3688 2368 3744 fectum
2414 3698 2610 3760 Optata;
2661 3690 2867 3745 salutis.
2917 3692 2985 3746 Et
3027 3691 3288 3747 Salomon
3332 3693 3462 3748 dicit
3494 3711 3507 3746 :
3539 3694 3784 3751 Meliora

2165 3782 2304 3833 sunt
2332 3779 2572 3833 vulnera
2614 3779 2807 3845 amici,
2843 3797 3013 3851 quam
3042 3780 3283 3835 odientis
3321 3782 3545 3835 inimici
3572 3784 3782 3838 oscula

2165 3865 2349 3937 (Prov.
2394 3867 2601 3935 xxvn).
2649 3867 2717 3920 Et
2761 3866 3025 3922 Dominus
3070 3868 3202 3936 dicit
3235 3887 3247 3922 :
3281 3870 3388 3940 Ego
3435 3886 3568 3941 quos
3614 3886 3777 3939 amo,

2165 3970 2341 4025 arguo
2370 3958 2427 4009 et
2454 3956 2663 4026 castigo
2684 3955 2873 4026 (Apoc.
2893 3962 3007 4025 ut);
3036 3963 3089 4009 et
3122 3971 3135 4009 :
3176 3958 3346 4024 Quem
3362 3957 3552 4027 diligit
3569 3959 3779 4015 Domi-

2164 4057 2294 4105 nus,
2327 4043 2565 4113 corripit
2596 4061 2614 4096 :
2643 4043 2897 4114 ﬂagellat
2926 4047 3119 4099 autem
3138 4060 3363 4100 omnem
3380 4045 3569 4113 ﬁlium
3601 4062 3779 4118 quem

2165 4132 2371 4201 recipit
2398 4131 2546 4199 (Heb.
2584 4131 2707 4200 xu).

2732 4254 2957 4310 CAPUT
2998 4255 3188 4311 XLIII.

2166 4353 2242 4406 Dc
2270 4366 2574 4428 sacrarum
2598 4352 3028 4428 Scripturarum
3047 4354 3376 4428 falsatione,
3415 4359 3474 4410 et
3499 4372 3780 4428 responso

2237 4423 2358 4492 ejus
2388 4422 2460 4475 ad
2483 4422 2706 4477 litteras
2720 4422 2786 4477 de
2806 4422 3051 4478 Nevino.
3083 4423 3189 4489 Qui
3217 4442 3459 4481 canones
3479 4422 3610 4481 sint
3622 4430 3781 4484 reci-

2233 4491 2448 4567 piendi,
2482 4497 2539 4567 et
2568 4492 2636 4547 de
2663 4494 2955 4567 imperitia
2983 4498 3041 4549 et
3060 4495 3354 4564 jactantia
3392 4498 3671 4567 ejusdem.
3699 4501 3781 4554 De

2236 4563 2486 4617 Bertrico
2507 4564 2665 4627 item,
2689 4563 2832 4617 etde
2847 4579 2908 4619 eo
2929 4566 3071 4635 quod
3091 4580 3237 4636 swpe
3259 4563 3430 4621 illum
3443 4567 3776 4624 admonuit.

2236 4659 2338 4712 Per
2363 4659 2551 4728 plures
2578 4658 2815 4730 denique
2846 4661 3009 4715 audio
3039 4670 3090 4716 te
3120 4663 3267 4732 apud
3292 4663 3490 4717 multos
3520 4680 3614 4719 me
3643 4665 3783 4720 infe.

2164 4760 2335 4814 mare,
2397 4747 2654 4816 quoniam
2702 4764 2888 4803 sacras
2936 4748 3243 4820 Scripturas
3288 4750 3491 4806 soleam
3540 4753 3780 4808 detrun-
3881 4749 3897 4760 ’

2163 4849 2317 4902 care,
2349 4842 2402 4889 et
2432 4835 2502 4889 ad
2533 4851 2717 4891 meum
2745 4852 2966 4891 sensu
3016 4837 3309 4893 inflectere.
3357 4837 3517 4907 Quod
3565 4849 3626 4895 ut
3672 4857 3781 4912 pro

2163 4931 2313 4977 certo
2340 4923 2519 4978 adhuc
2548 4925 2713 4979 credo
2744 4940 2846 4980 nec
2874 4926 2929 4979 in
2960 4941 3067 4980 uno
3097 4927 3220 4981 loco
3246 4943 3335 4982 me
3363 4928 3571 5000 egisse,
3606 4931 3653 4984 si
3680 4938 3781 4986 ta-

2162 5026 2286 5064 men
2320 5012 2423 5066 hoc
2454 5013 2601 5083 quod
2631 5013 2766 5067 dicis
2796 5014 3003 5084 poteris
3032 5014 3356 5085 approbare.
3404 5024 3457 5070 et
3485 5017 3534 5070 si
3564 5020 3671 5073 hoc
3703 5020 3785 5074 ad

2161 5100 2608 5169 approbationem
2663 5101 2901 5156 volueris
2971 5103 3174 5157 ducere
3207 5146 3220 5169 ,
3289 5104 3520 5158 ostende
3580 5122 3778 5161 coram

2161 5188 2378 5258 quantis
2408 5198 2459 5242 et
2486 5189 2683 5260 quibus
2714 5190 2807 5243 tibi
2836 5190 3070 5255 libuerit,
3119 5200 3173 5246 et
3226 5200 3319 5246 aut
3366 5201 3624 5262 patenter
3670 5211 3779 5250 os-

2160 5276 2382 5330 tendam
2411 5285 2463 5331 te
2493 5293 2612 5331 mea
2640 5278 2809 5332 verba
2841 5278 2980 5334 bene
3023 5294 3133 5334 non
3180 5279 3512 5353 intelligere,
3560 5290 3655 5336 aut
3701 5284 3783 5339 ab

2161 5363 2344 5435 aliquo
2371 5364 2466 5419 illa
2496 5364 2687 5421 falsata
2716 5365 2884 5421 fuisse
2919 5382 2930 5421 :
2965 5375 3017 5422 et
3045 5367 3092 5421 si
3117 5366 3254 5423 forte
3281 5383 3389 5432 me,
3423 5369 3570 5440 quod
3603 5369 3778 5441 dicis,

2161 5451 2207 5504 si
2235 5460 2415 5506 tamen
2448 5452 2606 5519 dicis,
2641 5453 2823 5524 egisse
2853 5469 3187 5525 cognovero,
3223 5456 3545 5526 quantocius
3587 5459 3784 5513 corri-
