4020 6182
216 246 311 305 ιιι

1041 244 1284 303 OPUSC.
1339 244 1432 301 ΒΤ
1477 244 1702 301 EPIST.
1765 240 1838 298 IN
1875 240 2103 298 CAUSA
2149 240 2491 298 HINCMABI
2536 242 2843 299 LAUDUN.

3421 247 3529 303 ιιι

226 385 361 447 gere
390 369 723 443 procurabo.
765 368 926 440 Quod
971 368 1118 425 enim
1146 368 1217 433 de
1245 384 1335 425 me
1382 369 1567 426 dicere
1613 368 1835 434 diceris,
1860 367 1910 428 A
1943 365 2414 438 archiepiscopum
2444 365 2796 423 Wenilonem
2839 367 3048 433 remisi,
3094 381 3199 425 nec
3227 367 3300 425 ad
3326 382 3544 426 memo-

227 460 628 517 Gothescalcus
652 460 753 514 hoc
775 459 844 513 de
867 458 1165 529 Scripturis
1189 457 1368 514 facere
1395 458 1695 521 consuevit,
1720 458 1842 511 illas

230 549 442 605 scilicet
495 549 850 610 detruncare,
885 556 937 602 et
991 546 1062 602 ad
1102 563 1258 602 suum
1308 563 1531 602 sensum
1581 547 1865 603 violenter.

229 638 558 693 inflectere:
594 637 691 690 sed
741 645 791 690 et
849 652 914 690 ea
964 653 1084 706 qua:
1132 636 1184 689 in
1235 636 1514 690 canonicis
1543 635 1696 689 libris
1734 651 1845 689 non

231 726 590 782 continentur
620 724 961 778 auditoribus
992 725 1106 778 suis
1136 723 1408 793 proferre,
1442 724 1579 778 sicut
1608 731 1659 777 et
1682 738 1846 794 supra

233 814 451 884 priscos
478 812 771 868 haereticos
816 811 999 867 facere
1051 813 1403 866 consuevisse
1449 813 1683 875 ostendi,
1718 811 1846 883 quia

234 902 378 957 sicut
408 902 468 956 Β.
504 901 633 955 dicit
666 899 975 970 Gregorius
1008 917 1021 953 :
1060 922 1081 949 ι
1117 900 1274 971 Smpe
1297 901 1558 965 haeretici,
1591 900 1720 954 dum
1748 915 1848 954 sua

235 990 459 1045 student
504 1004 769 1059 perversa
820 996 1089 1055 astruere,
1129 1004 1194 1042 ea
1240 987 1526 1058 proferunt
1571 1005 1692 1058 qua:
1720 1004 1847 1058 pro-

228 1076 376 1133 fecto
426 1077 480 1131 in
514 1092 796 1131 sacrorum
828 1076 1094 1131 librorum
1126 1076 1345 1149 paginis
1374 1093 1481 1131 non
1512 1085 1783 1133 tenentur.
1820 1097 1842 1126 ι

229 1166 387 1222 Unde
420 1174 480 1220 et
509 1164 834 1234 discipulum
858 1181 1013 1218 suum
1038 1165 1361 1235 praedicator
1384 1165 1641 1237 egregius
1661 1166 1847 1220 admo-

228 1263 319 1309 net
334 1253 558 1308 dicens:
586 1253 626 1307 0
664 1252 961 1317 Timotheo,
996 1254 1308 1325 depositum
1333 1255 1568 1319 custodi,
1591 1254 1849 1309 devitans

226 1344 512 1415 profanas
536 1342 732 1396 vocum
754 1342 1033 1396 novitates
1054 1343 1105 1410 (Ι
1126 1343 1263 1396 Tim.
1296 1343 1397 1411 γι).
1428 1340 1565 1410 Quia
1587 1342 1713 1396 dum
1734 1342 1849 1396 lau-

227 1430 346 1484 dari
377 1429 619 1484 haeretici
650 1437 908 1501 tanquam
938 1429 1006 1483 de
1037 1429 1320 1484 excellenti
1356 1429 1577 1501 ingenio
1606 1430 1848 1501 cupiunt.

232 1518 394 1591 quasi
425 1532 568 1571 nova
617 1517 870 1587 quaedam
912 1515 1217 1587 proferunt,
1252 1534 1374 1589 qua:
1404 1518 1460 1572 in
1504 1518 1853 1589 antiquorum

231 1606 457 1661 Patrum
508 1604 668 1659 libris
711 1604 984 1660 veteribus
1016 1620 1122 1660 non
1156 1614 1409 1660 tenentur
1441 1606 1667 1677 :sicque
1705 1606 1763 1661 ﬁt
1794 1614 1852 1661 ut

233 1694 363 1749 dum
396 1692 574 1747 videri
604 1692 886 1764 sapientes
921 1693 1260 1759 desiderant,
1292 1694 1505 1749 miseris
1535 1695 1648 1749 suis
1676 1696 1837 1750 audi-
1866 1720 1920 1779 Β

229 1789 444 1844 toribus
472 1787 720 1844 stultitim
747 1789 959 1843 semina
1004 1798 1286 1862 spargant.
1332 1792 1397 1845 Et
1445 1791 1702 1862 quoniam
1732 1793 1848 1851 haec

229 1877 415 1949 egisse
448 1875 846 1932 Gothescalcus
877 1877 930 1931 in
963 1886 1233 1932 conventu
1281 1878 1577 1950 episcopali
1615 1880 1849 1937 revictus

230 1964 346 2029 fuit,
380 1964 537 2019 idem
565 1964 877 2031 concilium,
910 1964 1050 2020 sicut
1082 1966 1338 2035 scriptum
1371 1975 1455 2021 est
1487 1985 1502 2021 :
1540 1968 1644 2036 Qui
1666 1970 1847 2042 impo-

233 2055 317 2108 nit
333 2054 523 2109 stulto
544 2054 866 2121 silentium;
886 2055 1005 2108 ira:
1029 2056 1257 2126 mitigat
1277 2056 1462 2121 (Prov.
1486 2060 1673 2125 xxvr),
1690 2058 1853 2113 silen-

233 2142 363 2196 tium
395 2141 451 2196 ei
511 2141 792 2211 imposuit,
835 2141 1077 2213 mihique
1124 2142 1275 2197 illum
1305 2143 1378 2198 ad
1426 2144 1848 2201 custodiendum

232 2228 532 2298 commisit,
596 2229 783 2300 sicque
839 2229 1165 2301 complicum
1223 2231 1362 2300 ejus,
1414 2232 1506 2304 qui
1543 2233 1656 2301 jam
1707 2234 1849 2291 sicut

237 2332 457 2373 vermes
487 2316 548 2371 in
571 2316 863 2387 putredine
903 2324 1176 2373 scatentes
1204 2318 1558 2385 ebulliebant,
1591 2321 1683 2375 ire
1713 2337 1843 2392 par-

235 2405 328 2460 tim
360 2414 492 2460 sunt
530 2405 814 2475 mitigata,
875 2414 929 2460 et
981 2414 1335 2478 congregata:
1392 2416 1516 2462 sunt
1551 2424 1583 2463 a
1614 2410 1848 2467 Domino

236 2494 392 2566 quasi
419 2494 480 2548 in
510 2501 692 2548 utrum
724 2508 879 2565 aqum
908 2494 1096 2559 maris,
1125 2510 1248 2550 cum
1278 2496 1584 2553 amaritudo
1614 2514 1845 2569 perver-

231 2596 423 2637 sarum
453 2581 722 2636 mentium
752 2582 994 2636 nondum
1024 2583 1167 2652 apud
1198 2598 1320 2647 nos.
1353 2584 1423 2639 de
1457 2584 1543 2639 his
1571 2602 1694 2657 qua
1728 2586 1844 2642 Go-

236 2670 555 2726 theacalcus
598 2685 695 2724 eos
724 2670 1002 2735 docuerat,
1037 2671 1270 2742 erumpit
1300 2672 1541 2727 exterius
1570 2674 1625 2728 in
1655 2690 1845 2729 vocem

239 2773 432 2830 prave
469 2757 759 2813 libertatis.
788 2758 858 2813 Et
887 2758 1033 2829 quod
1063 2759 1133 2813 de
1163 2759 1369 2816 sanctis
1397 2759 1696 2831 Scripturis
1725 2762 1843 2817 Go-

239 2845 554 2902 tbeacalcus
571 2845 791 2917 agebat,
823 2853 877 2901 et
904 2854 964 2900 tu
995 2862 1083 2901 me
1111 2862 1277 2920 agere
1306 2848 1516 2903 notaris
1546 2848 1754 2915 dicere,
1787 2858 1846 2905 ut

236 2950 354 2990 cum
377 2949 525 3006 pace
560 2942 649 2988 tua
677 2934 874 2999 dicam,
905 2942 963 2989 tu
991 2935 1062 2989 de
1101 2936 1273 2990 sacris
1307 2937 1631 3013 canonibus,
1681 2946 1734 2993 et
1762 2953 1847 2994 ec-

236 3021 570 3078 clesiasticis
608 3022 836 3094 regulis,
887 3029 1052 3094 atque
1082 3023 1151 3078 de
1191 3024 1409 3096 legibus
1454 3025 1601 3081 soles
1656 3042 1841 3097 agere,

235 3112 373 3166 sicut
393 3111 516 3179 jam
548 3118 745 3181 quater
774 3111 958 3183 egisse
990 3119 1041 3166 te
1071 3128 1296 3182 possum
1329 3114 1641 3170 ostendere.
1679 3115 1844 3171 Scili-

235 3208 319 3254 cet
349 3200 405 3254 in
436 3198 619 3253 rotula
647 3215 747 3270 per
767 3199 1111 3270 Hadulphum
1133 3199 1663 3273 archipresbyterum
1694 3212 1844 3259 tuum

235 3288 368 3343 mihi
420 3287 770 3350 transmissa,
822 3288 877 3341 in
931 3304 1037 3360 qua
1084 3289 1153 3343 de
1199 3290 1503 3345 canonibus
1539 3301 1592 3346 et
1630 3292 1845 3365 legibus

235 3377 489 3448 quaedam
524 3376 1186 3448 detruncando,qua3dam
1217 3378 1285 3432 de
1307 3394 1407 3433 suo
1427 3395 1591 3434 sensu
1620 3382 1847 3450 expulsa

231 3479 400 3535 prava
449 3464 890 3533 interpretando,
933 3464 1002 3519 de
1037 3463 1250 3535 capella
1297 3467 1573 3536 parochia:
1610 3483 1748 3523 mea
1790 3468 1846 3522 in

233 3552 433 3608 Attolaa
464 3551 598 3605 villa
620 3552 724 3606 sita
753 3551 1014 3607 nonnulla
1040 3553 1334 3608 adversum
1364 3570 1451 3609 me
1481 3554 1842 3611 concinnasti.

234 3640 499 3695 Similiter
526 3640 581 3693 in
615 3639 791 3695 rotula
816 3656 847 3694 a
878 3648 931 3695 te
953 3640 1083 3694 mihi
1121 3641 1265 3705 data,
1298 3642 1354 3696 in
1380 3658 1489 3713 qua
1515 3640 1745 3697 fabulam
1777 3644 1846 3699 de

233 3728 561 3784 Amalberto
587 3736 643 3783 et
672 3743 840 3783 uxore
870 3729 986 3797 ejus
1016 3737 1313 3785 contexens
1340 3730 1575 3800 plurima
1622 3732 1677 3785 in
1721 3748 1848 3787 eum

233 3817 492 3888 captasti.
530 3816 591 3870 ln
618 3816 814 3871 rotulis
844 3817 1196 3872 nihilominus
1251 3818 1454 3874 domno
1484 3820 1603 3891 regi
1634 3828 1687 3875 et
1715 3820 1849 3875 mihi

235 3921 336 3976 per
378 3904 799 3961 comministros
830 3914 951 3961 tuos
988 3906 1225 3971 directis,
1261 3907 1314 3960 in
1347 3908 1543 3978 quibus
1590 3908 1849 3964 historias

233 3993 664 4050 altercationum
695 3993 833 4048 inter
854 4002 905 4049 te
935 4003 987 4048 et
1007 3996 1260 4049 eumdem
1280 3996 1539 4050 domuum
1563 4013 1770 4068 regem,
1793 4005 1849 4053 et

229 4082 359 4137 item
420 4082 574 4136 inter
619 4089 673 4135 te
746 4089 798 4135 et
851 4082 1230 4138 Normannum
1261 4083 1624 4154 descripsisti,
1660 4093 1713 4140 et
1744 4102 1847 4141 vo-

231 4184 357 4225 cum
390 4185 459 4225 ac
492 4167 761 4224 factorum
814 4177 1031 4225 tuorum
1063 4171 1328 4226 novitates
1359 4172 1684 4242 explicuisti,
1716 4188 1848 4228 sen-

232 4260 439 4313 tentias
491 4258 901 4328 Scripturarum
948 4266 1001 4314 et
1047 4275 1319 4315 canonum
1370 4268 1533 4332 atque
1583 4262 1766 4333 legum
1796 4269 1850 4317 te

228 4345 499 4402 ferientes
542 4354 635 4400 tuo
683 4361 848 4401 sensu
876 4347 931 4401 in
959 4347 1096 4402 alios
1128 4347 1427 4415 detorsisti,
1461 4348 1627 4404 veluti
1657 4367 1723 4405 ex
1751 4366 1850 4405 ore

1944 455 2081 509 riam
2112 456 2373 511 reducere
2402 455 2641 511 voluisti.
2674 457 2850 510 Nimia
2883 465 3007 510 sunt
3037 472 3160 527 qua:
3188 458 3331 523 dico,
3366 459 3413 513 si
3428 459 3548 514 haec

1942 542 2018 597 ita
2046 560 2168 598 esse
2190 543 2282 596 illa
2310 544 2426 613 ipsa
2457 552 2550 597 tua
2580 544 2782 614 scripta
2804 561 2926 615 quae
2948 545 3125 598 habeo
3156 561 3264 599 non
3295 554 3554 600 attestan-

1944 638 2052 696 tur,
2086 640 2138 685 et
2172 631 2277 696 lex,
2311 648 2474 703 quam
2514 631 2781 687 catholica
2822 632 3072 687 Ecclesia
3109 633 3321 702 recipit,
3368 634 3550 688 mani-

1946 718 2083 773 feste
2104 719 2347 774 decernit
2376 720 2565 775 dicens
2599 738 2613 773 :
2654 744 2674 767 u
2704 720 2964 775 Confiteri
2987 721 3109 790 quis
3139 721 3193 774 in
3206 722 3411 790 judicio
3442 738 3552 777 non

1946 815 2157 862 tantum
2186 823 2286 862 sua
2313 824 2467 874 voce,
2504 810 2599 863 sed
2627 818 2679 863 et
2707 809 2921 874 litteris,
2946 817 2999 863 et
3030 824 3357 880 quocunque
3386 811 3552 865 modo

1946 903 2166 966 potest,
2235 896 2485 951 convinci
2546 906 2725 951 autem
2785 913 2895 951 non
2965 897 3069 950 nisi
3132 897 3415 967 Scriptura
3460 907 3554 953 aut

1948 984 2176 1038 testibus
2207 992 2402 1054 potest.
2444 1006 2464 1033 υ
2500 986 2566 1039 Et
2597 994 2649 1039 tu
2707 986 2793 1039 his
2827 986 3045 1055 scriptis
3092 986 3207 1040 ιιωο
3257 1002 3380 1056 quae
3424 987 3549 1042 dico

1949 1072 2250 1144 denegans,
2272 1072 2318 1124 si
2350 1088 2576 1127 necesse
2609 1072 2792 1138 fuerit,
2826 1074 2880 1127 in
2922 1074 3129 1142 judicio
3159 1075 3365 1129 revinci
3395 1075 3552 1130 vale-

1948 1156 2051 1210 bis.
2086 1158 2151 1210 Et
2184 1156 2435 1211 Gelasius
2465 1157 2520 1210 in
2568 1157 2804 1212 decretis
2852 1158 2966 1211 suis
2995 1158 3062 1212 ad
3116 1158 3405 1229 episcOpos
3451 1175 3553 1229 per

1950 1244 2282 1299 Dardaniam
2319 1246 2644 1300 constitutos
2673 1245 2806 1300 dicit
2838 1262 2853 1299 :
2899 1269 2921 1293 α
2966 1246 3239 1313 Quoniam
3270 1245 3554 1302 manifeste

1952 1332 2179 1404 quilibet
2206 1333 2290 1387 vel
2334 1332 2677 1403 professione
2710 1350 2808 1387 sua
2854 1333 2941 1388 vel
2970 1336 3350 1390 communione
3379 1335 3553 1406 possit

1950 1420 2227 1492 agnosci.»
2264 1422 2530 1476 Prmterea
2561 1438 2662 1492 per
2694 1421 3033 1486 Heddonem,
3067 1422 3392 1477 clericorum
3425 1432 3549 1477 tuo-

1952 1524 2073 1563 rum
2109 1500 2482 1579 ‘prtepositum,
2516 1509 2882 1580 conscriptam
2926 1511 3239 1580 nuperrime
3267 1526 3418 1565 more
3459 1518 3552 1565 tuo

1952 1597 2112 1652 solito
2140 1598 2272 1651 mihi
2331 1596 2556 1652 rotulam
2616 1596 2880 1663 direxisti,
2926 1607 3117 1654 contra
3165 1598 3373 1654 litteras
3402 1598 3471 1653 de
3500 1598 3555 1653 in

1952 1702 2074 1741 mea
2101 1685 2363 1756 parochia
2384 1686 2822 1757 delinquentibus
2852 1702 2884 1740 a
2913 1702 3002 1741 me
3023 1686 3119 1741 tibi
3146 1687 3401 1756 directas,
3432 1703 3554 1758 qua

1950 1774 2023 1829 ita
2052 1791 2111 1829 se
2144 1774 2364 1829 habent.

2020 1862 2344 1918 Hincmarus
2368 1863 2702 1918 Rhemorum
2721 1862 3010 1934 episcopus
3040 1863 3333 1919 Hincmaro
3365 1864 3550 1936 coepi-

1950 1967 2120 2022 scopo
2147 1959 2337 2006 nostro
2364 1951 2610 2006 salutem.

2018 2039 2268 2103 Nivinus,
2303 2047 2408 2094 etc.
2435 2040 2664 2112 Reliqua
2695 2038 2865 2110 hujus
2895 2040 3165 2109 epistolw,
3203 2040 3327 2095 vide
3355 2058 3551 2113 supra,

1948 2126 2053 2181 col.
2086 2130 2210 2183 224.

2018 2215 2087 2271 Et
2114 2217 2216 2270 has
2245 2214 2456 2270 litteras
2484 2230 2595 2270 non
2624 2215 2715 2277 ita,
2744 2223 2804 2270 ut
2830 2215 3123 2283 dubueras,
3146 2215 3419 2287 recepisti,
3455 2217 3555 2273 sed

1955 2319 2020 2359 ex
2051 2303 2132 2358 eis
2162 2312 2322 2359 nacta
2354 2294 2663 2370 occasione,
2693 2304 3138 2367 amaritudinem,
3190 2319 3356 2375 quam
3415 2320 3554 2377 erga

1946 2408 2037 2447 me
2065 2391 2119 2446 in
2148 2392 2331 2446 animo
2351 2393 2517 2464 geris,
2552 2392 2735 2447 verbis
2767 2393 3114 2463 evaporando
3135 2392 3419 2457 exlialasti,
3451 2408 3552 2448 vo—

1946 2480 2067 2535 lens
2093 2489 2366 2536 ostentare
2413 2488 2559 2535 tuam
2591 2481 2913 2551 sapientiam
2963 2489 3017 2536 et
3063 2496 3242 2536 meam
3280 2480 3551 2551 insipien-

1947 2568 2098 2632 tiam,
2123 2576 2178 2624 et
2206 2569 2588 2624 demonstrare
2633 2586 2721 2625 me
2752 2570 2949 2625 Nivino
3004 2569 3205 2637 injuste
3262 2576 3315 2623 et
3362 2576 3557 2624 contra

1946 2657 2319 2712 auctoritatem
2353 2658 2573 2727 egisse;
2606 2666 2659 2712 et
2686 2674 2750 2712 os
2782 2658 2912 2711 mihi
2943 2658 3247 2722 obstruere,
3281 2665 3338 2710 ut
3367 2657 3435 2711 de
3465 2658 3551 2712 his

1947 2761 2068 2816 quas
2099 2761 2165 2799 ex
2196 2753 2249 2800 te
2276 2745 2577 2809 audieram,
2612 2761 2722 2800 non
2753 2754 2807 2800 te
2854 2746 3113 2800 auderem
3160 2745 3460 2816 corripere,
3494 2753 3553 2800 ut

1948 2832 1995 2887 si
2025 2831 2163 2888 forte
2194 2848 2326 2888 vera
2359 2832 2532 2887 forent
2552 2842 2602 2887 te
2632 2834 2963 2904 corrigeres,
2995 2834 3081 2888 sin
3109 2841 3311 2899 autem,
3346 2850 3415 2888 ne
3461 2834 3557 2889 illa

1948 2920 2263 2975 incurreres
2284 2936 2630 2992 praecaveres
2663 2939 2676 2975 :
2710 2938 2835 2977 cum
2867 2922 3006 2977 sicut
3031 2922 3413 2992 derogantium
3444 2922 3555 2977 lin-

1949 3025 2090 3082 guas
2118 3018 2305 3065 nostro
2334 3010 2465 3065 vitio
2494 3026 2604 3065 non
2633 3011 2918 3075 debemus,
2971 3018 3236 3082 quantum
3284 3027 3350 3066 ex
3382 3011 3543 3066 nobis

1947 3106 2046 3162 est,
2081 3099 2149 3152 ad
2180 3098 2559 3171 derogandum
2608 3115 2825 3165 acuere,
2860 3099 2934 3153 ita
2977 3099 3242 3154 debemus
3270 3100 3555 3173 derogan-

1945 3186 2078 3241 tium
2107 3187 2492 3251 detractiones,
2540 3196 2699 3257 prout
2758 3187 3158 3242 rationabiliter
3214 3188 3556 3259 potuerimus

1945 3290 2316 3345 compescere.
2352 3277 2461 3331 Sed
2491 3292 2600 3330 non
2631 3275 2756 3329 talis
2789 3284 2872 3330 est
2927 3284 3051 3329 tuus
3109 3276 3345 3341 animus,
3387 3285 3444 3329 ut
3493 3292 3557 3332 ea

1946 3380 2068 3434 quae
2098 3363 2333 3434 benigne
2365 3362 2459 3416 tibi
2489 3363 2741 3417 dicuntur
2773 3362 2859 3417 vel
2890 3362 3203 3417 scribuntur
3225 3404 3239 3427 ,
3287 3363 3392 3417 nisi
3425 3363 3555 3419 talia

1946 3449 2148 3504 fuerint
2177 3450 2355 3521 qualia
2387 3460 2678 3505 versantur
2723 3450 2778 3504 in
2831 3451 2998 3505 corde
3054 3457 3164 3514 tuo,
3218 3451 3455 3523 benigne
3499 3459 3555 3507 et

1945 3538 2213 3608 patienter
2240 3538 2421 3607 possis
2451 3538 2640 3592 audire
2665 3556 2679 3603 ;
2712 3538 2856 3592 unde
2889 3537 3146 3593 Salomon
3177 3537 3251 3592 ait
3283 3541 3554 3595 :Acetum

1946 3628 2010 3682 in
2040 3629 2192 3681 nitro
2222 3629 2273 3681 ei
2293 3629 2388 3698 qui
2409 3630 2609 3682 cantat
2637 3629 2898 3682 carmina
2912 3627 3071 3682 cordi
3094 3628 3338 3699 pessimo
3360 3628 3544 3697 (Prov.

1947 3714 2109 3785 xxv).
2150 3736 2171 3764 ι
2208 3716 2455 3783 Acetum,
2487 3714 2662 3786 inquit
2693 3715 3018 3788 Gregorius,
3053 3716 3097 3769 si
3119 3715 3363 3770 mittatur
3393 3716 3448 3769 in
3467 3716 3551 3771 ui-

1947 3812 2110 3869 trum,
2166 3802 2421 3860 fervescit
2475 3804 2678 3858 nitrum
2709 3804 2954 3875 protinus
2976 3812 3029 3858 et
3056 3803 3250 3858 ebullit
3283 3822 3296 3857 :
3334 3813 3387 3859 et
3422 3820 3550 3875 per-

1948 3908 2107 3948 versa
2136 3908 2312 3956 mens,
2357 3893 2571 3964 quando
2612 3909 2712 3963 per
2767 3892 3195 3963 increpationem
3240 3893 3549 3963 corripitur,

1948 3988 2040 4035 aut
2069 3997 2165 4051 per
2191 3981 2593 4051 praedicationis
2622 3981 2968 4037 dulcedinem
3001 3982 3068 4035 ad
3101 3981 3241 4035 bona
3272 3982 3549 4050 suadetur,

1948 4069 2017 4123 de
2062 4069 2402 4139 correptione
2432 4068 2489 4123 fit
2514 4070 2771 4135 deterior,
2806 4078 2859 4124 et
2888 4070 3082 4125 indein
3114 4069 3555 4125 murmurationis

1948 4156 2234 4228 iniquitate
2282 4158 2651 4226 succenditur,
2712 4157 2857 4212 unde
2904 4158 3090 4212 debuit
3145 4158 3216 4211 ab
3272 4158 3555 4229 iniquitate

1949 4246 2245 4315 compesci.
2271 4267 2292 4293 ι
2329 4246 2546 4300 Litteris
2588 4253 2768 4299 autem
2795 4245 2951 4313 meis,
2998 4261 3131 4317 quas
3178 4261 3279 4315 per
3307 4245 3553 4317 singulas

1949 4334 2207 4409 periodo;
2236 4334 2540 4387 dissolvere
2581 4333 2818 4401 voluisti,
2842 4349 2950 4387 non
2982 4333 3063 4387 eis
3103 4333 3554 4388 convenientibus

227 4442 280 4489 et
307 4450 489 4505 opere
523 4442 636 4499 tuo,
671 4443 725 4488 et
754 4451 821 4488 ex
850 4434 1060 4491 eisdem
1092 4437 1396 4502 sententiis,
1421 4438 1690 4507 majorum
1721 4439 1842 4493 εειί.
1872 4422 1924 4481 D
1945 4422 2362 4478 auctoritatibus
2405 4421 2753 4491 respondisti,
2805 4436 2905 4475 nec
2952 4428 3104 4476 recto
3134 4436 3300 4475 sensu
3340 4437 3465 4475 eum
3495 4421 3552 4474 in

227 4523 459 4594 pulante
494 4522 769 4588 doctrina,
806 4523 1125 4596 singillatim
1153 4541 1215 4579 ac
1257 4526 1455 4579 viritim
1494 4541 1719 4596 possum
1750 4543 1847 4581 os-

229 4613 489 4667 tendere.
527 4612 587 4665 ln
631 4612 1100 4683 quaterniunculis
1139 4629 1376 4684 quoque,
1410 4629 1443 4668 a
1491 4623 1543 4669 te
1588 4616 1721 4669 mihi
1750 4631 1849 4686 per

230 4699 599 4754 Weuilonem
675 4700 1044 4755 venerabilem
1109 4701 1581 4773 archiepiscopum
1642 4703 1845 4770 missis,

228 4786 478 4858 plurima
509 4786 652 4841 inter
681 4803 740 4841 se
770 4788 988 4842 diversa
1004 4789 1295 4860 collegisti,
1320 4806 1439 4862 quae
1458 4800 1635 4847 tecum
1669 4790 1848 4847 facere

227 4874 547 4939 estimasti,
580 4890 688 4930 non
721 4876 931 4941 videns,
965 4878 1095 4949 quin
1139 4878 1322 4948 potius
1364 4879 1550 4934 videre
1579 4896 1690 4935 non
1746 4896 1847 4935 va-

228 4963 372 5027 lens,
406 4971 513 5018 aut
543 4978 653 5018 non
702 4964 912 5029 volens,
964 4966 1092 5037 quia
1121 4966 1263 5022 inter
1294 4982 1354 5021 se
1381 4967 1761 5034 dissonabant,
1793 4978 1847 5024 et

226 5051 424 5107 deillis
457 5050 599 5121 ipsis
630 5051 894 5122 epistolis,
929 5069 994 5108 ex
1045 5055 1241 5124 quibus
1271 5056 1522 5110 eamdem
1553 5064 1699 5110 tuam
1729 5056 1845 5111 col-

223 5137 538 5195 lectionem
566 5140 891 5210 compilasti,
927 5142 1261 5210 conjunctim
1282 5144 1563 5213 sequentia
1593 5144 1719 5198 dolo
1746 5159 1848 5214 pe-

226 5228 380 5283 nitus
413 5227 692 5292 omisisti;
727 5230 823 5283 sed
854 5237 907 5284 et
937 5230 1025 5284 illa
1055 5247 1178 5301 qum
1216 5240 1411 5286 cuncta
1445 5232 1717 5287 catholica
1736 5232 1849 5287 Ec-

223 5316 405 5373 clesia
438 5316 661 5386 recipit,
702 5324 868 5386 tenet,
922 5319 1191 5389 sequitur,
1222 5329 1537 5386 veneratur,
1599 5322 1848 5388 honorat,

225 5404 615 5477 amplectitur,
651 5420 877 5477 quisque
925 5406 1021 5461 tibi
1061 5406 1117 5462 in
1175 5407 1489 5479 diplomate,
1520 5423 1690 5479 parvo
1734 5424 1851 5464 cor-

223 5508 382 5563 pore,
421 5491 532 5548 sed
560 5492 799 5549 maximo
817 5494 1032 5561 merito,
1054 5512 1157 5566 per
1182 5495 1466 5567 praefatum
1485 5497 1851 5554 venerabilem

1946 4511 2050 4565 hoc
2080 4527 2140 4564 es
2173 4510 2430 4572 imitatus,
2471 4510 2562 4580 qui
2609 4509 2715 4562 tuis
2752 4509 2972 4580 scriptis
3002 4508 3307 4563 istiusmodi
3337 4516 3548 4578 tenore,

1946 4598 2171 4653 veritate
2220 4597 2465 4651 subnixis
2504 4598 2916 4653 auctoritatibus
2955 4598 3146 4653 solitus
3184 4605 3266 4650 est
3316 4611 3549 4666 respon-

1946 4686 2079 4741 dere
2115 4704 2127 4739 :
2161 4686 2290 4756 quia
2336 4701 2446 4740 non
2475 4685 2530 4739 in
2567 4687 2671 4741 hoc
2699 4688 2824 4756 jure
2854 4687 3112 4740 rationem
3143 4684 3332 4738 studes
3374 4692 3551 4739 atten-

1946 4776 2098 4839 dere,
2132 4774 2230 4829 sed
2267 4782 2412 4829 tuam
2451 4774 2806 4830 intentionem
2856 4774 3019 4829 modo
3068 4771 3310 4843 quolibet
3352 4770 3550 4827 conﬁr-

1947 4880 2117 4919 mare.
2152 4864 2275 4918 Non
2306 4864 2450 4919 enirn
2507 4864 2619 4928 ille,
2653 4864 2742 4934 qui
2792 4862 2972 4917 taliter
3015 4860 3121 4914 tuis
3165 4860 3304 4915 solet
3333 4861 3551 4932 scriptis

1948 4953 2306 5023 respondere,
2344 4953 2469 5006 talis
2495 4950 2872 5021 responsionis
2902 4948 3124 5003 modum
3154 4949 3224 5003 ab
3257 4949 3339 5002 his
3362 4949 3553 5004 didicit

1946 5058 1977 5096 a
1999 5042 2198 5113 quibus
2227 5042 2345 5095 haec
2376 5040 2579 5095 studuit
2627 5039 2860 5093 discere.
2894 5038 2973 5092 De
3024 5036 3223 5091 Nivino
3255 5046 3455 5100 autem,
3490 5044 3550 5090 ut

1949 5146 2037 5184 me
2064 5130 2320 5199 oportuit,
2356 5143 2421 5182 ea
2444 5143 2565 5198 quae
2592 5134 2751 5198 gesta
2782 5134 2905 5179 sunt
2936 5124 3031 5178 tibi
3061 5134 3189 5180 nota
3218 5125 3400 5179 facere
3422 5140 3549 5194 pro-

1949 5218 2156 5274 curavi.
2191 5216 2356 5284 Cujus
2404 5215 2816 5268 advocationem
2874 5230 2983 5268 non
3040 5213 3254 5267 videtur
3302 5212 3433 5266 mihi
3489 5220 3549 5267 ut

1949 5314 2194 5376 oporteat
2223 5312 2274 5358 te
2296 5303 2591 5372 suscipere.
2627 5302 2787 5372 Quod
2808 5312 2859 5358 et
2880 5303 2926 5357 si
2957 5302 3248 5356 adversum
3277 5317 3363 5355 me
3394 5300 3545 5356 illam

1948 5393 2187 5449 volueris
2215 5391 2513 5462 suscipere.
2547 5400 2601 5447 et
2627 5392 2767 5450 ratio
2797 5393 2962 5464 atque
2993 5390 3290 5446 auctoritas
3311 5404 3545 5446 consen-

1949 5490 2029 5556 tit,
2079 5496 2344 5561 quantum
2390 5504 2457 5544 ex
2483 5505 2572 5544 me
2591 5498 2694 5555 est,
2729 5491 2856 5546 inde
2901 5488 2998 5545 tibi
3026 5504 3137 5545 non
3200 5487 3415 5563 refugio
3454 5504 3554 5544 re-
