4054 6180
242 277 369 352 ’tts

975 275 1356 352 cross-113T
1409 289 1630 351 EPIST.
1687 287 1764 348 ΙΝ
1812 269 2034 348 eausa
2086 289 2426 348 HINCMARI
2483 291 2786 351 LAUDUN.

3475 280 3579 352 ut;

269 421 416 486 uilio,
483 415 632 491 quod
689 413 919 491 primum
965 421 1022 474 in
1067 421 1272 475 nostris
1297 411 1612 483 codicibus,
1643 412 1783 491 quos
1809 418 1882 472 ab
1911 411 2229 487 Aprasdixi,
2263 423 2314 472 et
2372 412 2516 488 saepe
2573 409 2754 474 dicere
2809 421 3112 475 necessitas
3138 421 3256 492 ipsa
3287 394 3580 492 compellit,

274 506 584 580 apostolica
609 509 744 563 sede
771 509 1010 576 majores
1037 509 1213 562 nostri
1231 515 1555 578 acceperunt
1575 507 1886 579 sequendos

275 611 378 668 per
403 597 669 652 ordinem
687 609 860 668 usque
890 597 962 652 ad
996 595 1310 652 Africanum
1341 593 1631 652 concilium
1659 607 1762 666 pro
1787 607 1883 650 ca—

277 685 517 741 nonibus
543 685 874 755 recipiendis
907 684 1255 752 venerandis,
1291 692 1342 739 et
1369 683 1728 740 observandis
1755 683 1887 738 reti-

277 781 430 838 nent,
460 780 520 828 et
537 769 910 841 Innocentius,
939 773 1208 839 Zosimus,
1269 771 1599 837 Bonifacius,
1633 767 1886 827 Caelesti-

276 877 402 928 nus,
437 862 569 926 Leo,
599 861 839 928 Hilarus,
869 861 1231 932 Symmachus
1249 902 1264 927 ,
1297 859 1552 916 Gelasius
1579 857 1882 923 Hormisda,

283 949 608 1022 Gregorius,
658 956 712 1004 et
749 949 934 1004 caeteri
987 949 1192 1021 quique
1217 947 1594 1005 observandas
1650 961 1888 1004 canones

281 1039 568 1093 nominant
581 1039 611 1091 ?
638 1037 786 1092 Inter
827 1051 966 1109 quos
1006 1044 1060 1092 et
1089 1034 1220 1092 istas
1265 1037 1534 1108 epistolas
1573 1035 1888 1107 apostolicae

285 1127 433 1181 sedis
492 1124 832 1196 pontificum,
857 1140 992 1196 quas
1047 1139 1288 1182 canones
1313 1125 1562 1196 appellas
1577 1168 1590 1189 ,
1611 1123 1884 1192 Gelasius,

278 1219 340 1264 ut
393 1224 565 1281 supra
613 1209 792 1281 posui,
827 1208 1194 1265 differentiam
1249 1208 1398 1275 facit,
1431 1217 1486 1264 et
1530 1207 1623 1263 illa
1660 1207 1888 1264 concilia

282 1313 559 1354 canonum
587 1298 932 1353 observanda
980 1297 1242 1366 decrevit,
1275 1299 1376 1352 has
1423 1304 1604 1352 autem
1631 1295 1889 1366 epistolas

279 1402 384 1457 pro
411 1385 788 1442 consolatitme
823 1385 1187 1456 quorumdam
1211 1385 1472 1452 directas,
1503 1383 1891 1440 venerabiliter

279 1473 666 1545 suscipiendas
692 1473 845 1541 dicit,
877 1481 932 1528 et
959 1473 1088 1529 item
1115 1473 1173 1528 in
1201 1474 1440 1530 decretis
1471 1473 1586 1528 suis
1612 1473 1754 1528 inter
1779 1473 1889 1527 alia

281 1564 415 1619 dicit
445 1563 728 1631 (Gelestae:
749 1563 815 1618 in
847 1563 1280 1620 communiter-io
1309 1563 1382 1617 ad
1409 1563 1747 1631 Faustum):
1770 1561 1888 1615 No-

286 1652 387 1714 bis,
439 1651 638 1722 inquit,
665 1658 949 1722 opponunt
991 1664 1232 1707 «nones
1257 1691 1271 1716 ,
1305 1649 1397 1721 qui
1444 1649 1742 1705 orientales
1765 1648 1884 1720 epi-

1985 517 2087 575 pro
2109 503 2448 561 diversorum
2467 507 2682 561 Patrum
2713 505 3080 564 consolatione
3109 507 3340 564 diversis
3363 517 3582 580 tempo-

1984 592 2138 648 ribus
2183 591 2354 659 datas,
2389 607 2421 648 a
2451 595 2584 650 sede
2631 595 2931 667 apostolica
2979 593 3364 652 venerabiliter
3407 598 3584 652 susci—

1986 677 2216 751 piendas
2237 725 2250 751 ,
2284 683 2421 738 sicut
2465 687 2518 737 et
2547 681 2794 750 facimus,
2831 683 2979 740 dicit.
3029 683 3243 740 Addam
3283 685 3446 740 etiam
3480 701 3495 740 :
3525 686 3585 742 Si

1983 766 2080 823 illa
2124 785 2246 840 quae
2289 769 2356 825 de
2388 769 2736 840 praefatorum
2773 771 3091 844 pontiﬁcum
3140 773 3452 844 apostolica!
3492 787 3586 828 se-

1987 855 2071 910 dis
2104 857 2346 928 epistolis
2405 857 2541 914 dicis
2587 861 2929 930 recipiendos
2978 861 3324 917 venerandos
3352 877 3590 918 canones

1987 959 2129 1013 esse,
2165 945 2255 1018 qui
2305 947 2448 1018 quod
2473 947 2558 1001 vis
2589 955 2828 1004 sanctum
2859 949 2997 1006 dicis
3017 958 3070 1004 et
3101 949 3326 1018 licitum,
3360 957 3413 1006 et
3440 950 3586 1022 quod

1989 1049 2096 1088 non
2153 1033 2236 1088 vis
2281 1049 2394 1090 non
2448 1043 2690 1090 sanctum
2723 1043 2774 1090 et
2827 1036 3107 1106 illicitum,
3143 1051 3203 1092 ac
3235 1037 3281 1092 si
3309 1035 3588 1092 voluntate

1987 1127 2074 1177 tua
2105 1129 2297 1177 cuncta
2345 1121 2450 1178 sint
2477 1123 2674 1193 posita,
2708 1133 2760 1178 et
2805 1139 2915 1180 non
2943 1125 3011 1180 sit
3042 1124 3133 1197 qui
3161 1131 3268 1182 tua:
3291 1126 3466 1196 possit
3493 1140 3588 1180 re—

1990 1208 2184 1266 sistere
2213 1210 2494 1274 voluntati,
2529 1211 2704 1282 pande
2733 1211 2908 1277 nobis,
2934 1229 3264 1284 quaesumus,
3301 1213 3432 1284 quid
3457 1229 3586 1270 cen-

1990 1313 2110 1352 seas
2149 1299 2219 1353 de
2257 1315 2447 1354 eorum
2490 1297 2754 1367 decretis,
2787 1300 2879 1372 qui
2923 1307 3046 1374 post
3095 1301 3368 1357 Nicaenum
3400 1301 3586 1356 conci-

1989 1386 2140 1455 lium,
2173 1393 2225 1441 et
2276 1385 2383 1441 alia
2439 1387 2702 1443 catholica
2750 1387 2997 1454 concilia,
3029 1390 3364 1444 observanda
3393 1389 3585 1444 decre-

1988 1475 2113 1528 talia
2142 1474 2434 1530 constituta
2465 1475 2534 1530 de
2563 1475 2769 1530 eisdem
2802 1476 2976 1532 sacris
3011 1477 3310 1532 canonibus
3335 1477 3584 1548 promul-

1989 1568 2113 1635 gata
2145 1570 2456 1626 sanxerunt,
2491 1563 2632 1618 sicut
2659 1563 2905 1629 Siricius,
2932 1563 3296 1629 Innocentius,
3321 1555 3586 1630 Zosimus,

1986 1648 2312 1718 Bonifacius,
2344 1650 2688 1715 Corlestinus,
2739 1651 2868 1718 Leo,
2913 1651 3150 1719 Hilarus,
3203 1651 3584 1723 Symmachus,

242 1773 248 1779 ο
285 1739 456 1810 scopi;
489 1739 620 1795 dtnu
647 1739 901 1794 nesciunt
929 1738 1060 1810 quid
1089 1738 1392 1809 loquantur,
1423 1746 1613 1794 contra
1633 1752 1772 1808 quos
1785 1737 1898 1808 ipsi
1919 1767 1972 1824 Β
1995 1737 2265 1804 Gelasius,
2303 1739 2608 1802 Hormisda,
2639 1737 2964 1812 Gregorius,
3001 1747 3052 1794 et
3083 1739 3282 1812 quique
3309 1737 3419 1805 alii,
3451 1755 3590 1812 quo-

285 1843 346 1882 se
393 1827 584 1882 venire
641 1828 895 1898 produnt,
929 1827 1026 1898 qui
1063 1827 1264 1898 prima»
1296 1826 1415 1881 sedi
1467 1839 1602 1880 sana
1632 1833 1890 1896 rectaque

286 1915 534 1970 suadenti
575 1931 779 1986 parere
805 1914 1036 1986 fugiunt.
1073 1914 1344 1986 Ipsi'sunt
1389 1927 1647 1983 canones,
1679 1914 1776 1985 qui
1799 1929 1894 1984 ap-

287 2003 613 2074 pellationes
658 2003 828 2059 totius
881 2002 1146 2058 Ecclesia
1200 2002 1270 2058 ad
1299 2002 1460 2070 hujus
1482 2001 1633 2057 sedis
1661 2017 1894 2057 examen

283 2092 512 2147 voluere
532 2089 748 2146 deferri.
787 2113 810 2142 ι
843 2090 1003 2160 Quod
1025 2089 1370 2146 manifestum
1399 2098 1482 2146 est
1511 2091 1582 2146 de
1613 2089 1896 2144 Sardicen-
1941 2103 1944 2108 '

289 2180 436 2234 sibus
465 2179 773 2235 canonibus
798 2177 951 2233 illum
982 2179 1187 2243 dicere,
1211 2179 1282 2232 de
1314 2178 1509 2249 quibus
1541 2185 1593 2233 et
1625 2178 1893 2233 Innocen-

289 2263 390 2316 tius
419 2263 487 2316 ad
521 2262 858 2326 Victricium,
895 2269 951 2316 et
989 2261 1286 2332 Gregorius
1317 2262 1388 2316 ad
1436 2261 1779 2316 Vincentium
1807 2261 1894 2314 bis

241 2368 250 2376 '
287 2362 534 2406 consona
591 2351 795 2418 dicunt,
848 2365 972 2421 quae
1014 2350 1068 2404 in
1100 2353 1202 2406 hoc
1247 2349 1407 2404 etiam
1437 2349 1577 2420 legis
1607 2347 1890 2419 opusculo.

237 2467 249 2478 -
291 2439 353 2494 Et
397 2439 606 2494 ibidem
651 2447 777 2508 post
806 2437 1084 2510 aliquanta
1116 2455 1129 2492 :
1168 2457 1190 2487 ι
1225 2437 1470 2492 Viderint
1525 2451 1658 2510 ergo
1689 2437 1734 2490 si
1757 2435 1895 2492 alios

235 2547 242 2552 ·
289 2529 491 2582 habent
537 2541 800 2592 canones,
834 2527 1030 2598 quibus
1063 2539 1192 2580 suas
1245 2525 1478 2596 ineptias
1505 2533 1890 2596 exsequantur.

289 2617 562 2672 Ceterum
591 2615 700 2679 isti,
735 2616 828 2686 qui
869 2615 1044 2677 sacri,
1079 2615 1172 2685 qui
1219 2612 1595 2681 ecclesiastici,
1629 2613 1723 2685 qui
1753 2613 1894 2684 legi-

287 2705 402 2760 timi
433 2703 803 2767 celebrantur,
835 2717 947 2758 non
991 2703 1168 2758 solum
1203 2703 1389 2756 sedem
1439 2701 1794 2772 apostolicam
1823 2702 1894 2755 ad

283 2793 551 2862 judicium
581 2805 784 2848 vocare
801 2805 912 2846 non
941 2795 1191 2862 possunt,
1212 2799 1265 2845 et
1285 2789 1896 2860 Constantinopolitanae

291 2881 585 2952 episcOpus
643 2879 894 2946 civitatis,
945 2895 1072 2951 quae
1120 2879 1308 2950 utique
1356 2893 1456 2948 per
1486 2891 1726 2932 canones
1756 2880 1896 2932 inter

290 2971 450 3025 sedes
480 2968 690 3024 nullum
735 2981 932 3024 nomen
959 2967 1194 3039 accepit,
1247 2967 1302 3020 in
1331 2967 1770 3022 communionem
1798 2981 1893 3020 re-

289 3067 478 3122 cidens
520 3065 855 3136 perﬁdorum
885 3079 995 3118 non
1025 3063 1212 3119 debuit
1239 3061 1600 3118 submoveri?
1625 3063 1802 3125 Nam,
1839 3070 1896 3115 ut

291 3155 406 3226 ipse
449 3153 820 3218 demonstrat,
869 3153 1220 3208 Heracleotes
1263 3149 1605 3222 suffraganea
1634 3149 1750 3204 fuit.
1781 3149 1896 3205 Hoc

293 3251 476 3298 autem
507 3241 791 3297 Gelasium
821 3241 1006 3295 dicere
1053 3247 1199 3311 patet
1228 3237 1297 3294 de
1326 3239 1496 3294 sacris
1529 3237 1768 3294 Niczenis
1800 3253 1898 3294 ca-

294 3331 548 3395 nonibus,
583 3329 673 3401 qui
699 3327 990 3402 privilegia
1049 3327 1260 3382 sedium
1305 3327 1725 3393 constituerunt,
1760 3327 1900 3381 sicut

290 3420 345 3473 in
373 3427 539 3473 sexto
565 3417 812 3488 ipsorum
855 3415 1086 3489 capitulo
1128 3421 1314 3487 aperte
1359 3421 1710 3470 monstratur.
1745 3413 1900 3470 Unde

291 3505 604 3562 Bonifacius
633 3503 823 3578 (epist.
859 3507 910 3569 3,
961 3505 1176 3560 Hilario
1207 3503 1474 3571 Narbon.)
1507 3520 1522 3556 :
1560 3525 1581 3552 ε
1613 3501 1778 3571 Nulli,
1811 3501 1893 3556 in-

295 3596 426 3668 quit,
470 3593 693 3648 videtur
741 3592 1020 3664 incognita
1061 3591 1257 3662 synodi
1287 3590 1597 3646 constitutio
1633 3589 1896 3655 Nicrenaa,

295 3699 414 3755 quas
441 3681 518 3738 ita
548 3679 816 3753 przecipit,
845 3687 901 3735 ut
933 3681 1126 3734 eadem
1149 3680 1372 3750 preprie
1401 3677 1568 3734 verba
1599 3692 1897 3750 ponamus:

295 3771 394 3828 Per
451 3785 896 3842 unamquamque
951 3767 1293 3839 pro'vinciam
1335 3767 1425 3836 jus
1451 3765 1902 3836 metropolitanos
1935 3786 1942 3790 ·

295 3858 542 3934 singulos
563 3859 770 3915 habere
801 3855 1018 3924 debere,
1044 3871 1146 3910 nec
1169 3855 1419 3926 cuiquam
1442 3855 1579 3910 duas
1600 3871 1720 3909 esse
1740 3869 1902 3925 posse

297 3947 586 4017 subjectus.
620 3944 781 4014 Quod
813 3945 908 4011 illi,
943 3944 1067 4016 quia
1096 3943 1252 4000 aliter
1283 3944 1612 3998 credendum
1658 3959 1768 3998 non
1797 3951 1896 4007 est,

297 4035 648 4100 servandum,
681 4039 876 4090 sancto
907 4033 1105 4106 Spiritu
1141 4037 1490 4105 suggerente,
1525 4030 1742 4086 sibimet
1770 4045 1897 4086 cen-

299 4132 553 4190 suerunt;
593 4144 614 4174 r
648 4129 701 4178 et
727 4122 890 4194 paulo
912 4128 1034 4194 post
1069 4141 1081 4176 :
1120 4146 1140 4170 ‹‹
1171 4119 1330 4189 Quod
1351 4119 1554 4176 idcirco
1575 4120 1824 4187 dicimus,
1847 4129 1904 4174 ut

297 4215 539 4269 advertat
567 4211 808 4269 cbaritas
865 4219 972 4276 tua,
1008 4211 1144 4266 adeo
1193 4225 1295 4265 nos
1335 4225 1602 4266 canonum
1630 4217 1900 4280 praecepta

294 4318 546 4365 servare,
579 4309 637 4356 ut
677 4301 754 4356 ita
804 4299 1111 4356 constitutio
1152 4314 1368 4370 quoque
1415 4304 1602 4351 nostra
1651 4295 1898 4361 diffiniat,

297 4399 563 4461 quatenus
603 4388 1008 4463 metropolitani
1055 4388 1136 4443 sui
1166 4401 1504 4458 unaquaeque
1550 4383 1826 4454 provincia
1846 4385 1902 4438 in

1993 1841 2114 1880 rum
2143 1826 2367 1882 decreta
2397 1825 2642 1882 Ecclesia
2677 1827 2954 1891 catholica,
2989 1833 3042 1882 et
3069 1825 3256 1882 Patres
3285 1843 3348 1882 ac
3377 1827 3587 1900 praede-

1993 1929 2241 1969 cessor-es
2271 1914 2440 1969 nostri
2471 1916 2743 1970 servanda
2772 1922 3075 1983 tenuerunt,
3109 1919 3162 1972 et
3181 1913 3420 1971 venerati
3442 1924 3585 1970 sunt.

1992 2001 2060 2056 Et
2092 2001 2344 2074 quoniam
2372 2002 2428 2056 in
2457 2001 2775 2075 quibusdam
2805 2018 2840 2058 a
2882 2001 3142 2075 praefatis,
3178 2019 3315 2075 quos
3343 2003 3591 2075 appellas

1993 2105 2274 2154 canones,
2322 2090 2644 2156 dissonent,
2694 2090 2994 2164 magistrali
3041 2105 3276 2148 censura
3316 2091 3552 2148 decerno
3577 2133 3590 2158 ,

1995 2193 2114 2250 quin
2147 2195 2214 2233 ex
2242 2179 2326 2234 his
2358 2180 2510 2252 sequi
2541 2185 2591 2234 et
2635 2195 2757 2252 quas
2801 2179 3039 2236 refutare
3067 2179 3367 2235 debeamus
3401 2198 3414 2234 :
3448 2193 3590 2252 quo-

1994 2268 2140 2322 niam
2171 2266 2275 2321 nisi
2305 2276 2362 2322 tu
2391 2267 2565 2322 ferula
2594 2267 2889 2341 singularis
2937 2267 3276 2324 auctoritatis
3304 2267 3373 2324 de
3403 2273 3591 2323 nostra

1997 2355 2388 2411 consuetudine
2421 2355 2519 2410 ista
2551 2357 2826 2424 rejeceris,
2861 2371 2984 2428 quae
3029 2354 3170 2412 sicut
3195 2363 3248 2411 et
3275 2353 3466 2410 Patres
3491 2369 3591 2410 no-

1997 2443 2091 2498 stri
2113 2487 2126 2512 ,
2161 2443 2434 2498 mentibus
2479 2444 2685 2500 nostris
2726 2443 2960 2500 tenenda
2989 2451 3043 2500 et
3079 2439 3341 2500 servanda
3369 2443 3590 2498 imbibi-

1993 2547 2134 2597 mus,
2168 2547 2278 2586 non
2307 2531 2521 2587 videtur
2547 2532 2686 2586 mihi
2711 2540 2769 2586 ut
2808 2531 2970 2588 facile
2999 2531 3066 2586 ab
3095 2529 3467 2588 ecclesiastico
3495 2543 3595 2586 usu

1995 2619 2087 2674 illa
2144 2637 2266 2692 quae
2315 2629 2560 2675 tenemus
2599 2619 2928 2691 generaliter
2973 2621 3160 2676 valeas
3189 2633 3498 2688 removere,
3526 2621 3594 2674 de

1995 2707 2192 2780 quibus
2223 2707 2352 2762 satis
2381 2721 2651 2780 superque
2699 2708 2946 2779 superius
2987 2716 3146 2780 potes
3175 2707 3440 2782 relegere,
3475 2721 3596 2779 quae

1997 2795 2044 2850 si
2071 2795 2169 2850 tibi
2198 2809 2308 2850 non
2353 2795 2686 2860 suﬂ'ecerint,
2716 2809 2822 2852 nec
2867 2797 3021 2866 plura
3046 2794 3337 2852 sufﬁcient.
3365 2796 3595 2850 Tantum

1996 2885 2064 2938 de
2093 2899 2199 2938 una
2225 2897 2285 2938 re
2332 2884 2768 2954 superadjiciam,
2815 2884 3072 2940 videlicet
3098 2883 3354 2956 quoniam
3387 2883 3478 2955 qui
3507 2883 3596 2938 di-

1997 2972 2074 3026 cis
2107 2987 2119 3024 ε
2159 2991 2182 3020 α
2216 2971 2358 3026 Ecce
2385 2972 2477 3040 qui
2519 2986 2761 3028 canones
2811 2971 3108 3043 recipiendi
3137 3015 3151 3041 ,
3185 2971 3500 3036 venerandi,
3531 2986 3597 3026 ac

1994 3055 2320 3110 observandi
2367 3055 2684 3120 habeantur,
2723 3076 2746 3106 ι
2777 3071 2888 3112 non
2937 3057 3070 3111 satis
3103 3057 3327 3112 easdem
3361 3069 3600 3112 canones

1925 3114 1976 3178 Ο
1997 3151 2376 3214 perscrutatus
2417 3159 2478 3199 es
2501 3185 2514 3211 ,
2547 3145 2603 3198 in
2631 3114 2847 3214 quibus,
2882 3145 3018 3199 sicut
3047 3144 3332 3215 scripsisti,
3367 3145 3599 3199 habetur

1999 3241 2057 3286 ut
2095 3233 2185 3304 qui
2230 3245 2492 3288 accusare
2541 3231 2703 3286 alium
2735 3233 2994 3304 elegerit,
3025 3245 3414 3304 presens‘per
3454 3247 3514 3286 se
3546 3240 3596 3286 et

1999 3335 2108 3374 non
2135 3333 2238 3390 per
2261 3320 2429 3374 alium
2485 3328 2735 3385 accuset,
2767 3319 3120 3390 inscriptione
3165 3319 3420 3376 videlicet
3448 3333 3596 3390 prse-

1999 3409 2183 3462 missa.
2220 3407 2375 3476 Quod
2433 3407 2561 3478 quia
2587 3408 2654 3462 ad
2685 3407 2979 3462 munimem
3023 3407 3100 3462 tui
3128 3413 3448 3464 convertere
3479 3413 3596 3462 stu-

2003 3504 2182 3570 duisti,
2215 3504 2402 3576 legere
2433 3503 2719 3574 debueras,
2749 3503 2874 3576 quia
2905 3504 3019 3574 ipsa
3049 3503 3318 3559 sententia
3350 3503 3419 3559 de
3447 3504 3594 3558 anti-

2005 3592 2125 3664 quis
2153 3591 2366 3662 legibus
2397 3591 2656 3648 Romanis
2684 3589 2783 3646 fuit
2825 3597 3120 3662 assumpta,
3154 3592 3208 3645 in
3239 3591 3434 3663 quibus
3449 3589 3595 3664 legi-

2003 3682 2122 3736 bus.
2157 3681 2219 3734 In
2251 3677 2468 3752 capituli
2498 3679 2942 3752 interpretatione
2961 3679 3127 3735 edicti
3151 3679 3504 3735 Valentiniani
3525 3680 3594 3734 de

2005 3769 2300 3840 episcOpaIi
2324 3768 2548 3838 judicio,
2580 3767 2882 3840 posteriore
2910 3767 3165 3824 videlicet
3191 3767 3592 3830 constitutione,

2003 3858 2074 3912 ita
2134 3858 2395 3928 scriptum
2441 3856 2674 3912 habetur
2719 3857 2955 3928 (Interp.
3018 3856 3259 3913 Novella!
3299 3854 3592 3927 Valent):

2010 3967 2031 3996 ι
2071 3947 2180 4001 Lex
2207 3945 2310 4000 ista
2339 3945 2408 4000 de
2437 3945 2673 4001 diversis
2699 3946 2868 4000 rebus
2897 3944 3063 3999 multa
3093 3943 3390 4012 constituit,
3411 3942 3520 3998 sed'
3539 3943 3596 3998 in

2003 4035 2194 4104 primis
2224 4034 2292 4088 de
2319 4033 2535 4089 clericis
2564 4033 2709 4105 quod
2739 4033 2938 4088 dictum
2969 4035 3071 4098 est,
3109 4039 3167 4088 ut
3187 4032 3292 4087 nisi
3321 4045 3422 4103 per
3449 4045 3599 4087 com-

2003 4122 2260 4193 promissi
2289 4121 2562 4176 vinculum
2587 4121 2849 4190 judicium
2891 4120 3204 4193 episcopale
3239 4135 3348 4176 non
3381 4121 3594 4185 adeant,

2005 4211 2305 4280 posteriore
2339 4209 2463 4282 lege
2517 4209 2801 4278 Majoriani
2859 4209 3182 4279 abrogatum
3229 4215 3332 4262 est.
3367 4227 3393 4257 ι
3425 4207 3600 4276 Quam

2003 4298 2460 4360 constitutionem,
2496 4296 2632 4352 sicut
2670 4297 2822 4368 petiit
2866 4303 2918 4349 et
2969 4296 3228 4361 obtinuit,
3261 4295 3334 4350 ita
3381 4311 3444 4351 ex
3474 4303 3603 4350 tunc

2003 4386 2262 4441 hactenus
2295 4385 2540 4440 Ecclesia
2569 4383 2930 4439 conservavit.
2955 4382 3064 4438 Sed
3095 4391 3147 4438 et
3169 4383 3307 4438 sicut
3337 4383 3390 4436 in
3410 4382 3602 4438 litteris

293 4477 545 4534 omnibus
574 4477 741 4534 rebus
773 4475 1172 4532 ordinationem
1207 4489 1426 4546 semper
1454 4481 1750 4544 exspectet.
1785 4498 1805 4520 ››
1825 4473 1894 4526 Et
1925 4463 1976 4522 D
1999 4473 2134 4527 meis
2165 4473 2344 4545 legisti
2399 4470 2758 4527 differentiam
2810 4469 3119 4542 intelligere
3147 4470 3418 4524 debueras
3462 4470 3604 4526 inter

297 4567 398 4622 Leo
417 4568 491 4623 ad
525 4565 868 4621 Anastasium
899 4565 1084 4636 (epist.
1121 4567 1206 4632 88,
1240 4579 1362 4634 cap.
1397 4563 1450 4628 1)
1484 4579 1498 4616 :
1537 4586 1556 4609 »ι
1592 4560 1898 4616 Secundum

294 4664 606 4711 sanctorum
651 4654 863 4709 Patrum
905 4668 1144 4708 canones
1178 4693 1190 4719 ,
1255 4650 1456 4722 Spiritu
1493 4650 1596 4705 Dei
1628 4647 1896 4714 conditos,

297 4753 346 4797 et
372 4744 537 4800 totius
574 4741 765 4798 mundi
792 4741 1099 4797 reverentia
1157 4746 1524 4804 consecratos,
1587 4737 1900 4807 metropoli-

296 4839 448 4888 tanos
489 4831 833 4903 singularum
881 4828 1286 4900 provinciarum
1335 4827 1623 4897 episcopos
1665 4825 1756 4895 jus
1789 4832 1899 4878 tra-

295 4920 414 4975 dita
442 4918 550 4973 sibi
595 4918 890 4988 antiquitus
936 4916 1214 4986 dignitatis
1277 4915 1658 4968 intemeratum
1692 4912 1896 4968 habere

293 5007 657 5063 decernimus.
720 5029 740 5052 ιι
773 5006 842 5060 Et
891 5006 1020 5060 item
1060 5003 1330 5067 Gelasius,
1379 5010 1439 5056 ut
1467 5017 1633 5072 supra
1661 5001 1896 5069 ostendi,

292 5103 415 5166 post
473 5092 902 5165 descriptionem
957 5091 1386 5148 authenticarum
1463 5089 1897 5161 Scripturarum,

225 5180 230 5184 “
293 5191 347 5239 et
415 5181 658 5238 Nicena:
732 5180 1344 5252 ConstantinOpolitanae
1378 5224 1389 5244 ,
1424 5195 1488 5234 ac
1574 5177 1898 5248 Ephesium,

223 5271 228 5276 ’
293 5270 756 5327 Chalcedonensis
815 5285 1031 5342 quoque
1088 5268 1312 5340 synodi,
1357 5265 1610 5323 addidit:
1648 5287 1669 5315 ιι
1732 5267 1799 5322 Et
1857 5266 1900 5321 si

295 5375 400 5430 qua
447 5365 576 5414 sunt
619 5357 846 5414 concilia
895 5375 922 5412 a
969 5357 1171 5412 sanctis
1200 5355 1452 5410 Patribus
1481 5354 1743 5420 instituta,
1777 5363 1901 5424 post

291 5445 486 5502 horum
549 5453 781 5518 quatuor
843 5445 1216 5502 auctoritatem
1262 5485 1274 5510 ,
1335 5449 1385 5498 et
1451 5443 1801 5497 custodienda
1851 5451 1901 5496 et

295 5543 614 5616 recipienda
645 5544 1010 5598 decrevimus.
1055 5569 1074 5588 η
1117 5543 1267 5612 Ipsas
1317 5547 1496 5594 autem
1529 5537 1812 5609 epistolas,
1847 5549 1897 5592 ut

2001 4561 2417 4616 admonitionem
2468 4568 2519 4615 et
2561 4561 2631 4615 de
2695 4559 3042 4615 accusatione
3089 4557 3477 4628 judicationem
3503 4601 3516 4625 ,
3548 4567 3600 4612 et

1999 4649 2140 4704 inter
2165 4649 2270 4704 hoc
2301 4648 2448 4720 quod
2477 4647 2610 4714 dixi,
2641 4649 2687 4702 si
2717 4649 2788 4703 ita
2820 4655 2900 4704 est
2933 4655 2986 4703 ut
3028 4643 3235 4719 passim
3270 4659 3304 4701 a
3336 4644 3517 4700 multis
3547 4655 3595 4701 et

2000 4737 2164 4792 etiam
2195 4737 2411 4808 publice
2451 4737 2507 4790 in
2536 4737 2767 4808 publicis
2799 4735 3017 4808 placitis
3057 4735 3386 4806 divulgatur,
3419 4739 3472 4790 et
3499 4735 3600 4789 hoc

2001 4826 2146 4898 quod
2177 4839 2283 4879 non
2314 4824 2442 4892 dixi,
2479 4825 2600 4897 quia
2632 4825 2705 4880 ita
2737 4833 2837 4880 est.
2871 4824 3028 4880 Unde
3055 4839 3084 4877 a
3115 4822 3301 4878 multis
3359 4829 3411 4878 et
3440 4823 3596 4879 etiam

1997 4914 2223 4986 publice
2280 4913 2422 4986 quod
2484 4929 2592 4970 non
2641 4914 2786 4974 licet,
2817 4914 2872 4966 in
2903 4912 3136 4983 publicis
3163 4911 3252 4968 vel
3277 4927 3312 4967 α
3339 4911 3594 4982 publicis,

1999 5003 2210 5074 placitis
2233 5003 2530 5060 accusaris.
2564 5003 2631 5057 Et
2661 5001 2804 5073 quod
2837 4999 3063 5056 confuse
3093 4998 3296 5068 dixisti,
3331 5008 3382 5056 te
3412 4999 3597 5055 mirari

1981 5093 2044 5147 ,εἰ
2075 5092 2237 5164 aliqui
2270 5104 2334 5146 ex
2366 5091 2450 5145 his
2468 5087 2684 5160 placitis
2715 5087 2972 5144 fecissent
2993 5103 3026 5144 a
3053 5089 3210 5144 vobis
3233 5101 3336 5161 pro
3364 5091 3468 5144 hoc
3495 5101 3599 5157 pe-

1997 5181 2242 5235 titionem
2273 5179 2514 5252 negotio,
2547 5195 2611 5232 ex
2641 5176 2824 5232 verbis
2857 5175 3061 5232 Callisti
3099 5177 3428 5250 adjtmgens,
3471 5174 3596 5227 nul-

2000 5268 2084 5322 lus
2115 5269 2304 5322 doctor
2332 5283 2428 5338 per
2449 5265 2646 5336 scripta
2669 5271 2973 5331 accusetur,
2997 5281 3105 5322 non
3136 5267 3273 5320 bene
3307 5260 3596 5316 distinxisti

2001 5356 2127 5428 quia
2155 5370 2255 5410 nec
2305 5356 2442 5410 bene
2475 5353 2786 5408 intellexisti
2835 5371 2901 5410 ex
2947 5354 3163 5427 legibus
3199 5357 3253 5406 et
3299 5349 3600 5407 canonibus

1999 5443 2363 5498 differentiam
2413 5443 2556 5498 inter
2602 5442 2919 5514 petitionem
2949 5450 3002 5497 et
3031 5439 3457 5497 accusationem.
3487 5439 3597 5495 Re-

1999 5533 2156 5587 volve
2204 5532 2329 5587 hinc
2360 5533 2540 5604 leges.
2597 5539 2647 5585 et.
2686 5533 2904 5586 decreta
2954 5527 3100 5584 sedis
3163 5526 3512 5600 ιροεῐοιὶοτε.
3549 5536 3596 5580 et
