4054 6180
437 251 540 304 H7

1393 221 1734 306 nmmum
1765 249 2166 306 annunnsrs
2193 251 2746 312 ARCHIEPISCOPI.

3635 263 3746 316 με

441 373 742 474 ὤθεε-ηυδε
771 373 971 430 news"
990 375 1152 474 ‘Unde
1191 376 1388 474 iterum
1419 377 1578 448 quasi
1606 376 1904 474 νεειίεαιιῇτ
1924 392 2034 474 ’δεῖ
2057 377 2112 436 Α
2141 410 2271 450 sens
2299 397 2344 450 si
2377 395 2598 452 conﬁdit
2625 398 2696 454 ad
2725 399 2936 468 objecta
2967 401 3324 470 respondeat,
3357 400 3564 458 scilicet
3587 417 3746 474 pre-

444 479 578 534 quar
603 471 654 516 te
683 477 785 531 per
843 464 1138 536 angulosos
1184 463 1482 528 anfractus,
1515 474 1566 519 et
1618 465 1797 520 dicam
1841 465 1938 520 tibi
1968 463 2040 519 ad

443 551 684 605 notitiam
719 567 888 620 pauca
917 553 985 606 de
1017 553 1264 621 pluribus
1284 593 1297 620 ,
1331 554 1428 608 sed
1481 554 1676 624 quibus
1699 562 1751 608 te
1775 554 2040 625 consequi

445 639 676 694 valeam.
715 641 1063 696 Innocentius
1091 642 1162 696 ad
1197 642 1484 696 Maximum
1519 651 1572 696 et
1623 643 1884 710 severum
1915 643 2040 712 epi-

445 743 644 798 sc0pos
685 729 897 797 scripsit
947 733 1131 801 (epist.
1167 733 1246 792 tv)
1283 748 1295 782 :
1336 751 1356 780 ι
1410 733 1602 800 Nuper
1644 732 2042 786 Maximilianus

443 813 586 870 ﬁlius
633 823 818 868 noster
863 831 1034 887 agens
1063 817 1119 870 in
1173 819 1339 871 rebus
1409 819 1712 886 cujusmodi
1761 819 2042 890 querelam

442 902 716 966 detulerit,
749 903 916 956 libelli
952 905 1066 972 ejus
1114 905 1284 959 series
1340 921 1552 960 annexa
1599 907 1863 962 declarat.
1915 928 1936 956 ι
1975 907 2044 961 Et

443 991 745 1062 Gregorius
767 992 965 1046 Sabino
987 994 1320 1048 subdiacono
1352 996 1472 1062 (lib.
1499 1011 1594 1056 vn,
1619 997 1736 1050 ind.
1765 999 1848 1058 li,
1875 997 2038 1068 epist.

441 1081 532 1144 46)
567 1097 578 1132 :
619 1103 638 1124 ιι
678 1080 870 1134 Clerus
901 1082 1146 1136 ecclesiae
1169 1083 1446 1154 Regitana:
1475 1083 1642 1138 multa
1663 1093 1847 1138 contra
1883 1101 2042 1139 reve-

447 1169 808 1222 rentissimum
834 1169 1056 1224 fratrem
1087 1179 1332 1224 nostrum
1363 1171 1698 1227 Bonifacium
1729 1173 2044 1242 episcopum

444 1272 620 1322 suum,
653 1257 778 1310 data
809 1259 964 1310 nobis
995 1259 1270 1328 petitione,
1303 1269 1634 1330 conquestus
1655 1269 1753 1324 est,
1779 1269 1968 1331 petens
1989 1269 2046 1315 ut

442 1345 508 1398 ad
543 1360 642 1398 nos
689 1346 970 1400 debuisset
1003 1349 1206 1402 habere
1237 1349 1488 1402 veniendi
1519 1349 1810 1414 licentiam,
1854 1359 2044 1421 quate-

445 1449 548 1486 nus
581 1449 762 1488 causze
785 1435 900 1504 ipse
932 1435 1016 1489 hic
1045 1437 1314 1491 subtiliter
1361 1439 1746 1506 probarentur.
1783 1438 1890 1494 Sed
1922 1439 2048 1510 quia

443 1537 544 1575 nos
571 1522 786 1576 interim
835 1523 1150 1592 prtedictum
1203 1525 1428 1579 fratrem
1477 1535 1718 1580 nostrum
1751 1528 1855 1581 hoc
1883 1527 2047 1582 modo

443 1625 553 1663 non
583 1611 934 1680 pra=vidimus
963 1613 1365 1682 deducendum,
1409 1615 1588 1668 visum
1643 1615 1801 1670 nobis
1823 1623 1908 1670 est
1937 1615 2047 1670 illic

2137 485 2276 538 senti
2329 487 2632 542 accusatori
2665 503 2678 541 ε
2713 489 2756 540 si
2787 488 2986 544 adesse
3041 491 3380 560 neglexerit,
3425 491 3746 546 dilationem

2138 574 2420 628 sententiae
2447 575 2518 629 de
2567 575 2814 630 absentia
2857 593 2966 632 non
3013 578 3268 632 lucretur.
3309 601 3330 624 ι
3367 581 3746 634 Accommoda

2137 677 2270 732 ergo
2299 678 2520 716 sensum
2549 673 2693 718 tuum
2729 665 2864 720 bene
2895 667 3074 730 dictis,
3100 675 3153 720 et
3181 683 3288 720 non
3321 683 3482 736 prave
3513 668 3750 740 intelligi

2140 751 2324 804 tradas
2365 751 2503 805 bene
2555 752 2717 818 dicta,
2751 754 2820 806 ad
2881 762 3028 807 tuum
3061 771 3282 808 sensum
3312 755 3402 808 illa
3431 755 3742 810 inflectens.

2143 838 2287 894 Velis
2313 839 2456 893 enim
2475 840 2558 896 vel
2589 839 2750 908 nolis,
2771 841 2847 895 illi
2865 851 3020 896 erunt
3041 859 3298 910 canones,
3323 859 3462 913 quos
3477 844 3750 900 catholica

2143 927 2386 981 Ecclesia
2397 943 2638 984 canones
2655 939 2830 994 vocat,
2855 939 3032 985 etnon
3057 941 3212 986 erunt
3233 932 3578 994 illicanones,
3602 949 3750 1004 quos

2141 1023 2232 1069 tua
2265 1018 2516 1071 socordia
2533 1019 2606 1072 ad
2641 1017 3014 1073 eiirenationis
3037 1029 3140 1074 tute
3173 1020 3478 1074 libertatem
3509 1037 3754 1076 canones

2142 1105 2399 1159 advocas.
2433 1106 2604 1160 Erunt
2651 1115 2826 1160 autem
2859 1108 3102 1176 epistolae
3147 1109 3536 1162 venerabiliter
3563 1110 3750 1164 susci-

2145 1193 2375 1262 piendae,
2405 1211 2434 1246 a
2465 1196 2595 1248 sede
2643 1196 2936 1264 apostolica
2967 1212 3068 1266 pro
3124 1197 3468 1250 diversorum
3523 1198 3752 1252 Patrum

2144 1282 2510 1336 consolatione
2541 1283 2714 1346 datae,
2749 1301 2885 1354 quas
2914 1300 3153 1339 canones
3201 1301 3403 1350 vocas;
3435 1293 3488 1340 et
3515 1286 3754 1340 concilia

2147 1385 2178 1424 a
2208 1371 2410 1424 sanctis
2459 1372 2707 1425 Patribus
2735 1371 2957 1426 institua
2983 1415 2995 1437 ,
3043 1375 3112 1427 ad
3155 1374 3533 1428 auctoritatem
3580 1383 3744 1428 erunt

2147 1459 2503 1512 custodienda
2539 1467 2594 1514 et
2647 1461 2977 1530 recipienda.
3013 1463 3152 1516 sicut
3205 1461 3448 1516 decrevit
3475 1461 3750 1532 Gelasius,

2147 1555 2200 1600 et
2231 1548 2413 1602 ceteri
2441 1547 2590 1602 sedis
2617 1549 2874 1604 Romamn
2916 1549 3224 1620 pontiﬁces,
3259 1559 3422 1621 atque
3453 1551 3528 1604 illi
3557 1553 3648 1622 qui
3678 1552 3744 1605 in

2146 1635 2352 1690 eisdem
2383 1636 2646 1702 conciliis,
2680 1647 3012 1710 suggerente
3041 1639 3278 1693 siblimet
3305 1647 3492 1694 sancto
3517 1639 3750 1710 Spiritu,

445 1700 1034 1799 QerSOEaIF‘depmafﬁ
1067 1701 1138 1754 ad
1167 1717 1389 1757 causam
1421 1704 1668 1799 Efanldem
1699 1719 2044 1799 οῗξηοεοθω
2077 1731 2130 1790 Β
2149 1739 2336 1778 sacros
2364 1739 2605 1780 canones
2635 1700 3014 1791 condiderunt,
3053 1735 3104 1780 et
3135 1742 3272 1799 quos
3327 1728 3490 1782 sedes
3517 1736 3752 1798 aposto-

445 1786 592 1840 dam.
619 1785 686 1842 Et
719 1787 842 1842 ideo
871 1789 1068 1842 mediis
1117 1791 1484 1845 sacrosanctis
1513 1792 1846 1861 Evangeliis,
1879 1807 2042 1862 expe-

443 1874 638 1928 rientia
681 1883 793 1940 tua,
827 1891 932 1930 una
965 1893 1088 1930 cum
1138 1879 1395 1942 Paulino,
1457 1880 1706 1944 Proculo,
1759 1879 2040 1948 Palumbo,

445 1963 680 2017 Venerio
705 2005 718 2028 ,
743 1971 906 2033 atque
961 1965 1221 2019 Martiano
1279 1966 1750 2021 reverentissimus
1781 1965 2044 2022 fratribus

453 2051 902 2122 coepiscopisque
935 2055 1153 2122 nostris,
1185 2054 1302 2108 sine
1329 2055 1646 2126 cujusquam
1675 2071 1922 2124 personae
1949 2071 2042 2111 re—

444 2147 632 2208 spectu
656 2179 669 2206 ,
695 2147 804 2194 tam
847 2141 1164 2195 clericorum
1217 2141 1498 2212 querelam
1521 2185 1536 2206 ,
1569 2159 1731 2212 quam
1777 2144 2044 2198 adversus

443 2242 619 2293 suum,
653 2227 793 2282 sicut
819 2227 1071 2292 diximus,
1104 2229 1304 2284 habent
1333 2230 1665 2300 episcopum,
1690 2231 1776 2286 vel
1807 2232 1852 2285 si
1883 2247 2044 2302 quam

443 2312 584 2368 forte
641 2324 834 2369 contra
893 2331 990 2370 eos
1041 2317 1291 2370 habuerit
1337 2361 1349 2380 ,
1409 2333 1534 2372 cum
1589 2319 1736 2372 omni
1793 2319 2044 2390 aequitate

443 2415 510 2456 ac
539 2401 902 2456 sollicitudine
933 2413 1305 2473 perscrutatur
1335 2423 1348 2460 :
1383 2414 1436 2459 et
1457 2406 1721 2477 quidquid
1745 2407 1800 2460 in
1821 2409 2044 2462 veritate

442 2491 780 2562 cognoverit,
817 2491 972 2546 nobis
1029 2507 1136 2546 una
1183 2509 1308 2546 cum
1369 2495 1640 2564 prazdictis
1699 2496 1900 2550 nostris
1929 2495 2044 2550 fra-

445 2577 618 2632 tribus
656 2579 926 2634 subtiliter
973 2581 1376 2652 diligenterque
1409 2581 1677 2654 signiﬁcet
1703 2626 1715 2648 ,
1751 2591 1808 2638 ut
1837 2601 2044 2639 renun-

441 2665 665 2722 tiatione
721 2675 900 2722 vestra
959 2669 1156 2724 redditi
1215 2669 1476 2724 certiores
1497 2713 1509 2735 ,
1541 2672 1671 2742 quid
1703 2673 1820 2726 fieri
1851 2673 2046 2728 debeat

443 2763 816 2818 decernamus.
856 2785 877 2814 »
921 2766 988 2818 Et
1033 2767 1102 2820 ad
1157 2768 1448 2836 praedictos
1497 2769 1806 2838 episcopos,
1865 2770 2046 2825 clerus

444 2852 693 2906 ecclesiae
723 2853 1000 2924 Regitanae
1059 2863 1250 2908 contra
1281 2857 1782 2910 reverentissimum
1817 2857 2044 2912 fratrum

442 2947 684 2992 nostrum
715 2939 1048 2994 Bonifacium
1080 2942 1398 3011 episcOpum
1431 2959 1587 2996 suum
1619 2944 1744 2998 data
1765 2945 1922 2999 nobis
1953 2962 2046 3014 pe-

443 3025 628 3080 titione
658 3036 990 3097 conquestus
1019 3036 1119 3092 est,
1173 3037 1225 3083 et
1271 3031 1505 3101 reliqua.
1567 3031 1674 3086 Sed
1709 3041 1761 3086 et
1789 3033 1858 3086 de
1885 3033 2043 3087 audi-

443 3113 608 3178 tione,
643 3115 760 3168 sine
791 3115 1050 3184 petitione
1103 3117 1190 3170 vel
1235 3118 1618 3184 accusatione,
1652 3119 1722 3172 ad
1783 3120 2047 3174 Sabinum

445 3201 587 3256 idem
627 3203 814 3256 beatus
847 3204 1148 3274 Gregorius
1199 3206 1418 3274 scripsit
1447 3207 1568 3275 (lib.
1601 3223 1684 3270 xt,
1720 3209 1884 3279 epist.
1911 3209 2044 3278 28):

445 3305 466 3338 δ
507 3291 752 3345 Pervenit
773 3293 842 3345 ad
861 3309 980 3357 nos,
1007 3293 1278 3363 inquiens,
1305 3295 1804 3350 reverentissimum
1829 3297 2046 3350 Palum-

445 3378 593 3444 bum,
626 3378 847 3434 fratrem
905 3389 957 3434 et
1006 3382 1378 3452 coepiscopum
1433 3391 1678 3438 nostrum
1712 3425 1727 3453 ,
1760 3385 1906 3455 quod
1937 3385 2046 3441 dici

442 3483 610 3538 grave
652 3477 752 3533 est,
803 3469 1066 3526 Ecclesia:
1109 3487 1260 3536 suae,
1295 3471 1380 3525 vel
1427 3473 1812 3541 parochiarum
1855 3489 2048 3528 causas

440 3555 802 3627 utilitatesque
831 3558 1132 3630 negligere.
1171 3579 1193 3608 ι
1229 3561 1296 3614 Ει
1325 3569 1447 3629 post
1465 3561 1748 3631 aliquanta
1781 3577 1794 3616 :
1835 3585 1854 3608 α
1883 3563 2046 3617 Ideo-

443 3661 550 3715 que
605 3646 940 3716 experientia
982 3656 1074 3702 tua
1135 3649 1456 3719 praedictum
1513 3649 1740 3705 fratrem
1797 3659 2046 3704 nostrum

443 3733 655 3788 studeat
683 3751 1030 3792 commonere
1052 3781 1064 3802 ,
1098 3746 1154 3790 ut
1185 3753 1276 3792 res
1303 3737 1588 3803 Ecclesiae,
1623 3739 1708 3792 vel
1763 3741 2047 3809 parochia-

442 3839 562 3876 rum
593 3839 832 3888 suarum,
857 3825 972 3878 sive
1013 3825 1310 3878 ministeria
1337 3867 1349 3888 ,
1385 3827 1779 3880 rationabiliter
1807 3827 2048 3882 vindicet

443 3919 606 3980 atque
627 3911 899 3976 defendat,
942 3932 960 3963 I
998 3921 1050 3966 et
1083 3913 1307 3982 reliqua.
1361 3914 1440 3967 De
1489 3915 1836 3970 accusatione
1865 3923 2047 3970 autem

445 3997 724 4066 episOOpi,
775 4007 869 4052 aut
917 3999 1202 4066 cujuslibet
1243 3999 1452 4053 ordinis
1487 4002 1695 4067 clerici,
1755 4018 1820 4056 ex
1877 4004 2048 4059 sacris

443 4085 744 4140 canonibus
775 4085 1102 4140 sufﬁcienter
1133 4103 1296 4156 supra
1317 4097 1472 4156 potes
1521 4090 1790 4160 relegere.
1827 4092 2049 4145 Verum-

443 4180 624 4226 tamen
656 4182 870 4243 oportet
901 4181 952 4228 te
983 4175 1218 4230 discrete
1261 4176 1568 4248 intelligere
1599 4179 1744 4248 quod
1775 4179 1844 4232 de
1885 4195 2046 4235 accu-

445 4261 654 4316 satione
699 4262 854 4335 leges
891 4263 1112 4318 dicunt:
1150 4288 1170 4310 «
1225 4265 1283 4318 In
1333 4265 1708 4320 criminalibus
1731 4311 1743 4330 ,
1777 4267 2042 4338 inquiunt,

443 4349 644 4416 causis,
678 4351 763 4406 vel
789 4352 1188 4420 objectionibus
1214 4393 1226 4417 ,
1261 4369 1360 4422 per
1391 4355 1702 4408 mandatum
1744 4355 1924 4410 nullus
1955 4373 2048 4411 ac-

2145 1811 2263 1876 lica,
2298 1820 2352 1866 et
2371 1812 2618 1868 Ecclesia
2647 1815 2916 1870 catholica
2943 1830 3188 1870 canones
3201 1823 3376 1870 vocat.
3407 1816 3580 1870 Verba
3609 1832 3758 1887 quo-

2145 1915 2250 1970 que
2277 1901 2532 1956 abstrusa
2549 1943 2562 1966 ,
2593 1909 2650 1956 et
2677 1903 3044 1974 undecunque
3069 1919 3170 1974 per
3195 1901 3468 1976 glossulas
3499 1903 3750 1970 collecta,

2145 1995 2208 2062 et
2231 1989 2350 2062 sine
2369 1989 2578 2062 ratione
2607 1991 2800 2062 posita,
2835 2007 2956 2060 qum
2983 1991 3037 2044 in
3069 1993 3174 2046 hoc
3203 1991 3408 2061 scripto
3437 1999 3526 2046 tuo
3555 1993 3758 2062 posui-

2145 2059 2232 2123 sti,
2265 2059 2406 2114 sicut
2461 2069 2514 2114 et
2541 2059 2623 2114 ini
2652 2061 2772 2115 aliis
2827 2059 3030 2116 domno
3061 2063 3176 2132 regi
3205 2071 3260 2116 et
3287 2059 3419 2116 mihi
3449 2059 3576 2116 olim
3602 2063 3757 2117 dire—

2144 2148 2244 2202 ctis
2297 2148 2646 2219 congessisti,
2699 2149 3036 2221 redarguunt
3065 2158 3118 2206 te
3149 2157 3278 2221 typo
3290 2150 3580 2218 jactantiaa,
3615 2165 3750 2204 cum

2145 2233 2290 2289 dicat
2311 2235 2606 2304 Apostolus
2629 2253 2642 2290 :
2677 2238 2872 2292 Vocum
2891 2239 3171 2294 novitates
3187 2238 3436 2306 devita“
3457 2239 3592 2292 Tim.
3615 2238 3756 2308 vn);

2145 2329 2198 2376 et
2231 2339 2243 2374 :
2277 2323 2418 2378 Malo
2429 2325 2674 2396 quinque
2689 2325 2856 2380 verba
2875 2327 3025 2396 loqui
3043 2327 3104 2380 in
3125 2327 3376 2382 Ecclesia
3395 2327 3468 2381 ad
3487 2325 3750 2393 (edi/ica-

2147 2413 2378 2476 tionem,
2399 2428 2568 2482 quam
2583 2415 2772 2468 decem
2791 2415 2980 2469 millia
2997 2415 3284 2470 verborum
3299 2416 3364 2468 in
3383 2415 3576 2484 lingua
3593 2415 3756 2484 (Cor.

2147 2499 2290 2566 xxv).
2339 2499 2444 2566 Qui
2477 2500 2622 2554 enim
2659 2500 2935 2572 linguam,
2969 2502 3022 2555 in
3055 2517 3161 2572 qua
3191 2510 3350 2556 natus
3397 2518 3478 2566 es,
3511 2519 3618 2558 non
3651 2518 3758 2558 so-

2147 2586 2256 2646 lum
2289 2601 2396 2642 non
2415 2587 2586 2658 loqui,
2621 2605 2812 2644 verum
2833 2605 2934 2644 nec
2967 2590 3272 2660 intelligere
3302 2590 3405 2644 nisi
3445 2607 3544 2661 per
3573 2591 3756 2646 inter—

2147 2683 2360 2744 pretem
2417 2684 2592 2746 potes,
2625 2693 2748 2731 cum
2799 2686 3153 2748 suppeterent
3207 2678 3531 2732 sufﬁcienter
3577 2679 3760 2734 verba

2149 2761 2355 2828 Latina,
2392 2779 2512 2834 quin
2531 2765 2584 2818 in
2615 2765 2698 2818 his
2727 2767 2864 2821 locis
2901 2781 3108 2836 ponere
3139 2775 3378 2837 poteras,
3411 2767 3502 2820 ubi
3531 2766 3754 2834 Gra'ca,

2149 2857 2200 2905 et
2239 2851 2510 2918 obstrusa,
2541 2861 2594 2906 et
2649 2853 2918 2908 interdum
2978 2854 3210 2910 Scottica
3257 2863 3306 2911 et
3359 2855 3464 2909 alia
3495 2855 3758 2922 barbara,

2147 2945 2203 2992 ut
2231 2939 2330 2992 tibi
2373 2941 2547 2993 visum
2595 2939 2709 3004 fuit,
2743 2943 2964 2996 nothata
3011 2952 3172 3014 atque
3199 2951 3454 3013 corrupta
3500 2942 3758 3012 posuisti,

2147 3035 2302 3096 paret
2331 3027 2456 3098 quia
2501 3043 2612 3082 non
2667 3045 2732 3082 ex
2788 3029 3106 3094 humilitate,
3139 3031 3226 3085 vel
3255 3032 3324 3086 ad
3357 3029 3756 3087 manifestatio-

2149 3131 2292 3180 nem,
2326 3131 2388 3169 ea
2419 3133 2538 3186 quae
2567 3116 2748 3172 dicere
2775 3117 2992 3173 voluisti
3033 3119 3226 3174 Graeca
3255 3119 3446 3184 verba,
3481 3136 3600 3190 quae
3629 3119 3760 3190 ipse

2147 3219 2252 3257 non
2311 3204 2588 3274 intelligis,
2647 3207 3222 3262 inconvenientissime
3265 3208 3509 3277 posuisti,
3545 3209 3642 3262 sed
3685 3208 3762 3262 ad

2146 3293 2562 3346 ostentationem
2607 3293 2696 3346 illa
2739 3295 3180 3364 insipientissime
3209 3295 3507 3362 inseruisti,
3539 3303 3598 3350 ut
3625 3312 3758 3350 om-

2146 3395 2246 3434 nes
2275 3381 2368 3452 qui
2397 3381 2490 3434 illa
2521 3381 2756 3452 legerint
2787 3382 3090 3455 intelligere
3138 3383 3368 3454 possint,
3401 3391 3454 3438 te
3491 3384 3582 3438 illa
3611 3384 3758 3440 velle

2147 3483 2367 3522 vomere
2427 3485 2549 3539 quae
2603 3485 2710 3524 non
2741 3471 2985 3540 glutiisti.
3039 3473 3191 3526 Hunc
3247 3487 3485 3542 namque
3537 3487 3754 3527 morem

2147 3556 2308 3610 etiam
2337 3571 2370 3610 a
2401 3557 2626 3626 pueritia
2675 3559 2908 3612 habuisti
2939 3559 2992 3612 in
3025 3559 3108 3612 his
3141 3575 3261 3629 quae
3307 3567 3360 3614 te
3416 3560 3622 3614 dictare
3653 3575 3754 3615 ro-

2147 3645 2366 3715 gabam,
2409 3645 2646 3700 maxime
2675 3655 2856 3701 autem
2887 3645 2941 3700 in
2999 3647 3268 3712 versibus,
3303 3657 3356 3702 et
3385 3649 3658 3718 praecipue
3685 3648 3744 3702 in

2147 3731 2334 3804 ﬁguris
2363 3735 2754 3806 porphyriacis,
2786 3735 2838 3788 in
2885 3735 3084 3806 quibus
3113 3737 3278 3790 verba
3309 3737 3510 3808 linguae
3537 3737 3752 3802 alienae,

2147 3829 2312 3890 atque
2347 3821 2619 3888 obstrusa,
2667 3824 2963 3894 imprOpria
2993 3833 3046 3878 et
3076 3825 3304 3879 utilitate
3333 3841 3530 3879 sensus
3557 3841 3758 3880 caren-

2147 3907 2238 3970 tia,
2275 3925 2396 3979 quaa
2446 3925 2549 3964 nec
2581 3911 2696 3980 ipse
2755 3912 3136 3981 intelligebas,
3179 3913 3420 3967 studiose
3477 3913 3752 3982 ponebas.

2149 3996 2306 4063 Quod
2337 4005 2516 4052 mente
2545 3999 2932 4068 pereipiebam,
2967 4008 3018 4054 et
3048 4001 3180 4054 mihi
3217 4001 3505 4056 admodum
3565 4001 3758 4071 displi-

2148 4085 2306 4140 cebat
2357 4102 2370 4138 :
2425 4087 2520 4140 sed
2553 4103 2677 4142 cum
2732 4088 2975 4142 viderem
3007 4099 3056 4143 te
3084 4105 3182 4158 per
3218 4089 3534 4157 jactantiam
3565 4104 3760 4144 amore

2147 4172 2322 4226 laudis
2353 4173 2609 4246 ﬂagrare,
2644 4183 2696 4229 et
2727 4191 2814 4230 me
2845 4193 2954 4230 non
2986 4193 3148 4246 posse
3181 4177 3436 4232 sentirem
3469 4177 3524 4230 in
3581 4175 3760 4231 aetatis

2147 4261 2516 4316 adolescentia
2563 4271 2616 4317 te
2640 4264 2706 4316 ad
2755 4271 2960 4318 tantum
2993 4265 3162 4318 robur
3197 4265 3395 4318 mentis
3428 4265 3754 4328 accendere,

2147 4357 2206 4402 ut
2249 4350 2318 4404 ad
2375 4351 2620 4404 discendi
2653 4367 2714 4406 ac
2773 4351 3116 4406 versiﬁcandi
3139 4353 3376 4406 studium
3407 4359 3458 4407 te
3489 4367 3756 4422 provoca-

443 4443 616 4500 cuset,
641 4450 742 4490 nec
771 4435 816 4488 si
849 4451 947 4505 per
991 4445 1317 4506 rescriptum
1367 4438 1626 4507 principis
1683 4439 1784 4494 hoc
1815 4439 2046 4509 potuerit
2067 4427 2116 4485 D
2149 4453 2266 4490 rem
2301 4479 2313 4500 ,
2362 4446 2416 4491 et
2463 4439 2734 4506 jactantia:
2763 4455 2794 4492 a
2837 4447 2888 4492 te
2946 4441 3266 4509 pravitatem
3325 4441 3604 4494 eraderem
3639 4483 3652 4502 ,
3685 4456 3758 4494 ne

443 4523 734 4592 impetrare
777 4540 790 4576 :
824 4524 920 4578 sed
969 4524 1086 4594 ipse
1117 4526 1206 4594 qui
1256 4526 1464 4580 crimen
1505 4527 1770 4592 intendit,
1805 4544 2048 4597 praesens

443 4627 542 4681 per
569 4627 630 4666 se
659 4619 900 4674 accuset,
933 4619 988 4666 ut
1049 4613 1192 4666 scias
1249 4629 1356 4682 quo
1407 4629 1570 4668 sensu
1601 4615 1668 4670 de
1701 4617 2048 4670 accusatione

441 4700 544 4752 hos
590 4699 792 4754 dicant.
833 4723 853 4744 ι»
889 4701 954 4754 Et
1000 4715 1240 4754 canones
1285 4701 1470 4754 dicunt
1521 4703 1701 4771 (conc.
1759 4704 2044 4776 Carthag.,

441 4801 490 4841 c.
527 4789 616 4850 t9)
651 4805 663 4839 :
703 4813 723 4834 α
762 4787 1020 4858 Quisquis
1079 4789 1442 4858 episcoporun
1498 4799 1788 4844 accusatur
1816 4807 1880 4846 ac
1930 4793 2048 4862 pri-

443 4882 646 4928 matem
688 4877 986 4943 provincia:
1027 4876 1197 4946 ipsius
1225 4893 1444 4931 causam
1489 4877 1700 4932 deferat
1742 4889 2044 4948 accusator,

445 4977 548 5016 nec
577 4978 610 5016 a
667 4965 1048 5018 communione
1089 4967 1458 5035 suspendatur
1500 4967 1586 5020 cui
1631 4968 1836 5022 crimen
1877 4970 2048 5023 inten-

443 5049 604 5114 ditur,
637 5049 740 5103 nisi
799 5052 868 5104 ad
924 5067 1142 5106 causam
1195 5070 1346 5108 suam
1387 5055 1674 5108 dicendam
1753 5055 2050 5110 electorum

437 5139 682 5208 judicum
723 5137 812 5192 die
839 5147 1040 5194 statuta
1071 5141 1264 5196 litteris
1295 5151 1553 5196 evocatus
1601 5143 1822 5197 minime
1855 5159 2050 5198 occur-

445 5227 594 5282 rerit.
633 5248 655 5275 ι
693 5225 1034 5282 Manifestum
1066 5238 1148 5282 est
1177 5239 1377 5294 autem,
1411 5230 1536 5300 quia
1575 5231 1866 5301 episc0pus
1895 5248 2054 5287 accu-

446 5323 596 5368 satus
623 5317 766 5384 apud
797 5315 1086 5385 primatem
1129 5333 1236 5370 non
1280 5333 1402 5372 esse
1449 5335 1696 5388 praesens
1725 5320 2050 5388 ostenditur,

445 5401 538 5472 qui
593 5402 782 5456 litteris
840 5405 1053 5460 evocari
1099 5405 1430 5475 praecipitur.
1493 5408 1560 5462 Et
1619 5407 1928 5464 Bonifacius
1983 5411 2053 5464 de

447 5487 682 5546 Maximo
709 5490 838 5544 dicit
872 5491 1059 5562 (epist.
1094 5496 1148 5558 2)
1183 5509 1194 5546 :
1233 5515 1256 5536 «ι
1289 5493 1344 5547 Si
1375 5493 1573 5549 adesse
1617 5495 1868 5562 voluerit,
1900 5513 2052 5566 pre-

2147 4526 2343 4580 acriori
2391 4527 2738 4596 correptione
2795 4526 2995 4581 fractus
3037 4529 3379 4582 revocaret-is
3423 4529 3490 4580 ab
3535 4529 3752 4593 studio,

2149 4614 2373 4684 permisi
2404 4623 2452 4667 te
2485 4615 2698 4670 interim
2727 4623 2953 4680 tantum,
3000 4625 3058 4670 ut
3089 4617 3268 4670 studio
3289 4616 3504 4670 litterali
3535 4617 3752 4670 incum—

2133 4702 2336 4768 beres,
2397 4703 2466 4757 de
2522 4703 2744 4758 scientia
2795 4705 3063 4771 jactitare,
3128 4704 3304 4759 donec
3365 4705 3420 4758 in
3468 4703 3758 4758 maturiori

2149 4798 2304 4845 aetate
2333 4791 2404 4844 ab
2448 4791 2542 4845 illo
2574 4792 2736 4846 etiam
2763 4792 2894 4846 vitio
2941 4807 3162 4862 possem
3189 4807 3561 4862 compescere,
3597 4807 3757 4846 secu-

2149 4887 2234 4932 tus
2265 4895 2366 4948 pro
2397 4879 2616 4933 modulo
2645 4895 2767 4934 meo
2807 4880 3146 4949 Apostolum,
3183 4881 3274 4951 qui
3331 4897 3452 4935 cum
3485 4879 3756 4934 infirmum

2151 4967 2452 5021 auditorem
2482 4983 2640 5021 suum
2669 4969 3048 5038 perpenderet,
3097 4977 3188 5022 aut
3219 4985 3388 5038 prava
3419 4969 3598 5024 adhuc
3615 4968 3758 5022 velle

2150 5066 2335 5122 agere,
2367 5058 2458 5104 aut
2481 5052 2550 5105 de
2579 5051 2786 5106 actione
2835 5061 2984 5106 recta
3017 5053 3264 5106 humanae
3311 5052 3488 5106 laudis
3519 5053 3756 5106 retribu-

2151 5137 2295 5192 tione
2316 5139 2577 5208 gaudere,
2611 5139 2684 5193 ait
2719 5157 2730 5191 :
2773 5141 2856 5194 l’is
2887 5157 3000 5194 non
3033 5143 3235 5194 timere
3263 5145 3602 5211 potestatem
3627 5144 3648 5194 ἰν
3669 5141 3759 5194 bo-

2152 5243 2292 5280 num
2319 5231 2435 5296 fac,
2473 5231 2532 5281 et
2557 5228 2775 5282 habebis
2799 5229 3022 5282 laudem
3053 5243 3126 5282 ex
3155 5229 3258 5282 illa
3291 5230 3473 5292 (Rom.
3513 5229 3636 5296 xu).
3669 5227 3758 5280 In-

2153 5323 2322 5378 terea,
2357 5315 2482 5384 quia
2503 5315 2656 5378 illud,
2689 5331 2797 5386 quo
2827 5316 2944 5370 haec
2973 5331 3136 5387 agere
3165 5317 3498 5387 cogitabam,
3535 5325 3754 5386 tempus

2152 5411 2274 5456 ante
2330 5411 2542 5474 tempus
2599 5404 2848 5473 excessit,
2899 5420 3022 5459 cum
3059 5403 3428 5474 praeceptione
3475 5404 3754 5475 Apostoli,

2147 5490 2386 5558 jubentis
2419 5506 2610 5546 vocum
2644 5491 2912 5548 novitates
2953 5491 3139 5550 vitare.
3173 5491 3240 5546 ab
3269 5493 3376 5547 hac
3411 5491 3680 5562 jactantia
3707 5499 3764 5548 et
