4020 6182
217 233 323 289 “9

905 230 1147 288 OPUSC.
1207 230 1300 288 ΒΤ
1353 227 1572 290 mar.
1627 227 1706 288 ει
1759 227 1850 288 αι

1949 226 1990 284 ι
2038 225 2388 288 meum
2441 230 2749 290 MUDUN.

3423 235 3528 291 ιω

229 351 3114 430 ostentatianctedaaoremetepiscopnmeohiberedrAjudiciamreducimgud;«egode
3151 355 3247 411 tibi
3301 355 3535 428 quenter

232 443 433 499 bueras
466 461 480 497 :
513 442 770 514 quoniam
799 444 970 498 sancti
999 452 1049 498 et
1077 443 1350 513 sapientes
1395 459 1462 499 ac
1503 459 1717 516 magnae
1745 459 1842 498 au-

235 532 510 588 ctoritatis
556 531 676 599 viri,
722 540 776 586 et
823 531 986 587 etiam
1033 532 1315 604 utriusque
1365 532 1586 605 linguae,
1637 531 1844 588 Graeca

237 620 501 676 videlicet
531 619 818 699 etILatinaa
843 619 1025 690 periti,
1048 620 1163 674 suis
1185 620 1404 690 scriptis
1426 621 1598 675 verba
1621 619 1838 685 Graeca,

241 708 350 762 nisi
377 722 450 763 ea
479 723 604 779 quin
630 707 686 761 in
717 707 1030 778 Scripturis,
1062 707 1149 762 vel
1181 709 1504 773 canonibus,
1555 708 1672 762 sive
1707 707 1844 780 legi-

231 794 354 860 bus,
389 795 514 850 sine
545 794 999 865 interpretatione
1026 803 1150 849 sunt
1179 795 1379 866 posita,
1426 803 1480 851 et
1525 795 1691 850 veluti
1732 795 1840 850 La-

231 883 344 937 tina
372 883 435 937 in
474 899 580 937 usu
629 881 834 947 habita,
877 898 1066 938 verum
1117 890 1172 938 et
1218 883 1476 938 abstrusa
1523 883 1636 938 suis
1683 883 1842 938 dictis

231 971 532 1026 immittere
563 971 634 1026 ad
665 971 1082 1026 ostentationem
1121 971 1430 1026 noluerunt.
1483 972 1564 1026 De
1610 971 1843 1026 Hebreis

228 1075 360 1114 vero
389 1059 583 1132 lingua
614 1057 868 1125 Alleluia,
901 1067 956 1114 et
983 1059 1226 1124 Osanna,
1257 1067 1422 1131 atque
1458 1062 1652 1128 Amen,
1705 1074 1840 1130 pro-

229 1156 352 1218 pter
409 1147 796 1202 auctoritatem
855 1147 1048 1217 prima:
1097 1147 1318 1220 linguai.
1378 1156 1431 1203 et
1476 1147 1842 1203 reverentiam

231 1251 430 1290 sensus
461 1235 583 1290 sine
610 1235 1057 1305 interpretatione
1103 1235 1188 1289 nsi
1233 1234 1467 1290 fuerunt.
1518 1237 1632 1290 Nos
1681 1236 1840 1290 etiam

227 1323 484 1378 moderni
529 1323 838 1396 glossarios
887 1324 1132 1391 Grecos,
1181 1338 1320 1394 quos
1367 1323 1560 1378 suatim
1611 1324 1840 1379 Lexicos

229 1411 419 1468 vocari
451 1412 783 1474 audivimus,
818 1411 915 1466 sed
945 1419 1000 1466 et
1028 1411 1334 1482 sapientum
1386 1411 1591 1482 scripta
1639 1413 1708 1468 de
1741 1427 1840 1467 no-

231 1499 474 1554 minibus
503 1499 776 1554 obstrusis
829 1499 1112 1566 habemus,
1157 1507 1211 1554 et
1251 1499 1392 1554 adeo
1444 1500 1703 1554 sensatuli
1749 1517 1840 1555 su-

231 1605 374 1654 mus,
405 1597 467 1642 ut
495 1596 715 1642 nostras
747 1587 1165 1644 dictatiunculas
1197 1603 1263 1643 eo
1310 1605 1483 1660 usque
1529 1588 1839 1644 circumdu-

1941 440 2177 498 tacerem
2202 442 2272 499 de
2301 443 2562 508 Bertrico,
2595 445 2643 498 si
2673 445 2742 499 de
2799 460 2920 500 mea
2973 453 3118 500 esset
3149 443 3444 515 provincia,
3485 452 3540 500 et

1940 545 2050 584 non
2079 539 2228 587 esset
2255 548 2320 586 ex
2353 532 2573 602 propria
2609 547 2734 588 mea
2778 533 3055 602 parochia.
3109 534 3191 588 De
3237 533 3344 588 hoc
3388 531 3537 603 quod

1942 617 2080 673 dicis
2110 635 2123 673 :
2159 620 2426 675 Sciendus
2457 629 2539 674 est
2588 620 2784 675 modus
2825 621 3201 691 correptionis,
3233 620 3362 690 quin
3391 635 3539 690 prm-

1941 704 2032 761 ἱιιὶ
2061 707 2307 773 Bortrici,
2341 717 2517 764 utrum
2540 718 2810 769 secretus,
2857 725 2925 762 an
2955 708 3230 778 publicus,
3276 717 3460 764 utr-tim
3505 722 3541 764 ι

1942 794 2370 850 Christianorum
2405 797 2695 862 consortio,
2730 805 2825 852 aut
2853 813 2887 851 a
2920 812 3156 868 corpore
3191 805 3247 851 et
3273 797 3542 866 sanguine

1940 883 2158 938 Domini
2180 882 2337 938 fuerit
2359 893 2697 956 segregatus,
2730 901 2892 956 quem
2909 886 3144 956 publica!
3161 885 3408 940 deditum
3421 900 3540 954 pce-

1941 970 2180 1026 nitentim
2197 987 2306 1026 non
2322 972 2538 1036 audisti,
2553 981 2608 1028 et
2628 975 2848 1028 modum
2884 973 3040 1028 istius
3057 973 3338 1042 ejectionis
3355 973 3426 1028 de
3445 988 3539 1042 pa-

1942 1059 2125 1114 rocbia
2159 1075 2283 1114 mea
2319 1075 2483 1115 nosse
2520 1062 2774 1118 convenit
2793 1080 2806 1116 :
2825 1063 2943 1118 Tibi
2982 1063 3307 1132 respondeo,
3340 1061 3464 1133 quia
3492 1061 3540 1116 si

1897 1193 1912 1200 -
1942 1153 2092 1202 tanto
2114 1148 2293 1202 studio
2314 1164 2504 1204 sacros
2525 1165 2766 1204 canones
2785 1151 3222 1220 perscrutateris,
3257 1158 3313 1205 ut
3351 1150 3540 1205 mode-

1941 1243 2062 1290 rata
2083 1235 2412 1290 discretione
2435 1245 2486 1290 te
2507 1237 2560 1290 in
2583 1237 2948 1305 subjectorum
2961 1238 3053 1291 tibi
3067 1238 3277 1293 actibus
3291 1254 3538 1310 gereres,

1941 1338 2010 1375 ne
2043 1323 2097 1375 in
2133 1332 2444 1378 sanctarum
2475 1325 2875 1394 Scripturarum
2921 1325 3290 1380 auctoritatem
3337 1325 3542 1395 prandi-

1938 1410 2314 1483 cationemque
2371 1413 2638 1481 majorum
2687 1411 3017 1479 offenderes,
3069 1422 3122 1467 et
3171 1413 3226 1466 in
3255 1413 3387 1482 ipsis
3435 1413 3534 1469 tibi

1941 1500 2199 1568 subjectis
2245 1515 2500 1554 servares
2545 1501 2692 1570 quod
2735 1501 2996 1571 scriptum
3045 1509 3126 1554 est
3169 1517 3183 1553 :
3226 1501 3541 1572 Diligenter

1937 1603 2172 1657 agnosce
2191 1589 2413 1643 vultum
2431 1589 2648 1660 pecoris
2675 1590 2784 1652 tui,
2801 1593 2856 1643 et
2872 1605 3064 1644 omnes
3075 1604 3262 1659 greges
3279 1593 3402 1644 tuos
3423 1604 3548 1644 con-

234 1691 359 1732 cere
391 1683 450 1730 et
476 1675 787 1746 producere
815 1675 1110 1745 possimus,
1145 1683 1408 1746 quatenus
1439 1676 1605 1731 verba
1650 1677 1838 1732 Greca
1861 1705 1915 1763 Β
1943 1676 2128 1730 sidera
2161 1679 2341 1745 (Prov.
2375 1683 2561 1746 xxvi);
2600 1684 2652 1730 et
2687 1694 2700 1730 :
2735 1677 2968 1736 Per/ode
2996 1675 3291 1748 p’arietem,
3336 1680 3396 1732 et
3422 1675 3543 1733 vide

235 1764 319 1820 vel
347 1764 618 1820 abstrusa
644 1763 714 1817 de
761 1763 1048 1836 glossariis
1093 1772 1372 1834 assumpta
1419 1764 1474 1818 in
1523 1764 1842 1820 admiratio-

233 1867 357 1906 nem
389 1851 482 1906 vel
510 1861 794 1922 stuporem
822 1851 1194 1907 nescientibus
1223 1868 1321 1906 seu
1343 1852 1653 1922 sculpentes
1681 1868 1845 1908 aures

231 1939 564 1995 habentibus
617 1938 859 2010 proferre
916 1939 1212 2010 possimus,
1259 1940 1346 1994 cui
1393 1941 1613 1994 vanitati
1661 1941 1844 1996 obviat

237 2027 525 2098 Scriptura
555 2027 746 2082 dicens
779 2045 792 2080 ε
837 2028 1063 2082 Vanitas
1094 2029 1439 2092 vanitatum,
1459 2032 1515 2084 et
1529 2030 1722 2085 omnia
1753 2045 1848 2084 va-

235 2117 388 2171 nitas
429 2115 647 2183 (Eccle.
679 2118 741 2184 ι).
774 2116 842 2170 Et
872 2115 1052 2178 timeo.
1077 2115 1205 2187 quia
1231 2115 1370 2171 sicut
1392 2116 1514 2188 agis
1541 2117 1610 2170 de
1639 2117 1842 2181 verbis,

235 2211 286 2258 et
313 2219 598 2259 canonum
625 2219 691 2258 ac
718 2203 903 2276 legum
935 2203 1208 2269 sensibus,
1254 2203 1521 2258 novitates
1567 2219 1759 2260 vocum
1789 2205 1846 2259 in

235 2292 310 2346 eis
338 2291 676 2347 delectando
721 2291 1029 2362 requirens,
1083 2291 1151 2346 ad
1181 2292 1285 2347 hoc
1314 2307 1489 2363 usque
1511 2300 1563 2348 te
1583 2293 1848 2362 perducat

237 2377 400 2435 elatio
435 2379 643 2444 cordis,
674 2388 727 2433 et
749 2379 1008 2448 jactantia
1038 2379 1239 2434 inﬂatae
1266 2395 1331 2434 ac
1359 2379 1536 2434 inanis
1583 2381 1842 2447 scientiae,

235 2475 291 2522 ut
312 2467 391 2522 ita
421 2467 480 2522 in
515 2467 925 2538 Scripturarum
980 2467 1232 2522 sensibus
1283 2467 1450 2522 facias
1497 2477 1551 2522 et
1597 2469 1842 2535 aberres,

235 2555 358 2627 quia
390 2564 452 2610 ut
483 2555 766 2625 Scriptura
793 2554 923 2610 dicit
957 2573 971 2608 :
1007 2555 1113 2622 Qui
1141 2555 1358 2611 modica
1374 2558 1616 2628 spernit,
1635 2543 1844 2629 paula-

238 2645 339 2699 tim
370 2643 594 2699 decidit
616 2643 812 2712 (Eccli.
838 2644 984 2712 nx).
1017 2641 1284 2710 Quoniam
1315 2643 1408 2715 qui
1435 2643 1649 2699 minora
1678 2644 1848 2700 corri-

238 2747 369 2804 gere
399 2747 471 2786 ac
501 2729 746 2786 devitare
775 2730 1021 2802 negligit,
1070 2730 1138 2785 ad
1184 2731 1392 2800 majora
1439 2747 1727 2802 proruens,
1777 2732 1846 2786 ab

236 2826 376 2874 statu
425 2818 680 2888 justitiae,
739 2834 848 2873 non
895 2819 1117 2890 quidem
1162 2827 1408 2890 repente,
1457 2819 1554 2874 sed
1602 2820 1846 2890 partibus

237 2914 377 2964 totus
407 2907 582 2963 cadit.
616 2907 848 2962 Attende
875 2907 1040 2978 igitur
1067 2907 1214 2978 quod
1242 2907 1375 2962 dicit
1416 2908 1708 2978 Apostolus
1745 2926 1758 2962 :
1788 2909 1847 2964 Si

239 2997 358 3068 quis
383 2997 700 3052 existimat
727 3011 786 3050 se
816 2995 1032 3068 aliquid
1061 2996 1229 3060 scire,
1252 2996 1506 3052 nondum
1525 2998 1634 3052 scit
1649 3013 1847 3069 quem-

241 3085 557 3140 admodum
575 3087 830 3156 oporteat
850 3100 981 3138 eum
1000 3084 1206 3154 scire(l
1223 3085 1344 3139 Cor.
1363 3085 1508 3154 vm);
1534 3093 1589 3139 et
1611 3102 1625 3138 :
1647 3085 1707 3142 Si
1724 3085 1850 3158 quis
1879 3084 1898 3111 τ

245 3173 365 3263 vult
385 3176 556 3228 inter
567 3187 666 3263 vos
685 3173 913 3263 sapiens
931 3188 1070 3238 esse,
1088 3173 1310 3263 stultus.
1319 3171 1442 3240 ﬁat,
1458 3177 1524 3227 ut
1537 3173 1614 3228 sit
1631 3173 1854 3263 sapiens

243 3259 294 3331 (I
321 3261 448 3316 Cor.
493 3259 605 3324 in);
638 3267 690 3314 et
723 3277 737 3313 :
767 3259 948 3315 Nolite
983 3259 1303 3332 prudentes
1351 3276 1470 3316 esse
1524 3261 1674 3334 apud
1727 3277 1853 3317 vos-

243 3351 519 3420 metipsos
534 3349 714 3417 (Rom.
738 3349 866 3418 xu);
899 3356 952 3402 et
986 3365 999 3402 :
1032 3349 1150 3404 Non
1169 3349 1292 3403 alta
1311 3351 1617 3420 sapientes,
1641 3349 1736 3405 sed
1758 3351 1855 3405 hu-

236 3437 472 3492 milibus
492 3439 919 3492 consentientes
939 3435 1142 3506 (ibid.).
1169 3437 1365 3492 Beatus
1395 3453 1610 3508 quoque
1641 3437 1854 3509 Grego-

236 3525 352 3580 rius
379 3526 440 3580 in
473 3524 717 3596 epistola
745 3540 840 3579 sua
870 3524 1019 3589 dicit,
1052 3525 1306 3596 quoniam
1341 3525 1558 3581 domnae
1603 3524 1854 3581 Domini-

236 3629 314 3670 σε
344 3613 572 3668 salutes
600 3612 865 3666 mandans
895 3613 1019 3667 ideo
1049 3627 1159 3667 non
1209 3613 1506 3684 rescripsit,
1558 3613 1683 3684 quia
1731 3629 1854 3668 cum

236 3711 383 3757 esset
412 3701 620 3756 Latina
650 3700 701 3755 ei
731 3700 926 3756 Graece
955 3700 1199 3756 scribere
1226 3701 1414 3767 voluit,
1455 3701 1855 3772 parvipendens

234 3788 310 3846 illi
340 3789 692 3854 rescribere,
725 3789 983 3860 quoniam
1013 3805 1046 3843 a
1074 3789 1243 3845 corde
1290 3789 1540 3860 pensavit
1587 3806 1710 3862 quae
1755 3805 1856 3861 per

237 3893 568 3934 sermonem
596 3877 653 3932 in
683 3877 888 3948 scripto
917 3877 1173 3948 suscepit.
1227 3879 1308 3933 De
1347 3893 1413 3934 eo
1461 3879 1605 3950 quod
1655 3877 1794 3949 petis
1822 3892 1856 3934 a

237 3982 326 4024 me
355 3975 412 4024 te
441 3965 670 4032 instrui,
703 3965 754 4020 si
780 3966 1055 4022 Bertricus
1081 3967 1150 4021 de
1192 3981 1315 4021 mea
1362 3975 1508 4021 esset
1552 3966 1852 4037 provincia,

235 4070 342 4110 non
401 4061 602 4110 autem
659 4069 727 4109 ex
781 4054 1002 4124 propria
1056 4053 1330 4125 parochia,
1383 4054 1614 4125 qualiter
1668 4070 1735 4110 ex
1790 4070 1856 4110 eo

236 4152 465 4200 acturus
498 4157 707 4208 essem,
737 4141 831 4197 illo
859 4143 1178 4213 inspirante,
1210 4141 1304 4214 qui
1359 4143 1578 4214 cognita
1615 4142 1858 4214 nequitia

236 4231 339 4286 sibi
370 4231 689 4287 dicentium
723 4248 734 4284 :
773 4232 1051 4302 Magister,
1086 4232 1298 4287 scimus
1325 4233 1457 4304 quia
1487 4247 1664 4286 veras:
1695 4248 1772 4297 es,
1800 4235 1858 4287 et

238 4323 391 4376 viam
408 4322 526 4376 Dei
547 4319 610 4373 in
629 4321 868 4374 veritate
887 4320 1068 4384 doces,
1085 4323 1142 4374 et
1159 4335 1274 4374 non
1291 4323 1377 4374 est
1397 4319 1499 4374 tibi
1511 4336 1649 4375 cura
1670 4320 1738 4375 de
1757 4320 1859 4374 ali-

1945 1765 2412 1828 abominationes,
2445 1781 2583 1836 quas
2617 1766 2714 1819 isti
2740 1766 2969 1835 faciunt
2997 1765 3088 1820 hic
3131 1765 3352 1833 (Ezech.
3395 1766 3539 1835 νιιι),

1945 1859 2144 1921 quanta
2171 1851 2468 1906 intentione
2498 1851 2590 1906 illa
2611 1852 2772 1923 legis,
2800 1852 2943 1906 unde
2964 1860 3056 1906 tua
3077 1860 3380 1908 commenta
3396 1868 3546 1907 com-

1943 1938 2116 2008 pilare
2163 1954 2444 2009 procuras,
2507 1947 2773 2010 quatenus
2831 1939 3072 2004 eﬂ'renis,
3123 1949 3176 1995 et
3221 1941 3338 1996 sine
3383 1940 3543 1996 ullius

1945 2027 2296 2092 coercitione,
2333 2028 2474 2082 viam
2505 2028 2842 2082 voluntatum
2874 2036 3087 2082 tuarum
3120 2044 3365 2096 currere,
3406 2037 3460 2084 et
3487 2029 3542 2083 in

1945 2113 2196 2170 affectum
2228 2116 2412 2170 cordis
2443 2116 2678 2170 transire
2709 2116 3026 2187 praevaleas,
3072 2117 3211 2171 bene
3241 2116 3544 2187 intelligere

1944 2218 2138 2273 posses
2170 2210 2224 2258 et
2253 2204 2498 2272 modum,
2533 2220 2642 2275 quo
2671 2204 2932 2260 toleratus
2963 2213 3016 2259 et
3048 2213 3333 2276 correptus
3371 2213 3422 2259 et
3452 2205 3543 2260 diu

1946 2299 2293 2362 exspectatus
2322 2292 2441 2358 fuit,
2477 2308 2638 2364 quem
2667 2293 2853 2348 audire
2881 2293 3120 2363 potuisti,
3167 2295 3305 2348 sicut
3335 2309 3460 2348 eum
3487 2293 3546 2348 in

1945 2379 2263 2450 pmnitentia
2291 2381 2511 2450 publica
2539 2381 2772 2451 positum
2803 2380 2940 2436 dicis
2969 2390 3022 2435 te
3048 2397 3159 2436 non
3208 2381 3443 2448 audisse,
3493 2387 3546 2438 et

1946 2467 2084 2522 scire
2114 2483 2211 2523 cur
2238 2469 2342 2524 hac
2385 2469 2691 2524 conditione
2745 2469 2919 2524 isdem
2965 2469 3253 2534 Bertricus,
3300 2469 3394 2540 qui
3436 2485 3548 2525 non

1947 2563 2028 2610 est
2057 2555 2126 2610 de
2155 2571 2280 2610 mea
2307 2558 2588 2627 parochia,
2612 2573 2789 2628 neque
2819 2558 2888 2612 de
2919 2573 3038 2612 mea
3055 2556 3357 2628 provincia,
3377 2573 3542 2629 regu-

1945 2643 2130 2698 lariter
2157 2660 2282 2698 cum
2311 2644 2424 2698 suis
2455 2645 2603 2700 exire
2643 2645 2968 2718 praecipitur.
3015 2645 3085 2698 Et
3133 2644 3390 2715 quoniam
3435 2659 3561 2716 qua--

1945 2738 2126 2786 mente
2157 2731 2260 2787 hoc
2291 2731 2602 2802 interrogas
2629 2748 2719 2788 me
2751 2732 2918 2788 latere
2938 2747 3046 2786 non
3065 2740 3264 2803 potest,
3285 2737 3545 2805 paratus,

1939 2819 2088 2888 juxta
2120 2819 2262 2874 Petri
2292 2835 2504 2884 vocem,
2531 2821 2602 2876 ad
2621 2821 3076 2892 satisfactionem
3095 2821 3253 2876 omni
3273 2821 3544 2892 poscenti,

1948 2915 2206 2977 quantum
2241 2908 2387 2962 Deus
2415 2908 2651 2972 dederit,
2682 2909 3014 2980 respondere
3039 2909 3108 2963 de
3135 2924 3204 2963 ea
3227 2925 3358 2980 qua"
3378 2909 3548 2966 inme

1951 2998 2034 3050 est
2063 3011 2159 3066 spe
2190 2995 2239 3062 (ι
2264 2997 2416 3050 Petr.
2450 2997 2554 3064 tu).
2581 2995 2678 3050 tibi
2697 3011 2760 3050 ex
2779 2997 2882 3051 hac
2902 2995 3201 3066 quaestione
3219 2996 3544 3066 respondeo,

1958 3083 2083 3154 quia
2113 3083 2310 3140 Pilatus
2339 3083 2644 3150 veritatem,
2679 3099 2844 3154 quam
2885 3092 3009 3141 ante
3051 3083 3240 3139 oculos
3280 3084 3544 3154 corporis,

1953 3186 2062 3226 non
2110 3180 2292 3226 autem
2348 3180 2472 3226 ante
2519 3172 2710 3228 oculos
2754 3172 2951 3226 mentis
2989 3172 3243 3237 habebat,
3287 3172 3421 3244 quid
3463 3175 3548 3228 est

1953 3261 2208 3315 veritas?
2247 3260 2428 3330 (Joan.
2477 3265 2644 3327 xvm)
2687 3259 3064 3332 interrogavit,
3116 3268 3169 3314 et
3213 3259 3401 3314 audire
3439 3273 3548 3316 non

1953 3347 2170 3413 meruit,
2202 3347 2345 3417 quia,
2379 3356 2436 3400 ut
2467 3347 2598 3402 dicit
2629 3348 2684 3402 S.
2719 3347 3034 3418 Gregorius,
3055 3363 3224 3418 quam
3242 3363 3358 3402 non
3387 3348 3547 3402 inve—

1953 3437 2043 3490 nit
2085 3435 2380 3500 humilem,
2413 3437 2621 3490 veritas
2657 3437 2811 3505 fugit
2837 3439 3123 3502 mentem;
3153 3442 3242 3488 et:
3270 3434 3374 3500 Qui
3417 3434 3548 3502 ﬁcte

1954 3527 2236 3596 quierunt,
2267 3523 2526 3578 invenire
2563 3524 2866 3578 Dominum
2913 3539 3207 3596 nunquam
3253 3525 3550 3578 merentur

1956 3613 2005 3678 (ι
2033 3612 2151 3668 Cor.
2186 3612 2248 3681 1);
2281 3619 2334 3666 et
2364 3611 2538 3668 isdem
2573 3628 2586 3664 :
2618 3613 2718 3667 Dei
2745 3611 2946 3677 virtus,
2966 3615 3022 3666 et
3047 3611 3148 3666 Dei
3175 3611 3479 3682 sapientia,
3513 3627 3549 3666 a

1955 3702 2118 3772 cujus
2145 3700 2295 3770 facie
2325 3704 2410 3755 est
2439 3700 2724 3772 sapientia
2745 3703 2802 3754 et
2817 3700 3143 3754 intellectus
3160 3700 3334 3768 (Psal.
3361 3697 3546 3769 xum);

1955 3795 2009 3842 et
2043 3805 2056 3842 :
2090 3788 2194 3855 Qui
2212 3789 2370 3844 docet
2386 3789 2671 3844 hominem
2686 3789 3010 3852 scientiam,
3035 3791 3234 3843 contra
3251 3803 3412 3860 quem
3433 3802 3549 3843 non

1957 3881 2042 3931 est
2072 3878 2377 3947 sapientia,
2410 3893 2526 3932 non
2547 3879 2632 3931 est
2662 3877 2982 3946 prudentia.
3006 3891 3122 3932 non
3143 3879 3228 3931 est
3249 3875 3552 3932 consilium

1956 3965 2138 4034 (Prov.
2157 3967 2304 4034 xm);
2322 3967 2522 4038 quique
2539 3968 2623 4020 est
2642 3967 2753 4031 via,
2771 3966 3000 4029 veritas,
3015 3968 3070 4020 et
3091 3965 3206 4019 vita
3218 3963 3551 4035 (Joan.x1v),

1957 4051 2044 4106 via
2074 4052 2280 4108 scilicet
2310 4052 2739 4108 conversationis
2788 4061 3006 4117 sanctae,
3059 4052 3260 4107 veritas
3296 4050 3555 4107 doctrinm

1959 4139 2175 4206 divinae,
2225 4141 2338 4196 vita
2382 4141 2726 4196 beatitudinis
2757 4141 3122 4211 sempiternae,
3159 4138 3466 4205 conﬁtetur,
3497 4139 3554 4194 id

1959 4236 2060 4295 est,
2093 4229 2277 4283 laudat
2307 4238 2536 4300 patrem,
2570 4230 2702 4301 quia
2731 4229 3020 4296 abscondit
3048 4245 3112 4283 ea
3144 4246 3179 4282 a
3205 4229 3554 4300 sapientibus

1959 4321 2016 4371 et
2041 4317 2418 4390 prudentibus
2451 4319 2582 4387 (Isa.
2633 4321 2713 4385 v),
2763 4317 2833 4370 de
2880 4317 3076 4386 quibus
3125 4316 3382 4385 scriptum
3422 4323 3550 4368 est:

235 4426 362 4480 quo,
377 4425 510 4465 non
523 4408 682 4462 enim
694 4408 927 4477 respicis
936 4423 1238 4479 personam
1253 4407 1563 4473 hominum,
1579 4408 1669 4464 dic
1678 4409 1854 4474 nobis,
1887 4399 1942 4458 D
1972 4407 2053 4460 Vae
2066 4407 2162 4478 qui
2181 4407 2464 4477 sapientes
2481 4421 2536 4460 es
2544 4407 2616 4460 tis
2633 4405 2694 4459 in
2721 4405 2901 4460 oculis
2919 4405 3137 4468 vestris,
3171 4407 3228 4458 et
3248 4419 3438 4458 coram
3455 4417 3551 4457 vo-

235 4498 288 4552 si
320 4499 469 4552 licet
499 4511 740 4552 censum
773 4495 910 4550 dare
941 4496 1168 4564 Caasari,
1198 4513 1275 4550 an
1304 4513 1419 4552 non
1435 4495 1654 4565 (Matth.
1689 4497 1856 4566 xm),

232 4584 567 4656 respondeo
597 4583 691 4638 tibi
725 4599 738 4638 :
769 4583 1123 4654 lnterrogabo
1153 4593 1205 4638 te
1235 4592 1289 4639 et
1316 4599 1422 4656 ego
1451 4600 1617 4639 unum
1647 4599 1859 4640 sermo-

233 4689 382 4728 nem.
419 4672 699 4730 Rescribe
729 4672 862 4726 mihi
890 4688 987 4742 per
1015 4673 1262 4727 ordinem
1294 4681 1348 4727 et
1375 4689 1441 4728 ex
1479 4672 1708 4746 integro,
1731 4686 1862 4744 qua-

229 4761 360 4818 liter
389 4777 514 4834 ego
548 4759 650 4815 feci
679 4769 733 4815 et
762 4759 892 4828 dixi,
925 4767 978 4815 et
1006 4760 1241 4831 qualiter
1271 4767 1328 4815 tu
1356 4759 1530 4817 fecisti
1578 4769 1632 4816 et
1679 4760 1860 4816 dixisti

233 4850 286 4904 in
342 4850 569 4921 placito
625 4846 918 4904 conﬁnium
973 4849 1353 4918 parochiarum
1405 4858 1710 4904 nostrarum
1737 4890 1752 4916 ,
1806 4857 1860 4904 te

234 4939 590 4994 conhibente
621 4937 873 4992 condicto
902 4937 970 4991 de
1001 4937 1315 4992 Amalberto
1343 4937 1674 5008 parochiano
1713 4953 1858 5006 meo,

231 5029 324 5098 qui
359 5028 416 5081 in
459 5036 558 5081 tua
588 5025 845 5094 parochia
877 5033 932 5080 et
959 5041 1083 5080 mea
1112 5025 1393 5096 provincia
1441 5025 1691 5096 legaliter
1720 5041 1860 5081 uxo-

231 5131 351 5171 rem
384 5114 639 5184 accepit,
668 5121 725 5168 et
750 5113 807 5167 in
834 5115 1148 5184 parochiam
1178 5130 1356 5168 meam
1387 5114 1554 5178 duxit,
1605 5131 1766 5186 quem
1803 5122 1860 5168 tu

227 5203 638 5276 irregulariter
667 5202 1171 5267 excommunicasti,
1205 5210 1259 5258 et
1297 5219 1524 5258 uxorem
1571 5218 1728 5258 suam
1774 5202 1859 5258 le-

227 5293 444 5366 galiter
477 5299 787 5362 acceptam,
821 5307 942 5361 quae
969 5306 1071 5361 per
1097 5291 1413 5346 mandatum
1442 5291 1538 5346 tibi
1583 5291 1862 5365 suggessit

228 5382 516 5453 quoniam
547 5379 696 5434 idem
726 5379 806 5434 vir
832 5379 952 5448 ejus
981 5394 1108 5435 cum
1137 5395 1204 5436 ea
1233 5395 1342 5436 non
1371 5387 1558 5450 posset
1595 5395 1860 5436 concum-

223 5467 388 5541 bere,
423 5469 508 5524 de
557 5467 819 5538 parocbia
864 5483 986 5523 mea
1029 5467 1174 5539 apud
1223 5467 1538 5526 Laudunum
1587 5468 1659 5524 ad
1711 5475 1860 5525 tuum

1958 4495 2297 4565 bismrtipsis
2325 4493 2656 4564 prudentes,
2678 4509 2800 4565 qua:
2819 4493 3088 4548 reuelauit
3116 4491 3369 4563 parvulis
3392 4491 3548 4559 (Luc.

1957 4582 2040 4652 χ),
2071 4581 2127 4635 id
2156 4590 2234 4636 est
2265 4581 2580 4648 humilibus,
2614 4581 2891 4652 quoniam,
2920 4581 3024 4648 Qui
3045 4579 3259 4636 resistit
3281 4579 3550 4650 superbis,

1960 4670 2268 4725 humilibus
2301 4670 2398 4725 dat
2429 4672 2678 4742 gratiam
2708 4672 2852 4738 (Jac.
2887 4671 2988 4737 IV);
3021 4676 3073 4722 et
3105 4685 3117 4721 :
3161 4667 3355 4733 Valles,
3389 4665 3445 4720 id
3473 4673 3558 4720 est

1958 4758 2212 4825 humiles,
2247 4759 2613 4815 abundabunt
2643 4763 2932 4830 frumento
2963 4757 3138 4823 (Psat.
3173 4755 3348 4824 LXIV),
3388 4754 3442 4809 id
3472 4761 3558 4810 est

1958 4847 2158 4920 eloquii
2188 4847 2357 4902 divini
2385 4849 2600 4918 pabulo.
2636 4848 2731 4901 llis
2762 4848 2834 4900 ita
2861 4847 2929 4900 de
2963 4846 3045 4898 his
3075 4845 3166 4915 qui
3197 4860 3307 4900 non
3336 4852 3460 4900 sunt
3487 4843 3558 4898 de

1959 4952 2080 4990 mea
2107 4936 2386 5007 parochia,
2431 4937 2527 4990 sed
2573 4951 2750 5005 neque
2793 4935 2862 4987 de
2905 4949 3025 4987 mea
3075 4933 3368 5003 provincia.
3422 4933 3558 4988 Cum

1960 5033 2141 5080 autem
2172 5042 2260 5080 me
2289 5022 2720 5094 interrogaveris
2737 5022 2805 5075 de
2826 5021 2932 5074 tuis
2951 5022 3318 5091 parochianis,
3341 5020 3558 5077 conﬁdo

1959 5113 2014 5168 in
2036 5113 2458 5169 clementissima
2479 5110 2655 5182 gratia
2675 5110 2770 5163 Dei
2793 5109 3023 5164 dicentis
3048 5129 3062 5164 :
3087 5112 3256 5183 Aperi
3279 5127 3338 5166 os
3369 5114 3554 5176 tuum,

1960 5205 2016 5256 et
2045 5219 2139 5274 ego
2171 5202 2478 5274 adimplebo
2506 5198 2652 5253 illud
2678 5199 2856 5267 (Psat.
2911 5205 3110 5263 Lxxx),
3159 5197 3416 5270 quoniam
3465 5196 3558 5268 qui

1959 5291 2092 5345 mihi
2147 5289 2298 5344 dedit
2346 5288 2588 5359 regimen
2637 5285 2959 5358 disciplinae,
3013 5287 3160 5341 dabit
3213 5293 3265 5341 et
3311 5284 3558 5356 spiritum

1961 5377 2254 5449 sapientiae,
2317 5393 2423 5449 quo
2481 5375 2742 5432 salutaria
2797 5375 2894 5431 tibi
2947 5375 3157 5430 valeam
3203 5373 3554 5445 respondere.

1959 5465 2207 5537 Denique
2235 5465 2305 5522 de
2335 5465 2448 5526 hoc.
2469 5464 2616 5536 quod
2643 5463 2777 5522 mihi
2823 5462 3034 5533 objicis,
3077 5469 3134 5518 te
3181 5461 3354 5520 scisse
3397 5471 3562 5536 atque
