4054 6180
398 246 497 301 481

1285 237 1628 298 animum
1663 231 2068 294 MSS
2093 182 2644 294 AtﬂﬁlﬂiPlﬁlﬂPl.
2667 245 2676 258 '

2112 111 2140 126 κ

3589 239 3745 295 48.

405 367 663 430 sensisse,
699 364 998 434 smpiuude
1025 372 1090 418 te
1109 362 1306 420 smmis
1333 377 1424 420 me
1467 361 1708 425 audisse.
1755 375 1820 416 ac
1862 358 2510 430 falso'Aocrapﬁm-i
2547 375 2766 426 una,
2811 369 2870 418 ιι
2913 363 3250 432 opacant,
3298 361 3566 431 pm
3611 361 3734 417 tibi

406 455 590 510 audita
619 453 898 524 moveris
921 452 1216 522 recepisse,
1265 458 1432 521 atque
1473 449 1741 516 tenuisse,
1785 455 1840 504 et
1885 447 2018 519 quia

407 541 708 600 voluntarie
762 540 928 596 audio
971 540 1141 596 verba
1173 537 1466 604 mendacii,
1513 545 1568 593 et
1604 537 2019 594 detractoribus

405 630 512 688 uiis
559 645 752 686 aurem
805 629 1040 684 libenter
1095 627 1473 690 accommodo,
1505 641 1618 681 non
1645 641 1734 681 me
1763 625 1834 680 ad
1864 625 2006 680 iram

407 733 747 786 summoveo,
789 717 916 787 quia
959 725 1015 772 et
1059 715 1226 784 capiti
1272 723 1459 771 nostro
1506 715 1666 784 plura
1709 721 1766 768 et
1803 713 2016 782 majora

409 807 747 864 mendaciter
771 805 986 874 objecta
1014 804 1188 868 fuere,
1219 803 1450 868 scilicet,
1501 803 1632 874 quia
1677 802 2022 858 diurnorum

409 896 650 960 haberet,
707 901 762 948 et
802 893 1218 964 publicanorum
1261 901 1424 963 atque
1465 899 1816 961 peccatorum
1864 897 2018 944 esset

407 983 612 1040 amicus
639 983 866 1052 (Matth.
897 987 1014 1052 xx);
1055 990 1108 1037 et
1133 981 1308 1036 multa
1351 980 1472 1036 alia.
1524 979 1680 1034 Unde
1726 987 1779 1033 et
1825 978 1882 1032 in
1923 977 2010 1032 bis

409 1071 618 1126 titulum
646 1071 755 1125 mei
801 1069 1017 1125 Domini
1066 1084 1428 1139 recognosco,
1479 1076 1532 1122 et
1581 1074 1727 1122 tanta
1771 1082 1835 1121 ac
1885 1065 2010 1120 talia

411 1159 542 1214 mihi
569 1167 623 1214 et
650 1157 810 1225 facta,
843 1167 896 1214 et
924 1157 1082 1221 dicta,
1115 1165 1168 1211 et
1190 1157 1446 1210 mandata
1483 1155 1672 1219 habes,
1721 1163 1779 1208 ut
1827 1154 1895 1208 de
1922 1153 2010 1209 his

410 1247 744 1304 commoveri
773 1261 881 1301 non
911 1245 1118 1316 possim
1152 1263 1166 1298 :
1199 1245 1296 1298 sed
1327 1243 1474 1314 quod
1492 1243 1560 1297 ad
1592 1243 1894 1298 remedium
1915 1241 2012 1296 tibi

411 1335 755 1400 adinvenisti,
815 1332 1240 1388 remediabiliter
1302 1332 1505 1386 dictum
1562 1331 1769 1402 accipio
1821 1349 1834 1384 :
1885 1331 2012 1402 quia

411 1424 550 1479 sicut
581 1423 738 1477 Heliu
769 1420 1002 1491 praevius
1029 1419 1420 1491 arrogantium,
1443 1419 1537 1490 qui
1564 1435 1674 1474 non
1693 1419 1890 1474 meruit
1909 1434 2010 1489 per

411 1512 630 1565 beatum
657 1509 781 1573 Job,
817 1509 955 1564 sicut
984 1508 1168 1563 caeteri
1200 1507 1362 1563 amici
1407 1508 1544 1576 ejus,
1577 1523 1609 1562 a
1639 1501 1754 1562 sua
1785 1506 2012 1561 stultitia

412 1597 602 1652 hostiis
628 1595 854 1666 expiari,
887 1595 956 1650 de
983 1611 1044 1650 se
1073 1595 1242 1650 dicit:
1275 1597 1474 1651 Venter
1509 1599 1643 1651 tuus
1677 1595 1840 1666 quasi
1877 1611 2008 1649 mu-

412 1689 566 1740 stum
585 1685 786 1756 absque
825 1685 1133 1772 spiracula,
1163 1683 1306 1756 quod
1345 1685 1677 1772 lagunculas
1710 1683 2006 1772 novasqdi-
2024 1709 2080 1772 Β

411 1773 807 1844 srumpit(Job.
840 1775 1049 1842 xxxn),
1084 1771 1190 1826 nisi
1233 1787 1292 1825 se
1322 1771 1505 1826 verbis
1535 1779 1794 1841 evaporet
1821 1770 2007 1825 inﬂata

412 1861 700 1917 adversum
729 1876 818 1915 me
842 1867 938 1915 tua
967 1859 1338 1924 stomachatio,
1358 1867 1450 1914 aut
1481 1858 1665 1914 follem
1694 1859 2008 1914 inﬂativen-

415 1949 512 2006 tris
541 1949 615 2004 tui
643 1947 1024 2019 disrumperet,
1065 1956 1156 2003 aut
1201 1947 1337 2002 alias
1387 1948 1686 2004 secundum
1731 1947 2010 2018 antiquum

413 2046 648 2108 poetam,

553 2207 612 2252 Ut
631 2204 855 2261 displosa
873 2207 1020 2252 sonat
1042 2207 1288 2261 quantum
1312 2204 1507 2250 vessica
1535 2205 1756 2250 sonaret.

416 2308 612 2363 Factus
642 2323 760 2361 sum
790 2307 1072 2376 insipiens,
1120 2314 1178 2359 tu
1220 2323 1308 2360 me
1354 2305 1601 2379 coegisti.
1653 2307 1761 2360 Sed
1809 2322 1912 2360 nec
1958 2313 2009 2360 te

415 2402 646 2464 cogente
673 2394 771 2448 tibi
800 2394 978 2448 taliter
1023 2395 1430 2464 responderem,
1479 2393 1586 2448 nisi
1632 2393 1848 2448 beatum
1893 2396 2008 2448 Au-

418 2483 697 2552 gustinum
723 2481 954 2548 Juliano,
997 2481 1135 2536 elato
1187 2497 1251 2536 ac
1293 2482 1446 2537 durae
1491 2481 1688 2536 mentis
1727 2481 1913 2550 juveni
1959 2489 2011 2536 et

413 2570 758 2640 exepiscOpo,
793 2569 1142 2640 respondisse
1171 2570 1481 2638 hujusmodi
1516 2585 1680 2624 sensu
1731 2577 1784 2625 et
1811 2569 2010 2640 partim

416 2657 579 2713 etiam
609 2657 792 2712 verbis
819 2657 1100 2730 legissem,
1133 2657 1362 2713 docente
1393 2657 1577 2724 Paulo,
1611 2666 1664 2713 et
1689 2659 2010 2728 explanante

417 2745 718 2816 Gregorio,
778 2745 1008 2816 qualiter
1063 2745 1132 2799 sit
1187 2746 1622 2816 respondendum
1697 2746 2010 2800 Galatarum

415 2843 626 2891 mentes
670 2833 1014 2888 habentibus.
1077 2834 1455 2888 Verumtamen
1505 2833 1631 2904 quia
1674 2834 2010 2904 sapientibus

413 2930 470 2976 et
495 2921 871 2992 insipientibus
899 2921 1110 2976 debitor
1139 2939 1278 2988 sum,
1309 2922 1578 2992 prmcipuc
1597 2923 1850 2976 omnibus
1878 2938 2009 2977 con-

415 3009 731 3064 sistentibus
759 3009 816 3062 in
842 3009 1120 3078 provincia
1149 3010 1464 3074 thmensi,
1502 3010 1656 3078 cujus
1701 3010 2006 3065 sollicitudo

420 3185 718 3242 secundum
746 3185 990 3240 ordinem
1021 3194 1073 3240 et
1101 3201 1396 3256 personam
1419 3202 1484 3242 ac
1503 3187 1814 3258 qualitatem
1833 3204 2004 3254 suam,

414 3276 556 3330 inter
583 3289 722 3345 quos
751 3282 806 3328 et
835 3282 890 3328 tu
921 3275 1318 3341 annumeraris,
1368 3291 1450 3330 νεεδ
1498 3275 1626 3329 mihi
1665 3283 1767 3341 est,
1809 3275 1854 3329 si
1900 3292 2011 3330 non

416 3363 682 3430 docendo,
717 3362 1096 3432 custodiendo,
1128 3363 1430 3428 suadendo,
1465 3363 1817 3435 increpando,
1866 3365 2011 3419 mul-

414 3452 609 3518 cendo,
645 3451 916 3514 terrendo,
949 3451 1237 3522 aliquando
1281 3451 1492 3520 leniter,
1537 3452 1832 3524 aliquando
1879 3468 2010 3508 vero

417 3538 656 3594 severius
685 3539 920 3611 agendo,
953 3555 1055 3609 pro
1085 3540 1289 3594 viribus
1321 3548 1372 3594 et
1397 3549 1558 3611 captu
1587 3557 1710 3595 meo
1737 3541 2013 3612 evangeli-

415 3643 608 3682 zavero
636 3625 733 3681 tibi
763 3642 887 3682 cum
915 3627 1055 3696 aliis,
1090 3643 1210 3698 qua:
1239 3628 1308 3682 ad
1328 3627 1490 3683 tidem
1513 3637 1733 3698 rectam,
1758 3638 1810 3683 et
1836 3630 2010 3684 bonos

415 3731 612 3785 mores,
642 3724 804 3786 atque
833 3716 904 3770 ad
933 3716 1107 3770 bonas
1136 3717 1380 3771 actiones
1409 3717 1697 3786 pertinent,
1720 3717 1776 3771 in
1807 3717 2013 3771 sanctis

413 3804 708 3874 Scripturis
763 3811 924 3874 atque
979 3804 1150 3858 sacris
1205 3805 1501 3858 canonibus
1554 3814 1760 3860 rectam
1807 3805 2012 3860 habere

417 3891 852 3964 intelligentiam,
886 3899 941 3944 et
967 3891 1273 3945 continuam
1303 3891 1720 3960 observantiam,
1760 3900 1813 3948 et
1842 3893 2012 3946 humi-

367 4015 370 4018 ι
410 3979 638 4044 litatem,
670 3986 835 4048 atque
863 3978 1226 4034 obedientiam
1255 3979 1353 4032 tibi
1398 3980 1657 4048 prmlatis,
1710 3981 2009 4036 secundum

415 4073 634 4120 sanctas
664 4065 996 4136 Scripturas,
1021 4074 1075 4120 et
1103 4067 1324 4122 eosdem
1347 4083 1529 4123 sacros
1551 4083 1788 4124 canones
1805 4069 2012 4139 depen-

416 4154 668 4217 dendam,
701 4161 754 4209 et
783 4153 878 4208 tibi
909 4153 1138 4208 subditis
1169 4156 1536 4210 necessariam
1568 4157 2004 4222 sollicitudinem,

413 4251 466 4296 et
497 4241 902 4314 benignitatem,
937 4250 1100 4314 atque
1128 4245 1453 4300 modestiam
1480 4246 1922 4316 impendendam,
1956 4255 2009 4302 et

406 4331 465 4385 in
520 4331 606 4386 his
653 4331 964 4387 continuum
1021 4332 1268 4388 laborem
1312 4342 1483 4404 atque.
1522 4336 2002 4404 perseverantiam.

2029 3057 2086 3122 Ο

417 3113 556 3153 mete
581 3097 888 3168 indignitati
929 3105 1012 3151 est
1039 3113 1074 3151 a
1099 3098 1216 3152 Deo
1263 3097 1576 3164 commissa,
1623 3106 1675 3153 et
1717 3099 2006 3170 unicuique
2030 3097 2055 3141 ‘-

2109 463 2220 502 non
2248 447 2380 513 vidi,
2410 449 2478 503 de
2508 449 2706 520 quibus
2731 449 3063 519 reprehendi
3090 458 3142 504 te
3170 448 3352 514 audio,
3383 457 3568 506 tacere
3607 449 3720 504 tibi

2109 550 2220 591 non
2247 537 2445 602 audeo,
2473 544 2530 594 et
2559 553 2680 606 quas
2707 537 2995 592 adversum
3022 553 3132 603 me,
3164 537 3362 592 rationi
3381 546 3434 592 et
3458 538 3710 594 uictori-

2110 623 2210 680 tati
2234 631 2400 695 atque
2428 625 2592 680 saluti
2622 634 2730 680 tuae
2755 626 3047 690 contraria,
3079 633 3380 696 contraque
3429 626 3566 681 alios
3606 626 3718 682 tibi

2110 711 2252 768 male
2282 727 2392 768 non
2419 713 2660 778 meritos,
2684 713 2882 784 quibus
2909 722 3066 784 potes
3087 713 3462 770 molitionibus
3477 715 3716 787 satagis,

2111 801 2253 855 unde
2285 800 2432 870 apud
2463 801 2711 856 homines
2737 801 3134 857 inconveniens
3177 817 3378 858 nomen
3425 802 3720 874 episcopo,

2109 896 2162 942 et
2189 888 2498 958 periculum
2528 889 2700 944 babes
2727 905 2912 945 coram
2943 891 3201 956 Domino,
3245 906 3367 961 quas
3391 889 3544 945 mille
3569 907 3718 946 ran-

2107 991 2236 1031 core
2263 977 2360 1032 sed
2390 977 2480 1047 pio
2512 977 2678 1032 anbni
2713 978 2902 1033 dolore
2952 993 3344 1044 commemoro,
3381 978 3484 1033 tibi
3521 986 3729 1034 tacere.

2108 1079 2220 1118 non
2247 1063 2442 1130 debeo,
2473 1081 2600 1120 cum
2629 1065 2892 1120 Dominus
2919 1066 3066 1121 dicat
3099 1083 3110 1122 :
3145 1067 3224 1122 Ne
3251 1067 3436 1122 oderis
3462 1070 3718 1137 fratrem

2110 1156 2274 1209 totum
2321 1153 2390 1208 in
2432 1154 2594 1210 corde
2639 1158 2752 1218 tuo,
2805 1155 2904 1210 sed
2945 1155 3166 1226 publice
3211 1171 3385 1226 argue
3433 1171 3578 1220 eum,
3632 1170 3718 1210 ne

2110 1240 2310 1296 habeas
2341 1257 2512 1313 super
2539 1243 2640 1298 illo
2669 1247 2966 1314 peccatum
2993 1244 3195 1312 (Lavit.
3226 1244 3394 1312 xxx);
3433 1251 3490 1298 et
3523 1243 3656 1298 item
3689 1259 3710 1296 :

2107 1329 2166 1383 Si
2199 1331 2518 1400 peccaverit
2562 1331 2624 1384 in
2676 1336 2728 1386 te
2768 1333 2953 1400 frater
3012 1334 3160 1395 tuus,
3213 1332 3449 1402 increpa
3495 1332 3716 1398 ﬂium;

2108 1419 2160 1471 si
2214 1418 2618 1488 paenitentiam:
2675 1419 2870 1489 egerit,
2913 1418 3142 1474 dimitte
3187 1419 3282 1474 illi
3335 1419 3496 1488 (Luc.
3536 1421 3708 1488 xm).

2107 1505 2229 1559 Non
2260 1505 2427 1577 igitur
2452 1506 2610 1560 nobis
2641 1507 2936 1561 tacendum
2963 1515 3046 1561 est
3074 1523 3137 1562 ea
3165 1523 3286 1578 quas
3311 1507 3379 1561 ad
3417 1507 3718 1563 dicendum

2109 1601 2234 1647 sunt
2261 1594 2592 1659 necessaria,
2628 1594 2715 1648 vel
2743 1595 2827 1648 his
2855 1611 2889 1648 a
2918 1595 3112 1665 quibus
3142 1595 3488 1660 honoramur,
3513 1595 3599 1650 vel
3621 1595 3716 1651 his

2108 1696 2141 1735 a
2160 1681 2352 1751 quibus
2369 1683 2782 1748 contemnimur,
2813 1699 2936 1737 cum
2964 1683 3230 1738 Dominus
3258 1683 3552 1755 unicuique
3595 1699 3711 1738 κιο-

2109 1777 2282 1824 strum
2297 1769 2443 1825 dicat
2473 1787 2488 1824 :
2520 1773 2658 1826 Ecce
2679 1770 2808 1826 dedi
2823 1773 3032 1842 faciem
3054 1775 3213 1826 tuam
3234 1773 3602 1828 valentiorem
3622 1776 3722 1843 fa-

2109 1857 2292 1914 ciebus
2329 1875 2542 1924 eorum,
2577 1863 2632 1914 et
2661 1863 2912 1929 frontem
2931 1863 3092 1915 tuam
3107 1859 3394 1915 duriorem
3421 1862 3714 1931 frontibus

2108 1961 2302 2001 eorum
2325 1965 2341 2001 :
2362 1951 2428 2002 ut
2445 1947 2812 2002 adamantem
2831 1952 2890 2002 et
2916 1949 3138 2003 silicem
3168 1948 3296 2003 dedi
3310 1949 3522 2019 faciem
3541 1953 3714 2004 tuam

2110 2035 2329 2102 (Ezech.
2363 2035 2470 2105 tu),
2500 2043 2557 2089 ut
2583 2051 2686 2090 nec
2713 2035 3054 2092 subditorum
3091 2036 3450 2092 humilitatem
3493 2037 3708 2093 debea-

2108 2137 2230 2177 mus
2256 2121 2602 2188 erubescere,
2634 2139 2736 2178 nec
2766 2124 3080 2194 superbiam
3109 2123 3420 2180 formidare.
3465 2125 3572 2180 Sed
3599 2141 3724 2182 nec'

2109 2210 2451 2276 honorantes,
2482 2227 2583 2266 nec
2611 2218 3020 2266 contemnentes
3047 2228 3151 2267 nos
3187 2212 3488 2268 admonere
3513 2213 3707 2270 debe-

2107 2313 2229 2352 mus
2259 2298 2608 2366 erubescere,
2638 2315 2762 2354 cum
2807 2300 3020 2355 Veritas
3068 2301 3211 2356 dicat
3243 2317 3254 2355 :
3291 2302 3396 2370 Qui
3431 2317 3519 2356 me
3565 2317 3708 2357 eru-

2109 2387 2296 2442 buerit
2323 2391 2379 2441 et
2407 2404 2558 2442 meos
2589 2404 2891 2454 sermones,
2917 2388 3067 2444 hunc
3082 2389 3237 2456 ﬁlius
3259 2388 3502 2445 hominis
3517 2389 3708 2444 erube~

2109 2479 2244 2539 scet,
2279 2491 2408 2530 cum
2433 2478 2652 2531 venerit
2679 2478 2744 2531 in
2771 2479 3070 2546 majestate
3088 2493 3196 2531 sua
3224 2479 3376 2544 (Luc.
3395 2478 3498 2547 ιχ).
3523 2477 3634 2532 Sed
3650 2485 3712 2532 et

2109 2578 2272 2634 quem
2298 2562 2354 2616 in
2381 2563 2496 2618 suis
2537 2563 2745 2618 actibus
2795 2561 3079 2629 infirmari,
3126 2563 3214 2620 vel
3259 2565 3316 2618 in
3361 2565 3708 2620 contumacia

2108 2666 2432 2720 permanere
2461 2651 2845 2721 conspicimus,
2867 2652 3214 2707 remissiores
3239 2661 3294 2707 et
3319 2653 3708 2709 clementiores

2107 2753 2208 2794 nos
2239 2738 2366 2805 illis,
2397 2755 2571 2809 usque
2601 2740 2729 2794 dum
2761 2739 3043 2794 ﬁrmentur
3056 2755 3122 2796 ac
3141 2741 3501 2813 corrigantur,
3523 2749 3710 2798 osten-

2108 2827 2375 2882 dere‘uon
2405 2827 2688 2882 debemus.
2727 2829 2882 2884 Unde
2930 2829 3190 2899 scriptum
3237 2837 3320 2883 est
3351 2847 3366 2882 :
3399 2831 3558 2886 Filia:
3603 2830 3717 2886 tibi

2107 2919 2264 2979 sunt,
2287 2931 2447 2971 serva
2462 2932 2663 2988 corpus
2682 2917 2939 2981 illarum,
2963 2922 3018 2972 et
3039 2935 3154 2974 non
3173 2918 3438 2974 ostendas
3458 2917 3704 2974 hilarem

2110 3001 2316 3070 [aciem
2345 3007 2505 3059 tuam
2547 3005 2620 3059 ad
2647 3005 2782 3060 illas
2823 3005 3020 3074 (Eccli.
3053 3006 3174 3074 vu).
3227 3003 3461 3060 lnﬁrmat
3501 3005 3706 3076 quippe

2111 3089 2327 3158 animae,
2348 3099 2510 3162 atque
2539 3093 2606 3146 ad
2637 3093 2934 3163 appetitum
2957 3093 3142 3148 mundi
3171 3094 3389 3160 dedita,
3409 3093 3706 3164 aliquando

2107 3177 2302 3234 melius
2333 3196 2397 3233 ex
2428 3181 2714 3250 severitate
2743 3190 3046 3250 servantur,
3071 3189 3128 3236 ut
3153 3181 3445 3237 obﬁrmata
3465 3180 3626 3250 facie,
3649 3182 3708 3238 id

2109 3274 2192 3320 est
2219 3283 2321 3337 per
2350 3241 3008 3334 severitatis.custodiam,
3051 3270 3120 3324 ab
3165 3270 3314 3326 omni
3362 3285 3462 3341 spe
3499 3270 3710 3326 frivola

2109 3355 2449 3410 remissionis
2479 3356 2731 3422 obducta,
2765 3357 3162 3413 inconstantem
3195 3358 3434 3414 animam
3479 3366 3701 3423 terreat,

2109 3451 2271 3515 atque
2325 3461 2356 3498 a
2413 3444 2772 3500 delectatione
2817 3445 3070 3500 vitiorum
3115 3446 3468 3502 districtionis
3513 3446 3708 3519 vigore

2109 3531 2464 3602 constringat.
2497 3533 2654 3602 Quod
2683 3549 2806 3588 cum
2837 3549 2868 3588 a
2899 3535 3120 3590 doctore
3149 3535 3342 3605 agitur,
3369 3550 3589 3605 semper
3607 3549 3710 3590 ne-

2108 3635 2264 3676 cesse
2294 3629 2374 3676 est
2404 3629 2459 3675 ut
2487 3621 2718 3678 dulcedo
2747 3631 2799 3677 et
2830 3623 3105 3677 humilitas
3141 3622 3196 3677 in
3225 3623 3389 3679 corde
3435 3630 3702 3695 teneatur,

2110 3716 2377 3780 quatenus
2407 3717 2461 3763 et
2490 3709 2719 3764 multum
2746 3720 2910 3782 amet,
2941 3719 2996 3765 et
3021 3726 3300 3782 nunquam
3343 3719 3536 3768 contra
3577 3727 3704 3766 eum

2110 3813 2273 3868 quem
2301 3798 2542 3870 corrigit,
2573 3815 2673 3868 per
2701 3799 2988 3854 elationem
3029 3800 3329 3870 superbiat,
3382 3801 3468 3855 cui
3519 3808 3704 3855 tamen

2108 3901 2350 3941 amorem
2405 3903 2582 3952 suum,
2642 3896 2694 3942 et
2749 3887 3106 3944 humilitatem
3149 3904 3254 3960 pro
3306 3888 3530 3944 utilitate
3585 3889 3710 3956 ejus

2107 3973 2343 4044 prodere
2372 3985 2605 4030 recusat.
2637 3975 2765 4030 Mihi
2793 3993 2948 4049 ergo,
2978 3975 3054 4031 fili
3073 3986 3126 4031 et
3144 3985 3502 4048 contemptor,
3527 3986 3580 4032 et

2107 4077 2319 4132 parces,
2354 4063 2400 4118 si
2428 4080 2458 4116 a
2487 4065 2823 4120 contumacia
2849 4065 3050 4130 cordis,
3082 4074 3134 4121 et
3162 4067 3230 4120 ab
3260 4065 3549 4121 inconditis
3576 4081 3707 4120 mo-

2108 4150 2278 4219 ribus,
2297 4160 2457 4223 atque
2482 4153 2991 4209 inconvenientibus
3011 4154 3224 4210 actibus
3241 4155 3562 4225 resipueris.
3582 4154 3705 4209 Tibi

2107 4247 2161 4294 et
2188 4239 2318 4293 mihi
2347 4255 2584 4310 parcam,
2619 4242 2837 4313 quando
2865 4257 2951 4308 ea,
2985 4259 3105 4314 quae
3149 4242 3218 4298 de
3266 4251 3318 4298 te
3364 4242 3704 4314 displicentia

2108 4327 2353 4394 audiero,
2387 4337 2478 4383 aut
2507 4329 2835 4400 corrigenda
2863 4330 2920 4385 in
2945 4339 2997 4384 te
3025 4331 3218 4386 videro
3244 4331 3332 4386 vel
3361 4347 3698 4404 cognovero,

407 4419 546 4489 Quia
574 4437 698 4476 cum
731 4420 926 4476 dicitur
950 4421 1111 4476 nobis
1139 4421 1606 4494 qualibuscunque
1640 4425 2000 4494 speculatori-
2029 4409 2082 4470 D
2107 4431 2217 4470 Ιιοῑι
2245 4416 2454 4472 tacebo-
2490 4418 2558 4471 Ut
2587 4417 2756 4490 igitur
2781 4433 2886 4490 ego
2916 4433 3026 4472 non
3048 4426 3276 4484 taceam,
3301 4425 3354 4474 et
3381 4425 3438 4473 tu
3466 4417 3702 4473 libenter

410 4509 510 4564 bus
544 4527 556 4562 :
592 4511 734 4576 Quia
763 4511 994 4581 sanguis
1039 4512 1194 4566 nobis
1222 4511 1594 4576 subditorum,
1641 4515 1692 4568 si
1738 4530 1852 4569 non
1894 4531 2004 4569 an-

413 4600 876 4654 nuntiaverimus
905 4600 1006 4664 eis,
1038 4599 1106 4654 de
1131 4600 1393 4654 manibus
1435 4601 1646 4656 nostris
1683 4604 2007 4673 requiretur

404 4687 625 4750 (Ezeeh.
660 4687 765 4756 tu),
798 4695 1024 4758 augetur
1050 4696 1247 4742 metus.
1275 4687 1415 4756 Quia
1431 4689 1547 4742 siin
1577 4690 1836 4758 subjectis
1867 4691 2000 4759 suis,

405 4775 454 4828 is
481 4773 570 4844 qui
600 4775 857 4844 praelatus
885 4775 958 4830 ad
989 4776 1380 4846 speculandum
1411 4785 1511 4842 est,
1537 4777 1699 4832 etiam
1728 4779 1798 4834 de
1829 4788 2006 4834 morte

404 4861 647 4931 corporis
675 4864 1006 4936 quandoque
1033 4864 1283 4919 morituri
1316 4873 1427 4920 tam
1447 4867 1688 4937 graviter
1709 4883 1832 4922 reus
1853 4875 2008 4923 tene-

406 4958 511 5018 tur,
545 4965 654 5020 quo
703 4960 857 5006 reatu
886 4953 954 5008 de
1001 4961 1177 5008 morte
1218 4954 1413 5010 animae
1454 4955 1822 5024 subjectorum
1867 4973 2003 5012 con-

405 5037 706 5109 stringitur,
760 5055 882 5112 que
921 5043 1186 5111 potuisset
1227 5059 1447 5114 semper
1493 5043 1696 5114 vivere,
1748 5044 1794 5098 si
1837 5045 2004 5100 verba

401 5127 764 5198 correptionis
808 5128 1104 5185 audisset?
1143 5132 1380 5204 Sanguis
1423 5148 1562 5205 ergo
1608 5132 1891 5188 morientis
1935 5133 2004 5188 de

397 5217 650 5274 manibus
680 5217 1040 5288 speculatoris
1071 5221 1384 5290 requiritur,
1420 5221 1542 5291 quia
1571 5228 1856 5292 peccatum
1874 5223 2006 5276 sub-

397 5304 495 5358 diti
525 5306 699 5377 culpm
727 5307 1006 5377 praepositi
1054 5307 1100 5361 si
1147 5309 1373 5364 tacuerit
1417 5318 1712 5380 reputatur.
1768 5311 1834 5364 Et
1875 5312 2004 5382 quia

401 5390 734 5463 frequenter,
773 5395 928 5464 juxta
967 5396 1389 5466 praeceptionem
1440 5399 1676 5466 Domini,
1723 5399 1904 5456 verbis
1951 5406 2007 5454 et

397 5478 607 5545 litteris,
640 5490 861 5539 moveto
881 5499 984 5554 per
1011 5499 1107 5542 me
1126 5491 1184 5539 et
1212 5499 1334 5540 um
1365 5485 1506 5550 aliis,
1539 5494 1598 5542 te
1619 5487 1881 5558 corripui,
1905 5489 2009 5544 sed-

2106 4503 2318 4573 audias,
2351 4512 2512 4576 etque
2543 4505 2821 4574 obaudias,
2856 4506 3268 4563 consideremus
3303 4507 3510 4578 pariter
3536 4521 3702 4577 quam

2106 4591 2245 4649 liber
2272 4609 2305 4648 a
2329 4593 2742 4649 commissorum
2773 4594 2874 4648 sibi
2899 4594 3168 4667 sanguine
3183 4593 3356 4650 fuerat
3371 4594 3704 4666 praedicator

2106 4681 2384 4753 egregius,
2415 4681 2506 4752 qui
2534 4681 2747 4736 dicebat
2781 4700 2794 4736 :
2828 4683 3065 4739 Mundus
3085 4700 3214 4739 sum
3231 4701 3264 4738 a
3284 4685 3561 4755 sanguine
3581 4699 3708 4738 om-

2107 4771 2270 4825 nium
2298 4775 2568 4836 vestrum,
2602 4787 2717 4827 non
2747 4771 2903 4826 enim
2921 4773 3239 4844 subterfugi
3251 4789 3358 4844 quo
3379 4772 3572 4827 minus
3594 4787 3706 4826 an-

2107 4861 2438 4914 nuntiarem
2467 4875 2632 4915 omne
2656 4862 2960 4916 consilium
2991 4861 3094 4916 Dei
3129 4861 3274 4917 vobis
3301 4859 3447 4931 (Act.
3484 4861 3608 4924 xx).
3643 4859 3702 4915 Si

2105 4947 2250 5004 enim
2271 4963 2381 5001 non
2395 4948 2792 5017 annuntiasset,
2811 4949 3044 5004 mundus
3059 4964 3092 5003 a
3109 4949 3372 5020 sanguine
3387 4964 3574 5003 eorum
3589 4963 3700 5002 non

2106 5044 2250 5090 esset
2275 5053 2286 5090 :
2312 5036 2410 5090 sed
2431 5036 2628 5106 quibus
2647 5053 2807 5092 omne
2823 5037 3108 5093 consilium
3129 5037 3229 5092 Dei
3248 5037 3568 5092 annuntiare
3590 5045 3708 5091 stu-

2105 5123 2236 5190 duit,
2253 5123 2321 5178 ab
2341 5141 2528 5180 eorum
2550 5125 2816 5197 sanguine
2849 5126 3084 5180 mundus
3110 5127 3224 5180 fuit.
3246 5126 3306 5180 In
3331 5141 3431 5197 qua
3443 5139 3582 5182 voce
3601 5139 3708 5180 nos

2106 5213 2474 5278 convenimur,
2507 5229 2608 5270 nos
2632 5214 3078 5287 constringimur,
3102 5230 3204 5268 nos
3223 5213 3303 5268 rei
3321 5229 3443 5269 esse
3462 5213 3712 5270 ostendi-

2105 5316 2242 5366 mur,
2279 5303 2370 5373 qui
2400 5303 2708 5358 sacerdotes
2735 5311 2788 5356 et
2831 5301 3036 5373 praelati
3081 5317 3358 5368 vocamur,
3406 5303 3497 5374 qui
3541 5315 3711 5373 super

2105 5405 2168 5443 ea
2193 5391 2338 5446 mala
2365 5408 2490 5463 quia
2514 5391 2738 5462 propria
2765 5391 3030 5446 habemus
3056 5391 3260 5446 alienas
3291 5405 3512 5462 quoque
3551 5405 3710 5446 mer-

2107 5497 2188 5544 tes
2215 5489 2483 5554 addirnus,
2510 5489 2636 5560 quia
2665 5497 2741 5545 tot
2771 5489 3090 5552 occid-imus,
3117 5497 3244 5562 quot
3278 5489 3355 5544 ad-
3379 5488 3718 5544 mortemirc
