4054 6180
232 246 334 299 L53
940 244 1186 301 OPUSC.
1250 244 1340 315 EI
1394 242 1611 313 EPIST.
1672 244 1745 298 IN
1790 243 2017 313 CAUSA
2074 242 2416 309 HINCMARI
2471 244 2783 303 LAUDUN.
3441 255 3544 308 454

245 366 488 439 quotidie
510 368 678 439 tepidi
725 375 778 429 et
806 375 1049 424 tacentes
1097 368 1360 436 videmus,
1395 376 1449 423 et
1497 368 1855 423 solertissime
1885 367 1936 428 A
1961 368 2064 422 bus
2094 368 2225 424 dicit
2256 370 2440 441 (epist.
2476 373 2561 435 15,
2586 371 3061 441 adPulcheriam)
3095 389 3107 425 :
3144 395 3165 422 «ι
3231 374 3409 439 Sedis,
3465 376 3552 430 in-

240 456 609 519 attendamus,
643 456 769 526 quia
818 470 928 511 non
958 454 1152 512 suﬂicit
1188 465 1390 511 tantum
1428 457 1473 511 si
1517 457 1685 512 verbo
1736 458 1852 511 sine
1961 455 2172 526 quiens,
2224 457 2537 529 apostolica
2596 458 2891 514 moderatio
2951 460 3089 515 hanc
3142 464 3555 532 temperantiam

242 544 388 598 bono
405 543 660 614 exemplo
680 544 1057 614 pradicemus,
1083 544 1207 615 quia
1229 546 1383 614 cujus
1404 545 1513 600 vita
1533 545 1851 616 deSpicitur,
1960 544 2237 615 observat,
2271 554 2328 599 ut
2355 546 2597 601 severius
2624 555 2751 618 agat
2779 563 2902 602 eum
2934 549 3232 616 obduratis,
3267 559 3321 605 et
3340 552 3555 607 veniam

245 640 414 687 restat
443 639 503 686 ut
534 641 587 687 et
612 631 931 703 pradicatio
962 639 1373 698 contemnatur;
1407 641 1460 687 et
1493 650 1505 687 :
1542 634 1646 700 Qui
1692 650 1857 688 man-
1961 632 2140 702 cupiat
2170 641 2433 704 prastare
2463 636 2737 689 correctis.
2778 659 2798 683 ››
2826 634 2998 703 Quam
3026 639 3444 709 temperantiam
3489 656 3556 695 ex

250 722 452 776 datum
467 721 700 776 solverit
720 724 777 775 et
793 721 1063 786 docuerit,
1087 721 1178 776 hic
1196 723 1473 777 minimus
1488 723 1777 778 vocabitur
1792 724 1855 777 in
1963 719 2148 776 divino
2176 721 2496 793 magisterio
2516 723 2676 779 sedes
2704 725 3004 794 apostolica
3029 728 3285 798 suscepit,
3329 737 3381 784 et
3413 730 3557 785 hanc

252 822 418 880 regno
435 810 704 865 calorum
720 830 737 876 ;
752 811 850 881 qui
861 813 1055 865 autem
1070 811 1274 879 fecerit
1285 809 1622 875 etdocuerit,
1640 811 1732 865 hic
1743 827 1858 865 ma-
1936 866 1943 873 ,
1963 808 2213 862 omnibus
2244 809 2462 864 sedibus
2489 810 2807 866 imitandam
2835 814 3117 883 prOposuit
3148 832 3160 867 :
3195 817 3449 888 quoniam
3460 833 3555 875 er-

244 914 389 968 gnus
404 895 700 954 vocabitur
718 899 782 953 in
798 913 971 968 regno
988 898 1257 953 caelorum
1274 899 1489 967 (Matth.
1517 898 1596 969 v),
1632 898 1686 953 id
1710 897 1859 953 estin
1964 911 2059 950 ror
2087 895 2372 952 confessus
2401 906 2455 952 et
2480 908 2761 955 correctus
2783 901 2897 969 jam
2926 902 3084 972 culpa
3114 912 3282 971 caret,
3317 906 3441 975 quia
3462 923 3563 963 ve-

246 985 799 1052 Bcclesiajustorum.
826 985 995 1058 Igitur
1009 985 1221 1057 corrige
1237 986 1353 1041 hac
1374 1002 1496 1058 qua
1512 986 1693 1057 egisti,
1717 994 1769 1041 et
1790 986 1860 1040 de
1962 984 2109 1039 niam
2139 985 2301 1041 habet
2332 1004 2345 1039 :
2382 1002 2539 1041 error
2568 1003 2697 1043 vero
2726 990 3005 1045 convictus
3034 1006 3135 1047 nec
3152 993 3232 1047 sic
3249 1003 3550 1061 correctus,

248 1082 447 1130 catero
476 1074 712 1129 sollicite
731 1073 905 1135 stude,
931 1089 999 1128 ne
1016 1073 1855 1145 hujusmodiprobrasincurras,
1965 1081 2016 1126 et
2055 1073 2271 1143 culpam
2317 1074 2478 1129 habet
2517 1083 2569 1129 et
2620 1076 2778 1131 venia
2826 1086 2990 1133 caret.
3050 1102 3068 1125 ‹‹
3125 1081 3211 1149 Et,
3259 1090 3315 1135 ut
3369 1084 3557 1156 Augu-

248 1170 340 1217 ant
365 1162 671 1233 scripturas
699 1162 1057 1226 authenticas,
1095 1170 1185 1217 aut
1214 1178 1277 1218 ea
1308 1180 1431 1235 qua
1450 1163 1713 1219 Dominus
1760 1178 1860 1233 per
1964 1161 2137 1216 stinus
2190 1162 2339 1228 dicit,
2399 1163 2593 1218 melius
2654 1172 2738 1219 est
2806 1166 2860 1219 in
2916 1166 3072 1222 factis
3128 1169 3286 1225 malis
3340 1172 3558 1229 humilis

248 1260 468 1306 sanctos
498 1266 625 1306 suos
654 1250 867 1307 locutus
897 1258 978 1305 est
1006 1251 1430 1321 corrumpendo,
1455 1251 1581 1323 quia
1601 1251 1861 1322 scriptum
1965 1248 2259 1319 confessio,
2349 1268 2508 1322 quam
2573 1252 2629 1307 in
2687 1253 2845 1308 bonis
2914 1258 3149 1327 superba
3220 1258 3492 1332 gloriatio.
3532 1283 3552 1308 »

250 1346 331 1395 est
365 1355 380 1393 τ
416 1340 537 1396 Non
568 1339 743 1395 addas
758 1339 1061 1413 quidquam
1082 1341 1259 1396 verbis
1278 1341 1460 1406 illius,
1503 1344 1559 1396 et
1607 1341 1856 1412 aguaris,
1966 1337 2035 1391 Et
2067 1338 2256 1393 beatus
2287 1339 2523 1396 Joannes
2566 1341 2621 1396 in
2672 1343 3006 1414 Apocalypsi
3040 1361 3177 1400 voce
3230 1346 3414 1404 divina
3459 1364 3554 1403 an-

246 1430 678 1499 inveniarisque
699 1427 952 1483 mendax
967 1427 1151 1497 (Prov.
1169 1428 1330 1498 xxx).
1352 1426 1510 1496 Quod
1525 1428 1864 1485 itacatholici
1965 1426 2111 1497 gelo,
2144 1426 2199 1481 id
2248 1436 2329 1483 est
2386 1430 2647 1501 episcopo
2695 1429 2903 1501 Ephesi
2956 1432 3135 1487 dicit:
3184 1435 3386 1491 Memor
3439 1441 3558 1493 esto

247 1516 507 1571 doctores
534 1523 811 1586 exponunt
837 1533 848 1568 :
881 1532 949 1569 ne
976 1531 1293 1588 corrumpas
1323 1517 1539 1588 eloquia
1550 1526 1862 1573 sanctarum
1965 1515 2116 1571 unde
2135 1517 2434 1583 excideris,
2455 1522 2511 1572 et
2539 1535 2638 1589 age
2657 1520 3071 1587 penitentiam,
3098 1525 3156 1576 et
3176 1525 3366 1595 prima
3393 1540 3561 1596 Opera

249 1604 676 1674 Scripturarum,
712 1603 859 1677 quod
889 1604 1112 1675 quidam
1139 1605 1399 1671 haretici,
1431 1621 1500 1660 ne
1522 1606 1608 1660 his
1633 1605 1863 1662 convin-
1965 1604 2058 1673 fac
2086 1621 2099 1657 :
2130 1605 2222 1659 sin
2245 1609 2456 1671 autem,
2512 1609 2672 1663 venio
2712 1608 2815 1662 tibi
2836 1612 2895 1662 et
2912 1609 3133 1666 movebo
3152 1611 3553 1669 candelabrum

247 1700 526 1760 cerentur,
558 1691 755 1749 fecisse
785 1701 1105 1749 noscuntur.

840 1800 1068 1856 CAPUT
1095 1799 1283 1855 XLIV.

259 1889 516 1956 Qualiter
544 1889 732 1946 redire
762 1887 1333 2015 valeatdqdepaternte
1356 1890 1660 1946 charitatis
1681 1890 1873 1946 dulce-

1007 1975 1045 2013 n
1081 1976 1158 2014 m.

1007 1975 1158 2014 nem.

320 2047 499 2113 Unde,
532 2046 702 2102 frater
730 2054 787 2101 et
814 2047 1090 2118 quondam
1120 2046 1437 2104 dulcissime
1463 2047 1559 2115 ﬁli,
1610 2048 1703 2119 qui
1751 2048 1870 2103 exi-

255 2135 512 2207 gentibus
540 2135 783 2207 peccatis
803 2136 871 2190 de
902 2135 1030 2190 nido
1075 2143 1321 2206 paterno,
1384 2136 1529 2191 velut
1581 2135 1867 2209 implunis,

253 2223 410 2279 citius
441 2238 613 2295 quam
642 2239 870 2279 necesse
898 2222 1075 2278 fuerat
1106 2223 1357 2293 evolasti,
1391 2232 1445 2279 et
1462 2233 1759 2296 antequam
1782 2241 1872 2279 so-

256 2311 463 2367 liditate
509 2312 833 2382 plumarum,
892 2312 946 2365 id
995 2320 1077 2366 est
1134 2311 1449 2367 humilitatis
1504 2321 1658 2369 veste
1711 2312 1871 2367 fieres

256 2408 553 2470 protectus,
589 2399 746 2470 quasi
776 2400 953 2454 nudus
982 2401 1066 2454 his
1098 2400 1496 2455 animositatum
1544 2409 1596 2456 et
1644 2400 1869 2456 sacula-

258 2489 393 2543 rium
414 2488 776 2559 cupiditatum
805 2488 975 2559 spinis
1005 2504 1069 2543 ac
1099 2489 1379 2559 vepribus,
1416 2489 1611 2559 quibus
1661 2489 1869 2544 lacera-

259 2577 351 2642 ris,
372 2576 647 2641 insedisti,
674 2592 766 2632 sec
787 2576 833 2631 si
848 2576 1089 2631 volueris
1110 2576 1284 2633 sacris
1299 2577 1509 2650 regulis
1530 2585 1583 2632 et
1615 2577 1869 2649 religioni

258 2665 606 2730 concordari,
626 2665 805 2738 gratia
835 2665 935 2719 Dei
967 2665 1085 2719 sine
1130 2664 1445 2721 difficultate
1471 2666 1539 2719 ad
1569 2666 1746 2721 cubile
1773 2682 1871 2736 pa-

259 2762 427 2810 terna
448 2742 768 2807 dulcedinis
809 2753 988 2808 redire
1015 2753 1245 2817 valebis,
1280 2761 1330 2808 te
1361 2760 1484 2807 ante
1513 2753 1750 2824 teipsum
1781 2768 1870 2808 re-

257 2858 417 2913 pone,
453 2849 510 2896 et
539 2849 812 2896 memento
841 2841 985 2895 unde
1014 2841 1298 2906 excideris,
1359 2849 1411 2896 et
1457 2857 1561 2914 age
1602 2842 1867 2912 paniten-

262 2930 410 2985 tiam.
444 2929 608 2998 Quod
638 2929 687 2983 si
713 2930 976 2994 volueris,
1009 2944 1237 2985 necesse
1265 2937 1348 2983 est
1369 2937 1427 2983 ut
1454 2928 1726 3001 intelligas
1767 2945 1870 3000 per

260 3018 434 3090 qualia
465 3025 522 3073 et
554 3025 752 3089 quanta
805 3017 1112 3089 delinquas,
1167 3016 1261 3090 qui
1317 3017 1463 3088 apud
1521 3024 1574 3072 te
1628 3025 1864 3082 tumens,

258 3107 385 3161 nulli
416 3106 650 3162 subesse
680 3106 854 3171 voles,
886 3113 940 3160 et
961 3104 1168 3163 cunctis
1189 3121 1426 3176 praesse
1443 3121 1552 3160 non
1588 3113 1745 3176 potes
1782 3114 1869 3163 :et

259 3194 465 3251 idcirco
514 3210 697 3250 sacras
748 3193 986 3266 regulas,
1045 3209 1303 3264 perverse
1352 3194 1784 3265 interpretando,
1817 3202 1871 3249 et

264 3300 396 3355 quas
424 3298 599 3354 prave
631 3282 969 3353 interpretari
998 3298 1107 3337 non
1126 3289 1303 3352 potes,
1338 3282 1493 3353 quasi
1524 3298 1633 3337 non
1666 3282 1790 3350 sint,
1814 3282 1870 3337 in

258 3372 357 3427 tuis
386 3371 808 3427 collectionibus
837 3388 903 3425 ex
934 3370 1112 3425 studio
1141 3371 1626 3441 pratermittendo,
1651 3371 1870 3426 convel-

264 3460 368 3517 lere
400 3460 633 3534 satagis,
666 3459 987 3533 quibusdam
1017 3458 1182 3515 etiam
1208 3459 1277 3515 de
1303 3466 1398 3514 tuo
1445 3460 1687 3532 quadam
1742 3475 1872 3515 con-

260 3558 338 3604 tra
367 3550 666 3604 veritatem
695 3547 957 3613 immittis,
978 3554 1033 3602 et
1060 3548 1188 3602 dum
1223 3547 1456 3603 invictus
1478 3563 1600 3603 esse
1654 3548 1870 3604 deside-

264 3654 368 3703 ras,
402 3636 646 3692 exterius
676 3653 799 3708 qua
828 3652 938 3692 non
963 3635 1133 3691 debes
1150 3635 1421 3700 defendis,
1445 3644 1500 3692 et
1515 3636 1739 3691 interius
1768 3652 1867 3692 ve-

266 3742 375 3782 ram
405 3726 764 3781 dilectionem
796 3724 1014 3789 amittis,
1048 3732 1102 3779 et
1131 3732 1186 3779 te
1225 3741 1257 3779 a
1294 3740 1562 3797 compage
1619 3724 1873 3781 fraterna

264 3813 589 3871 unanimatis
619 3813 872 3884 pracidis
906 3831 918 3866 :
954 3812 1097 3885 quod
1126 3812 1245 3867 sine
1283 3812 1392 3867 ulla
1436 3812 1771 3869 dubitatione
1800 3812 1869 3869 de

264 3902 403 3958 illius
433 3901 870 3976 magisteriotibi
886 3901 1189 3967 descendit,
1216 3901 1328 3972 qui,
1361 3908 1416 3955 ut
1444 3902 1704 3972 scriptum
1735 3910 1819 3957 est
1852 3920 1864 3957 :

268 3994 438 4047 Omne
458 3991 704 4047 sublime
726 3991 896 4055 videt,
917 3994 973 4046 et
990 3995 1075 4045 est
1095 4006 1200 4045 rex
1220 4005 1393 4062 super
1411 3993 1702 4046 universos
1719 3991 1868 4060 ﬁlios

269 4080 570 4154 superbiae,
593 4081 893 4152 factusque
914 4083 1001 4135 est
1018 4083 1084 4134 ut
1104 4079 1331 4134 nullum
1356 4080 1580 4135 timeret
1599 4080 1715 4148 (Job
1730 4079 1869 4151 xu);

268 4170 461 4241 quique
478 4167 620 4223 dixit
643 4185 656 4220 :
680 4167 994 4223 Ascendam
1014 4184 1185 4239 super
1216 4168 1586 4223 altitudinem
1606 4168 1863 4237 nubium,

266 4259 471 4314 similis
485 4273 585 4312 ero
606 4256 896 4312 Altissimo
919 4256 1049 4328 (Isa.
1083 4256 1229 4326 xxv).
1263 4256 1329 4310 Et
1347 4256 1473 4328 quia
1491 4254 1689 4312 divina
1712 4257 1866 4311 ordi-

266 4346 497 4401 nationis
527 4344 940 4416 dispositionem
972 4359 1209 4411 servare,
1233 4351 1288 4399 et
1312 4343 1568 4398 socialem
1616 4344 1782 4399 vitam
1814 4344 1868 4398 in

1898 3064 1947 3128 Ο

1887 1716 1942 1777 Β
1967 1694 2131 1746 tuum
2154 1692 2221 1747 de
2245 1694 2359 1748 loco
2375 1709 2494 1759 suo,
2522 1695 2637 1749 nisi
2654 1696 3054 1766 paenitentiam
3071 1700 3250 1769 egeris
3266 1698 3449 1768 (Apoc.
3471 1700 3551 1772 ιι).

1974 1780 2041 1833 Et
2070 1780 2287 1854 angelo,
2322 1781 2378 1835 id
2408 1790 2489 1835 est
2510 1782 2769 1854 episcopo
2802 1783 3070 1840 Laodicia
3100 1785 3347 1843 ecclesia
3396 1788 3557 1854 dicit;

1977 1869 2215 1940 Collyrio
2243 1872 2455 1941 inunge
2474 1872 2659 1926 oculos
2691 1876 2815 1926 tuos
2858 1877 2923 1927 ut
2969 1874 3157 1929 videas
3204 1876 3394 1948 (Apoc.
3452 1881 3557 1949 tu).

1972 1955 2210 2027 Collyrio
2239 1957 2438 2029 quippe
2467 1958 2654 2014 oculos
2683 1967 2741 2014 ut
2768 1959 3049 2015 videamus
3062 1961 3392 2033 inungimus,
3437 1982 3561 2022 cum

1973 2045 2043 2099 ad
2070 2044 2517 2115 conspiciendam
2548 2047 2661 2101 veri
2677 2046 2895 2102 luminis
2912 2049 3230 2105 charitatem
3249 2051 3559 2108 intellectus

1972 2133 2142 2187 nostri
2194 2133 2369 2189 aciem
2423 2134 2788 2191 medicamine
2843 2137 3172 2206 operationis
3218 2139 3556 2208 adjuvamus.

1972 2219 2170 2291 Sicque
2199 2221 2253 2275 in
2283 2230 2527 2278 mutuam
2558 2223 2785 2293 gratiam
2815 2224 2993 2280 redire
3022 2225 3340 2295 valebimus,
3375 2228 3423 2283 si
3441 2229 3559 2285 hac

1972 2316 2025 2361 et
2049 2308 2154 2363 alia
2183 2308 2281 2363 tibi
2299 2309 2560 2373 salubria,
2593 2320 2646 2365 et
2673 2311 2975 2368 ministerio
3002 2321 3191 2369 nostro
3239 2324 3558 2387 competen-

1970 2396 2065 2461 tia,
2098 2411 2261 2469 agere
2282 2405 2335 2452 et
2361 2399 2518 2470 sequi
2535 2398 2771 2455 volueris
2795 2418 2807 2453 :
2833 2400 2975 2472 quia,
3006 2410 3061 2456 ut
3082 2402 3211 2457 item
3240 2403 3431 2459 beatus
3451 2406 3560 2463 Leo

1969 2484 2100 2538 dicit
2133 2502 2146 2537 :
2186 2506 2207 2533 α
2241 2485 2465 2541 Dulcius
2503 2478 2732 2543 munera
2766 2489 2958 2558 gratia
2998 2489 3196 2546 divina
3211 2492 3561 2562 proveniunt,

1971 2571 2184 2643 quoties
2211 2588 2320 2629 non
2350 2573 2466 2630 sine
2495 2575 2712 2647 magnis
2740 2577 3032 2631 sudoribus
3078 2579 3452 2650 acquiruntur,
3508 2590 3563 2637 et

1968 2660 2148 2715 minus
2176 2660 2350 2716 videri
2380 2661 2579 2716 bonum
2611 2663 2746 2719 solet
2774 2679 2879 2734 pax
2908 2665 3218 2721 continuata
3245 2683 3347 2738 per
3391 2669 3562 2726 otium

1970 2763 2135 2820 quam
2163 2749 2372 2803 reddita
2416 2766 2518 2821 per
2568 2749 2788 2807 labores
2820 2770 2833 2805 :
2864 2752 2981 2822 ipsa
3013 2757 3229 2826 qquue
3277 2758 3475 2811 veritas
3505 2766 3562 2813 et

1969 2835 2170 2891 clarius
2207 2837 2505 2903 renitescit,
2554 2845 2609 2893 et
2666 2837 2859 2894 fortius
2914 2840 3198 2909 retinetur,
3251 2844 3380 2899 dum
3439 2862 3561 2916 qua

1966 2922 2119 2993 prius
2151 2921 2285 2978 ﬁdes
2312 2924 2579 2995 docuerit,
2612 2927 2731 2984 hac
2758 2935 2953 3000 postea
2989 2931 3312 2988 examinatio
3367 2932 3565 2989 conﬁr-

1966 3011 2148 3066 marit.
2186 3032 2208 3061 »
2242 3012 2366 3069 Noli
2393 3028 2526 3085 ergo
2556 3014 2777 3081 diutius,
2810 3024 3068 3087 tanquam
3096 3018 3242 3075 civili
3271 3020 3430 3088 bello,
3464 3039 3562 3078 no-

1970 3100 2097 3155 stris
2116 3108 2304 3156 contra
2335 3117 2436 3156 nos
2464 3103 2661 3159 erectis
2691 3104 2866 3175 signis
2904 3107 3181 3180 armisque
3208 3125 3477 3183 pugnare,
3511 3120 3565 3183 et

1970 3188 2265 3244 seditiones
2291 3204 2326 3244 a
2349 3191 2533 3245 multis
2563 3199 2616 3246 et
2646 3208 2745 3263 per
2772 3193 2969 3249 multos
2991 3179 3156 3267 super
3184 3179 3384 3252 multos
3412 3179 3569 3255 com:

1968 3291 2208 3348 pressas,
2243 3277 2490 3334 redivivo
2527 3281 2885 3336 contumacia
2931 3281 3111 3337 furore
3151 3284 3208 3338 in
3263 3286 3557 3355 perniciem

1969 3373 2139 3431 tuam,
2170 3374 2223 3421 et
2250 3366 2511 3423 Ecclesia
2555 3368 2835 3424 catholica
2876 3371 3295 3427 commotionem
3343 3376 3557 3430 reexci-

1969 3462 2106 3510 tare.
2138 3455 2275 3510 Redi
2303 3456 2374 3510 ad
2404 3464 2689 3526 paternam
2716 3457 3036 3513 charitatem
3061 3459 3353 3527 humiliter,
3397 3479 3561 3533 quam

1968 3542 2343 3614 contempsisti
2360 3545 2769 3600 contumaciter.
2801 3545 2921 3600 Fiat
2938 3561 3065 3617 pax,
3105 3555 3165 3602 ut
3190 3546 3328 3605 dicis
3374 3550 3562 3608 beatus

1968 3631 2305 3702 Augustinus
2333 3632 2403 3687 de
2424 3632 2719 3688 Donatistis
2748 3641 2934 3689 contra
2981 3634 3280 3691 Ecclesiam
3333 3654 3394 3693 se
3448 3640 3558 3695 eri-

1968 3718 2243 3791 gentibus,
2277 3720 2333 3774 in
2361 3720 2557 3775 virtute
2584 3720 2906 3787 Jerusalem,
2941 3740 3062 3794 qua
3089 3724 3263 3779 virtus
3320 3727 3560 3784 charitas

1969 3815 2071 3875 est,
2102 3808 2188 3863 cui
2209 3817 2411 3864 sancta
2439 3809 2653 3865 civitate
2683 3810 2884 3865 dictum
2916 3820 2998 3865 est
3029 3828 3043 3865 :
3069 3814 3195 3868 Fiat
3211 3832 3331 3885 pax
3360 3817 3420 3871 in
3442 3819 3559 3873 vir-

1971 3901 2092 3952 tute
2105 3901 2225 3962 tua,
2251 3901 2306 3953 et
2326 3898 2679 3954 abundantia
2694 3900 2757 3954 in
2776 3900 3027 3955 turribus
3052 3902 3165 3957 tuis
3185 3893 3359 3972 (Psal.
3381 3906 3556 3975 CXXI).

1967 3985 2036 4039 Et
2063 3985 2174 4041 noli
2192 3992 2246 4041 te
2275 3985 2537 4041 extollere
2566 3995 2758 4043 contra
2786 3996 3086 4043 maternam
3117 3992 3430 4063 metropolis
3461 4001 3563 4050 tua

1968 4074 2281 4145 generalem
2311 4075 2472 4131 totius
2516 4075 2813 4146 provincia
2856 4077 3298 4145 sollicitudinem,
3350 4089 3403 4136 et
3431 4096 3560 4137 con-

1967 4168 2043 4216 tra
2071 4172 2352 4235 paternam
2382 4163 2664 4219 nutritoris
2685 4173 2739 4219 et
2767 4165 3095 4223 ordinatoris
3121 4169 3197 4222 tui
3254 4170 3559 4241 benignita-

1968 4258 2097 4317 tem,
2130 4266 2293 4322 quam
2316 4252 2412 4306 tibi
2442 4268 2565 4307 eum
2595 4253 2830 4321 cateris,
2864 4254 2983 4309 sine
3015 4254 3199 4327 aliquo
3218 4256 3561 4325 detrimento,

1967 4346 2172 4394 tantum
2204 4347 2259 4394 ut
2279 4348 2333 4394 te
2361 4356 2748 4412 recognoscas,
2783 4349 2836 4395 et
2856 4344 3174 4414 metropolis
3194 4345 3563 4418 privilegium,

267 4434 400 4490 coelo
421 4442 621 4493 tenere
652 4448 761 4487 non
791 4432 977 4500 voluit,
1013 4432 1228 4487 Lucifer
1258 4431 1351 4504 qui
1381 4448 1537 4488 mane
1591 4432 1868 4487 oriebatur
1898 4420 2024 4485 Det
2052 4427 2451 4498 metropolitani
2481 4428 2719 4493 dilectio,
2751 4427 2869 4483 sine
2899 4428 3208 4486 difﬁcultate
3238 4432 3458 4503 cupiunt
3478 4450 3565 4490 ex-

267 4522 329 4577 de
362 4522 505 4578 coelo
553 4521 771 4586 cecidit,
822 4529 875 4575 et
920 4537 1107 4577 veram
1163 4520 1550 4577 beatitudinem
1617 4521 1872 4592 perdens,

267 4610 548 4667 miseriam
580 4609 972 4679 sempiternam
1015 4608 1257 4679 incurrit,
1318 4609 1421 4663 sibi
1475 4610 1873 4665 consentientes

268 4708 315 4753 et
342 4700 721 4771 obsequentes
751 4705 916 4770 atque
943 4698 1239 4769 complices
1286 4697 1355 4752 de
1412 4698 1585 4752 beatis
1640 4698 1874 4752 miseros

267 4786 388 4843 fecit
408 4832 426 4855 ,
460 4795 515 4842 et
547 4786 687 4841 adeo
716 4786 773 4840 in
799 4786 1074 4842 miseriam
1103 4802 1259 4841 suam
1291 4787 1565 4853 excrevit,
1598 4794 1655 4841 ut
1688 4803 1748 4843 se
1780 4804 1872 4841 re-

264 4890 601 4948 cognoscere
644 4881 699 4929 et
740 4874 1028 4931 humiliare
1075 4890 1187 4930 non
1234 4874 1427 4947 possit.
1479 4874 1637 4943 Quod
1687 4875 1874 4931 vitium

260 4963 453 5033 primis
484 4962 808 5034 parentibus
839 4962 1041 5017 nostris
1068 4962 1312 5032 immisit,
1344 4970 1401 5016 ut
1442 4978 1597 5018 suam
1654 4963 1874 5035 culpam

264 5050 639 5122 delinquintes
667 5066 778 5105 non
806 5051 1049 5106 dicerent
1075 5052 1170 5106 sed
1210 5051 1265 5105 in
1292 5051 1475 5120 alium,
1536 5051 1788 5107 videlicet
1819 5051 1875 5105 in

267 5147 549 5195 auctorem
581 5156 691 5193 sua
748 5138 1094 5207 conditionis,
1151 5155 1257 5195 non
1316 5148 1494 5195 autem
1546 5140 1868 5211 iniquitatis,

263 5236 589 5299 retorquere
615 5228 910 5283 studerent.
947 5227 1069 5296 Quo
1098 5229 1227 5285 vitio
1256 5228 1435 5285 adhuc
1488 5244 1598 5285 non
1651 5229 1873 5284 minime

260 5315 473 5372 laborat
495 5333 674 5389 genus
701 5318 1017 5386 humanum,
1052 5324 1104 5372 et
1132 5318 1300 5375 timeo
1328 5334 1393 5373 ac
1421 5317 1582 5373 doleo
1617 5318 1745 5390 quia
1767 5334 1873 5392 ego

264 5411 316 5457 et
346 5413 400 5459 tu
440 5405 512 5460 ab
541 5406 650 5461 hoc
678 5406 809 5461 vitio
830 5405 887 5461 in
921 5413 1091 5463 totum
1113 5406 1278 5461 alieni
1294 5422 1404 5461 non
1426 5404 1615 5460 simus.
1641 5407 1872 5463 Attende

262 5492 431 5566 igitur
461 5502 575 5553 tota
606 5495 804 5550 mentis
834 5495 1131 5552 intentione
1164 5495 1332 5550 verba
1352 5494 1495 5550 beati
1512 5494 1727 5562 Leonis,
1753 5495 1871 5566 qui-

1974 4515 2183 4571 hihere.
2217 4515 2403 4571 Sciunt
2422 4515 2568 4570 enim
2598 4524 2650 4571 et
2679 4517 2971 4572 auctoritas
2996 4518 3308 4590 metropolis
3351 4529 3404 4577 et
3449 4537 3564 4579 me-

1973 4598 2351 4674 tropolitanus,
2384 4603 2535 4659 illum
2578 4619 2709 4660 vere
2764 4621 2887 4661 esse
2934 4623 3214 4679 magnum,
3260 4608 3350 4679 qui
3403 4611 3566 4667 totius

1974 4691 2283 4747 ambitionis
2311 4692 2473 4749 fuerit
2502 4692 2735 4761 alienus,
2767 4695 2980 4750 dicente
3011 4696 3239 4751 Domino
3273 4714 3288 4750 :
3326 4698 3567 4765 Quicun-

1973 4781 2327 4853 quevoluerit
2336 4783 2594 4839 intervos
2605 4786 2790 4855 major
2801 4783 2947 4853 ﬁeri,
2967 4786 3046 4840 sit
3054 4788 3238 4840 vester
3247 4785 3516 4844 minister
3547 4807 3561 4843 ε

1974 4874 2032 4924 et
2044 4872 2361 4943 quicunque
2376 4873 2618 4928 voluerit
2629 4874 2786 4929 inter
2803 4889 2896 4929 vos
2906 4874 3126 4944 primus
3138 4889 3255 4931 esse
3267 4876 3379 4932 erit
3388 4882 3571 4934 vester

1973 4974 2187 5025 servus,
2210 4961 2360 5015 sicut
2370 4960 2527 5028 ﬁlius
2548 4962 2793 5016 hominis
2808 4977 2923 5016 non
2940 4963 3451 5031 venitministrari,
3466 4967 3564 5023 sed

1973 5049 2343 5113 ministrare(
2351 5049 2546 5103 Matth.
2570 5048 2693 5115 xx).
2724 5069 2745 5097 «ι
2780 5048 2851 5102 Et
2872 5056 3071 5119 tamen,
3095 5051 3269 5124 inquit
3285 5053 3413 5119 Leo,
3446 5054 3562 5111 hac

1972 5134 2081 5191 illis
2133 5143 2261 5191 tunc
2338 5135 2729 5203 insinubantur,
2817 5138 2910 5207 qui
2943 5137 3014 5193 de
3060 5140 3257 5210 pusillo
3310 5142 3565 5197 volebant

1972 5239 2245 5288 crescere,
2279 5232 2333 5279 et
2360 5224 2428 5279 de
2457 5222 2637 5278 infinis
2663 5225 2731 5279 ad
2765 5242 2977 5282 summa
3009 5231 3263 5285 transire.
3304 5254 3323 5278 υ
3363 5232 3438 5285 'l‘u
3461 5249 3560 5286 au-

1972 5321 2102 5375 tem.
2136 5321 2193 5367 ut
2221 5312 2482 5383 scriptum
2514 5321 2615 5381 est,
2643 5313 2755 5381 jam
2775 5317 3038 5388 magister
3057 5316 3357 5386 infantium,
3390 5309 3442 5375 et
3463 5321 3561 5376 do-

1973 5408 2090 5457 ctor
2119 5400 2486 5471 insipientium
2516 5401 2707 5467 factus,
2741 5404 2910 5459 debes
2938 5404 3159 5461 modum
3206 5413 3318 5461 tum
3362 5422 3569 5480 cogno-

1974 5513 2145 5555 scere.
2181 5506 2231 5553 et
2261 5498 2357 5553 tibi
2387 5498 2638 5568 subditis,
2670 5517 2703 5556 a
2732 5502 2924 5576 quibus
2954 5501 3321 5561 obedientiam
3370 5507 3565 5583 exigis,
