4020 6182
474 288 581 340 455

1447 279 1788 334 HINCMARI
1815 277 2213 334 BHEMENSIS
2241 278 2791 334 ARCHIEPISCOPI.

3675 285 3777 337 £56

471 405 830 461 humilitatem
861 403 1187 460 obedientire
1213 402 1310 457 tibi
1341 401 1575 472 praelatis
1595 401 1961 472 dependendo
1981 402 2068 456 in-
2091 403 2145 462 A
2173 401 2268 456 tibi
2301 401 2502 457 collum
2533 401 2928 466 abscideretur,
2963 418 3128 475 quam
3149 403 3216 457 ab
3245 401 3340 457 illa
3395 403 3781 473 perducereris

475 495 692 550 sinuare
725 512 736 546 :
769 493 1072 564 praesertim
1134 509 1256 547 cum
1320 491 1538 546 ordines
1587 499 1639 544 et
1697 490 2070 545 distinctiones

476 583 856 652 episcoporum
889 581 1032 635 sacri
1063 596 1303 634 canones
1325 589 1378 633 et
1400 579 1618 633 decreta
1643 579 1790 633 sedis
1815 579 2072 633 Romanae

473 669 806 740 pontificum,
841 685 1053 723 necnon
1084 677 1136 722 et
1161 668 1315 739 leges
1345 683 1482 738 quas
1513 667 1762 721 Ecclesia
1793 667 1989 736 probat
2019 673 2072 720 et

476 767 678 824 servat,
714 757 1166 811 suﬂicientissime
1200 757 1508 820 ostendant,
1544 764 1596 809 et
1619 754 2073 826 irrefragabiliter

473 846 788 903 conservari
819 847 1118 900 decernant
1152 863 1163 898 :
1201 859 1319 914 quae
1349 845 1394 898 si
1427 845 1547 914 quis
1595 844 1874 913 praesumit
1932 857 2070 897 con-
2115 841 2118 848 ’

474 936 692 996 vellere,
731 933 859 1004 quid
889 942 971 987 est
1001 933 1142 986 aliud
1184 931 1290 986 nisi
1348 932 1589 1001 seipsum
1647 932 1714 986 ab
1775 930 2074 984 universali

475 1022 740 1085 Ecclesia,
776 1038 895 1092 qua:
927 1022 1122 1090 partim
1147 1022 1260 1088 jam
1295 1021 1349 1072 in
1381 1020 1522 1074 coelo
1555 1035 1678 1073 cum
1711 1020 1822 1074 Deo
1855 1026 2070 1090 regnat,

476 1111 670 1181 partim
701 1118 882 1164 autem
912 1110 1092 1164 adhuc
1123 1109 1175 1161 in
1207 1109 1361 1162 terris
1385 1107 1785 1178 peregrinatur,
1812 1115 1864 1160 et
1894 1107 1960 1160 ad
1979 1121 2078 1176 pa-

475 1199 633 1252 triam
685 1199 965 1253 cmlestem
1013 1197 1270 1266 suspirat,
1305 1195 1650 1266 praecidere?
1681 1195 1853 1260 Unde,
1891 1193 2072 1256 frater,

476 1288 712 1340 maximo
743 1286 926 1341 cordis
955 1285 1145 1338 dolore
1174 1284 1476 1354 perculsus,
1512 1299 1682 1354 cogor
1737 1282 1830 1336 tibi
1888 1277 2076 1336 dicere

477 1375 620 1446 quad
653 1376 867 1445 Moyses
899 1381 949 1427 et
981 1377 1165 1426 Aaron
1197 1371 1386 1426 rebelli
1409 1379 1462 1425 et
1485 1371 1586 1425 sibi
1607 1371 1806 1440 populo
1825 1370 2076 1424 resisten-

476 1463 514 1516 ti
535 1463 786 1516 dixerunt
818 1479 831 1513 :
867 1462 973 1515 Nec
987 1464 1298 1516 contr-anas
1312 1463 1952 1522 estmurmurvestrum,
1978 1457 2076 1512 sed

479 1555 680 1606 contra
693 1549 1016 1604 Dominum.
1034 1549 1137 1602 Nos
1155 1550 1306 1601 enim
1321 1549 1452 1619 quid
1465 1564 1660 1602 sumus
1683 1547 1914 1614 ?(Exod.
1933 1551 2077 1608 xw.)

482 1639 552 1692 Et
577 1637 702 1692 licet
731 1654 818 1690 me
847 1637 978 1689 nihil
1010 1652 1132 1690 esse
1163 1651 1512 1707 cognoscam,
1546 1635 1658 1690 scio
1715 1643 1894 1689 tamen
1951 1634 2078 1705 quia

484 1725 754 1781 servanda
786 1734 868 1780 est
897 1725 1028 1778 mihi
1073 1725 1128 1778 in
1183 1725 1349 1778 corde
1397 1723 1690 1786 humilitas,
1747 1731 1801 1777 et
1858 1722 2077 1794 quando

483 1829 646 1871 causa
676 1813 860 1884 exigit,
895 1813 948 1866 in
989 1811 1252 1882 regimine
1308 1811 1610 1881 disciplina:
1665 1810 1942 1865 miscenda
1995 1818 2078 1864 est

483 1903 674 1958 lenitas
707 1919 829 1957 cum
862 1903 1172 1956 severitate.
1205 1900 1532 1954 Faciendum
1555 1900 1826 1970 quoddam
1843 1915 1908 1952 ex
1939 1906 2079 1953 utro-

483 2009 588 2064 que
645 1979 1142 2061 temperamentum,
1193 1998 1252 2043 ut
1321 2005 1497 2060 neque
1559 1988 1728 2042 multa
1787 1987 2080 2057 asperitate

486 2081 858 2138 exulcerentur
885 2078 1105 2142 subditi,
1137 2093 1314 2146 neque
1359 2077 1525 2130 nimia
1573 2075 1906 2147 benignitate
1963 2073 2078 2129 sol-

479 2179 672 2224 vantur
693 2170 812 2236 jura
844 2165 1142 2238 regimiais.
1178 2163 1334 2233 Quod
1358 2165 1508 2234 juxta
1525 2163 1675 2218 Pauli
1696 2179 1883 2218 vocem
1899 2163 2077 2232 (Hebr.

485 2259 589 2326 ιχ),
625 2258 763 2312 bene
793 2256 886 2310 illa
915 2254 1251 2310 tabernaculi
1275 2269 1404 2307 arca
1435 2251 1722 2324 significat,
1749 2252 1804 2305 in
1825 2268 1926 2322 qua
1957 2267 2082 2305 cum

488 2344 687 2398 tabulis
719 2345 873 2414 virga
905 2343 1062 2396 simul
1093 2349 1145 2395 et
1173 2357 1369 2394 manna
1399 2349 1481 2395 est
1515 2357 1525 2394 :
1560 2341 1682 2411 quia
1731 2356 1854 2394 cum
1912 2355 2082 2393 sacrae

487 2432 778 2500 Scriptura;
808 2429 1030 2485 scientia
1061 2430 1116 2482 in
1148 2429 1379 2483 redtoris
1407 2436 1630 2498 pectore
1660 2428 1738 2482 sic
1768 2443 1890 2482 esse
1919 2427 2084 2481 debet

489 2519 648 2591 virga
677 2517 1047 2584 districtionis,
1082 2525 1140 2570 ut
1171 2519 1236 2571 sit
1280 2517 1438 2572 etiam
1487 2532 1682 2570 manna
1729 2515 2032 2570 dulcedinis
2066 2532 2079 2567 :

487 2615 539 2662 et
569 2623 781 2661 rursum
812 2622 920 2661 non
950 2607 1017 2659 sit
1047 2613 1190 2660 tanta
1221 2605 1470 2668 dulcebo,
1507 2621 1574 2659 ne
1604 2605 1706 2658 hac
1727 2603 2082 2656 dissolutione

489 2695 573 2750 sui
603 2695 708 2750 loci
735 2695 932 2748 oblitus
963 2693 1084 2764 quis
1113 2701 1324 2762 pereat.
1357 2693 1493 2746 Nam
1524 2692 1658 2746 falsa
1687 2691 1884 2762 pietate
1915 2705 2081 2760 supe-

484 2792 654 2850 ratus,
692 2783 817 2853 quia
847 2781 1009 2836 ferire
1029 2781 1146 2836 Heli
1168 2781 1546 2851 delinquentes
1569 2781 1709 2834 ﬁlios
1733 2779 1920 2842 noluit,
1940 2777 2082 2848 apud

487 2871 789 2926 districtum
802 2870 1040 2938 judicem
1058 2870 1404 2939 semetipsum
1427 2885 1548 2923 cum
1569 2867 1694 2922 filiis
1711 2867 1918 2922 crudeli
1935 2867 2084 2921 dam-

487 2959 705 3014 natione
737 2958 1024 3028 percussit.
1061 2957 1312 3011 Siautem
1333 2957 1462 3010 mihi
1485 2957 1638 3011 locus
1655 2965 1705 3010 et
1727 2954 2080 3026 possibilitas,

491 3062 814 3120 quocunque
844 3045 1124 3100 obstaculo
1155 3044 1565 3108 intercludente,
1599 3043 1664 3096 ad
1695 3043 1750 3097 id
1782 3058 2082 3114 exsequen-

489 3135 616 3189 dum
633 3135 780 3204 quod
792 3133 967 3188 debeo
990 3133 1241 3199 defuerit,
1264 3147 1462 3202 ponam
1490 3131 1822 3202 sartaginem
1844 3131 1981 3184 inter
1997 3146 2084 3185 me

490 3231 544 3278 et
562 3223 914 3278 obsistentem
929 3221 1078 3284 mihi,
1096 3236 1308 3274 murum
1327 3219 1582 3284 ferreum,
1606 3219 1776 3274 utzeli
1791 3219 2086 3274 munitione

491 3309 775 3376 defendar,
809 3325 878 3366 ne
907 3309 1194 3365 destitutus
1225 3325 1326 3380 pro
1356 3307 1713 3364 dissolutione
1733 3307 2081 3363 condemner.

1069 3433 1296 3488 CAPUT
1325 3433 1488 3488 XLV.

495 3525 562 3581 Ut
579 3523 904 3580 recordetur
931 3521 1230 3593 quantain
1251 3521 1548 3576 dulcedine
1565 3522 1746 3590 fuerit
1761 3520 1930 3576 initio
1961 3520 2084 3591 epi-

754 3592 1028 3662 scopatus,
1051 3597 1108 3648 et
1127 3592 1366 3661 deponat
1389 3593 1836 3647 animositatem.

565 3683 824 3740 Tandem.
851 3681 1019 3735 frater
1047 3689 1102 3734 et
1133 3679 1228 3743 fili,
1261 3695 1456 3734 moneo
1485 3687 1557 3744 te,
1592 3679 1758 3734 reduc
1786 3679 1842 3732 in
1871 3692 2085 3733 memo-

495 3771 652 3838 riam,
683 3770 774 3841 qui
805 3785 944 3823 nunc
975 3783 1035 3822 es
1061 3767 1311 3822 omnibus
1335 3767 1391 3820 in
1421 3767 1724 3836 proverbio,
1759 3774 1812 3820 et
1837 3766 2085 3820 motione

491 3858 701 3928 capitis,
735 3865 894 3926 atque
937 3856 992 3909 in
1046 3855 1231 3908 fabula
1261 3863 1314 3908 et
1355 3854 1566 3908 cantico
1623 3862 1733 3908 tota
1792 3854 1902 3918 die,
1961 3869 2086 3908 cum

493 3953 696 4016 quanta
727 3944 904 4014 quiete
935 3959 966 3996 a
998 3942 1226 3997 tumultu
1255 3942 1664 4014 cogitationum,
1699 3942 1897 4012 quibus
1943 3957 2085 3996 nunc

491 4033 546 4084 in
567 4032 812 4086 diversas
841 4029 1187 4094 distenderis,
1240 4030 1505 4102 degebas,
1555 4031 1610 4084 in
1657 4030 1843 4100 primis
1891 4029 2085 4084 diebus

489 4119 708 4190 quando
738 4135 804 4174 ac
825 4119 1192 4189 episcOpatum
1222 4119 1441 4186 venisti,
1485 4135 1610 4174 cum
1667 4125 1868 4190 quanta
1925 4117 2084 4172 beni-

488 4207 696 4278 gnitate
725 4223 758 4262 a
783 4207 985 4262 domno
1003 4224 1134 4280 rege
1149 4207 1556 4277 suscipiebaris,
1578 4215 1780 4278 quanta
1798 4206 2084 4262 dulcedine

487 4311 610 4349 mea
641 4295 930 4362 fruebaris,
955 4304 1154 4366 quanta
1185 4296 1536 4350 unanimitate
1565 4311 1690 4351 cum
1720 4294 1978 4349 fratribus
2033 4301 2084 4348 et

489 4384 828 4456 coepiscopis
858 4385 1056 4442 nostris
1099 4385 1360 4450 utebaris,
1414 4401 1538 4441 cum
1584 4393 1788 4456 quanto
1834 4399 2023 4438 amore
2053 4398 2084 4436 a

2107 1751 2158 1810 B

2113 3100 2162 3160 Ο

2177 499 2411 570 agenda,
2445 515 2568 570 quae
2595 499 2748 554 multi
2777 499 2963 554 dicunt
2989 516 3024 554 a
3051 509 3102 554 te
3121 500 3284 554 etiam
3307 499 3520 554 iterata.
3540 501 3610 556 Et
3641 503 3782 557 sicut

2174 587 2265 640 illa
2296 603 2401 641 non
2429 587 2662 641 servasti
2699 603 2850 653 vera,
2898 604 3018 658 qua
3087 588 3246 642 toties
3305 596 3468 658 atque
3522 590 3786 660 tantisper

2175 675 2402 746 alligare
2431 674 2656 740 curasti,
2691 675 2782 745 qui
2813 674 3028 730 solebas
3059 675 3241 730 dicere
3273 684 3326 730 et
3349 676 3614 742 scribere,
3655 678 3787 748 quia

2174 763 2342 817 verba
2387 763 2686 817 sacerdotis
2732 771 2824 816 aut
2867 779 2998 818 vera
3046 773 3170 817 sunt
3225 772 3316 818 aut
3371 764 3664 835 sacrilega,
3717 765 3787 820 ita

2176 859 2300 905 sunt
2321 850 2670 905 nihilominus
2701 850 2838 904 falsa
2876 867 2995 921 qua
3025 851 3225 906 diceris
3255 869 3355 922 per
3385 852 3571 921 plures
3603 853 3788 908 disse-

2175 939 2402 1002 minare,
2435 939 2644 993 scilicet
2673 938 2796 1009 quia
2826 939 2958 992 nihil
2988 938 3136 994 aliud
3165 940 3460 994 adversum
3493 949 3544 995 te
3587 941 3790 1008 habeo,

2175 1027 2278 1080 nisi
2341 1027 2598 1097 quoniam
2655 1042 2762 1080 non
2821 1027 2903 1080 vis
2957 1028 3267 1082 consentire
3323 1037 3380 1081 ut
3435 1029 3600 1084 sedes
3647 1045 3790 1099 apo-

2178 1115 2366 1168 stolica
2414 1131 2564 1168 suam
2626 1122 2946 1184 potestatem
3007 1131 3114 1168 non
3175 1116 3386 1170 habeat.
3421 1119 3466 1170 Δ
3495 1117 3792 1186 temetipso

2177 1203 2321 1256 enim
2353 1203 2467 1257 haec
2498 1203 2655 1270 dicis,
2690 1211 2740 1257 et
2773 1219 2882 1258 non
2907 1202 2998 1256 alii
3021 1203 3114 1256 tibi
3147 1203 3400 1258 dixerunt
3447 1205 3518 1258 de
3545 1221 3654 1272 me,
3687 1220 3792 1260 nec

2177 1291 2412 1346 didicisti
2442 1307 2470 1344 a
2499 1307 2605 1359 me,
2639 1307 2740 1345 nec
2769 1291 2928 1344 etiam
2972 1291 3154 1344 didisti
3203 1292 3258 1344 in
3301 1307 3410 1357 me,
3451 1293 3542 1347 vel
3589 1293 3792 1347 audisti

2178 1395 2242 1432 ex
2271 1395 2358 1434 me
2392 1394 2404 1432 :
2430 1378 2526 1433 sed
2557 1387 2613 1432 tu
2644 1378 2930 1433 auxiliator
2945 1380 3212 1434 humanus
3236 1379 3382 1434 illam
3401 1395 3677 1434 summam
3699 1397 3795 1434 se-

2177 1465 2302 1520 dem
2331 1482 2442 1521 non
2469 1467 2668 1538 petitus
2698 1467 2823 1521 inde
2853 1467 3076 1535 adjuvas
3105 1468 3249 1522 unde
3277 1484 3308 1521 a
3338 1477 3392 1524 te
3439 1485 3498 1522 se
3545 1469 3796 1537 adjuvari

2177 1571 2284 1608 non
2304 1555 2482 1610 sentit.
2501 1557 2527 1608 J
2533 1571 2618 1608 am
2637 1571 2735 1624 per
2745 1571 3008 1609 annorum
3022 1555 3188 1608 millia
3205 1555 3368 1610 etiam
3387 1557 3442 1610 in
3456 1557 3794 1629 paganismo

2179 1643 2327 1696 orbis
2357 1652 2520 1712 caput
2549 1644 2805 1704 existens,
2839 1659 2941 1698 nec
2971 1659 3036 1698 ex
3083 1660 3190 1715 quo
3231 1645 3446 1699 Petrum
3503 1646 3796 1714 apostolo-

2181 1747 2296 1784 rum
2329 1731 2585 1800 Cepham,
2619 1731 2747 1802 quin
2790 1747 2950 1801 caput
3005 1732 3330 1802 principem,
3379 1733 3466 1787 cui
3521 1733 3799 1789 Dominus

2182 1819 2358 1873 dixit:
2399 1821 2544 1874 Tues
2588 1822 2790 1874 Petrus
2811 1823 2865 1874 et
2911 1837 3078 1890 super
3121 1820 3267 1876 hanc
3305 1825 3551 1892 petram,
3605 1821 3665 1875 id
3687 1831 3796 1890 est,

2181 1923 2344 1977 super
2372 1907 2513 1962 hanc
2545 1905 2754 1960 firmam
2801 1916 2852 1961 et
2898 1907 3130 1962 solidam
3177 1907 3302 1962 fidei
3359 1907 3792 1976 confessionem,

2183 2012 2342 2065 quam
2373 2003 2428 2048 tu
2461 2011 2521 2049 es
2559 1995 2864 2063 confessus,
2923 1996 3202 2064 aediﬁcabo
3253 1998 3566 2052 Ecclesium
3607 2015 3799 2054 meam

2185 2083 2404 2152 (Matth.
2450 2086 2615 2148 xw),-
2649 2092 2702 2138 et
2750 2100 2763 2138 :
2819 2085 2894 2138 Ac
2972 2089 3036 2138 tu
3115 2085 3420 2156 aliquando
3487 2102 3799 2143 conversus

2185 2173 2456 2248 conﬁrma
2515 2175 2727 2242 fratres
2771 2175 2896 2227 tuo:
2954 2172 3111 2242 (Luc.
3163 2175 3348 2240 XXII);
3381 2180 3434 2228 et
3487 2174 3546 2229 Si
3603 2176 3799 2248 diligis

2182 2277 2290 2326 me,
2343 2276 2510 2332 pasce
2555 2277 2678 2315 oves
2734 2277 2888 2315 meas
2936 2260 3120 2330 (Joan.
3169 2262 3295 2330 xx),
3357 2261 3616 2317 videlicet
3679 2281 3802 2334 qua

2184 2356 2306 2402 sunt
2331 2348 2386 2400 in
2413 2348 2668 2402 universo
2691 2349 2910 2414 mundo,
2945 2363 3388 2420 quaquaversum
3417 2365 3478 2404 se
3525 2351 3802 2407 catholica

2181 2434 2429 2490 diffundit
2451 2435 2718 2504 Ecclesia,
2742 2435 2867 2490 licet
2889 2452 2988 2506 per
3010 2445 3282 2490 terrarum
3303 2436 3497 2510 plagas
3515 2438 3796 2509 dispersa,

2184 2525 2284 2578 sud
2316 2541 2423 2578 uno
2444 2531 2622 2578 tamen
2659 2533 2877 2593 pastore
2907 2540 2970 2579 ac
2986 2533 3260 2594 pastorum
3281 2525 3529 2596 principe
3565 2527 3792 2584 Christo

2183 2611 2386 2665 unitate
2417 2609 2544 2666 fidei
2573 2611 2624 2664 in
2658 2611 2783 2666 ovili
2815 2627 2921 2666 uno
2951 2611 3228 2680 conclusa,
3263 2613 3544 2684 suscipere
3595 2616 3802 2670 meruit

2183 2699 2359 2768 prima
2377 2698 2557 2764 sedes,
2577 2706 2630 2753 et
2641 2701 2882 2754 omnium
2900 2699 3257 2755 ecclesiarum
3277 2700 3332 2753 in
3347 2709 3457 2756 toto
3473 2701 3614 2757 orbe
3634 2711 3806 2758 terra-

2183 2805 2302 2842 rum
2317 2797 2489 2842 mater
2501 2795 2660 2858 atque
2685 2787 2968 2859 magistra,
2987 2797 3276 2862 antequam
3293 2790 3406 2844 heri
3425 2806 3554 2845 sero
3569 2791 3663 2845 vel
3691 2807 3794 2846 nuo

2183 2876 2462 2930 diutertius
2491 2883 2634 2930 terra
2665 2883 2718 2930 te
2763 2877 3114 2948 germinaret,
3165 2885 3218 2930 et
3275 2885 3458 2932 uterus
3513 2889 3801 2935 maternus

2181 2965 2236 3018 in
2253 2965 2390 3018 hanc
2422 2964 2598 3019 lucem
2630 2964 2970 3034 produceret,
3003 2964 3203 3019 mansit
3231 2973 3286 3020 et
3315 2975 3622 3036 permanet.
3657 2969 3802 3024 Nam

2183 3068 2292 3106 non
2308 3067 2433 3124 ego,
2457 3053 2556 3106 sed
2576 3061 2630 3106 tu
2647 3052 2794 3106 illius
2811 3053 3064 3122 potestati
3084 3069 3150 3108 ac
3181 3053 3469 3124 privilegio
3519 3055 3803 3129 derogare

2183 3137 2406 3202 videris,
2442 3136 2532 3207 qui
2581 3137 2680 3190 Dei
2727 3136 3072 3200 ordinationi,
3116 3153 3277 3208 quam
3306 3153 3406 3209 per
3449 3154 3574 3194 eam
3604 3141 3802 3210 dispo-

2185 3226 2311 3290 suit,
2335 3233 2392 3279 ut
2413 3224 2544 3278 nulli
2562 3225 2790 3278 subesse
2809 3225 3277 3290 valeas,resistere
3297 3235 3454 3297 prout
3463 3237 3630 3298 potes
3645 3228 3802 3284 labo-

2185 3329 2292 3368 ras.
2310 3313 2631 3384 Quanquam
2649 3329 2757 3368 non
2769 3313 2932 3381 unde,
2949 3329 3050 3369 nec
3069 3313 3206 3369 sicut
3219 3330 3456 3370 canones
3467 3316 3641 3384 sacri,
3665 3333 3804 3390 quos

2182 3414 2278 3469 psa
2305 3405 2600 3452 veneratur
2627 3405 2679 3452 et
2707 3405 2901 3466 servat,
2935 3397 3295 3468 praecipiunt}
3328 3398 3426 3453 sed
3455 3415 3560 3469 pro
3621 3400 3792 3456 moti-

2183 3487 2284 3540 bus
2313 3485 2655 3556 incompositi
2684 3486 2848 3539 animi
2879 3485 2975 3554 tui,
3007 3486 3368 3557 undecunque
3397 3495 3452 3542 et
3471 3503 3579 3558 per
3595 3490 3804 3546 andro-

2183 3590 2281 3628 nas
2302 3574 2370 3628 de
2400 3575 2534 3628 hora
2562 3573 2618 3627 in
2646 3573 2835 3629 horam
2857 3573 3118 3644 appellas,
3152 3582 3205 3629 et
3234 3573 3395 3629 aliam
3425 3575 3602 3630 semel
3635 3577 3802 3632 etiam

2185 3671 2237 3718 et
2258 3662 2500 3718 secundo
2529 3661 2597 3716 ab
2640 3677 2706 3716 ea
2749 3661 2939 3716 litteris
2986 3671 3245 3718 evocatus
3285 3662 3434 3718 adire
3467 3664 3750 3721 detrectas
3789 3683 3804 3719 :

2184 3768 2306 3807 cum
2329 3767 2390 3806 ea
2421 3768 2540 3822 quae
2579 3751 2748 3816 voles,
2795 3759 2854 3805 et
2897 3765 2996 3821 pro
3051 3751 3250 3823 quibus
3311 3760 3365 3808 te
3420 3751 3573 3808 illam
3633 3753 3798 3827 ﬁngis

2183 3841 2508 3912 appellando
2555 3840 2728 3905 adire,
2789 3839 3031 3911 quolibet
3099 3841 3263 3897 modo
3339 3841 3485 3912 apud
3535 3843 3802 3898 domuum

2184 3945 2374 4000 regem
2405 3928 2636 3996 obtines,
2683 3943 2780 3998 pro
2819 3937 2966 3983 certo
3013 3929 3195 3984 sciens
3251 3929 3430 3985 adhuc
3483 3929 3557 3985 de
3617 3931 3802 3987 causis

2184 4017 2423 4090 regulari
2452 4017 2642 4072 ordine
2673 4032 2782 4071 non
2812 4025 2865 4073 te
2893 4016 3228 4088 compellari,
3253 4032 3356 4088 pro
3377 4016 3578 4088 quibus
3599 4019 3801 4090 appel-

2184 4106 2304 4160 lans
2333 4105 2388 4160 in
2419 4105 2648 4176 synodo,
2681 4120 2802 4160 cum
2826 4103 3188 4176 appellatione
3217 4113 3306 4159 tua
3329 4105 3494 4171 illam,
3521 4107 3804 4178 sicutipsa

2183 4209 2283 4265 per
2332 4209 2572 4248 canones
2627 4193 2888 4264 praecipit,
2941 4209 3100 4249 cures
3155 4193 3324 4248 adire.
3385 4195 3535 4249 Licet
3591 4195 3802 4268 absque

2189 4281 2498 4336 rationabili
2527 4282 2870 4346 necessitate,
2903 4289 3167 4352 quantum
3201 4297 3266 4336 ex
3293 4289 3344 4336 te
3373 4290 3610 4348 constat,
3661 4282 3802 4338 litte-

2184 4387 2273 4424 ras
2304 4370 2639 4426 evocationis
2669 4377 2773 4424 tuzn
2803 4369 3120 4435 obtinueris,
3159 4378 3216 4424 ut
3258 4369 3436 4439 ipsam
3481 4371 3722 4442 primam
3750 4379 3800 4428 et

486 4455 760 4540 Palatinis,
794 4483 844 4529 et
875 4474 944 4528 ab
975 4475 1093 4528 aliis
1119 4474 1276 4542 hujus
1302 4483 1460 4528 terrae
1507 4455 1818 4528 hominibus
1857 4471 2082 4527 'coleba-
2110 4455 2160 4514 D
2185 4467 2424 4514 8300mm
2452 4459 2638 4514 SGdem
2663 4458 2861 4512 adires-
2896 4459 3166 4513 Οωῑθΐῑιω
3193 4457 3312 4528 ipsa
3343 4457 3488 4512 unde
3541 4467 3598 4514 εἴ
3661 4459 3797 4514 Sicut

485 4562 582 4628 ris,
615 4578 738 4617 cum
768 4570 967 4633 quanta
996 4563 1194 4616 amoris
1223 4563 1528 4616 reverentia
1555 4578 1586 4616 a
1606 4562 1702 4616 tibi
1756 4559 2083 4624 commissis,

483 4650 584 4705 sed
614 4659 666 4705 et
695 4667 728 4705 a
757 4651 976 4714 nostris,
1013 4666 1047 4705 a
1097 4650 1295 4721 quibus
1335 4659 1388 4704 et
1433 4666 1556 4705 cum
1601 4650 1798 4720 quibus
1846 4658 1899 4703 et
1946 4649 2089 4704 inter

484 4755 622 4810 quos
651 4741 882 4794 nutritus
916 4739 1082 4805 fuisti,
1109 4738 1484 4804 venerabaris,
1505 4747 1796 4808 antequam
1822 4737 2087 4792 immode-

483 4837 633 4881 ratus
663 4844 818 4882 amor
868 4827 1053 4883 saeculi
1097 4827 1192 4881 tibi
1241 4827 1522 4898 irreperet,
1566 4835 1619 4882 et
1665 4843 1765 4897 per
1821 4827 2089 4897 quosdam

482 4915 804 4984 subriperet,
841 4926 891 4970 et
921 4917 988 4970 ad
1020 4933 1078 4972 se
1109 4925 1160 4971 te
1193 4924 1448 4987 raperet;
1484 4923 1536 4970 et
1585 4931 1710 4970 cum
1765 4924 1816 4969 te
1875 4923 2090 4986 raptum

482 5003 690 5069 habuit,
725 5003 852 5058 fecit
881 5007 1114 5059 mundus
1145 5005 1282 5060 sicut
1315 5006 1456 5060 solet
1487 5005 1666 5060 facere
1697 5003 1931 5058 mundus
1987 5004 2089 5057 im-

485 5091 739 5155 mundus,
773 5101 1000 5147 cunctos
1031 5109 1168 5164 quos
1197 5095 1406 5164 accepit
1437 5094 1671 5163 decepit,
1704 5101 1931 5148 cunctos
1963 5092 2088 5163 qui-

483 5181 586 5236 bus
619 5181 798 5236 arrisit
831 5181 1018 5247 irrisit,
1053 5189 1104 5236 et
1136 5182 1274 5237 sicut
1305 5200 1335 5236 a
1367 5183 1613 5252 plurimis
1645 5181 1858 5247 dicitur,
1908 5181 1977 5235 ad
2024 5195 2091 5236 ea

479 5279 532 5324 te
563 5279 756 5340 sponte
787 5269 980 5326 offerre
1011 5273 1242 5338 (tantum
1269 5280 1325 5325 ut
1349 5273 1450 5326 hoc
1481 5287 1584 5342 ego
1616 5271 1906 5336 nescirem,
1941 5269 2090 5324 nullo

481 5357 587 5410 nisi
615 5357 755 5414 forte
786 5359 1082 5429 cupiditate
1141 5367 1233 5414 aut
1289 5359 1533 5415 indebito
1579 5360 1774 5416 timore
1830 5366 2084 5430 cogente,

485 5459 650 5514 quem
669 5461 778 5500 non
794 5448 1026 5504 haberes
1047 5449 1094 5503 si
1111 5437 1494 5518 episcopaliter
1515 5447 1753 5520 viveres)
1777 5463 2088 5518 exsequen-

481 5529 554 5587 da
581 5533 852 5603 perduxit,
877 5553 998 5607 qua
1026 5535 1085 5592 in
1113 5543 1328 5592 tantum
1386 5536 1770 5603 detestabaris,
1819 5543 1878 5591 ut
1931 5543 2092 5591 antea

2187 4548 2335 4602 audit
2362 4547 2633 4602 rescribit.
2669 4547 2841 4601 Crede
2871 4547 3024 4612 mihi,
3079 4545 3242 4601 frater
3297 4561 3366 4602 ac
3417 4545 3532 4614 filii,
3593 4547 3642 4602 si
3703 4546 3800 4618 qui

2189 4645 2311 4690 sunt
2339 4636 2509 4708 quite
2541 4637 2828 4690 hortantur
2865 4636 2921 4690 in
2975 4636 3077 4690 hac
3135 4635 3451 4705 pertinacia,
3503 4651 3668 4706 quam
3715 4635 3802 4690 in-

2188 4725 2369 4780 debite
2399 4733 2450 4778 et
2480 4723 2596 4778 sine
2627 4723 2735 4778 ulla
2765 4724 3088 4779 necessitate
3118 4723 3484 4793 assumpsisti,
3517 4732 3570 4778 et
3603 4724 3660 4778 in
3697 4738 3804 4796 qua

2185 4829 2476 4884 permanes
2507 4811 2797 4882 pertinere,
2832 4829 2940 4868 non
2969 4828 3071 4883 pro
3105 4818 3196 4866 tua
3245 4811 3436 4877 salute,
3488 4827 3671 4883 neque
3701 4827 3802 4883 pro

2189 4909 2279 4955 tuo
2329 4901 2536 4955 honore
2581 4902 2685 4956 hoc
2737 4901 2957 4956 faciunt.
3003 4902 3069 4956 Et
3127 4915 3236 4954 non
3293 4900 3634 4970 episcopum,
3689 4915 3800 4955 non

2189 5005 2564 5061 quemcunque
2621 5005 2814 5044 sanum
2865 4990 3164 5060 sapientem
3225 4989 3495 5050 invenies,
3543 5005 3670 5043 cum
3736 4988 3806 5042 ad

2189 5087 2390 5132 certam
2457 5078 2726 5132 rationem
2775 5079 3012 5143 veneris,
3074 5079 3166 5150 qui
3225 5079 3321 5134 tibi
3377 5077 3685 5133 consentiat
3739 5076 3808 5131 ita

2189 5165 2495 5238 intelligere
2525 5167 2726 5220 debere
2758 5183 2941 5220 sacras
2974 5168 3217 5240 regulas,
3253 5167 3498 5222 sicuteas
3519 5165 3806 5235 interpre-

2189 5255 2337 5318 taris,
2373 5264 2425 5308 et
2454 5255 2519 5308 ab
2551 5255 2670 5307 aliis
2703 5255 2784 5308 vis
2817 5255 3069 5328 intelligi,
3103 5265 3159 5310 ut
3190 5255 3320 5310 nulli
3355 5255 3560 5308 debeas
3591 5253 3758 5308 suddi
3791 5269 3804 5306 :

2191 5343 2336 5415 quod
2358 5343 2450 5397 tibi
2481 5343 2723 5414 pressius
2753 5345 3164 5412 demonstrabo,
3201 5345 3244 5400 si
3268 5343 3618 5410 necessitate,
3661 5341 3808 5414 quod

2189 5431 2348 5496 absit,
2381 5441 2612 5504 cogente
2639 5448 2729 5487 me
2758 5433 2825 5486 ad
2855 5434 2959 5489 hoc
2989 5435 3108 5489 sine
3138 5450 3262 5490 mea
3291 5433 3572 5489 voluntate
3594 5445 3814 5502 compu-

2189 5529 2342 5586 leris.
2375 5529 2576 5602 Accipe
2605 5546 2738 5604 ergo
2765 5529 2987 5588 salubre
3024 5539 3081 5589 et
3109 5531 3401 5590 honestum
3428 5529 3529 5587 tibi
3568 5521 3808 5585 oblatum
