4020 6182
191 306 300 369 £57

192 524 315 579 illas
343 525 577 594 naenias,
614 525 743 595 quin
771 525 951 596 potius
980 528 1295 600 tragoedias,
1330 545 1452 600 quae
1496 530 1652 585 vadis
1700 547 1801 602 per

194 621 315 667 tuas
373 613 728 669 collectiones
773 621 826 677 et
872 614 1303 686 subscriptiones
1370 618 1796 689 interpretando,

193 702 327 755 mihi
357 702 607 768 ostende,
642 710 695 757 et
722 709 971 773 tempore
1018 719 1285 776 congruo,
1339 721 1464 761 cum
1507 708 1704 779 quibus
1747 716 1800 763 et

192 804 315 845 cum
346 790 569 861 quantis
598 790 837 845 volueris
866 791 935 845 de
966 790 1227 847 fratribus
1256 800 1309 848 et
1339 794 1682 867 coepiscopis
1710 812 1800 851 no-

193 878 338 943 stris,
375 878 477 933 sed
511 886 563 933 et
594 878 663 933 de
691 879 1069 934 communibus
1100 881 1302 935 nostris
1332 880 1600 949 fidelibus,
1649 882 1802 939 fami-

192 965 404 1021 liariter
429 965 551 1020 illas
581 966 846 1039 legamus,
880 976 932 1023 et
960 968 1301 1024 inveniamus
1330 969 1456 1025 inde
1486 971 1796 1041 consilium,

194 1054 434 1125 qualiter
461 1060 514 1109 et
545 1054 663 1109 sine
684 1062 777 1110 tuo
805 1055 1065 1126 periculo,
1113 1064 1166 1111 et
1214 1056 1332 1112 sine
1375 1059 1664 1130 approbrio
1704 1074 1799 1115 so-

192 1141 435 1212 piantur,
471 1141 595 1212 quia
622 1142 715 1197 illa
747 1151 835 1198 tua
864 1132 1219 1215 subscriptio,
1253 1144 1451 1200 divinas
1496 1146 1798 1203 auctorita-

191 1229 279 1293 tis,
315 1246 447 1301 quae
478 1246 580 1301 per
608 1231 824 1286 beatum
854 1232 1091 1288 Leonem
1121 1232 1269 1302 dicit,
1314 1234 1443 1305 quia
1488 1234 1544 1289 in
1592 1236 1795 1303 causis,

190 1309 314 1389 quae
344 1318 421 1372 ad
450 1319 765 1390 generalem
809 1321 1208 1376 observantiam
1244 1321 1510 1391 pertinent
1559 1323 1800 1378 omnium

190 1406 415 1462 Domini
464 1408 830 1473 sacerdotum,
881 1407 1015 1462 nihil
1054 1409 1171 1464 sine
1209 1409 1528 1480 primatibus
1586 1419 1801 1483 oportet

185 1494 431 1566 impleri,
479 1504 563 1551 est
610 1496 986 1552 contradictio.
1036 1497 1106 1551 Et
1146 1498 1192 1552 si
1241 1497 1296 1551 in
1323 1499 1679 1569 plurimorum
1713 1516 1802 1555 sa-

186 1583 441 1655 pientum
471 1583 722 1639 notitiam
776 1584 980 1655 perlata
1021 1584 1182 1640 fuerit
1220 1593 1311 1640 tua
1356 1587 1585 1653 derisio,
1644 1590 1798 1645 inci-

182 1674 369 1743 pient,
408 1672 585 1744 inquit
612 1673 898 1742 Dominus,
928 1689 1121 1729 omnes
1149 1674 1391 1730 illudere
1408 1677 1480 1739 ei,
1501 1676 1751 1732 dicentes
1780 1697 1797 1733 :

985 313 1227 372 OPUSC.
1276 316 1368 372 ΕΤ
1417 318 1634 374 EPIST.
1692 318 1765 373 IN
1821 318 2046 379 CAUSA
2094 325 2437 387 HINCMARI
2483 333 2790 391 LAUDUN.

196 436 511 535 consilium.
570 437 794 535 Deppne
833 437 1048 535 noxiam
1095 439 1190 495 tibi
1252 440 1673 508 animositatem,
1745 441 2161 517 etAsubjectis
2208 454 2499 512 intentaret
2540 459 2967 535 damnationem,

3384 350 3487 406 458

1934 478 2161 548 uujcuus
2208 478 2499 512 tntentaret
2540 478 2967 535 damnationem,
3021 481 3243 540 repente
3323 478 3491 537 fronti

1902 543 2060 608 signo
2090 543 2269 597 crucis
2299 543 2569 615 impresso
2601 564 2761 604 omne
2792 551 2847 607 in
2868 570 2927 609 se
2955 555 3267 618 incendium
3287 564 3490 625 furoris

1901 628 2265 699 exstinxisset,
2291 640 2343 687 et
2359 634 2536 689 minas
2551 636 2916 708 deposuisset.
2940 643 3007 698 Et
3026 646 3072 700 si
3086 647 3294 707 homini
3324 670 3494 714 smon-

1900 714 2002 769 lari
2031 725 2298 814 potestate
2327 723 2667 814 praeditosic
2696 728 2883 799 utique
2913 740 2995 786 est
3028 738 3324 809 agendum,
3361 744 3492 814 quid

1900 820 2001 860 nos
2021 805 2546 900 miserisacerdotes
2563 813 2616 867 in
2629 815 2836 883 judicio
2858 819 2958 874 Dei
2976 805 3243 894 dicemus,
3264 805 3493 900 quiloco

1902 894 2229 949 sacerdotali
2257 896 2512 966 devincti,
2536 918 2645 956 non
2661 912 2875 960 nostras
2897 908 3007 964 ullo
3023 912 3208 979 modo,
3228 894 3327 971 sed
3347 918 3492 975 divi-

1901 996 2002 1037 nas
2030 982 2258 1052 injurias
2287 1001 2412 1041 cum
2432 987 2805 1047 misericordia
2825 1002 2877 1049 et
2897 996 3229 1057 discretione
3248 1002 3304 1058 in
3325 1004 3486 1075 alios,

1902 1077 2109 1126 etcum
2157 1074 2446 1130 severitate
2490 1075 2546 1130 in
2592 1080 2977 1152 nosmetipsos,
3010 1086 3289 1147 vindicare
3316 1074 3493 1151 debee

1901 1175 2043 1225 mus,
2081 1160 2127 1216 si
2152 1161 2222 1215 ad
2253 1162 2707 1221 evindicationem
2738 1171 2913 1238 parati
2942 1188 3160 1246 semper
3188 1179 3491 1251 existimus,

1902 1247 2100 1318 quibus
2121 1249 2318 1305 dicitur
2352 1267 2365 1306 :
2390 1254 2711 1324 Benefacite
2740 1257 2828 1312 his
2857 1261 2954 1330 qui
2981 1261 3220 1320 oderunt
3249 1247 3493 1335 vos,non

1900 1336 2198 1393 reddentes
2229 1341 2449 1396 malum
2475 1357 2575 1411 pro
2597 1344 2745 1399 malo
2766 1343 2988 1414 (Matth.
3011 1350 3091 1420 v).
3114 1351 3389 1424 Scriptum
3410 1365 3494 1414 est

1902 1424 2047 1479 enim
2079 1444 2092 1480 :
2128 1427 2263 1483 Mihi
2276 1428 2604 1499 vindictam,
2628 1436 2788 1504 etego
2806 1437 3136 1508 retribuam,
3155 1441 3295 1497 dicit
3313 1445 3495 1513 Domi-

1900 1530 2011 1569 nus
2032 1532 2050 1568 :
2071 1515 2165 1569 sed
2183 1516 2234 1569 si
2271 1517 2537 1572 esurierit
2566 1520 2836 1576 inimicus
2859 1526 3012 1590 tuus,
3047 1526 3169 1582 ciba
3195 1528 3395 1599 illum;
3443 1535 3494 1590 si

1901 1601 2251 1671 sitit,potum
2265 1603 2337 1658 da
2356 1605 2450 1659 illi
2466 1603 2519 1674 (Ι
2540 1608 2691 1661 Petr.
2717 1622 2807 1674 tu;
2832 1610 2986 1665 Rom.
3002 1614 3129 1683 xu).
3150 1615 3219 1669 Et
3240 1615 3500 1675 Salomon

1902 1687 2032 1744 dicit
2057 1706 2069 1742 :
2094 1690 2285 1747 Melior
2305 1697 2388 1748 est
2401 1693 2625 1762 patiens
2647 1697 2763 1751 viro
2778 1699 2951 1766 forte,
2975 1703 3031 1755 et
3046 1704 3143 1773 qui
3166 1702 3496 1763 dominatur

189 1760 332 1827 Quia
356 1760 453 1816 hic
471 1760 635 1816 homo
655 1762 819 1833 cwpit
836 1762 1136 1831 cediﬁcare,
1157 1766 1212 1818 et
1222 1779 1336 1819 non
1349 1765 1799 1835 potuitconsum-

1902 1778 2095 1834 animo
2114 1795 2213 1834 suo
2230 1785 2617 1852 expugnatore
2647 1784 2869 1839 urbium
2902 1760 3088 1856 (Prov.
3140 1791 3284 1863 xvx).
3318 1794 3495 1850 Minor

186 1850 523 1919 mare(Luc.
549 1850 691 1919 xxv).
712 1848 852 1918 Quia
868 1850 1014 1905 enim
1034 1850 1166 1904 nihil
1187 1850 1265 1917 fit,
1287 1850 1391 1905 nisi
1412 1852 1558 1923 quod
1579 1861 1668 1908 aut
1688 1854 1798 1909 Do-

185 1937 368 1991 minus
391 1937 673 1992 voluntate
690 1937 832 2003 facit,
848 1946 939 1992 aut
953 1937 1071 1993 ﬁeri
1093 1945 1282 1994 contra
1298 1939 1629 1996 voluntatem
1642 1957 1799 1997 suam

187 2024 469 2080 interdum
493 2026 641 2094 juste
662 2026 942 2096 permittit,
967 2034 1020 2081 et
1048 2026 1186 2082 miro
1213 2027 1378 2082 modo
1406 2026 1482 2094 fit,
1538 2030 1663 2100 quia
1684 2030 1798 2099 ejus

187 2113 423 2183 consilio
455 2113 689 2168 militant
720 2114 881 2170 etiam
912 2131 1031 2186 quae
1062 2115 1177 2183 ejus
1211 2114 1440 2171 consilio
1470 2127 1795 2190 repugnant,

188 2203 234 2258 si
261 2202 526 2274 quaedam
542 2202 835 2274 aliquando
846 2219 1108 2274 perverse
1136 2219 1167 2259 a
1185 2206 1457 2275 perversis
1469 2206 1795 2277 obtinentur,

189 2290 275 2346 vel
302 2290 710 2358 evindicantur,
743 2300 835 2346 aut
864 2292 932 2347 ad
956 2307 1141 2347 eorum
1171 2293 1594 2363 damnationem,
1619 2303 1709 2350 aut
1731 2295 1801 2349 ad

191 2378 493 2435 electorum
526 2380 929 2451 purgationem,
963 2387 1054 2435 aut
1074 2380 1144 2434 ad
1164 2388 1452 2453 utrumque
1468 2378 1587 2436 ﬁeri
1608 2382 1801 2437 Domi-

190 2483 290 2521 nus
303 2469 458 2536 juste
470 2467 810 2539 permittit,et
832 2468 885 2523 in
908 2484 1007 2523 suo
1020 2476 1264 2540 tempore
1281 2484 1376 2524 eos
1393 2469 1661 2540 irridebit,
1677 2471 1803 2542 quia

194 2555 331 2610 sicut
364 2555 502 2611 item
542 2557 805 2627 scriptum
837 2564 955 2611 est:
997 2557 1356 2614 "lusionibus
1407 2559 1526 2629 ipse
1577 2558 1804 2615 deludet

195 2644 380 2714 (Prov.
422 2644 529 2713 ut).
574 2644 806 2715 Propter
840 2645 987 2717 quod
1030 2644 1315 2699 Psalmista
1363 2645 1565 2715 Spiritu
1615 2655 1804 2703 sancto

192 2731 455 2803 repletus,
484 2748 929 2803 unumquemque
940 2731 1158 2787 fidelem
1175 2733 1430 2788 admonet
1446 2733 1634 2789 dicens
1651 2751 1663 2788 ε
1679 2735 1806 2791 Noli

196 2821 465 2876 cumulari
484 2821 549 2875 in
571 2836 632 2876 eo
654 2823 749 2892 qui
766 2824 1133 2892 prosperatur
1156 2823 1217 2876 in
1243 2823 1332 2876 via
1353 2837 1475 2885 sua,
1501 2823 1562 2876 in
1581 2823 1805 2879 homine

193 2911 383 2979 facien
393 2914 448 2964 te
465 2911 527 2964 in
523 2910 809 2979 justitias,
829 2911 1090 2981 quoniam
1103 2910 1200 2981 qui
1210 2909 1606 2979 malignantur
1622 2915 1805 2966 exter-

1901 1872 1984 1919 est
2014 1882 2149 1939 ergo
2180 1866 2408 1924 victoria
2439 1869 2605 1925 urbes
2635 1887 2974 1944 expugnare,
3009 1877 3138 1947 quia
3168 1887 3322 1936 extra
3370 1891 3496 1938 sunt

1901 1970 2025 2025 quae
2054 1954 2347 2011 vincuntur
2379 1972 2392 2012 τ
2424 1958 2602 2027 majus
2632 1966 2815 2014 autem
2845 1969 2928 2015 est
2958 1964 3106 2033 quod
3135 1983 3233 2037 per
3278 1970 3493 2039 patien-

1899 2040 2032 2096 tiam
2061 2042 2312 2114 vincitur,
2344 2045 2472 2117 quia
2524 2046 2643 2117 ipse
2671 2062 2702 2101 a
2731 2063 2790 2103 se
2821 2048 3034 2105 animus
3077 2064 3387 2126 superatur,
3439 2066 3495 2113 et

1899 2130 2254 2201 semetipsum
2283 2133 2604 2205 sibimetipsi
2633 2136 2870 2205 subjicit,
2893 2142 3113 2208 quando
3130 2158 3255 2198 eum
3274 2143 3492 2214 patien-

1901 2218 1975 2273 tia
2005 2218 2063 2274 in
2092 2220 2393 2277 humilitate
2421 2222 2719 2280 tolerantia:
2766 2228 3082 2284 substernit.
3141 2232 3269 2299 Qui,
3316 2231 3492 2304 inquit

1903 2307 2218 2378 Apostolus,
2243 2315 2379 2365 sunt
2402 2312 2628 2377 Christi,
2646 2330 2877 2371 carnem
2887 2333 3052 2373 suam
3067 2320 3491 2388 cruci/ﬁxerunt

1902 2412 2032 2451 cum
2051 2398 2203 2453 vitiis
2224 2402 2283 2453 et
2300 2402 2772 2469 concupiscentiis
2792 2404 2937 2474 (Gal.
2962 2389 3043 2475 ν),
3063 2413 3121 2459 ut
3140 2421 3250 2462 non
3270 2405 3494 2463 soluma

1902 2499 2071 2554 pravo
2100 2501 2287 2557 opere,
2313 2486 2411 2542 sed
2432 2487 2597 2544 etiam
2616 2504 2648 2543 a
2669 2491 3111 2563 concupiscentia
3131 2495 3288 2566 pravi
3310 2495 3494 2567 operis

1902 2572 2168 2638 crucifixi,
2199 2590 2310 2629 non
2338 2590 2635 2647 sequamur
2680 2578 3093 2647 deliberatione,
3145 2581 3368 2638 minime
3389 2598 3494 2639 au-

1903 2667 2013 2715 tem
2042 2677 2227 2735 opere,
2264 2663 2411 2733 quod
2439 2680 2603 2735 prave
2635 2681 2668 2720 a
2708 2667 2868 2722 nobis
2921 2668 3344 2739 concupiscitur,
3406 2672 3495 2728 vel

1902 2747 1958 2803 in
2002 2757 2184 2804 mente
2232 2750 2565 2823 suggeritur,
2616 2752 2832 2809 Domini
2883 2755 3222 2812 incessanter
3250 2764 3499 2829 petentes

1902 2835 2268 2902 clementiam,
2302 2847 2362 2892 ut
2392 2839 2483 2909 qui
2513 2855 2614 2894 nos
2636 2840 2800 2909 jussit
2828 2842 3060 2916 vigilare
3105 2852 3157 2899 et
3199 2860 3381 2915 orare,
3440 2854 3500 2902 ut

1902 2939 2014 2980 non
2042 2924 2305 2981 intremus
2334 2925 2390 2980 in
2419 2927 2793 2995 tentationem,
2828 2946 2928 2985 sua
2957 2948 3058 2987 nos
3086 2932 3263 3005 gratia
3309 2942 3500 3004 prote-

193 2998 596 3052 minabuntur.
622 2997 730 3051 Et:
769 2997 887 3052 Vidi
924 2999 1166 3069 impium
1205 2998 1726 3069 superexaltatum,
1750 3005 1799 3055 et

1903 3020 2016 3083 gat,
2049 3029 2119 3068 ne
2149 3013 2474 3070 inducamur
2502 3015 2557 3071 in
2588 3017 2942 3074 tentationem
2968 3036 2981 3074 :
3016 3028 3069 3075 et
3088 2997 3145 3076 si
3166 3028 3222 3075 ut
3251 3021 3500 3077 homines

195 3087 482 3141 eleuatum
498 3102 670 3152 super
689 3086 880 3142 cedros
902 3087 1122 3142 Libani.
1152 3087 1426 3154 Transivi,
1450 3090 1506 3142 et
1527 3104 1652 3144 ecce
1684 3105 1799 3144 non
1829 3136 1880 3199 Ο
1903 3098 2161 3169 labimur,
2193 3102 2351 3157 cuius
2378 3103 2451 3158 ad
2505 3105 2881 3175 paenitentiam
2938 3108 3225 3164 redeamus
3282 3118 3341 3164 ut
3390 3126 3501 3166 non

201 3179 321 3199 ..-ι
378 3173 612 3199 _-._..'-..'
638 3189 756 3199 --.ω
812 3178 862 3199 ,ι
909 3191 1017 3199 μ-..
1045 3179 1123 3199 --Δ
1155 3174 1424 3199 1....ημι-.-
1478 3176 1626 3199 1---.-
1663 3179 1774 3199 -3---
2081 3197 2088 3199 _
2298 3198 2304 3199 ,
2437 3191 2447 3199 .
2917 3194 2950 3199 --
3296 3196 3308 3199 Α
3410 3198 3415 3199 ,

194 3179 337 3241 erat,
372 3173 612 3246 quasivi
631 3189 781 3241 eum,
806 3178 862 3229 et
905 3191 1021 3231 non
1037 3179 1123 3230 est
1155 3174 1424 3229 inventus
1473 3176 1626 3231 locus
1653 3179 1794 3249 ejus.

198 3262 433 3317 Custodi
481 3263 876 3318 innocentiam
906 3266 964 3318 et
992 3260 1114 3318 vide
1145 3263 1491 3334 aequitatem,
1533 3266 1799 3336 quoniam

194 3354 334 3406 sunt
362 3350 624 3423 reliquis:
652 3349 870 3406 homini
896 3352 1128 3421 paciﬁca
1168 3350 1283 3421 (Ps.
1317 3353 1545 3422 xxxvi).

778 3474 1002 3531 CAPUT
1033 3476 1225 3533 XLVI.

194 3562 269 3617 De
298 3560 528 3646 eoquod
572 3561 959 3646 gloriatique
1002 3564 1064 3619 in
1107 3566 1384 3646 omnibus,
1431 3582 1573 3646 quae
1600 3566 1799 3620 contra

226 3633 503 3705 quoslibet
514 3634 782 3704 suscepit,
797 3633 976 3703 fuisse
997 3651 1062 3690 ac
1083 3651 1305 3708 semper
1317 3633 1753 3706 fore—victorem.

264 3720 401 3789 Quae
453 3719 665 3775 idcirco
712 3720 855 3786 dico,
903 3722 1028 3793 quia
1071 3722 1210 3779 sicut
1256 3739 1290 3777 a
1327 3721 1575 3794 pluribus
1616 3721 1796 3787 audio,

194 3823 289 3878 per
311 3807 616 3863 vanitatem
648 3814 698 3862 te
721 3806 959 3877 jactitas,
1012 3810 1268 3881 quoniam
1317 3825 1653 3883 quaecunque
1710 3809 1799 3863 in-

196 3895 406 3967 cepisti,
442 3903 540 3951 aut
566 3904 753 3951 contra
783 3912 991 3967 regem,
1023 3906 1115 3954 aut
1143 3907 1329 3955 contra
1357 3914 1466 3965 me,
1498 3906 1587 3952 aut
1608 3905 1800 3953 contra

198 4000 559 4055 quoscunque
584 3991 817 4051 tuorum,
850 3984 964 4040 sive
992 3985 1245 4053 clericos,
1296 3987 1411 4043 sive
1456 3985 1645 4051 laicos,
1707 3984 1800 4056 qui

199 4080 385 4127 contra
419 4081 571 4126 tuam
602 4071 928 4127 voluntatem
960 4072 1227 4141 fecerunt,
1259 4074 1346 4130 vel
1377 4081 1569 4130 contra
1592 4072 1799 4128 vicinos

199 4165 330 4229 tuos,
346 4160 444 4231 qui
458 4170 520 4215 Se
536 4166 724 4215 contra
738 4168 790 4215 te
803 4170 1113 4228 erexerunt,
1130 4170 1299 4217 totum
1316 4178 1380 4217 ex
1394 4170 1549 4234 parte
1562 4160 1799 4216 maxima

200 4261 417 4319 semper
441 4247 677 4311 evicisti,
712 4255 764 4303 et
795 4248 939 4319 quod
970 4249 1150 4305 adhuc
1179 4259 1349 4307 restat
1380 4249 1619 4305 evinces.
1645 4247 1799 4305 Unde

198 4340 320 4391 tunc
350 4344 516 4406 potes
546 4336 602 4390 in
632 4336 865 4391 Domino
903 4344 954 4391 te
994 4337 1215 4410 gloriari
1264 4338 1541 4403 victorem,
1608 4338 1653 4392 si
1701 4353 1801 4408 per

196 4422 575 4479 rectitudinem
608 4424 781 4479 vincis
812 4441 1091 4492 errorem;
1126 4426 1171 4481 si
1200 4434 1381 4482 autem
1409 4425 1477 4481 de
1509 4441 1698 4481 errore
1715 4441 1801 4480 er-

196 4526 396 4579 rorem,
432 4520 527 4568 aut
560 4512 736 4568 vincis
763 4513 1139 4569 rectitudinem
1170 4531 1270 4585 per
1302 4530 1563 4577 errorem,
1586 4530 1693 4569 non
1743 4521 1797 4568 te

194 4609 343 4669 potes
356 4601 587 4674 gloriari
606 4600 867 4657 victorem
877 4646 889 4668 ,
905 4602 1000 4658 sed
1013 4603 1183 4658 debes
1196 4603 1328 4658 ﬂere
1346 4602 1730 4659 miserabiliter
1749 4610 1799 4657 te

198 4688 393 4744 victum
408 4703 621 4755 errore,
642 4696 696 4744 et
717 4690 762 4743 si
784 4689 853 4743 ita
870 4705 978 4745 non
997 4690 1165 4761 sapis,
1180 4690 1412 4761 insipide
1428 4689 1633 4762 desipis
1648 4733 1660 4760 ,
1674 4689 1801 4761 quia

198 4777 337 4831 unde
366 4776 576 4831 tristari
608 4785 663 4832 et
695 4777 829 4832 flere
859 4778 1149 4844 debueras,
1185 4777 1311 4833 inde
1344 4778 1590 4848 jactaris.
1652 4778 1799 4833 Gra-

197 4864 348 4920 viore
380 4866 533 4921 enim
591 4875 720 4922 sunt
774 4865 1010 4922 vindicta
1066 4865 1357 4936 plectendi,
1415 4866 1505 4938 qui
1560 4866 1799 4939 gaudent

200 4953 359 5008 etiam
402 4954 459 5008 in
509 4952 747 5020 delictis,
799 4963 852 5009 et
896 4954 1147 5010 laetantur
1192 4970 1314 5010 cum
1363 4955 1505 5010 male
1552 4953 1797 5020 fecerint,

198 5050 253 5096 et
280 5043 557 5097 exsultant
602 5041 658 5096 in
689 5042 851 5097 rebus
893 5042 1167 5114 pessimis.
1219 5043 1286 5098 Et
1328 5043 1550 5114 quidam
1582 5042 1801 5113 sapiens

198 5129 326 5186 dicit
360 5147 375 5184 :
404 5131 514 5198 Qui
547 5146 770 5203 semper
798 5132 976 5187 vincit
1008 5148 1123 5188 non
1153 5147 1373 5204 semper
1416 5130 1554 5187 bene
1600 5132 1798 5187 vincit.

199 5216 429 5286 Quando
488 5218 639 5273 enim
691 5218 850 5273 nobis
908 5218 1159 5273 diabolus
1214 5218 1468 5275 vincendi
1523 5217 1803 5273 libidinem

197 5307 464 5379 suggerit,
498 5305 765 5362 debemus
795 5306 1070 5363 recordari
1092 5307 1373 5363 sententia:
1394 5307 1533 5362 beati
1551 5305 1804 5378 Gregorii

198 5393 257 5448 in
284 5394 524 5465 capitulo
554 5395 769 5450 decimo
799 5395 957 5464 hujus
987 5393 1234 5466 opusculi
1263 5410 1426 5466 supra
1454 5395 1673 5465 positae,
1697 5410 1805 5465 qua

198 5482 333 5537 dicit
374 5498 527 5554 saepe
586 5498 647 5539 se
704 5482 929 5551 vidisse,
991 5483 1137 5556 quod
1192 5499 1314 5538 cum
1371 5498 1430 5539 se
1488 5481 1559 5537 ad
1600 5480 1803 5537 ferien-

195 5570 334 5627 dum
380 5570 628 5644 graviter
682 5571 1019 5641 rhinoceros,
1079 5571 1136 5626 id
1188 5581 1270 5627 est
1318 5569 1610 5642 temporali
1641 5576 1801 5641 pote-

199 5666 343 5715 state
396 5659 565 5716 fultus
621 5659 966 5727 accenderet,
1026 5665 1079 5716 et
1134 5658 1289 5732 quasi
1348 5658 1561 5716 elevato
1630 5671 1804 5714 cornu

536 5761 782 5818 Panos.
816 5760 1059 5818 CXXVI.

1900 3197 2095 3261 regnet
2122 3198 2405 3259 peccatum
2435 3191 2490 3245 in
2518 3200 2708 3250 nostro
2738 3194 2953 3249 mortali
2983 3212 3215 3267 corpore
3245 3196 3314 3252 ad
3368 3198 3502 3254 obe-

1898 3275 2160 3333 diendum
2187 3278 2475 3334 desideriis
2508 3280 2626 3348 ejus
2658 3299 2672 3345 ;
2706 3282 2795 3336 cui
2846 3281 3101 3339 videlicet
3145 3292 3390 3354 peccato,
3448 3286 3497 3339 si

1900 3362 2093 3419 tollere
2123 3380 2233 3421 non
2262 3382 2576 3436 possumus,
2610 3376 2667 3422 ut
2696 3384 2806 3423 non
2836 3369 2905 3424 sit
2933 3369 2988 3424 in
3037 3371 3198 3426 nobis
3243 3371 3505 3427 tollamus

1898 3460 2082 3507 tamen
2113 3469 2214 3523 per
2241 3454 2341 3509 Dei
2367 3454 2699 3522 adjutorium
2717 3455 2795 3510 illi
2815 3472 3063 3527 regnum,
3088 3474 3158 3513 ne
3194 3458 3502 3515 dominetur

1898 3540 2092 3596 nostri.
2126 3542 2362 3596 Maxima
2410 3542 2610 3613 quippe
2658 3542 2952 3599 infelicitas
2998 3552 3082 3600 est
3132 3544 3383 3612 hominis,
3437 3545 3495 3602 in

1898 3628 2042 3683 malo
2072 3644 2171 3684 suo
2207 3629 2525 3699 prosperari
2574 3629 2825 3685 feliciter.
2876 3631 3154 3703 Scriptum
3185 3640 3269 3688 est
3297 3633 3451 3689 enim
3483 3652 3496 3689 :

1904 3717 2031 3771 Tria
2051 3720 2189 3772 sunt
2210 3733 2331 3789 qua
2346 3717 2482 3773 bene
2500 3718 2868 3788 gradiuntur,
2892 3723 2949 3774 et
2965 3724 3234 3791 quartum
3248 3721 3393 3794 quod
3408 3724 3501 3777 in-

1899 3803 2048 3859 cedit
2075 3804 2325 3874 feliciter
2355 3804 2537 3873 (Prov.
2564 3805 2827 3877 xxxvm).
2860 3806 2985 3862 Non
3003 3807 3150 3862 enim
3171 3824 3333 3864 omne
3354 3808 3503 3881 quod

1898 3890 2146 3955 feliciter,
2182 3893 2320 3947 bene
2352 3910 2366 3945 :
2399 3908 2502 3948 nec
2530 3908 2691 3949 omne
2722 3894 2869 3965 quod
2899 3894 3059 3961 bene,
3082 3894 3334 3952 feliciter.
3367 3896 3507 3951 Feli-

1900 3979 2038 4035 citer
2090 3979 2237 4035 enim
2295 3996 2513 4051 semper
2571 3980 2847 4049 incedere,
2904 3981 3015 4038 ﬁlio
3070 3983 3392 4055 perditionis
3423 3992 3507 4040 est

1899 4067 2203 4138 pr0prium.
2240 4090 2261 4119 ι
2300 4068 2533 4125 Grandis
2562 4085 2799 4140 namque
2830 4070 3039 4126 oﬂ'ensa
3068 4080 3170 4140 est,
3204 4081 3262 4128 ut
3308 4073 3505 4127 Hiero-

1899 4171 2097 4225 nymus
2127 4156 2277 4222 dicit,
2328 4165 2622 4229 postquam
2663 4159 3004 4229 peccaveris,
3056 4159 3198 4214 iram
3245 4160 3346 4215 Dei
3392 4175 3503 4216 non

1900 4244 2122 4299 mereri.
2162 4264 2183 4294 ι
2218 4244 2287 4299 Ει
2317 4253 2541 4301 sanctus
2573 4246 2878 4318 Gregorius
2913 4264 2926 4299 :
2965 4268 2988 4297 ε
3022 4246 3265 4301 Necesse
3314 4255 3396 4303 est
3442 4255 3503 4303 ut

1900 4340 2193 4403 peccantes
2222 4348 2469 4404 quosque
2498 4341 2625 4387 tunc
2654 4333 3065 4388 consideremus
3108 4332 3344 4403 amplius
3390 4332 3500 4388 mi-

1901 4435 2054 4476 seros
2082 4435 2224 4487 esse,
2259 4420 2478 4489 quando
2509 4435 2604 4475 eos
2618 4419 2985 4490 conspicimus
3003 4421 3061 4475 in
3077 4420 3238 4490 culpa
3265 4434 3365 4475 sua
3383 4419 3500 4474 sine

1902 4507 2122 4580 ﬂagello
2150 4506 2460 4563 derelictos.
2498 4499 2535 4557 ἶ
2570 4508 2707 4563 Hinc
2755 4508 2957 4562 etenim
3002 4524 3104 4579 per
3153 4506 3503 4562 Salomonem

1898 4596 2097 4652 dicitur
2130 4614 2141 4649 :
2166 4596 2391 4651 Aversio
2417 4596 2786 4665 parvulorum
2807 4596 3117 4666 interﬁciet
3140 4612 3251 4660 eos,
3272 4598 3330 4650 et
3365 4610 3499 4665 pro-

1900 4686 2139 4754 speritas
2161 4685 2470 4740 stultorum
2490 4684 2690 4753 perdet
2708 4685 2835 4739 illos
2859 4684 3023 4755 (Prov
3061 4686 3121 4753 ι).
3155 4681 3260 4750 Qui
3289 4682 3437 4738 enim
3467 4696 3502 4737 a

1901 4780 2017 4835 Deo
2060 4778 2322 4836 avertitur
2370 4787 2424 4834 et
2460 4786 2839 4851 prosperatur,
2894 4787 3043 4835 tanto
3083 4776 3372 4848 perditioni
3442 4776 3510 4837 ﬁt

1899 4875 2201 4947 proximus,
2235 4882 2441 4946 quanto
2465 4875 2581 4930 zelo
2610 4873 2911 4944 disciplinae
2960 4872 3231 4929 invenitur
3251 4873 3465 4928 alienus
3489 4890 3503 4927 :

1902 4990 2011 5046 quo
2039 4983 2231 5031 contra
2260 4973 2548 5029 Psalmista
2568 4973 2637 5027 de
2660 4971 2867 5040 Moyse,
2898 4977 2950 5025 et
2964 4973 3163 5037 Aaron,
3182 4978 3237 5025 et
3249 4969 3506 5027 Samuele

1904 5070 2062 5127 dicit:
2090 5071 2230 5139 Quia
2246 5069 2582 5126 invocabant
2601 5067 2931 5130 Dominum,
2954 5069 3010 5121 et
3028 5065 3147 5135 ipse
3165 5066 3507 5121 exaudiebat

1903 5170 2052 5234 illos,
2072 5168 2133 5222 in
2155 5168 2419 5222 columna
2440 5164 2603 5219 nubis
2620 5160 2949 5232 loquebatur
2963 5162 3038 5218 ad
3069 5177 3179 5218 eos.
3218 5160 3505 5217 Custodie-

1906 5264 2041 5320 bant
2070 5264 2400 5319 testimonia
2429 5262 2569 5331 ejus,
2603 5261 2661 5312 et
2688 5262 3033 5331 praeceptum
3049 5258 3193 5330 quod
3212 5257 3367 5312 dedit
3382 5256 3507 5311 illis

1906 5360 2079 5432 (Psal.
2112 5362 2343 5426 xcvm);
2378 5363 2431 5411 et
2459 5368 2613 5409 more
2654 5354 2974 5425 prophetico
3022 5368 3324 5409 conversus
3370 5366 3507 5407 mox

1908 5457 1979 5513 ad
2003 5454 2294 5513 Dominum
2313 5451 2447 5509 dicit
2470 5468 2483 5505 :
2507 5452 2743 5507 Domine
2766 5453 2909 5506 Deus
2930 5453 3145 5518 noster,
3168 5452 3232 5504 tu
3259 5445 3509 5504 exaudie

1907 5554 2001 5610 bas
2022 5569 2110 5610 eos
2133 5572 2149 5607 :
2172 5552 2334 5617 Deus,
2358 5550 2423 5605 tu
2437 5548 2717 5621 propitius
2738 5546 2907 5617 fuisti
2924 5546 3027 5611 eis,
3052 5549 3108 5599 et
3129 5545 3409 5601 ulciscens
3445 5546 3511 5600 in

1908 5666 2100 5713 omnes
2131 5645 2566 5705 adinventiones
2578 5659 2794 5701 eorum.
2814 5639 3133 5713 PrOpitiatio
3164 5639 3364 5713 quippe
3390 5639 3515 5706 Dei,

3016 5750 3081 5801 15
