4054 6180
479 277 584 338 459

479 413 562 460 est
591 402 992 473 delinquentem
1021 397 1312 468 corripere.
1346 396 1482 449 Cum
1503 392 1851 464 judicamur,
1871 384 2062 454 inquit,

480 511 516 550 α
535 493 769 548 Domino
785 489 1142 560 corripitmur,
1163 489 1228 540 ut
1241 500 1354 539 non
1367 499 1497 537 cum
1511 481 1609 535 hoc
1622 477 1830 532 mundo
1843 474 2072 529 damne-

481 579 680 649 τηαν-(Ι
697 579 817 633 Cor.
853 576 1034 646 x1);et
1067 591 1079 626 :
1121 574 1225 641 Qui
1251 573 1314 626 in
1337 571 1490 626 bonis
1517 568 1735 622 ducunt
1771 565 1888 618 dies
1922 577 2069 624 suos,

477 675 538 724 ut
557 648 818 736 scriptum
835 671 936 728 est,
959 663 1020 716 in
1032 665 1242 734 puncto
1255 659 1324 712 ad
1335 659 1568 730 inferna
1581 651 1931 709 descendunt
1957 650 1976 717 ζ
1981 648 2073 702 Job

480 756 628 827 xxx).
653 754 790 808 Hinc
821 751 964 806 enim
991 748 1279 803 Psalmista
1309 746 1377 800 de
1395 743 1628 799 Domino
1648 741 1778 796 dicit
1804 756 1816 792 :
1847 737 2072 792 Immis-

481 846 666 901 siones
687 857 787 914 per
815 839 1039 910 angelos
1059 839 1257 900 malos,
1277 835 1426 890 viam
1438 833 1576 904 fecit
1599 830 1815 884 semita:
1829 827 1929 881 ira:
1958 840 2075 878 sua:

483 932 656 1001 (Psal.
676 911 916 996 nxxvn).
951 926 1058 980 Cor
1090 924 1290 996 quippe
1319 921 1583 975 Dominus
1613 913 1886 987 prioribus
1915 911 2076 1001 meri-

485 999 554 1074 tis
585 1023 947 1090 aggravatum
975 1013 1117 1081 juste
1145 1009 1405 1081 permittit
1436 1007 1598 1061 etiam
1617 999 2076 1071 subsequentibus

483 1087 852 1178 malignorum
893 1102 1178 1172 spirituum
1219 1093 1664 1168 persuasionibus
1711 1089 1868 1178 falli:
1931 1087 2077 1157 quod

481 1211 607 1252 cum
627 1176 802 1265 digne
831 1191 886 1245 in
917 1189 1134 1258 culpam
1163 1185 1407 1248 trahitur,
1441 1191 1625 1234 reatus
1656 1180 1772 1248 ejus
1817 1176 1872 1230 in
1915 1189 2076 1246 poena

481 1264 807 1339 cumulatur.
845 1277 999 1332 Unde
1041 1283 1094 1329 et
1122 1275 1219 1328 irae
1268 1288 1381 1326 suae
1411 1269 1645 1324 Domino
1696 1266 1842 1321 viam
1895 1264 2076 1319 facere

481 1379 580 1436 est,
615 1371 670 1423 in
700 1383 814 1430 eos,
847 1365 940 1435 qui
965 1362 1159 1433 punire
1189 1361 1247 1414 in
1279 1376 1337 1414 se
1368 1373 1565 1414 causas
1587 1363 1734 1410 recte
1761 1353 2072 1416 noluerunt,

479 1457 719 1514 districte
743 1451 1038 1521 judicando
1059 1449 1288 1503 dilatare
1318 1465 1330 1501 :
1368 1453 1425 1500 ut
1455 1445 1546 1516 qui
1591 1441 1880 1498 illuminati
1909 1454 2078 1510 agere

480 1553 631 1600 recta
657 1542 963 1604 noluerunt,
993 1539 1137 1606 juste
1169 1536 1356 1592 caecati
1378 1535 1556 1588 adhuc
1581 1531 1780 1586 faciant
1797 1528 1939 1583 unde
1962 1543 2078 1582 am-

479 1631 622 1704 plius
652 1628 829 1701 puniri
857 1635 1186 1690 mereantur,
1221 1625 1290 1678 de
1322 1623 1520 1694 quibus
1550 1620 1681 1675 dicit
1719 1616 2014 1689 Apostolus
2063 1634 2076 1670 :

1367 265 1710 325 HINCMARI
1733 255 2132 320 RHEMENSIS
2189 249 2738 310 ARCHIEPISCOPL

1513 392 1851 447 iudicamur,
1871 384 2062 447 inquit,
2097 379 2150 439 A
2172 378 2317 444 disti,
2349 386 2406 432 ut
2425 375 2760 447 perniciosas
2782 365 3402 428 excommunicationum
3429 357 3760 415 maledictio-

3660 237 3762 288 £60

2169 484 2270 523 nes
2297 466 2353 520 in
2383 481 2478 520 eos
2509 463 2670 519 etiam
2700 461 2791 533 qui
2841 474 2973 531 erga
3014 465 3067 512 te
3107 471 3215 510 non
3257 451 3760 520 indepeccaverunt

2174 570 2429 610 exereres
2458 570 2471 607 :
2505 551 2663 624 quasi
2691 565 2799 603 non
2829 548 2884 602 iu
2913 556 2984 612 te,
3019 544 3118 599 sed
3175 543 3230 597 in
3269 541 3421 595 illum
3450 538 3569 608 ipsa
3610 533 3760 604 peri-

2173 644 2312 713 cula,
2346 657 2466 713 qua)
2492 623 2560 694 de
2607 638 2816 694 eisdem
2861 631 3336 690 maledictionibus
3385 623 3758 685 imminebant,

2173 711 2556 787 redundarent.
2613 725 2716 796 Qui
2761 733 2812 780 te
2853 724 2922 780 ad
2967 723 3071 777 hoc
3117 715 3428 791 prevocavit
3473 720 3532 768 ut
3587 711 3764 764 taliter

2173 819 2405 874 innoxiis
2433 815 2809 882 malediceres,
2861 828 2984 868 cum
3031 810 3100 864 de
3139 807 3224 862 his
3270 804 3360 876 qui
3407 818 3518 857 non
3559 797 3763 870 judicio

2169 907 2408 976 justitiae,
2486 904 2582 959 sed
2650 903 2822 958 livore
2876 897 3130 956 vindicta:
3197 891 3542 956 maledicunt,
3621 886 3767 941 dicat

2175 994 2464 1066 Apostolus
2498 1011 2510 1046 :
2538 993 2719 1063 Neque
2741 988 3007 1046 maledici
3026 1001 3264 1057 regnum
3283 983 3380 1037 Dei
3405 976 3768 1052 possidebunt

2177 1085 2230 1152 (Ι
2249 1084 2367 1138 Cor.
2395 1083 2492 1152 xv).
2519 1081 2585 1134 Et
2627 1081 2732 1134 hoc
2789 1083 3074 1148 peccatum
3114 1070 3312 1128 exstitit
3355 1082 3517 1140 pmna
3551 1078 3766 1136 praece-

2177 1171 2353 1226 dentis
2383 1167 2737 1226 contumacia:
2765 1163 3048 1220 insolentis
3077 1159 3304 1232 peccati,
3339 1165 3390 1212 et
3403 1169 3571 1212 causa
3593 1152 3768 1207 adhuc

2179 1257 2556 1330 subsequentis
2586 1255 2794 1327 peccati
2854 1252 3020 1324 :quia
3059 1267 3180 1305 cum
3227 1245 3444 1302 voluisti
3487 1249 3769 1298 ostentare

2177 1348 2309 1402 nihil
2339 1355 2391 1401 te
2422 1352 2609 1402 contra
2637 1343 2895 1398 rationem
2942 1341 2998 1394 in
3045 1339 3165 1410 ipsa
3207 1330 3770 1392 excommunicationc

2177 1435 2452 1508 parochias
2481 1443 2586 1488 tua:
2619 1432 2836 1496 fecisse,
2884 1438 2936 1486 et
2963 1425 3348 1483 verecundiam
3381 1417 3774 1478 irrationabilis

2177 1524 2305 1580 facti
2336 1531 2446 1577 ate
2477 1520 2770 1592 depellere,
2805 1527 2856 1574 et
2912 1533 3022 1572 non
3083 1530 3205 1570 esse
3253 1513 3329 1567 ita
3384 1519 3438 1566 te
3494 1508 3773 1564 subditum

2178 1611 2602 1682 Metropolitanze
2647 1605 2972 1680 praelationi,
3021 1612 3079 1658 ut
3126 1618 3234 1658 non
3282 1601 3450 1656 licere
3505 1595 3775 1669 quidquid

487 1686 553 1776 lJt
571 1686 850 1790 impleant
869 1719 1100 1788 peccata
1118 1686 1221 1768 sua
1239 1686 1458 1783 semper
1480 1711 1528 1780 (Ι
1548 1711 1730 1764 Thess.
1757 1686 1838 1777 1—1).
1863 1704 2074 1760 Ethinc
2105 1727 2156 1786 B
2177 1700 2344 1756 velles
2372 1700 2428 1752 in
2479 1697 2744 1769 parochia
2797 1703 2890 1750 tua
2943 1693 3058 1748 sine
3115 1706 3239 1746 meo
3298 1686 3548 1744 consultu
3606 1699 3776 1781 agere

481 1823 614 1862 voce
643 1804 822 1878 angeli
853 1805 922 1859 ad
952 1803 1219 1857 Joannem
1248 1800 1446 1854 dicitur
1482 1817 1499 1852 :
1527 1799 1630 1865 Qui
1651 1799 1833 1860 nocet,
1875 1797 2076 1849 noceat

481 1895 684 1960 adhuc,
717 1897 774 1948 et
790 1894 888 1964 qui
904 1894 967 1947 in
979 1891 1230 1948 sordibus
1253 1892 1356 1956 est,
1377 1887 1660 1942 sordescat
1679 1885 1860 1938 adhuc
1880 1879 2073 1953 (Apoc.

482 1983 648 2052 χχιι).
675 1981 744 2035 Et
761 1980 886 2036 hinc
903 1978 1078 2035 David
1095 1976 1224 2032 dicit
1248 1993 1260 2031 :
1281 1977 1501 2048 Appone
1524 1973 1889 2044 iniquitatem
1908 1985 2079 2041 super

481 2071 845 2142 iniquitatem
867 2083 1079 2132 eorum,
1101 2069 1157 2121 et
1175 2081 1290 2120 non
1307 2066 1368 2118 in
1378 2066 1530 2118 trent
1542 2063 1602 2116 in
1611 2062 1708 2132 jus
1717 2061 1904 2114 titiam
1919 2061 2078 2112 tuam

481 2159 654 2229 (Psal.
687 2155 904 2226 vam).
941 2155 1008 2209 Et
1037 2153 1162 2208 hinc
1191 2169 1292 2223 per
1321 2151 1546 2220 Moysen
1560 2147 1755 2203 dicitur
1781 2165 1792 2199 :
1817 2145 2078 2201 Nondum

483 2247 759 2317 completa
770 2248 906 2300 sunt
913 2246 1144 2314 peccata
1157 2241 1610 2295 Amorrhworum
1623 2236 1786 2306 (Gen.
1800 2235 1924 2298 xv).
1941 2233 2080 2288 Hinc

482 2349 580 2404 per
600 2332 850 2388 eumdem
867 2329 1130 2385 Dominus
1152 2329 1278 2383 dicit
1299 2345 1312 2381 :
1339 2329 1530 2382 Nonne
1550 2325 1664 2380 haec
1681 2323 1909 2379 condita
1944 2325 2080 2376 sunt

483 2421 634 2494 apud
654 2435 762 2486 me,
784 2423 840 2474 et
854 2419 1080 2488 sig-nata
1097 2417 1156 2470 in
1174 2417 1453 2470 thesauris
1465 2413 1605 2468 meis
1625 2414 1723 2468 ?In
1735 2413 1824 2466 die
1841 2410 2078 2466 ultionis

485 2508 716 2563 reddam
744 2507 824 2562 eis
837 2506 1024 2577 (Deut.
1045 2505 1254 2572 xxx").
1280 2505 1348 2556 Et
1377 2501 1504 2572 quia
1535 2517 1727 2555 eorum
1751 2499 1897 2553 mala
1945 2513 2078 2552 nar-

485 2595 645 2661 ravit,
675 2593 821 2650 illico
851 2593 1119 2661 adjunxit:
1143 2593 1208 2646 In
1243 2595 1488 2662 tempore
1519 2605 1624 2661 quo
1669 2591 1861 2660 lapsus
1899 2587 2080 2657 fuerit

482 2699 581 2755 pes
611 2699 823 2738 eorum.
843 2682 986 2736 Ecce
1017 2678 1360 2734 atrocissima
1381 2685 1606 2748 peccata
1627 2675 1847 2730 illorum
1872 2673 2084 2729 descri-

481 2771 702 2836 buntur,
736 2778 790 2825 et
817 2777 1000 2824 tamen
1031 2767 1100 2822 ad
1132 2766 1351 2821 ultionis
1365 2765 1510 2819 diem
1535 2765 1715 2819 adhuc
1737 2763 2080 2833 subsequens

491 2859 678 2930 lapsus
704 2857 984 2928 aspicitur,
1021 2871 1129 2926 quo
1161 2870 1349 2910 eorum
1372 2853 1548 2922 culpae
1579 2851 1944 2908 cumulentur.
1979 2849 2084 2903 Ha-

485 2947 616 3002 bent
639 2947 754 3015 jam
784 2945 1000 3016 quidem
1031 2944 1175 2998 unde
1206 2941 1356 2996 feriri
1385 2947 1714 3004 mereantur,
1773 2939 1873 2993 sed
1921 2935 2081 2990 susti-

481 3041 640 3090 netur
659 3041 842 3088 tamen
871 3032 1046 3086 adhuc
1074 3037 1360 3101 peccatum
1389 3043 1659 3094 crescere,
1693 3035 1750 3081 ut
1791 3032 2080 3096 peccantes

479 3122 650 3192 possit
678 3120 854 3176 acrior
883 3119 1042 3188 culpa
1071 3117 1338 3174 cruciare.
1361 3117 1733 3171 Jammeretur
1754 3112 2081 3185 supplicium

477 3217 763 3281 peccatum
791 3215 847 3264 et
875 3222 1042 3263 causa
1069 3205 1296 3277 peccati,
1331 3205 1429 3260 sed
1479 3209 1825 3274 exspectatur
1877 3201 2078 3267 adhuc,

479 3306 539 3353 ut
566 3305 918 3370 augmentum
947 3295 1198 3366 supplicii
1229 3293 1492 3365 subroget
1522 3299 1808 3361 peccatum
1835 3295 1886 3344 et
1917 3301 2082 3360 poena

477 3386 707 3456 peccati.
734 3407 754 3434 α
783 3386 1092 3452 Peccatum,
1121 3381 1294 3453 inquit
1323 3379 1628 3452 Gregorius
1660 3377 1880 3450 (homil.
1921 3379 1979 3430 lt
2016 3376 2081 3430 in

479 3473 722 3543 Εῖεεεὴ.)Ι
759 3471 906 3543 quod
937 3487 1038 3542 per
1064 3469 1436 3541 paenitentiam
1475 3467 1636 3524 citius
1684 3481 1794 3520 non
1839 3464 2078 3532 deletur,

479 3569 572 3615 aut
599 3568 886 3631 peccatum
916 3566 1000 3614 est
1029 3567 1083 3614 et
1111 3573 1279 3614 causa
1311 3556 1540 3628 peccati,
1575 3562 1667 3610 aut
1689 3559 1977 3624 peccatum
1999 3566 2060 3607 es

477 3656 531 3704 et
558 3664 718 3720 pcena
747 3646 978 3718 peccati,
1012 3653 1101 3700 aut
1131 3653 1412 3716 peccatum
1445 3643 1604 3698 simul
1637 3656 1807 3697 causa
1836 3649 1889 3696 et
1918 3653 2083 3710 paena

479 3735 710 3807 peccati.
744 3735 920 3790 Omne
950 3733 1096 3789 enim
1127 3733 1273 3804 quod
1304 3731 1453 3803 prius
1482 3729 1890 3796 committimus,
1948 3742 2081 3796 pec-

476 3832 660 3879 catum
687 3829 813 3877 est:
860 3822 958 3876 sed
1020 3820 1067 3874 si
1107 3819 1268 3874 citius
1314 3818 1629 3888 paenitendo
1703 3813 2078 3884 nontergitur,

473 3913 628 3965 Justo
653 3907 857 3977 judicio
897 3907 1244 3976 omnipotens
1293 3906 1440 3959 Deus
1510 3904 1806 3974 obligatam
1847 3901 2084 3974 peccatis

482 4004 723 4051 mentem
755 3995 920 4049 etiam
949 3993 1004 4048 in
1033 3993 1252 4064 culpam
1283 3993 1506 4047 alteram
1537 3991 1802 4062 permittit
1864 3989 2080 4052 cadere,

485 4091 542 4137 ut
573 4098 696 4154 quae
725 4081 907 4136 ﬂendo
939 4089 992 4136 et
1040 4080 1368 4151 corrigendo
1412 4080 1583 4135 noluit
1630 4077 1894 4132 mundare
1941 4075 2086 4148 quod

491 4170 638 4240 fecit,
668 4175 954 4241 peccatum
982 4168 1204 4239 incipiat
1225 4175 1448 4239 peccato
1471 4166 1769 4223 cumulare.
1794 4165 2086 4221 Peccatum

502 4273 659 4332 ergo,
694 4255 838 4329 quod
867 4256 1198 4327 poenitentia:
1223 4255 1462 4310 lamento
1491 4270 1602 4309 non
1631 4254 2085 4324 diluitur,pecca-

490 4354 599 4401 tum
631 4344 796 4400 simul
825 4353 907 4399 est
936 4353 989 4399 et
1018 4359 1186 4400 causa
1217 4343 1449 4414 peccati,
1481 4343 1610 4414 quia
1651 4359 1720 4397 ex
1766 4341 1859 4397 illo
1915 4341 2086 4395 oritur

483 4435 628 4489 unde
659 4433 838 4489 adhuc
867 4433 1168 4503 peccatoris
1200 4431 1414 4486 animus
1445 4431 1605 4485 altius
1623 4431 1916 4500 obligetur.
1949 4430 2078 4483 Pec-

483 4533 661 4579 catum
693 4536 822 4577 vero
855 4521 1000 4592 quod
1029 4537 1095 4574 ex
1125 4528 1350 4590 peccato
1383 4519 1649 4590 sequitur,
1688 4525 1972 4588 peccatum
2003 4517 2082 4571 si-

483 4610 598 4666 mul
627 4617 709 4665 est
741 4617 968 4679 etpoena
1023 4607 1253 4678 peccati,
1316 4607 1442 4677 quia
1475 4613 1822 4661 excrescente
1843 4605 2083 4661 caecitate

489 4715 556 4754 ex
585 4696 938 4752 retributione
969 4695 1168 4766 prioris
1198 4694 1370 4764 culpae
1387 4701 1701 4766 generatur,
1726 4701 1784 4747 ut
1805 4693 1959 4764 quasi
1973 4693 2084 4761 jam

491 4785 741 4855 quaedam
771 4785 877 4839 sint
907 4784 963 4838 in
990 4789 1278 4854 peccatore
1308 4782 1574 4852 supplicia
1603 4782 1722 4852 ipsa
1751 4782 2086 4837 incrementa

492 4871 766 4925 vitiorum.
806 4892 828 4921 ι
883 4872 1173 4927 Peccatum
1221 4870 1421 4940 quippe
1468 4869 1566 4923 tibi
1615 4869 1714 4923 fuit
1783 4869 2086 4924 insolentiae

493 4959 856 5024 contumacia,
890 4975 1014 5014 cum
1043 4959 1160 5014 sine
1191 4973 1376 5026 causa,
1411 4957 1458 5012 si
1504 4965 1688 5012 tamen
1734 4957 1852 5012 sine
1899 4973 2082 5024 causa,

497 5053 687 5103 contra
718 5045 978 5101 domuum
1017 5061 1208 5117 regem
1241 5053 1294 5100 te
1321 5045 1764 5100 irrationabiliter
1797 5045 2019 5100 erexisti
2069 5063 2082 5099 :

496 5150 527 5189 a
557 5148 666 5205 quo
696 5139 922 5204 peccato
953 5133 1080 5204 quia
1107 5149 1209 5204 per
1249 5133 1567 5190 humilitatis
1612 5133 1846 5188 debitam
1897 5142 1951 5188 et
1995 5147 2087 5188 ra-

2111 3072 2160 3134 C

2177 1805 2390 1860 posses,
2423 1803 2618 1858 meque
2649 1783 3120 1856 praevaricatorem
3149 1793 3416 1834 canonum
3460 1790 3603 1840 esse,
3648 1771 3778 1844 quia

2181 1877 2327 1948 quod
2355 1876 2532 1948 ligasti
2559 1875 2615 1928 in
2645 1872 2899 1944 parochia
2945 1879 3038 1924 tua
3085 1865 3410 1939 prmsumpsi
3459 1861 3772 1928 absolvere,

2181 1975 2232 2020 et
2277 1980 2388 2020 non
2435 1979 2558 2018 esse
2607 1962 2778 2016 soluta
2825 1975 2945 2032 quae
2996 1957 3156 2022 solvi,
3207 1953 3338 2026 quin
3382 1951 3562 2022 potius
3612 1949 3777 2004 sedes

2180 2051 2497 2123 apostolica,
2533 2059 2585 2104 et
2614 2065 2803 2105 omnes
2833 2048 2911 2102 illi
2940 2063 3040 2118 per
3069 2059 3207 2116 quos
3238 2044 3384 2096 Deus
3402 2055 3592 2096 sacros
3611 2051 3780 2092 cano-

2179 2157 2277 2196 nes
2307 2156 2404 2194 suo
2436 2139 2638 2210 Spiritu
2669 2136 2927 2201 condidit,
2961 2150 3025 2190 ac
3053 2149 3152 2203 per
3179 2133 3285 2186 hoc
3333 2130 3450 2200 ipse
3497 2129 3666 2192 Deus,
3734 2125 3780 2178 si

2179 2237 2323 2284 recte
2353 2227 2733 2290 intellexisses,
2767 2223 3019 2290 absolvit,
3054 2219 3158 2275 nisi
3187 2227 3373 2275 contra
3405 2232 3471 2272 ea
3501 2232 3621 2288 qua:
3679 2213 3782 2269 tibi

2181 2326 2233 2373 et
2257 2317 2526 2388 parochias
2557 2324 2661 2370 tua:
2690 2313 2900 2384 scripsi,
2947 2319 3122 2366 tecum
3166 2307 3450 2372 sentirent,
3502 2313 3669 2375 atque
3725 2304 3780 2358 in

2179 2406 2403 2477 praefato
2433 2421 2596 2460 sensu
2624 2401 3048 2458 subscriberent.
3085 2399 3144 2452 In
3191 2397 3336 2451 hanc
3381 2393 3666 2450 vesaniam
3714 2407 3780 2446 ex

2181 2494 2533 2556 retributione
2555 2491 2775 2560 justitite
2804 2487 3078 2554 corruisti,
3112 2493 3171 2540 ut
3213 2485 3351 2540 sicut
3398 2483 3466 2537 de
3517 2495 3781 2536 eversore

2179 2582 2421 2652 principe
2452 2581 2716 2651 scriptum
2744 2585 2828 2634 est
2859 2594 2872 2632 :
2901 2577 3004 2645 Qui
3015 2576 3288 2648 peccavit,
3312 2576 3366 2628 et
3385 2586 3617 2643 peccare
3637 2569 3782 2640 fecit

2181 2672 2354 2726 Israel
2385 2669 2484 2741 (111
2510 2672 2635 2740 Reg.
2661 2669 2803 2736 xxv),
2837 2672 3028 2720 contra
3059 2661 3438 2734 evangelicam
3465 2658 3778 2724 veritatem,

2181 2766 2234 2812 et
2264 2757 2611 2828 apostolicam
2639 2754 3035 2818 auctoritatem,
3069 2758 3122 2806 et
3167 2765 3451 2805 sacrorum
3510 2761 3784 2802 canonum

2182 2845 2641 2912 constitutionem,
2661 2844 2729 2898 de
2743 2842 2937 2914 quibus
2953 2839 3297 2912 promulgata
3311 2844 3434 2891 sunt
3449 2835 3540 2890 illa
3553 2834 3782 2904 scripta,

2181 2949 2300 3006 qua
2328 2949 2425 3003 per
2451 2949 2538 2988 me
2568 2931 2624 2986 in
2644 2947 2806 2986 unum
2825 2929 3072 2994 collecta,
3108 2935 3158 2983 et
3182 2926 3277 2981 tibi
3297 2941 3360 2980 ac
3375 2922 3649 2995 parochize
3673 2930 3784 2977 tua;

2182 3029 2432 3078 constant
2463 3037 2584 3076 esse
2614 3019 2844 3085 directa,
2874 3025 2928 3074 et
2957 3017 3074 3088 ipse
3123 3014 3517 3081 subscriberes,
3547 3019 3602 3067 et
3643 3011 3786 3066 alios

2183 3109 2529 3165 subscribere
2588 3107 2818 3172 faceres,
2881 3103 3300 3162 reclamantibus
3361 3101 3654 3158 adversum
3736 3107 3790 3154 te

2183 3197 2352 3254 sacris
2382 3197 2609 3270 regulis,
2641 3204 2699 3250 ut
2745 3195 3052 3250 inconsulto
3095 3193 3280 3264 priore
3319 3199 3413 3246 tuo
3461 3189 3596 3244 nihil
3651 3187 3788 3244 novi

2181 3286 2364 3342 facere
2391 3300 2716 3358 praesumas,
2751 3283 3010 3356 quoniam
3041 3297 3164 3354 quae
3193 3281 3266 3336 ad
3308 3277 3626 3352 generalem
3676 3277 3786 3332 ob-

2183 3375 2511 3430 servantiam
2541 3373 2784 3428 omnium
2811 3371 3030 3427 Domini
3079 3369 3352 3441 pertinent
3409 3365 3780 3430 sacerdotum,

2182 3463 2316 3518 nihil
2363 3463 2480 3518 sine
2533 3461 2850 3533 primatibus
2909 3465 3122 3531 oportet
3175 3455 3412 3528 impleri.
3468 3453 3578 3510 Sed
3650 3454 3786 3524 quia

2182 3551 2335 3608 nervi
2364 3550 2731 3606 testiculorum
2787 3547 3088 3603 Behemoth
3115 3543 3360 3618 perplexi
3389 3551 3533 3606 sunt.
3557 3557 3684 3598 cum
3697 3541 3785 3595 his

2183 3648 2236 3694 te
2266 3639 2544 3710 explicare
2573 3636 2792 3702 tinxisti,
2823 3643 2877 3691 te
2905 3635 3091 3690 durius
3121 3641 3176 3689 et
3203 3630 3553 3703 multiplicius
3583 3629 3785 3686 nexui-

2185 3727 2272 3792 sti,
2305 3735 2357 3782 et
2385 3742 2551 3797 super
2579 3725 2827 3781 dolorem
2854 3723 3140 3778 vulnerum
3170 3729 3388 3776 tuorum
3415 3719 3535 3790 ipse
3583 3733 3788 3789 super-

2185 3814 2411 3879 addens,
2445 3814 2580 3868 alios
2613 3812 2817 3868 solutos
2845 3820 3028 3868 tecum
3057 3807 3417 3874 connexuisti,
3467 3807 3694 3877 insuper
3737 3813 3791 3860 et

2185 3910 2375 3958 contra
2403 3916 2661 3968 canones,
2697 3909 2747 3956 et
2768 3900 2985 3956 decreta
3005 3897 3151 3955 sedis
3172 3899 3433 3952 Romanae
3461 3892 3788 3966 pontificum

2187 3997 2494 4047 commenta
2522 3989 2590 4044 ad
2618 3989 2724 4044 hoc
2752 3988 3042 4061 collegisti,
3075 3994 3342 4058 quatenus
3365 3993 3416 4040 te
3435 3991 3493 4040 ut
3511 3999 3788 4055 onagrum

2185 4078 2420 4134 liberum
2451 4094 2482 4132 a
2513 4079 2642 4133 sede
2672 4076 3098 4148 metropolitana
3123 4082 3484 4143 monstrares,
3518 4079 3570 4126 et
3597 4086 3689 4125 me
3721 4078 3784 4126 ut

2185 4167 2657 4238 praevaricatorem
2725 4181 3016 4232 canonum,
3065 4163 3274 4219 eisdem
3361 4157 3788 4218 commentatio-

2187 4271 2315 4310 num
2365 4263 2574 4309 tuarum
2622 4253 2854 4310 vinculis
2901 4251 3179 4308 astrictum
3225 4248 3648 4306 ininsolubiliter
3677 4247 3788 4302 de-

2189 4349 2547 4410 monstrares,
2581 4351 2632 4398 et
2659 4341 2835 4396 adhuc
2881 4341 3045 4396 etiam
3095 4338 3235 4395 sicut
3280 4339 3350 4393 de
3394 4337 3540 4392 malo
3586 4335 3642 4390 in
3681 4351 3791 4408 pe-

2107 4417 2164 4480 D
2181 4432 2290 4500 jus,
2359 4431 2430 4484 ita
2492 4429 2561 4485 de
2625 4431 2813 4502 pejore
2875 4429 2930 4482 in
2986 4427 3283 4500 pessimum
3339 4424 3638 4497 proiecisti,
3731 4431 3794 4478 ut
3873 4469 3882 4476 .

2183 4535 2294 4574 non
2323 4519 2499 4574 solum
2527 4517 2623 4571 tibi
2677 4515 2982 4574 commissis
3039 4515 3271 4584 clericis,
3333 4514 3432 4570 sed
3488 4521 3541 4568 et
3563 4512 3790 4583 episco-

2183 4607 2268 4677 pis
2297 4607 2390 4662 illa
2427 4605 2686 4677 ﬁgmenta
2733 4605 3039 4677 compilata,
3092 4612 3145 4661 et
3193 4603 3314 4675 regi
3361 4601 3543 4657 danda
3591 4609 3790 4656 osten-

2184 4695 2362 4763 deres,
2396 4703 2446 4748 et
2475 4695 2608 4750 mihi
2634 4694 2754 4748 dari
2809 4693 3040 4761 faceres,
3083 4701 3141 4762 ut
3195 4707 3296 4764 per
3351 4690 3441 4746 illa
3500 4706 3586 4744 me
3648 4705 3792 4746 con-

2185 4783 2489 4852 crederem,
2525 4791 2576 4837 et
2605 4782 2742 4838 adeo
2790 4798 2878 4837 me
2926 4781 3023 4836 tibi
3079 4780 3454 4854 subjugarcm,
3504 4787 3581 4846 ut,
3645 4779 3796 4834 sicut

2186 4871 2476 4939 mandasti,
2509 4871 2677 4926 verba
2704 4869 3020 4943 evangelica
3049 4877 3101 4925 et
3127 4868 3427 4940 apostolica
3471 4855 3638 4939 atque
3685 4882 3791 4922 ca-

2187 4959 2402 5028 nonica,
2465 4975 2586 5031 quae
2640 4958 2736 5012 tibi
2790 4967 2842 5014 et
2905 4957 3170 5014 Ecclesia:
3235 4956 3334 5011 tibi
3363 4956 3670 5012 commissa
3703 4955 3794 5011 di-

2188 5061 2460 5114 rexeram,
2521 5047 2647 5119 igne
2701 5062 3020 5116 cremarem,
3077 5054 3130 5101 et
3185 5061 3272 5100 me
3329 5059 3441 5100 non
3489 5044 3668 5099 solum
3757 5059 3794 5099 ει

2189 5135 2384 5207 gradu,
2407 5151 2593 5190 verum
2621 5143 2675 5190 et
2703 5149 2736 5188 a
2763 5133 3158 5189 Christianitate
3188 5149 3464 5200 exuerem,
3497 5140 3552 5187 et
3593 5139 3794 5203 potum

496 5221 810 5278 tionabilem
839 5219 1255 5276 satisfactionem
1271 5222 1490 5276 noluisti
1517 5221 1809 5292 rcSpicere,
1861 5221 2091 5293 exegisti
2189 5223 2379 5278 mortis
2407 5222 2538 5277 mihi
2567 5239 2598 5278 a
2640 5230 2693 5278 te
2734 5223 3080 5294 propinatum
3129 5221 3342 5290 bibens,
3394 5221 3559 5278 etiam
3599 5221 3792 5276 homi-

499 5315 558 5360 ut
586 5317 771 5379 ageret
795 5317 848 5363 et
876 5309 964 5375 agi
991 5310 1314 5379 praeciperet
1343 5308 1397 5364 in
1421 5317 1492 5377 te,
1527 5311 1671 5364 unde
1719 5309 1956 5380 amplius
2001 5308 2088 5362 fu-

2188 5310 2306 5365 cida
2349 5311 2454 5365 mei
2499 5311 2645 5366 velut
2689 5311 2858 5366 Judas
2894 5311 3208 5382 paenitendo
3253 5309 3561 5375 existerem,
3611 5317 3664 5364 et
3731 5309 3794 5364 in

500 5409 627 5447 rore
659 5396 957 5466 exagitatus
986 5403 1038 5449 te
1078 5403 1262 5482 contra
1303 5395 1454 5449 illum
1502 5411 1875 5452 commoveres
1910 5414 1922 5450 :
1983 5411 2091 5482 qua
2190 5399 2294 5453 hoc
2335 5398 2496 5454 etiam
2540 5398 2761 5471 gravius
2811 5415 2843 5452 a
2888 5399 3028 5453 Juda
3074 5397 3368 5462 differrem,
3413 5405 3472 5452 ut
3512 5395 3580 5451 de
3635 5395 3792 5452 bono

497 5482 858 5536 commotione
885 5483 1147 5550 devictus,
1181 5481 1234 5536 in
1263 5491 1542 5554 peccatum
1573 5484 1913 5554 subsequens
1947 5483 2088 5539 inci-

2193 5485 2334 5542 facto
2363 5503 2450 5541 me
2505 5485 2809 5558 paeniteret.
2871 5488 2986 5543 Hoc
3028 5503 3262 5559 namque
3309 5485 3586 5558 poculum,
3636 5485 3794 5556 quod
