4020 6182
229 235 323 289 461

940 224 1185 283 OPUSC.
1236 222 1329 278 ΕΤ
1379 219 1597 277 EPIST.
1654 217 1729 271 IN
1786 215 2013 273 CAUSA
2055 216 2399 276 HINCMARI
2437 221 2742 279 LAUDUN.
2810 194 2816 205 ’

3415 232 3519 289 462

228 353 511 413 confecisti
539 369 607 409 ex
635 349 947 408 nominibus
994 356 1300 406 sanctorum
1332 343 1647 417 apostolica
1676 340 1824 398 sedis
1853 338 1909 400 Α
1928 342 2102 398 Deum
2132 351 2184 399 et
2210 344 2461 400 homines
2504 345 2919 417 praevaricatum
2965 347 3114 403 Deus
3162 348 3422 420 queritur.
3452 354 3524 409 Et

229 441 565 517 pontiﬁcum,
586 440 743 513 quasi
771 439 841 495 ad
869 454 965 496 ora
986 438 1146 494 melle
1174 436 1420 500 oblitum,
1454 439 1508 488 et
1535 432 1827 488 indiscrete

230 531 600 597 commixtum,
633 529 702 585 de
733 543 842 601 quo
891 527 987 582 tibi
1016 525 1340 583 commissos
1387 521 1620 579 clericos
1646 520 1828 591 potio-

225 620 382 686 nasti,
432 628 486 676 et
532 618 681 691 quod
727 616 1050 689 quibusdam
1117 612 1390 686 episcdpis
1459 609 1717 678 obtulisti,
1778 616 1831 665 et

227 710 459 766 Satanas
507 706 697 778 primis
743 705 1063 777 parentibus
1109 701 1312 759 nostris
1354 700 1409 757 in
1437 698 1694 772 paradiso
1723 698 1829 753 ob-

225 792 360 857 tulit,
426 791 647 863 quando
701 804 924 861 pomum
981 788 1184 842 bonum
1232 785 1303 840 ad
1358 782 1715 850 vescendum,
1776 788 1830 836 et

225 880 517 953 pulchmm
564 877 758 944 oculis,
810 883 1140 948 aspectuque
1192 871 1513 929 delectabile
1570 868 1824 938 ostendit,

228 969 419 1041 eisque
448 966 621 1022 dixit:
649 966 988 1038 Quacunque
1018 964 1107 1020 die
1134 962 1489 1019 comederitis
1510 976 1583 1016 ex
1603 974 1684 1025 eo,
1708 972 1831 1032 ape-

227 1060 459 1115 rientur
474 1055 627 1112 oculi
644 1054 834 1119 vestri,
859 1056 917 1109 et
930 1053 1093 1109 eritis
1110 1052 1261 1108 sicut
1270 1050 1352 1106 dii
1366 1049 1608 1105 scientes
1624 1046 1830 1103 bonum

226 1151 281 1204 et
308 1146 540 1201 malum
569 1143 731 1215 (Gen.
756 1141 841 1213 ιιι)
864 1159 879 1209 ;
903 1148 956 1196 et
976 1140 1173 1213 quibus
1200 1138 1450 1210 promisit
1470 1135 1825 1200 divinitatem,

225 1234 337 1291 tulit
384 1230 869 1296 immortalitatem,
916 1237 970 1284 et
1013 1227 1280 1300 pollicens
1325 1225 1554 1281 liberam
1596 1231 1651 1279 et
1696 1223 1832 1279 nulli

224 1323 530 1391 subiectam
576 1319 795 1376 deitatis
837 1316 1218 1389 aequalitatem,
1266 1313 1592 1386 captivitatis
1632 1312 1710 1369 eis
1740 1311 1830 1367 in-

224 1412 341 1468 tulit
366 1410 641 1466 miseram
682 1406 1020 1473 servitutem,
1054 1420 1192 1477 quos
1222 1402 1325 1458 sibi
1354 1402 1650 1474 complices
1679 1401 1829 1456 fece-

224 1509 306 1557 rat
334 1500 413 1555 ad
442 1497 801 1570 iniquitatem.
838 1516 860 1546 ι
894 1496 963 1551 Εῑ
991 1501 1049 1549 tu
1079 1493 1293 1550 clericis
1321 1492 1447 1560 tuis,
1482 1490 1595 1563 qui,
1627 1489 1829 1562 inquis,

222 1589 352 1645 mihi
395 1586 598 1644 eodem
643 1586 762 1641 Deo
804 1590 1026 1639 auctore
1068 1579 1347 1638 commissi
1389 1587 1536 1647 sunt,
1580 1585 1632 1634 et
1661 1578 1716 1633 in
1745 1576 1830 1633 his

226 1676 482 1734 similiter
527 1674 786 1740 sentiunt,
832 1671 1046 1728 solliciti
1075 1685 1292 1727 servare
1320 1668 1579 1724 unitatem
1608 1666 1830 1738 spiritus

224 1767 279 1823 in
321 1763 554 1821 vinculo
600 1762 768 1834 pacis,
813 1762 918 1817 hac
961 1774 1177 1816 mecum
1222 1773 1356 1830 pace
1386 1756 1676 1828 petiautur,
1715 1776 1737 1805 ι
1773 1769 1836 1811 ac

226 1855 270 1910 si
296 1860 560 1927 patenter
607 1849 858 1905 addendo
905 1848 1136 1916 diceres,
1181 1846 1311 1902 etin
1341 1843 1840 1918 transgressionem

226 1950 547 1999 sanctarum
601 1938 917 2011 regularum
960 1953 1061 2009 per
1110 1944 1358 1992 sanctum
1404 1949 1536 1991 vere
1581 1932 1841 2005 Spiritum

227 2031 573 2105 prolaturum
603 2027 962 2101 gradiantur;
993 2033 1047 2081 et
1073 2039 1199 2081 mox
1231 2022 1615 2096 subsequendo
1646 2039 1660 2077 :
1698 2042 1721 2072 «
1760 2020 1837 2089 Si,

225 2118 487 2192 inquiens
521 2162 536 2186 ,
593 2116 760 2189 aliqui
817 2131 975 2169 secus
1023 2112 1270 2169 nolentes
1323 2110 1441 2167 ﬁeri
1496 2110 1631 2167 socii
1684 2110 1841 2179 hujus

225 2207 561 2280 disciplinae,
610 2221 713 2262 nec
755 2203 1056 2259 habeantur
1102 2200 1400 2273 participes
1444 2198 1842 2257 communionis

225 2306 451 2355 nostrae.
495 2316 522 2345 ι
560 2293 719 2363 Quod
757 2307 868 2348 non
910 2298 996 2347 est
1036 2290 1182 2346 aliud
1228 2289 1434 2355 dicere,
1486 2289 1591 2345 nisi
1618 2304 1841 2360 perma-

225 2395 393 2443 neant
420 2385 481 2440 in
514 2382 802 2440 catholicae
830 2379 1095 2437 Ecclesia
1122 2378 1523 2444 communione,
1558 2385 1611 2433 et
1638 2377 1684 2431 si
1704 2377 1842 2432 forte

223 2492 331 2533 non
381 2473 599 2539 verbis,
649 2470 817 2527 rebus
844 2478 1029 2524 tamen
1066 2468 1392 2540 quibusdam
1421 2466 1691 2540 episcopis
1710 2483 1841 2537 per-

224 2563 520 2620 suadendo
555 2580 575 2616 :
610 2581 633 2611 ι
657 2560 830 2628 Hanc,
861 2557 1133 2629 inquiens,
1167 2564 1347 2613 tenete
1377 2563 1429 2611 et
1458 2571 1672 2611 mecum
1700 2554 1844 2610 evin-

226 2653 406 2709 dicate
456 2647 922 2720 compilationem,
956 2654 1007 2701 et
1034 2644 1165 2701 nulli
1193 2644 1296 2700 nisi
1325 2645 1571 2701 Romano
1601 2640 1844 2715 pontiﬁci

225 2740 510 2798 debebitis
561 2736 971 2806 subjectioncm,
1025 2742 1077 2790 et
1121 2732 1458 2805 dissipabitis
1497 2747 1715 2788 mecum
1744 2731 1844 2787 Dei

224 2829 646 2886 ordinationem
693 2825 751 2880 in
796 2821 1101 2881 communis
1144 2820 1473 2893 episcopalis
1520 2820 1724 2876 ordinis
1754 2820 1843 2875 di-

224 2926 472 2977 scretam
507 2914 733 2971 sedibus
761 2911 1103 2986 dignitatem.
1135 2931 1158 2961 »
1194 2910 1303 2967 Sed
1331 2908 1697 2965 concedamus
1726 2909 1846 2964 haec

222 3008 413 3065 dicere
463 3012 525 3062 et
573 3018 742 3076 agere
782 3016 945 3074 posse
989 3000 1224 3071 aliquem
1280 3006 1629 3071 arrogantem
1679 3005 1841 3069 atque

1928 447 2055 487 ecce
2083 440 2165 489 est
2192 447 2301 488 una
2348 433 2505 505 culpa
2551 435 2837 506 superbia,
2879 434 3004 506 quia
3031 437 3368 508 praevaricati
3398 449 3524 497 sunt

1929 528 2164 591 pactum.
2209 522 2355 577 Ecce
2403 521 2572 578 altera
2620 523 3011 593 obstinationis,
3064 524 3188 596 quia
3234 542 3407 599 usque
3453 529 3523 585 ad

1928 608 2071 665 diem
2121 610 2279 666 hanc.
2328 611 2472 666 Ecce
2515 610 2672 682 culpa
2724 611 2911 684 gravis
2972 612 3339 685 impudentiae,
3397 618 3524 690 quia

1928 697 2061 752 dura
2102 696 2261 763 facie,
2321 700 2573 770 quoniam
2630 699 2772 754 mala
2828 716 2949 772 quas
3000 700 3201 757 faciunt
3248 703 3366 772 jam
3422 721 3526 763 nec

1930 787 2274 854 erubescunt,
2322 795 2375 842 et
2415 803 2689 860 nunquam
2740 789 2827 845 vel
2868 796 2991 860 post
3038 790 3228 862 culpas
3274 793 3343 848 ad
3397 810 3523 866 pue-

1928 874 2207 929 nitentiam
2262 874 2508 946 redeunt,
2586 876 2711 948 quia
2779 876 3096 933 indomabili
3154 879 3321 936 corde
3378 890 3521 939 sunt.

1929 962 2063 1017 Cum
2118 977 2250 1019 vero
2297 971 2455 1020 tantae
2510 964 2813 1035 pravitatis,
2878 973 3148 1038 tantaeque
3202 967 3525 1027 obstinatio-

1927 1050 2014 1106 nis
2070 1051 2178 1106 sint
2235 1050 2311 1122 hi,
2368 1051 2436 1107 ad
2465 1067 2602 1123 quos
2646 1054 2913 1124 propheta
2955 1055 3197 1123 mittitur,
3248 1057 3371 1130 quis
3408 1058 3525 1128 jam

1930 1154 2041 1195 non
2085 1139 2266 1194 videat
2313 1139 2438 1210 quia
2474 1155 2714 1210 persona
2742 1143 3021 1213 prepheta:
3049 1158 3081 1198 a
3126 1151 3235 1198 tam
3289 1161 3526 1216 perver-

1930 1227 2005 1283 sis
2063 1227 2374 1283 hominibus
2438 1228 2646 1299 despici
2711 1228 2933 1285 valeat?
2985 1230 3093 1286 Sed
3147 1248 3275 1290 ecce
3332 1242 3526 1292 aucto-

1930 1316 2060 1372 ritas
2084 1332 2338 1388 personaz
2366 1315 2640 1384 tribuitur,
2692 1332 2817 1373 cum
2854 1317 3105 1374 subditur
3134 1337 3148 1374 :
3180 1321 3251 1377 Et
3278 1321 3428 1379 dices
3456 1324 3527 1380 ad

1930 1420 2026 1461 eos
2060 1422 2074 1460 :
2107 1405 2237 1462 Haec
2284 1404 2413 1461 dicit
2460 1405 2745 1476 Dominus,
2782 1406 2829 1462 si
2858 1405 2997 1463 forte
3027 1407 3113 1463 vel
3142 1408 3247 1479 ipsi
3287 1411 3525 1480 audiant,

1930 1501 1983 1549 et
2012 1492 2058 1549 si
2086 1493 2228 1549 forte
2276 1493 2576 1565 quiescant,
2628 1494 2761 1567 quia
2809 1495 3005 1552 domus
3048 1513 3395 1570 exasperans
3444 1505 3529 1556 est

1927 1578 2151 1652 (Ezech.
2180 1583 2305 1653 xu).
2337 1583 2405 1638 Et
2436 1590 2511 1647 tu,
2544 1580 2621 1636 ﬁli
2647 1581 2901 1653 hominis,
2962 1599 3031 1640 ne
3059 1584 3251 1641 timeas
3281 1602 3395 1654 eos,
3429 1604 3533 1645 ne-

1865 1696 1919 1756 B
1940 1686 2044 1742 que
2060 1685 2344 1726 sermones
2362 1686 2553 1726 eorum
2569 1678 2801 1739 metuas,
2825 1672 2957 1744 quia
2977 1673 3175 1730 domus
3187 1690 3538 1749 exasperans

1940 1762 2045 1815 est.
2077 1759 2259 1831 (Ibid.)
2307 1758 2537 1814 Stultum
2581 1759 2727 1815 enim
2770 1759 2929 1815 valde
2958 1767 3059 1828 est,
3095 1762 3142 1817 si
3170 1761 3277 1817 illis
3312 1762 3538 1835 placere

1938 1846 2253 1919 quaerimus,
2282 1863 2420 1919 quos
2449 1863 2561 1902 non
2588 1847 2807 1918 placere
2837 1848 3070 1906 Domino
3098 1850 3322 1907 scimus.
3354 1852 3538 1909 Debe-

1938 1951 2060 1990 mus
2090 1943 2269 1992 autem
2296 1935 2498 1991 habere
2526 1935 2584 1991 in
2611 1944 2757 1991 metu
2785 1944 2838 1992 et
2867 1937 3177 1993 reverentia
3197 1939 3404 2008 judicia
3426 1941 3536 2010 jus-

1940 2032 2138 2090 torum,
2184 2024 2313 2096 quia
2352 2010 2601 2080 membra
2638 2024 3021 2095 omnipotentis
3050 2026 3151 2081 Dei
3176 2035 3318 2094 sunt,
3352 2035 3404 2083 et
3432 2030 3539 2085 hoc

1939 2112 2044 2184 ipsi
2073 2113 2130 2167 in
2157 2119 2300 2169 terra
2327 2113 2754 2184 reprehendunt,
2789 2114 2933 2186 quod
2961 2114 3224 2170 Dominus
3262 2116 3548 2191 redarguit

1941 2218 1973 2258 e
2000 2200 2158 2257 caelo.
2206 2202 2347 2258 Nam
2392 2216 2776 2274 perversorum
2819 2202 3122 2276 derogatio,
3167 2202 3291 2260 vita
3336 2213 3539 2262 nostra;

1941 2289 2257 2361 approbatio
2284 2297 2366 2346 est
2395 2290 2519 2362 quia
2541 2290 2654 2360 jam
2683 2289 2984 2347 ostenditur
3007 2308 3109 2347 nos
3151 2291 3354 2364 aliquid
3373 2292 3539 2363 justi-

1940 2378 2030 2434 tize
2057 2377 2282 2445 habere,
2315 2379 2362 2436 si
2390 2378 2497 2433 illis
2527 2378 2819 2451 displicere
2856 2379 3142 2451 incipimus
3173 2380 3265 2452 qui
3291 2397 3402 2437 non
3427 2382 3548 2454 pla-

1944 2473 2068 2524 cent
2095 2467 2231 2522 Deo.
2258 2466 2387 2523 Ideo
2410 2466 2541 2523 boni
2571 2467 2796 2522 timendi
2825 2476 2950 2523 sunt
2978 2484 3047 2524 ne
3077 2467 3439 2537 oﬂ'endantur,
3470 2487 3541 2526 ne

1943 2552 2177 2609 fortasse
2205 2569 2306 2625 per
2334 2570 2428 2609 eos
2456 2553 2547 2609 ille
2595 2562 2923 2627 provocetur
2956 2555 3028 2611 ad
3055 2556 3414 2624 iracundiam,
3448 2557 3543 2629 qui

1943 2657 2131 2698 eorum
2161 2642 2334 2698 corda
2362 2658 2581 2713 semper
2628 2642 2912 2698 inhabitat.
2946 2643 3174 2726 grapter
3202 2644 3347 2716 quod
3378 2644 3541 2701 etiam

1944 2730 2192 2785 subditur
2223 2746 2237 2786 :
2270 2731 2348 2785 Tu
2375 2738 2575 2796 autem,
2621 2728 2698 2786 ﬁli
2725 2722 2981 2798 hominis,
3030 2731 3159 2787 audi
3205 2748 3542 2805 quascunque

1943 2819 2140 2890 loquor
2167 2818 2239 2873 ad
2265 2825 2339 2888 te,
2374 2826 2428 2873 et
2454 2818 2567 2873 noli
2609 2835 2732 2875 esse
2780 2835 3132 2891 exasperans,
3180 2821 3317 2878 sicut
3347 2822 3544 2879 domus

1946 2906 2316 2978 exasperatrix
2347 2913 2449 2962 est.
2474 2906 2591 2962 Nisi
2614 2907 2759 2963 enim
2779 2909 2847 2963 ad
2867 2908 3202 2980 loquendum
3220 2910 3389 2966 verba
3419 2925 3547 2969 cum

1944 2995 2262 3051 mittebatur
2294 2994 2561 3064 obediret,
2594 2996 3020 3068 omnipotentem
3064 2998 3377 3067 Dominum,
3410 2999 3550 3057 sicut

217 3098 555 3168 iactantem,
604 3051 698 3147 illa
744 3051 875 3147 vcro
919 3051 1162 3145 divinzire
1209 3102 1318 3143 non
1362 3051 1538 3154 valeo,
1571 3086 1844 3158 quomodo
1874 3051 2223 3140 Cauditores
2269 3084 2338 3140 de
2378 3099 2643 3155 perverso
2688 3101 2876 3157 opere,
2928 3085 3006 3142 sic
3046 3086 3332 3158 prepheta,
3365 3087 3421 3144 id
3464 3094 3548 3145 est

221 3187 277 3242 in
302 3192 564 3241 mentem
607 3188 753 3235 tuam
795 3178 984 3235 venire
1029 3177 1222 3248 potuit,
1271 3184 1332 3231 ut
1361 3175 1481 3247 regi
1509 3174 1657 3231 illam
1691 3190 1847 3232 com-

218 3274 565 3347 pilationem
592 3267 846 3324 versibus
875 3265 1129 3335 inversis,
1153 3264 1362 3321 scilicet
1382 3263 1701 3320 adulatoriis
1730 3279 1849 3318 sen-

220 3364 379 3419 sibus
430 3357 710 3433 praelitam
750 3355 921 3411 velles
972 3353 1279 3422 ostendere,
1329 3368 1491 3425 quem
1531 3351 1701 3408 latere
1739 3366 1850 3406 non

220 3467 394 3524 posse
447 3448 673 3505 sciebas
702 3444 770 3499 ad
800 3443 931 3516 quid
973 3442 1124 3498 illam
1152 3441 1373 3498 voluisti
1422 3440 1705 3513 colligere.
1740 3438 1850 3495 Sed

219 3549 274 3597 et
322 3539 472 3595 mihi
518 3534 796 3608 quomodo
837 3531 1062 3604 potuisti
1088 3530 1368 3599 mandare,
1411 3536 1472 3584 ut
1517 3544 1629 3584 non
1673 3527 1850 3584 solum

221 3646 291 3687 ea
324 3644 463 3701 qua
496 3621 768 3681 adiﬁcavi
810 3620 1170 3685 destruerem,
1206 3633 1397 3676 verum
1427 3617 1506 3673 sic
1533 3615 1849 3687 metropoli-

225 3728 378 3774 tana
411 3712 575 3771 sedis
619 3709 967 3783 privilegium
998 3715 1052 3763 et
1078 3706 1349 3780 meipsum
1377 3705 1475 3761 tibi
1504 3704 1847 3775 subjicerem,

226 3815 281 3864 et
309 3799 660 3875 Evangelia,
706 3806 870 3870 atque
914 3796 1211 3868 apostolos,
1246 3803 1298 3852 et
1326 3794 1643 3866 prophetas,
1674 3800 1727 3848 et
1756 3808 1847 3848 ca-

219 3910 406 3952 nones
438 3886 798 3948 incendendo
826 3901 1108 3958 negarem,
1140 3891 1198 3940 ut
1226 3883 1366 3940 sicut
1394 3883 1640 3939 ethnicus
1671 3889 1723 3937 et
1752 3896 1852 3952 pu-

220 3984 489 4040 blicanus
543 3976 797 4033 omnibus
824 3974 1030 4041 ﬁerem,
1063 3968 1187 4029 cum
1215 3972 1342 4028 licet
1369 3970 1619 4027 inﬁrmus
1650 3977 1703 4025 et
1732 3968 1851 4025 fra-

219 4074 355 4148 gilis
371 4085 496 4127 una
519 4082 651 4124 cum
672 4072 857 4121 sancta
875 4062 1123 4119 Ecclesia
1151 4060 1593 4133 frequentissime
1612 4067 1849 4148 cantem,

224 4178 355 4218 esse
398 4160 592 4215 virum
637 4161 902 4220 sanctum,
937 4151 1030 4223 qui
1075 4165 1177 4222 pro
1222 4149 1347 4222 lege
1393 4148 1493 4205 Dei
1542 4147 1623 4203 sui
1668 4154 1853 4203 certa-

219 4252 298 4307 vit
328 4263 529 4320 usque
561 4243 634 4300 ad
661 4248 915 4298 mortem.
942 4239 1012 4296 Et
1040 4239 1168 4296 hinc
1214 4238 1374 4293 anxie
1401 4236 1533 4292 mihi
1584 4233 1854 4292 haesitanti

221 4338 482 4396 occurrit
532 4331 735 4389 Paulus
763 4330 831 4386 de
863 4326 1173 4398 hujusmodi
1219 4327 1406 4383 dicens
1440 4343 1454 4381 :
1491 4326 1627 4382 Cum
1647 4340 1853 4397 cogno-

1946 3172 2277 3244 prtedicator
2306 3170 2375 3228 de
2407 3188 2507 3229 suo
2537 3172 2751 3229 silentio
2782 3174 2956 3229 Deum
2987 3182 3384 3246 exasperasset.
3422 3196 3446 3228 ι

2502 3312 2726 3370 CAPUT
2780 3313 2993 3370 XLVII.

1950 3399 2110 3470 Quod
2139 3401 2354 3476 victum
2381 3416 2439 3456 se
2459 3418 2755 3476 nunquam
2779 3405 3168 3476 agnoscatrbe
3198 3404 3319 3476 ejus
3334 3404 3399 3462 in
3419 3420 3543 3461 me-

2023 3472 2432 3545 tropolitanum
2469 3472 2770 3545 rebellione
2804 3472 2827 3526 :’
2850 3477 2922 3545 et
2941 3475 3083 3545 quod
3118 3472 3284 3545 sacra
3327 3476 3550 3545 eloquia

2022 3542 2194 3615 cauri
2208 3544 2460 3615 petierit,
2488 3543 2818 3615 et‘schisma
2835 3542 3242 3615 subscriptione
3276 3562 3381 3602 sua
3399 3542 3550 3615 fece-

2021 3612 2121 3667 rit.
2152 3611 2222 3666 Et
2254 3611 2319 3666 de
2350 3613 2586 3683 injustis
2616 3614 2737 3684 ejus
2769 3611 3184 3685 obligamentis.

2023 3716 2178 3773 Unde
2205 3716 2358 3784 mihi,
2390 3717 2460 3775 ad
2499 3717 2651 3786 cujus
2699 3718 3116 3778 sollicitudinem
3156 3721 3430 3792 pertinere
3458 3722 3550 3780 di-

1953 3805 2259 3880 gnosceris,
2293 3821 2404 3861 non
2441 3814 2525 3861 est
2556 3806 2651 3861 tibi
2694 3807 3005 3864 tacendum.
3037 3810 3108 3864 Et
3136 3810 3263 3882 quia
3289 3827 3396 3885 ego
3424 3828 3552 3869 mo-

1952 3893 2135 3950 nendo
2165 3902 2217 3949 et
2244 3901 2302 3949 tu
2349 3894 2655 3951 resistendo
2701 3894 2896 3952 luctari
2937 3897 3225 3969 coepimus,
3254 3907 3307 3955 et
3335 3908 3470 3972 puto
3495 3900 3552 3957 in
3596 3952 3601 3957 .

1954 3982 2059 4040 hac
2100 3982 2357 4054 prasenti
2397 3981 2690 4040 luctatione
2734 4000 2846 4040 non
2890 3993 3015 4041 ante
3062 3995 3290 4054 sextam,
3338 3995 3431 4044 aut
3458 4005 3553 4046 se-

1952 4071 2201 4141 ptimam,
2234 4070 2322 4128 vel
2365 4087 2538 4143 usque
2567 4071 2635 4127 ad
2664 4072 2930 4129 decimam
2969 4075 3299 4132 volutionem
3327 4078 3553 4147 patieris

1956 4158 2314 4215 succumbere
2345 4176 2358 4213 :
2391 4175 2606 4231 nempe,
2637 4168 2694 4215 ut
2722 4161 2908 4229 timeo,
2958 4162 3121 4218 etiam
3166 4180 3292 4220 cum
3320 4166 3550 4233 ratione,

1957 4247 2202 4317 veritate,
2235 4256 2398 4319 atque
2443 4247 2780 4315 auctoritate,
2813 4264 2879 4305 ac
2905 4250 3051 4305 nube
3082 4252 3318 4317 testium,
3351 4253 3553 4310 acriori

1960 4335 2142 4391 duello
2172 4334 2385 4390 Daretis
2414 4342 2468 4389 et
2496 4334 2693 4390 Entelli
2707 4335 3006 4404 justissime
3026 4337 3217 4404 victus,
3242 4338 3551 4406 etjudieum

224 4430 467 4486 vissent
502 4426 703 4489 Deum,
734 4434 849 4475 ηοη
878 4420 1029 4474 δέεαι
1055 4419 1233 4473 Deum
1251 4414 1730 4487 gloriﬁcaverunt.
1754 4404 2216 4493 alltDjustorum
2262 4423 2589 4479 clamoribus
2632 4423 2890 4495 percitus,
2943 4424 3055 4495 jam
3112 4404 3549 4494 subtus-jacens,

218 4518 459 4589 gratias
494 4511 760 4583 egerunt.
794 4505 890 4562 sed
936 4508 1293 4562 evanuerunt
1326 4506 1390 4559 in
1424 4502 1850 4581 cogitationibus

214 4609 370 4671 suis,
393 4608 457 4660 et
473 4600 843 4658 obscuratum
859 4598 946 4651 est
958 4596 1236 4667 insipiens
1252 4609 1345 4650 cor
1358 4609 1550 4648 eorum
1564 4610 1582 4647 :
1599 4591 1851 4647 dicentes

219 4696 393 4751 enim
414 4708 481 4748 se
499 4704 624 4746 esse
641 4686 942 4758 sapientes,
976 4683 1144 4740 stulti
1163 4683 1310 4755 facti
1328 4684 1465 4738 sunt
1486 4681 1662 4752 (Rom.
1686 4679 1747 4751 ι).
1771 4680 1853 4735 De

214 4783 440 4857 quibus
477 4786 540 4834 et
568 4774 834 4831 Dominus
862 4772 931 4829 ad
959 4770 1303 4828 Ezechielem
1333 4770 1655 4842 prophetam
1683 4767 1812 4824 dicit
1836 4783 1851 4822 :

214 4876 464 4936 Patres,
510 4864 790 4937 inquiens,
837 4874 1031 4919 eorum
1061 4860 1428 4935 prevaricati
1457 4861 1596 4914 sunt
1619 4860 1853 4929 pactum

215 4977 437 5019 meum
470 4969 653 5027 usque
682 4952 756 5009 ad
784 4952 931 5009 diem
963 4951 1127 5015 hanc,
1159 4952 1216 5005 et
1244 4948 1356 5018 ﬁlii
1382 4947 1526 5003 dura
1556 4946 1768 5002 cervice
1798 4946 1855 4999 et

210 5044 587 5108 indomabili
617 5041 781 5100 corde
811 5044 966 5107 sunt,
996 5037 1070 5094 ad
1089 5052 1223 5111 quos
1240 5053 1336 5109 ego
1368 5036 1534 5093 mitto
1558 5039 1609 5091 te
1629 5033 1849 5105 (Ezech.

210 5141 301 5211 ιι).
343 5134 477 5193 Sed
508 5131 663 5203 prius
706 5130 866 5186 nobis
894 5145 961 5185 ex
992 5124 1172 5185 verbis
1200 5123 1347 5180 beati
1377 5121 1633 5211 Gregorii
1660 5121 1854 5211 dicen-

212 5209 357 5284 dum
394 5230 494 5281 est
536 5217 669 5293 quid
706 5217 779 5274 sit
816 5223 1038 5290 pactum
1068 5231 1083 5270 :
1122 5233 1145 5266 ι
1179 5213 1241 5269 Ιιι
1266 5220 1445 5284 pacto,
1477 5209 1651 5283 inquit
1680 5210 1850 5282 (hom.

212 5320 246 5372 9
280 5317 353 5371 in
388 5308 660 5379 Bacch),
711 5303 1138 5362 discordantium
1183 5300 1419 5373 partium
1466 5298 1713 5355 voluntas
1748 5297 1855 5352 im-

209 5405 440 5476 pletur,
476 5406 540 5454 ut
569 5396 640 5451 ad
668 5403 856 5452 votum
886 5409 1045 5450 suum
1075 5406 1299 5464 qumque
1336 5387 1635 5461 perveniat,
1667 5386 1857 5476 et‘jur-

1953 4510 2156 4567 victum
2182 4518 2238 4566 te
2269 4510 2454 4567 dicere
2483 4526 2592 4566 non
2621 4510 2956 4585 dignaberis,
2991 4521 3183 4584 etquae
3212 4513 3282 4569 ad
3303 4520 3451 4569 tuam
3469 4515 3556 4571 in-

1952 4598 2307 4654 structionem
2336 4606 2389 4653 et
2426 4599 2824 4670 correptionem
2871 4600 2970 4655 tibi
3015 4600 3213 4671 scripta
3262 4609 3407 4668 sunt,
3438 4617 3550 4660 non

1952 4685 2021 4740 ad
2048 4683 2463 4743 aediﬁcationem
2491 4688 2775 4758 suscipies,
2800 4688 2898 4744 sed
2927 4688 2997 4743 ad
3026 4688 3429 4746 contentionem
3456 4706 3548 4746 ex-

1951 4790 2213 4847 aggerare
2241 4775 2503 4844 studebis,
2535 4784 2587 4831 et
2615 4792 2769 4831 more
2799 4784 2892 4831 tuo
2920 4784 3074 4832 sueto
3102 4784 3161 4831 ut
3180 4776 3413 4834 invictus
3444 4779 3542 4848 sis,

1953 4869 2175 4919 secutus
2186 4862 2345 4920 Heliu
2372 4878 2766 4935 praecursorem
2794 4864 3187 4936 arrogantium,
3219 4873 3274 4921 et
3302 4864 3359 4921 in
3388 4882 3546 4923 arro-

1953 4950 2141 5023 gantia
2168 4967 2264 5006 sua
2294 4951 2727 5017 invictissimum,
2748 4951 2838 5022 qui
2856 4952 2988 5007 dixit
3010 4969 3023 5006 :
3046 4954 3258 5011 Plenus
3278 4971 3405 5011 sum
3424 4972 3544 5012 ser-

1953 5038 2229 5109 monibus,
2253 5044 2310 5095 et
2323 5044 2576 5096 coarctat
2590 5056 2678 5095 me
2697 5041 2935 5111 spiritus
2950 5042 3105 5097 uteri
3118 5044 3261 5099 mei:
3275 5042 3472 5115 loquar
3484 5046 3543 5099 et

1951 5127 2237 5199 respirabo
2245 5128 2567 5199 paululum,
2589 5128 2845 5200 aperiam
2866 5129 3014 5185 labia
3032 5143 3158 5186 mea
3169 5134 3225 5187 et
3236 5130 3541 5202 responde-

1954 5215 2016 5270 bo
2038 5214 2152 5284 (Job
2172 5216 2381 5285 χχχιι),
2419 5223 2470 5270 te
2494 5215 2633 5270 intra
2660 5223 2714 5271 te
2737 5216 2994 5272 cohibere
3023 5234 3133 5273 non
3154 5217 3377 5288 poteris,
3404 5218 3538 5290 quin

1955 5302 2237 5358 scientiam
2278 5310 2428 5358 tuam
2477 5302 2595 5358 sine
2633 5304 2839 5359 ratione
2866 5313 2920 5360 et
2948 5305 3264 5362 auctoritate
3294 5305 3349 5361 in
3379 5320 3541 5363 auras

1955 5389 2228 5445 incondite
2258 5398 2316 5444 ut
2344 5389 2489 5446 soles
2520 5407 2629 5447 non
2657 5391 2924 5464 proferas,
2957 5400 3010 5449 et
3038 5401 3094 5447 ut
3124 5410 3212 5450 me
3238 5395 3310 5450 ad
3339 5395 3546 5452 rescri-

208 5474 315 5567 gi:
356 5486 700 5546 desiderato
747 5481 855 5540 ﬁne
898 5479 1204 5539 concludat.
1253 5476 1413 5550 Quod
1458 5483 1675 5549 pactum
1717 5474 1859 5532 inter
1954 5476 2194 5534 bendum
2222 5479 2549 5552 compellere
2594 5480 2794 5552 possis,
2827 5486 3091 5553 quatenus
3136 5483 3300 5540 horas
3349 5483 3548 5541 υιίιίιαι
