4020 6182
490 215 594 272 ιδε

1385 211 1726 266 HINCMARI
1781 207 2182 266 RHEMENSIS
2221 207 2771 264 ARCHIEPISCOPI.

3688 213 3789 266 £64

492 347 546 395 et
575 335 886 394 necessitati
933 335 1324 407 impendendas
1353 335 1624 391 inutilitati
1655 344 1708 390 et
1733 335 2090 406 superﬂuitati
2120 335 2176 396 Α
2197 333 2346 396 dum,
2385 349 2494 388 non
2544 333 2723 388 solum
2751 341 2810 388 ut
2839 333 3075 390 scienter
3121 333 3334 399 doceat,
3365 333 3464 390 sed
3497 333 3662 389 etiam
3691 350 3792 405 pa-

491 425 816 497 expendam,
849 424 1044 479 frivola
1077 433 1130 478 et
1159 425 1368 480 inutilia
1395 433 1558 496 atque
1589 424 1798 478 ratione
1848 423 2088 478 carentia

487 513 798 570 rescribere
827 513 1154 580 decertabis,
1179 521 1230 567 et
1247 513 1338 566 illa
1370 529 1490 582 qua:
1515 513 1629 580 jam
1651 527 1684 565 a
1713 528 1800 566 me
1831 511 1928 566 tibi
1959 511 2090 566 scri-

487 609 580 673 pta
609 609 751 670 sunt,
783 600 878 656 sed
910 607 962 654 et
987 609 1102 654 tuas
1134 599 1366 669 ineptias
1396 599 1467 654 ad
1497 599 1880 670 episcoporum
1909 607 1962 654 et
1991 615 2087 652 sa-

487 688 732 760 pientum
763 703 990 742 examen
1023 703 1108 742 me
1135 687 1438 756 producere
1469 687 1537 740 ad
1561 703 1744 742 meum
1776 702 1876 756 pro
1907 694 1960 739 te
1990 687 2090 742 do-

486 776 662 832 lorem
693 785 745 832 et
775 777 844 830 ad
876 783 1020 830 tuam
1060 775 1361 845 perniciem
1391 775 1598 847 exiges,
1633 783 1684 828 et
1716 774 1896 829 veniet
1924 790 2089 844 super

485 873 558 934 te,
592 865 727 919 sicut
757 879 969 926 vereor,
1004 863 1094 916 illa
1125 863 1394 918 sententia
1435 879 1556 934 qua:
1585 863 1786 932 scripta
1817 870 1898 916 est
1930 880 1942 916 :
1979 863 2087 919 Ne-

487 970 636 1010 cesse
657 957 740 1008 est
761 957 824 1007 ut
845 953 1076 1007 veniant
1097 951 1388 1016 scandala,
1425 967 1504 1004 va:
1532 955 1726 1006 autem
1749 952 1966 1006 homini
1997 951 2086 1004 illi

481 1059 586 1114 per
603 1058 766 1114 quem
785 1041 1120 1095 scandalum
1140 1042 1292 1094 venit
1309 1039 1528 1108 (Matth.
1548 1039 1734 1108 xvm).
1753 1040 1818 1092 Et
1840 1039 1978 1094 sicut
1999 1055 2088 1092 me

485 1135 540 1184 et
579 1145 672 1184 eos
714 1130 804 1201 qui
833 1144 1047 1184 mecum
1081 1137 1130 1182 te
1171 1128 1493 1190 nutrierunt,
1538 1127 1736 1180 deinde
1767 1127 1904 1182 alios
1925 1135 2088 1197 atque

483 1217 641 1284 alios,
673 1218 770 1272 sed
801 1225 854 1272 et
881 1217 1069 1286 plures
1099 1215 1166 1270 de
1187 1215 1272 1268 his
1295 1215 1386 1284 qui
1408 1213 1502 1267 tibi
1533 1214 1811 1268 commissi
1845 1214 2088 1282 fuerunt,

483 1321 675 1362 verum
707 1313 758 1360 et
789 1306 858 1358 de
889 1304 972 1357 his
1006 1303 1098 1372 qui
1128 1319 1156 1356 a
1189 1311 1239 1356 te
1269 1302 1324 1355 in
1353 1300 1532 1356 foedus
1563 1302 2088 1373 familiaritatemque

489 1393 728 1463 suscepti
779 1391 1015 1456 fuerunt,
1077 1390 1274 1444 viritim
1331 1390 1690 1461 dereliquisti,
1744 1399 1796 1444 et
1849 1391 2088 1446 vicissim

487 1481 624 1537 alios
672 1489 836 1551 atque
883 1479 1020 1533 alios
1051 1478 1144 1532 tibi
1183 1477 1239 1531 in
1269 1477 1556 1532 amicitiam
1585 1487 1638 1532 et
1669 1477 2090 1534 familiaritatem

490 1567 766 1638 recepisti,
818 1583 942 1621 cum
991 1565 1262 1638 delegeris
1309 1565 1490 1636 potius
1537 1581 1744 1632 eorum,
1777 1567 1870 1637 qui
1900 1583 1958 1622 se
1989 1584 2089 1637 per

489 1657 704 1712 diversa
745 1655 1013 1724 jactantes
1055 1655 1122 1706 ab
1151 1654 1355 1708 unitate
1405 1654 1683 1708 catholicae
1732 1654 2158 1738 fraternitatisB

493 1744 876 1815 praeciderunt,
928 1743 1014 1798 vel
1043 1751 1262 1813 propter
1291 1743 1700 1797 irrevocabilem
1732 1760 1882 1798 suam
1914 1743 2086 1814 perti-

491 1831 704 1886 naciam
733 1831 958 1902 praecidi
989 1838 1303 1903 exegerunt,
1329 1839 1385 1886 ut
1405 1832 1604 1884 nostris
1629 1831 1966 1901 temporibus
1989 1833 2098 1888 Go-

491 1919 801 1976 thescalcus
831 1927 993 1990 atque
1025 1919 1342 1984 Guntarius,
1377 1919 1708 1974 exitiabilem
1739 1919 2092 1990 pertinaciam

493 2008 665 2080 sequi,
697 2023 860 2079 quam
891 2006 1318 2064 ecclesiasticam
1367 2007 1837 2062 mansuetudinem
1868 2015 1921 2062 et
1948 2009 2090 2080 piam

493 2095 895 2167 paternitatem.
947 2095 1238 2167 Contingat
1283 2095 1396 2164 tibi,
1445 2095 1589 2165 quod
1635 2095 1792 2160 absit,
1845 2112 1968 2150 cum
2013 2096 2092 2150 eis

493 2183 700 2238 habere
731 2191 961 2255 partem,
996 2199 1222 2254 quorum
1253 2184 1524 2238 studueris
1551 2183 1745 2237 imitari
1775 2199 2090 2253 perversam

487 2272 848 2327 intentionem
872 2289 884 2326 :
911 2279 963 2325 et
984 2271 1188 2327 idcirco
1220 2272 1284 2336 si,
1309 2272 1455 2342 quod
1485 2287 1596 2326 non
1623 2279 1749 2342 Opto
1778 2271 1876 2326 sed
1902 2273 2087 2338 timeo,

494 2359 552 2413 in
580 2359 685 2414 hac
715 2357 984 2413 dementia
1015 2351 1152 2413 sicut
1181 2359 1394 2428 coepisti
1441 2359 1680 2413 volueris
1709 2375 2086 2429 perseverare,

491 2461 560 2501 ne
593 2446 826 2517 amplius
876 2453 1064 2501 contra
1113 2447 1402 2500 verbosum
1458 2447 1702 2501 studeam
1761 2449 2090 2504 contendere

497 2534 701 2600 verbis,
738 2533 835 2588 sed
881 2533 988 2588 ista
1016 2541 1106 2588 aut
1152 2535 1222 2588 ad
1261 2535 1673 2602 correctionem,
1707 2543 1798 2590 aut
1825 2552 1924 2606 per
1951 2537 2088 2590 alio—

491 2637 616 2676 rum
640 2621 902 2688 judicium
929 2621 998 2676 ad
1027 2629 1168 2674 tuam
1201 2621 1548 2676 revictionem
1580 2621 1826 2677 sufficere
1856 2623 2086 2690 valeant,

493 2717 546 2764 et
574 2709 706 2763 mihi
736 2709 803 2763 de
835 2709 1118 2764 avulsione
1147 2709 1322 2763 dextri
1372 2709 1516 2764 oculi
1547 2711 1631 2764 vel
1660 2711 1866 2766 dextrae
1895 2727 2088 2766 manus

491 2795 826 2852 abscissione
858 2797 1012 2851 dolor
1043 2797 1328 2852 continuus
1357 2805 1410 2851 et
1437 2807 1731 2868 perpetuus
1761 2814 1964 2853 maeror
1992 2816 2086 2854 ac-

492 2883 656 2952 cidat,
691 2885 829 2940 sicut
860 2901 926 2938 ex
957 2884 1140 2938 verbis
1169 2885 1314 2939 beati
1347 2884 1600 2956 Gregorii
1629 2887 1730 2940 tria
1759 2887 1854 2940 tibi
1882 2902 2085 2957 propo-

487 2973 571 3027 sui
603 2990 614 3026 :
649 2981 935 3042 peccatum
984 2973 1207 3038 scilicet,
1255 2982 1308 3027 et
1345 2988 1568 3028 causam
1615 2974 1842 3044 peccati,
1877 2989 1940 3029 ac
1971 2991 2086 3046 pm-

2189 421 2386 476 tienter
2429 421 2624 476 discat.
2673 421 2796 476 Non
2845 422 3033 476 dubito
3081 423 3228 494 quod
3257 423 3304 475 si
3333 422 3492 476 istam
3539 423 3792 493 quaestio-

2187 525 2312 564 nem
2341 509 2395 562 in
2427 509 2676 564 Ecclesia
2707 511 2800 564 diu
2827 511 3162 581 multumque
3185 519 3496 566 versantem
3518 526 3642 564 cum
3663 510 3796 564 viris

2189 589 2542 650 sanctissimis
2563 597 3000 669 doctissimisque
3023 607 3300 666 tractaret,
3325 614 3425 668 per
3445 614 3584 670 quos
3605 607 3793 668 postea

2189 683 2388 740 factum
2435 693 2536 748 est,
2569 693 2626 739 ut
2655 685 2877 756 antiqua
2907 686 3000 740 illa
3031 685 3372 742 consuetudo
3403 687 3568 742 etiam
3597 686 3792 756 plena-

2189 771 2272 826 rio
2301 772 2534 826 concilio
2567 770 2891 838 firmaretur,
2923 773 3042 828 sine
3079 773 3414 828 dubitatione
3443 774 3792 828 demonstra-

2189 866 2291 924 ret,
2324 875 2434 914 non
2483 860 2654 914 solum
2695 877 2860 930 quam
2901 861 3130 916 devotus
3158 870 3306 915 esset
3335 861 3389 916 in
3421 862 3504 916 his
3539 879 3660 934 quae
3691 861 3790 916 fir-

2187 945 2431 1000 missima
2461 948 2688 1002 veritate
2719 957 3058 1018 perceperat,
3091 966 3284 1004 verum
3307 949 3468 1004 etiam
3501 967 3662 1021 quam
3693 950 3790 1003 do-

2190 1033 2364 1088 cibilis
2395 1035 2452 1088 in
2481 1036 2566 1088 his
2593 1053 2714 1106 qua:
2761 1036 2940 1090 minus
2991 1037 3314 1092 adverterat.
3347 1039 3415 1094 Et
3443 1047 3630 1092 tamen
3669 1055 3788 1092 cum

2189 1121 2694 1176 manifestissimum
2727 1124 2794 1177 sit
2823 1125 2990 1179 multo
3014 1125 3238 1195 gravius
3267 1141 3497 1196 peccare
3529 1126 3790 1182 scientem

2191 1226 2354 1279 quam
2393 1210 2746 1277 nescientem,
2801 1212 2998 1266 vellem
3041 1213 3172 1266 mihi
3219 1213 3416 1284 aliquis
3445 1213 3654 1268 diceret
3687 1232 3701 1267 :
3735 1215 3790 1270 Si

2191 1297 2310 1368 quis
2359 1298 2416 1352 in
2465 1299 2719 1354 haeresim
2767 1300 3030 1364 incurrat,
3083 1302 3336 1356 nesciens
3385 1309 3652 1372 quantum
3679 1319 3792 1355 ma-

2189 1383 2302 1438 lum
2351 1386 2436 1451 sit,
2489 1394 2542 1440 et
2587 1387 2727 1440 alius
2769 1388 2837 1441 ab
2887 1389 3112 1442 avaritia
3165 1405 3272 1444 non
3317 1391 3558 1457 recedat,
3612 1391 3792 1446 sciens

2191 1481 2448 1544 quantum
2476 1475 2678 1530 malum
2724 1476 2810 1543 sit,
2847 1477 2966 1547 quis
3007 1493 3200 1532 eorum
3231 1478 3301 1531 sit
3331 1478 3484 1548 pejor
3505 1479 3534 1532 ?
3563 1480 3789 1533 Possum

2189 1561 2352 1616 etiam
2393 1562 2463 1616 ita
2498 1579 2824 1632 proponere,
2865 1565 2912 1618 si
2959 1566 3097 1622 alius
3139 1566 3392 1620 nesciens
3440 1567 3494 1620 in
3537 1568 3788 1622 haeresim

2189 1649 2444 1718 incurrat,
2479 1659 2530 1705 et
2561 1651 2741 1706 sciens
2789 1653 2926 1707 alius
2955 1654 3022 1707 ad
3049 1653 3356 1709 idololatria
3403 1671 3514 1708 non
3543 1656 3786 1724 recedat,

2191 1738 2319 1809 quia
2347 1746 2398 1792 et
2428 1739 2722 1809 Apostolus
2751 1741 2880 1796 dicit
2909 1759 2922 1795 :
2959 1743 3212 1797 Avaritia
3244 1759 3364 1813 qua:
3393 1748 3480 1798 est
3509 1744 3786 1799 idolorum

2190 1827 2431 1882 servitus
2461 1828 2686 1897 (Coloss.
2709 1829 2813 1898 ιιι),
2847 1837 2900 1884 et
2927 1828 3044 1898 ipse
3067 1829 3369 1900 Cyprianus
3391 1832 3642 1886 eamdem
3674 1848 3792 1888 sen-

2191 1915 2410 1968 tentiam
2461 1931 2572 1968 non
2619 1915 2776 1970 aliter
2807 1916 3086 1986 intellexit,
3135 1918 3276 1974 sicut
3307 1919 3378 1973 ad
3421 1919 3784 1974 Antonianum

2191 2001 2435 2056 scribens
2463 2002 2536 2056 ait
2565 2005 2751 2075 (epist.
2785 2007 2875 2074 52)
2910 2022 2922 2058 :
2959 2027 2980 2050 «
3017 2006 3132 2060 Nec
3163 2006 3267 2060 sibi
3295 2007 3349 2060 in
3381 2008 3484 2062 hoc
3513 2008 3645 2062 novi
3673 2011 3784 2064 hae-

2191 2087 2346 2144 retici
2389 2090 2746 2156 blandiantur,
2791 2093 2938 2162 quod
2985 2109 3044 2148 se
3091 2093 3270 2149 dicant
3325 2095 3636 2150 idololatris
3681 2113 3784 2153 non

2190 2179 2612 2246 communicare,
2658 2181 2874 2250 quando
2922 2181 3030 2234 sint
3059 2189 3110 2235 et
3141 2182 3286 2252 apud
3313 2182 3434 2238 illos
3471 2183 3708 2240 adulteri
3737 2195 3788 2240 et

2189 2262 2528 2320 fraudatores
2576 2267 2668 2336 qui
2711 2275 2994 2322 teneantur
3035 2269 3352 2326 idololatriae
3401 2272 3652 2338 crimine,
3697 2289 3782 2328 se-

2190 2353 2423 2408 cundum
2457 2354 2777 2424 Apostolum
2805 2355 3080 2412 dicentem
3107 2358 3329 2430 (Ephes.
3357 2359 3414 2430 v)
3449 2377 3462 2412 :
3497 2359 3618 2415 Hoc
3647 2361 3782 2416 enim

2188 2440 2380 2496 scitote
2409 2441 2797 2514 intelligentes,
2849 2445 2970 2515 quia
3014 2445 3190 2500 omnis
3219 2445 3536 2510 fornicator,
3569 2457 3661 2503 aut
3689 2449 3780 2504 im-

2187 2528 2442 2594 mundus,
2510 2537 2600 2583 aut
2661 2529 2956 2599 fraudator,
3017 2533 3164 2604 quod
3213 2541 3295 2588 est
3351 2534 3624 2602 idolatria,
3681 2553 3780 2592 non

2187 2616 2352 2670 habet
2381 2617 2748 2672 hereditatem
2764 2619 2820 2674 in
2837 2635 3011 2692 regno
3028 2621 3226 2676 Christi
3243 2629 3296 2676 et
3315 2623 3416 2677 Dei
3440 2641 3454 2688 ;
3475 2631 3528 2678 et
3549 2623 3740 2679 iterum
3763 2643 3776 2678 :

2187 2705 2512 2774 Mortiﬁcate
2529 2705 2708 2777 itaque
2733 2709 2980 2764 membra
2997 2713 3182 2764 vestra
3197 2727 3319 2782 quae
3333 2715 3470 2766 sunt
3484 2729 3658 2783 super
3675 2717 3778 2768 ter-

2188 2807 2330 2856 ram,
2366 2801 2699 2863 exponentes
2728 2797 3190 2865 fornicationem,
3239 2798 3693 2866 immunditiam,
3727 2809 3774 2856 et

2185 2882 2703 2950 concupiscentiam
2721 2884 2955 2950 malam,
2975 2888 3030 2939 et
3047 2887 3354 2940 avaritiam
3369 2904 3492 2958 qua:
3509 2893 3592 2943 est
3611 2889 3772 2943 idolo-

2187 2982 2310 3020 rum
2338 2971 2578 3024 servitus
2610 2971 2862 3038 (Colloss.
2895 2973 2997 3042 ιιι).
3033 2971 3231 3042 Quaero
3280 2990 3416 3046 ergo
3447 2976 3568 3046 quis
3596 2985 3773 3048 peccet

651 3027 667 3042 .
734 3027 772 3028 γν
1197 3027 1207 3038 ,
1615 3027 1633 3044 .
1816 3027 1842 3040 ν,
1971 3027 2055 3046 τη
2616 3027 2628 3038 .
2959 3027 2971 3042 ,
3041 3027 3080 3042 ..
3150 3027 3218 3028 η
3289 3027 3301 3028 κ
3343 3027 3407 3046 si
3454 3027 3771 3048 τ---τ-πν-

485 3075 610 3116 nam
647 3061 858 3131 peccati
891 3078 904 3114 ;
940 3077 1062 3130 qua;
1098 3061 1259 3115 etiam
1287 3060 1334 3114 si
1362 3076 1568 3132 negare
1615 3061 1749 3116 velis
1795 3063 2080 3118 admisisse
2117 3027 2421 3126 C'gravius,
2453 3057 2543 3126 qui
2590 3058 2842 3113 nesciens
2873 3059 2927 3114 in
2957 3061 3210 3116 haeresim
3251 3062 3560 3128 incurrerit,
3593 3080 3660 3118 au
3690 3065 3772 3134 qui

483 3148 847 3212 convinceris,
879 3147 976 3202 tibi
1018 3147 1126 3202 alia
1173 3148 1275 3202 tria
1304 3165 1370 3202 ex
1399 3149 1580 3204 verbis
1610 3149 1752 3204 beati
1793 3151 2080 3222 Augustini

483 3249 805 3307 proponam,
840 3243 896 3290 ut
925 3236 1065 3291 sicut
1094 3237 1358 3306 scriptum
1377 3243 1478 3302 est,
1511 3238 1716 3303 Videas,
1751 3241 1807 3293 et
1835 3240 1998 3306 scias,
2025 3243 2079 3293 et

483 3325 770 3396 recogites,
793 3329 849 3380 et
867 3325 1158 3396 intelligas
1169 3327 1392 3396 pariter
1412 3325 1541 3394 (lsa.
1557 3327 1696 3394 xu).
1721 3326 1956 3380 Primum
1969 3327 2084 3396 qui-

477 3411 602 3468 dem
631 3421 950 3482 provectum
979 3412 1234 3480 avaritiae,
1259 3413 1402 3467 unde
1423 3413 1732 3484 Apostolus,
1757 3418 1812 3468 et
1833 3415 2080 3470 avaritia

475 3514 597 3569 quae
617 3503 703 3554 est
725 3500 1006 3556 idolorum
1023 3503 1268 3556 servitus
1286 3501 1516 3569 (Coloss.
1539 3501 1886 3572 tu).Avaritia
1909 3503 2074 3568 enim,

475 3594 536 3640 ut
554 3587 889 3642 demonstrat
937 3589 1262 3660 Gregorius,
1317 3605 1426 3644 non
1474 3589 1650 3644 solum
1693 3591 1940 3660 pecuniae
1971 3597 2073 3656 est,

477 3673 578 3730 sed
608 3675 770 3730 etiam
812 3676 1133 3730 altitudinis.
1167 3677 1334 3731 Recte
1365 3677 1564 3746 quippe
1603 3677 1825 3732 avaritia
1855 3677 2072 3744 dicitur,

476 3777 602 3818 cum
633 3777 798 3832 super
842 3765 1062 3818 modum
1109 3763 1414 3817 sublimitas
1461 3763 1712 3818 ambitur.
1747 3765 1905 3831 Quod
1935 3764 2074 3820 inci-

473 3849 621 3904 disse
651 3850 871 3917 videris,
897 3851 990 3920 qui
1021 3859 1210 3905 contra
1239 3852 1516 3906 decretum
1537 3867 1566 3904 a
1597 3853 1714 3906 Deo
1742 3852 2070 3922 ordinatum,

469 3950 540 3990 ne
571 3935 818 3990 subditus
839 3938 1134 3992 secundum
1158 3937 1380 4009 regulas
1403 3947 1493 3992 tuo
1511 3940 1927 4009 metropolitano
1950 3939 2072 4008 fias,

467 4029 525 4077 ut
555 4037 719 4092 supra
747 4025 982 4090 ostendi,
1015 4024 1282 4080 rebellare
1312 4026 1543 4081 conaris.
1573 4027 1634 4080 In
1665 4043 1772 4098 quo
1803 4027 1846 4082 si
1878 4043 2072 4098 perse-

470 4125 664 4165 verare
711 4109 1002 4183 delegeris,
1055 4121 1312 4183 quantum
1361 4114 1663 4185 delinquas,
1723 4131 1846 4170 cum
1911 4116 2071 4171 tantis

470 4197 878 4252 auctoritatibus
926 4199 1239 4267 revincaris,
1292 4217 1357 4256 ex
1405 4202 1649 4270 ejusdem
1693 4202 1837 4258 beati
1876 4205 2068 4275 Augu-

471 4283 600 4340 stini
631 4286 831 4351 verbis,
866 4303 988 4357 quae
1017 4287 1084 4341 de
1113 4289 1288 4343 sancti
1335 4289 1592 4358 Cypriani
1621 4290 1778 4345 dictis
1807 4291 2068 4362 deprom-

2180 3142 2358 3196 sciens
2387 3143 2457 3196 ab
2486 3145 2731 3212 avaritia,
2764 3146 2819 3201 id
2847 3155 2930 3202 est
2957 3149 3026 3202 ab
3056 3149 3360 3205 idololatria
3390 3167 3502 3206 non
3531 3167 3770 3208 recesse-

2179 3229 2292 3284 rit?
2325 3231 2634 3287 Secundum
2684 3235 2904 3305 quidem
2945 3237 3093 3290 illam
3123 3239 3396 3309 regulam,
3425 3256 3533 3310 qua
3561 3249 3770 3310 peccata

2179 3317 2464 3373 scientiam
2513 3322 2752 3390 peccatis
2791 3323 3114 3395 ignorantiae
3143 3337 3556 3396 praeponuntur,
3587 3345 3766 3384 avarus

2177 3420 2300 3460 cum
2331 3407 2554 3462 scientia
2584 3409 2750 3465 vincit
2769 3410 2824 3465 in
2846 3412 3054 3467 scelere
3075 3413 3390 3470 haereticum
3420 3417 3758 3472 nescientem.

2177 3493 2286 3550 Sed
2317 3511 2384 3550 ne
2413 3494 2550 3551 forte
2599 3497 2840 3568 hocﬁat,
2871 3499 2995 3555 facit
3024 3501 3081 3554 in
3107 3503 3304 3558 haeresi
3347 3504 3575 3560 sceleris
3603 3505 3760 3574 ipsius

2177 3582 2514 3654 magnitudo,
2547 3585 2694 3656 quod
2723 3585 2852 3642 facit
2881 3587 2936 3641 in
2969 3589 3192 3644 avaritia
3223 3591 3446 3646 scientis
3492 3592 3758 3656 admissio,

2175 3677 2232 3723 ut
2277 3669 2565 3727 haereticus
2613 3673 2863 3728 nesciens
2910 3691 3075 3731 avaro
3121 3678 3314 3734 scienti
3375 3690 3702 3751 coaequetur.
3735 3701 3754 3729 ι

2173 3756 2526 3814 Exustionem
2575 3777 2792 3834 quoque
2841 3763 3148 3820 divinorum
3203 3766 3566 3839 eloquiorum,
3613 3783 3758 3840 quam

2173 3846 2305 3900 mihi
2321 3849 2671 3918 persuadere,
2696 3849 2742 3903 si
2757 3866 2972 3922 posses,
2994 3854 3220 3910 obtentu
3237 3857 3382 3926 apud
3399 3864 3452 3912 te
3469 3857 3758 3912 obtinenda

2172 3933 2322 4004 pacis
2365 3946 2586 3990 conatus
2633 3936 2800 4004 fuisti,
2867 3939 3004 3995 sicut
3057 3942 3288 3998 clericos
3335 3946 3610 4013 parochias
3661 3954 3756 3998 tua:

2173 4021 2368 4076 eodem
2415 4023 2636 4079 obtentu
2667 4041 2765 4096 per
2796 4026 3158 4098 irregularem
3199 4031 3650 4103 subscriptionem
3677 4041 3754 4088 te-

2171 4124 2295 4164 cum
2342 4111 2700 4168 connexuisti.
2749 4113 3006 4187 Legimus
3053 4117 3251 4188 quippe
3301 4134 3426 4175 esse
3475 4137 3538 4176 os
3567 4121 3752 4184 cordis,

2172 4196 2312 4254 sicut
2345 4205 2398 4254 et
2427 4215 2490 4254 os
2521 4202 2790 4272 corporis.
2841 4203 2921 4258 De
2965 4219 3057 4259 ore
3087 4205 3232 4259 enim
3279 4207 3464 4262 cordis
3509 4209 3751 4279 scriptum

2172 4293 2256 4340 est
2277 4303 2290 4338 :
2313 4286 2484 4342 Labia
2504 4289 2690 4344 dolosa
2709 4291 2770 4345 in
2791 4291 2973 4357 corde,
2996 4295 3056 4348 et
3073 4293 3235 4348 corde
3255 4295 3430 4351 locuti
3445 4296 3749 4366 sunt(Psal.

469 4373 595 4444 psit,
629 4374 726 4428 tibi
755 4375 1048 4430 ostendere
1078 4377 1450 4430 necessarium
1481 4377 1629 4432 duxi.
1655 4379 1742 4432 Ait
1773 4379 1916 4434 enim
1949 4396 2069 4435 san-
2100 4373 2151 4433 D
2173 4372 2256 4443 XI)
2281 4391 2294 4438 ;
2329 4381 2382 4428 ει
2405 4375 2552 4443 ,Ῑωιῑθ
2595 4377 2968 4447 evangelicam
3015 4380 3294 4436 veritatem
3329 4399 3341 4435 ε
3375 4385 3452 4438 De
3479 4385 3634 4440 corde
3663 4399 3752 4438 ex-

469 4469 586 4517 ctus
626 4462 931 4532 Cyprianus
977 4463 1168 4535 (epist.
1195 4467 1280 4530 65,
1307 4465 1376 4518 ad
1407 4467 1817 4537 Antonianum)
1845 4485 1856 4522 :
1885 4491 1906 4514 α
1944 4469 2072 4523 Post

465 4547 900 4620 inspirationem,
936 4552 1205 4622 inquiens,
1231 4560 1283 4606 et
1305 4554 1692 4609 revelationem
1723 4555 1938 4622 factam,
1975 4557 2068 4628 qui

468 4637 524 4692 in
553 4652 620 4692 eo
651 4639 797 4710 quod
845 4647 1125 4694 erraverat
1169 4650 1485 4710 perseverat
1511 4643 1752 4711 prudens
1782 4651 1834 4698 et
1866 4645 2064 4710 sciens,

469 4725 586 4780 sine
629 4727 789 4780 venia
829 4727 1151 4798 ignorantiae
1198 4735 1388 4798 peccat
1422 4747 1434 4782 :
1467 4731 1890 4802 praesumptione
1921 4733 2066 4787 enim

469 4819 630 4882 atque
657 4813 1016 4870 obstinatione
1063 4815 1290 4886 quadam
1339 4815 1541 4884 nititur,
1575 4833 1698 4872 cum
1727 4819 1937 4875 ratione
1967 4836 2064 4875 su-

469 4906 711 4970 peretur.
751 4924 774 4948 »
807 4901 942 4956 Hinc
971 4903 1306 4975 Augustinus
1338 4905 1454 4972 (lib.
1488 4920 1546 4958 tv
1576 4905 1640 4960 de
1670 4907 1830 4978 Bapt.
1866 4913 2064 4963 contra

463 4988 810 5052 Donatistas,
844 5005 962 5059 cap.
997 4993 1052 5060 5)
1085 5009 1097 5044 :
1135 5013 1156 5038 τι
1193 4991 1310 5047 Hoc
1358 4991 1698 5048 verissimum
1747 5001 1848 5062 est,
1899 4994 2062 5068 longe

462 5075 688 5147 gravius
737 5091 858 5130 esse
905 5085 1184 5146 peccatum
1233 5081 1350 5149 ejus
1381 5081 1472 5152 qui
1522 5080 1722 5148 sciens,
1755 5095 1916 5152 quam
1947 5084 2061 5151 ejus

462 5163 554 5234 qui
582 5163 836 5220 nesciens
855 5167 1178 5235 peccaverit.
1208 5189 1228 5217 α
1254 5169 1322 5223 Ει
1343 5168 1464 5224 ideo
1488 5169 1572 5224 vir
1594 5179 1813 5224 sanctus
1835 5171 2059 5242 Cypris-

463 5267 586 5316 nus,
637 5268 748 5308 non
797 5253 972 5309 solum
1018 5254 1230 5319 doctus,
1265 5257 1361 5311 sed
1391 5257 1551 5311 etiam
1583 5257 1795 5325 docilis,
1829 5258 1974 5329 quod
2005 5259 2060 5312 in

463 5335 618 5391 laude
651 5341 892 5411 episcopi
921 5357 1084 5412 puem
1113 5341 1361 5413 designat
1391 5345 1700 5414 Apostolus,
1735 5345 1814 5400 sic
1833 5346 1953 5415 ipse
1977 5346 2058 5400 in-

462 5422 684 5490 tellexit,
703 5435 760 5478 ut
779 5427 984 5483 diceret
1006 5429 1169 5484 etiam
1190 5431 1292 5484 hoc
1323 5430 1378 5484 in
1403 5431 1660 5502 episcopo
1683 5449 1804 5488 esse
1825 5434 2057 5504 diligen-

2173 4463 2312 4516 eunt
2341 4465 2708 4534 cogitationes
2738 4467 2926 4533 malae,
2961 4467 3286 4535 homicidia,
3319 4474 3595 4543 perjuria,
3613 4471 3750 4542 falsa

2171 4549 2498 4604 testimonia
2521 4551 2740 4618 (Matth.
2761 4553 2864 4623 χι),
2891 4561 2944 4608 et
2975 4555 3185 4626 reliqua
3217 4574 3338 4628 qua:
3364 4575 3432 4613 ex
3461 4575 3558 4615 ore
3587 4559 3748 4614 cordis

2166 4636 2236 4691 ad
2265 4637 2490 4692 aliorum
2538 4642 2842 4708 procedunt
2882 4643 3127 4698 notitiam
3175 4661 3273 4714 per
3302 4661 3364 4700 os
3403 4647 3664 4718 corporis.
3689 4646 3748 4702 Et

2165 4723 2400 4796 legimus
2431 4725 2878 4784 deliberationem
2907 4731 3200 4786 voluntatis
3229 4749 3352 4788 esse
3379 4734 3746 4805 perfectionem

2166 4811 2367 4880 operis,
2416 4812 2632 4870 dicente
2681 4815 2913 4872 Domino
2945 4836 2958 4871 :
2992 4819 3096 4885 Qui
3125 4819 3329 4876 uiderit
3367 4825 3659 4879 mulierem
3683 4820 3746 4876 ad

2165 4901 2676 4971 concupiscendum
2726 4921 2870 4974 eam,
2912 4907 3038 4977 jam
3077 4907 3392 4966 mmchatus
3423 4916 3508 4966 est
3543 4928 3658 4966 eam
3693 4911 3744 4962 in

2163 4986 2327 5042 corde
2346 5005 2442 5043 suo
2460 4989 2680 5058 (Matth.
2706 4991 2785 5061 ν),
2807 5001 2858 5046 et
2875 4994 2946 5047 ad
2964 4993 3260 5064 discipulos
3283 5012 3444 5052 suos:
3471 4999 3649 5063 Posui,
3671 4997 3742 5050 in-

2163 5074 2280 5144 quit
2309 5091 2418 5139 vos,
2459 5081 2524 5131 ut
2562 5081 2705 5134 eatis
2731 5083 2788 5134 et
2819 5083 3078 5150 fructum
3119 5083 3376 5154 a/feratis
3415 5087 3594 5156 (Joan.
3629 5087 3737 5151 xv).

2168 5183 2189 5211 ι
2213 5161 2382 5230 Eatis,
2423 5163 2596 5236 inquit
2630 5165 2950 5240 Gregorius,
2995 5169 3248 5238 voleudo,
3275 5171 3508 5229 fructum
3527 5171 3742 5228 afferatis

2161 5252 2456 5320 operando.
2479 5253 2630 5308 Eatis
2661 5255 2806 5310 enim
2823 5257 3054 5313 volendo
3075 5259 3204 5324 dixi,
3243 5261 3371 5331 quia
3391 5262 3529 5318 velle
3558 5257 3737 5332 aliquid

2161 5337 2345 5393 facere
2380 5340 2495 5408 jam
2541 5349 2722 5397 mente
2753 5343 2830 5398 ire
2859 5353 2960 5399 est.
3011 5347 3078 5401 Et
3109 5355 3163 5401 tu
3193 5347 3333 5404 adeo
3376 5365 3442 5404 ex
3485 5349 3736 5405 delibera-

2160 5435 2308 5490 tione
2337 5435 2628 5494 voluntatis
2657 5441 2953 5508 pervenisti
2980 5442 3050 5497 ad
3080 5445 3450 5514 operationem
3471 5442 3734 5511 sermonis,
