4020 6182
217 301 313 355 ῑ65

925 297 1165 363 orusc.
1223 298 1313 355 ET
1361 299 1579 355 EPIST.
1638 300 1712 354 IN
1766 298 1992 353 CAUSA
2039 258 2384 356 HlNCMAltl
2446 303 2758 359 LAUDUN.

3408 273 3513 363 tos

220 434 273 478 ut
301 422 649 478 mortiferum
679 422 748 477 ad
776 422 1073 478 bibendum
1116 423 1249 478 mihi
1272 425 1613 495 propinares,
1661 423 1810 479 scili-
1842 421 1897 482 A
1919 424 2065 494 quod
2103 425 2382 495 probatur,
2438 426 2536 481 sed
2574 428 2644 480 ab
2697 426 2851 498 ipsis,
2903 428 3048 500 quod
3087 443 3196 484 non
3232 430 3512 500 probatur,

216 520 297 567 cet
324 519 381 565 ut
410 511 633 583 eloquia
661 526 819 567 sacra
846 512 1015 583 gratia
1043 512 1120 566 tui
1149 512 1516 579 incenderem,
1550 512 1655 567 nisi
1683 512 1815 567 mihi

215 600 301 657 ille
329 601 552 654 adesset
582 600 676 671 qui
704 600 758 654 in
781 615 840 655 se
871 600 1217 655 credentibus
1248 600 1555 671 repromisit
1585 600 1772 657 dicens
1797 618 1810 653 :

218 692 275 746 Si
299 690 667 759 mortiferum
688 689 820 760 quid
848 689 1107 757 biberint,
1132 706 1246 744 non
1267 705 1355 744 eos
1376 690 1595 745 nocebit
1617 690 1809 759 (Marc.

216 778 347 846 xvi).
385 777 528 831 Dum
559 776 867 846 pestiferas,
907 776 1079 848 inquit
1108 777 1295 832 beatus
1328 777 1648 849 Gregorius,
1682 793 1813 832 sua-

216 866 393 920 sioues
433 864 676 931 audiunt,
710 865 807 920 sed
852 872 1035 920 tamen
1063 865 1135 920 ad
1178 866 1544 936 operationem
1587 880 1813 937 pravam

217 952 435 1008 minime
480 953 893 1022 pertrahuntur,
935 952 1276 1009 mortiferum
1305 953 1525 1025 quidem
1556 961 1639 1009 est
1668 953 1814 1024 quod

217 1041 421 1106 bibunt,
454 1040 554 1095 sed
585 1056 695 1094 non
715 1040 794 1095 eis
822 1041 1061 1097 nocebit.
1100 1062 1121 1091 ι
1148 1042 1216 1096 Ει
1240 1040 1367 1097 licet
1394 1057 1482 1096 me
1513 1043 1657 1096 Deus
1686 1041 1812 1095 hinc

215 1128 389 1202 gratia
436 1144 533 1183 sua
579 1129 895 1193 servaverit,
948 1136 1008 1182 tu
1063 1137 1266 1194 tamen,
1312 1129 1417 1183 nisi
1473 1128 1808 1200 pmnitueris,

213 1216 369 1271 studii
418 1215 497 1270 tui
544 1216 663 1270 lues
702 1216 995 1285 judicium.
1034 1238 1056 1266 α
1095 1216 1342 1281 Tardius,
1403 1216 1576 1288 inquit
1619 1217 1812 1271 beatus

210 1304 509 1377 Gregorius
581 1306 828 1374 (Pastor.
881 1320 959 1371 in,
1025 1305 1245 1359 admon.
1334 1305 1467 1375 33),
1526 1312 1812 1375 peccatum

212 1392 458 1457 solvitur,
493 1392 640 1464 quod
668 1400 723 1447 et
750 1408 848 1463 per
876 1393 1162 1449 consilium
1193 1392 1497 1447 solidatur:
1530 1393 1635 1446 nisi
1667 1392 1813 1447 enim

214 1495 361 1535 mens
395 1480 717 1536 omnimodo
745 1488 947 1536 aeterna
985 1480 1313 1552 despiceret,
1354 1480 1408 1535 in
1439 1481 1600 1551 culpa
1629 1496 1694 1535 ex
1717 1481 1811 1549 ju-

213 1569 348 1624 dicio
384 1581 499 1622 non
528 1568 752 1639 periret.
785 1568 921 1624 Hinc
942 1576 1025 1623 est
1054 1568 1200 1640 quod
1232 1585 1333 1639 per
1360 1570 1678 1640 prophetam
1711 1569 1814 1623 Do-

216 1657 388 1713 minus
427 1670 542 1709 non
583 1664 692 1710 tam
731 1656 1217 1727 praecipitationum
1253 1672 1439 1727 prava,
1473 1673 1633 1728 quam
1670 1655 1812 1711 deli-

1913 512 2262 567 traditoribus
2310 514 2653 585 separastis?
2696 518 2798 583 An,
2853 524 2909 570 ut
2968 516 3153 573 dicere
3216 533 3510 590 coeperam,

1913 600 2165 670 graviora
2195 609 2317 655 sunt
2360 602 2587 656 crimina
2625 603 2966 671 traditorum,
3009 621 3168 675 quam
3199 606 3512 663 schismati-

1914 702 2104 742 corum
2124 688 2151 742 ?
2180 690 2301 743 Non
2320 688 2611 745 efferamus
2634 699 2865 745 steteras
2886 691 3104 747 dolosas
3125 693 3216 747 ubi
3245 696 3513 765 appenda-

1913 792 2035 829 mus
2066 777 2209 847 quod
2242 777 2511 844 volumus,
2544 786 2597 833 et
2626 780 2902 850 quomodo
2933 780 3201 847 volumus,
3237 797 3335 852 pro
3367 782 3515 837 arbi-

1914 863 2012 917 trio
2042 871 2227 919 nostro
2275 865 2539 931 dicentes,
2571 867 2676 922 hoc
2725 882 2914 939 grave,
2961 868 3062 923 hoc
3090 868 3210 924 leve
3255 877 3336 924 est
3368 888 3381 924 :
3414 871 3512 926 sed

1913 949 2202 1006 aﬂ‘eramus
2248 953 2486 1008 divinam
2529 962 2779 1010 stateram
2822 955 2890 1009 de
2942 954 3239 1027 Scripturis
3286 959 3508 1029 sanctis,
3570 956 3575 961 ’

1913 1045 2171 1110 tanquam
2203 1040 2270 1095 de
2312 1041 2580 1095 thesauris
2618 1042 2937 1109 Dominicis,
2978 1051 3031 1098 et
3060 1044 3113 1098 in
3152 1044 3244 1098 illa
3282 1045 3412 1117 quid
3443 1045 3514 1100 sit

1912 1127 2137 1197 gravius
2167 1129 2561 1200 appendamus,
2606 1129 2714 1184 imo
2751 1146 2860 1184 non
2902 1132 3293 1201 appendamus,
3341 1134 3440 1190 sed
3478 1150 3513 1189 a

1913 1215 2147 1270 Domino
2178 1231 2421 1286 appensa
2452 1232 2926 1287 recognoscamus.
2967 1219 3231 1291 Tempore
3256 1220 3369 1286 illo,
3403 1236 3512 1294 quo

1914 1303 2175 1357 Dominus
2189 1306 2389 1373 (Exod.
2446 1305 2828 1377 xxxu)priora
2848 1306 3047 1362 delicta
3067 1308 3374 1364 recentibus
3394 1325 3511 1381 pte-

1914 1406 2107 1446 narum
2141 1392 2405 1463 exemplis
2435 1394 2677 1449 cavenda
2728 1394 3071 1461 monstravit,
3106 1403 3160 1449 et
3187 1395 3392 1451 idolum
3422 1396 3510 1454 fa-

1912 1480 2176 1535 bricatum
2198 1488 2361 1551 atque
2393 1482 2671 1536 adoratum
2692 1490 2794 1551 est,
2819 1489 2872 1537 et
2893 1483 3243 1554 propheticus
3271 1484 3409 1540 liber
3430 1486 3514 1542 ira

1914 1567 2063 1639 regis
2109 1569 2498 1639 contemptoris
2546 1570 2801 1624 incensus
2850 1572 2984 1639 (Jer.
3018 1572 3248 1641 xxxvi),
3282 1579 3335 1626 et
3365 1572 3513 1628 schi-

1913 1671 2031 1711 sma
2059 1663 2395 1721 attentatum,
2417 1656 2717 1711 idololatria
2738 1658 2920 1730 gladio
2954 1658 3142 1729 punita
3172 1667 3273 1725 est,
3307 1660 3516 1716 exustio

211 1757 416 1804 ctorum
460 1747 642 1802 studia
683 1745 1037 1815 reprehendit
1074 1745 1261 1799 dicens
1298 1762 1311 1798 :
1345 1746 1420 1801 Ne
1460 1748 1608 1816 forte
1652 1761 1810 1816 egre-
1842 1743 2036 1827 Blibri
2068 1743 2261 1799 bellica
2302 1743 2451 1799 caede
2482 1752 2534 1800 et
2564 1746 2856 1816 peregrina
2900 1746 3229 1817 captivitate,
3277 1747 3517 1804 schisma

214 1837 401 1893 diatur
412 1837 645 1907 utignis
658 1833 978 1905 indignatio
989 1848 1136 1902 mea,
1151 1836 1206 1887 et
1220 1832 1613 1899 succendatur,
1630 1837 1685 1888 et
1698 1850 1813 1888 non

214 1927 403 1998 sitqui
426 1926 767 1993 exstinguat
795 1925 1027 1993 propter
1059 1917 1346 1976 malitiain
1385 1921 1701 1977 studiorum
1732 1938 1817 1977 ve-

213 2019 464 2070 strorum
495 2013 631 2083 (Jer.
665 2009 766 2081 iv).
788 2008 924 2064 Hinc
952 2008 1147 2063 iterum
1170 2008 1337 2063 iratus
1366 2008 1495 2064 dicit
1528 2026 1541 2062 :
1581 2010 1815 2065 l’isitabo

212 2119 375 2175 super
404 2117 504 2158 vos
517 2102 699 2172 juxta
726 2101 981 2169 fructum
1000 2097 1319 2152 studiorum
1341 2101 1653 2154 vestrorum
1675 2096 1810 2175 (Jer.

212 2162 350 2259 χέε).
383 2162 664 2258 Quoniam
704 2162 873 2257 igitur
902 2200 935 2239 a
964 2184 1206 2255 peccatis
1238 2184 1357 2239 aliis
1396 2183 1649 2239 differunt
1678 2162 1813 2255 pec.-

214 2286 330 2333 cata
358 2294 493 2349 quae
521 2292 624 2346 per
640 2273 925 2329 consilium
957 2281 1351 2343 perpetrantur,
1374 2288 1484 2327 non
1514 2281 1621 2326 tam
1654 2288 1815 2343 prava

214 2365 346 2421 facta
394 2363 687 2428 Dominus,
732 2376 895 2433 quam
947 2360 1121 2414 studia
1167 2359 1447 2431 pravitatis
1493 2360 1812 2432 insequitur.

217 2455 272 2508 lu
297 2453 463 2508 factis
495 2451 642 2507 enim
670 2465 815 2519 saepe
846 2446 1173 2516 inﬁrmitate,
1206 2463 1351 2518 saepe
1381 2448 1737 2519 negligentia,
1761 2448 1817 2502 in

213 2542 403 2596 studiis
438 2555 575 2594 vero
605 2532 877 2592 malitiosa
906 2551 1123 2605 semper
1151 2536 1445 2592 intentione
1476 2544 1749 2606 peccatur.
1790 2558 1811 2585 ιο

215 2630 346 2684 Hinc
376 2643 520 2700 ergo
552 2626 811 2694 colligant
850 2624 940 2695 qui
971 2623 1026 2678 in
1056 2623 1217 2694 culpa
1248 2639 1307 2679 se
1337 2623 1495 2677 etiam
1538 2640 1637 2694 per
1679 2639 1815 2679 con-

213 2717 389 2771 silium
422 2715 620 2787 ligant,
669 2728 776 2784 qua
804 2712 1133 2784 quandoque
1163 2710 1366 2766 ultione
1411 2710 1640 2766 feriendi
1671 2720 1812 2777 sunt,

214 2805 302 2875 qui
330 2819 486 2859 nunc
530 2816 827 2872 pravorum
864 2815 976 2855 non
1017 2799 1170 2868 socii,
1204 2799 1302 2854 sed
1345 2798 1621 2870 principes
1659 2798 1813 2853 fiunt.

210 2892 464 2949 Schisma
505 2888 876 2955 nihilominus,
928 2903 1037 2958 quo
1076 2894 1129 2942 te
1159 2902 1192 2941 a
1222 2887 1317 2941 tibi
1365 2886 1673 2942 commissis
1724 2903 1816 2942 se-

208 2989 533 3052 paraturum
592 2975 927 3041 monstrasti,
973 2975 1077 3029 nisi
1131 2983 1331 3030 tectum
1387 2975 1814 3041 subscriberent,

208 3084 344 3142 quos
380 3075 573 3123 tecum
617 3064 1028 3120 subscribentes
1057 3078 1090 3117 a
1117 3063 1296 3129 nobis,
1329 3062 1422 3135 qui
1451 3079 1513 3117 ea
1553 3080 1676 3134 quae
1718 3063 1814 3117 tibi

199 3156 527 3212 etecclesiae
571 3152 667 3208 tibi
696 3153 1023 3217 commissas,
1046 3152 1115 3207 de
1141 3151 1456 3222 evangelica
1493 3151 1739 3221 veritate,
1759 3158 1812 3206 et

201 3244 516 3316 apostolica
574 3241 911 3306 auctoritate,
949 3247 1112 3310 atque
1164 3238 1429 3293 canonica
1479 3238 1812 3293 institutione

202 3333 397 3398 direxi,
453 3345 762 3391 servamus,
802 3328 911 3383 imo
952 3328 1022 3381 ab
1066 3327 1316 3383 Ecclesia
1354 3326 1640 3392 catholica,
1692 3343 1813 3398 quae

199 3421 288 3476 illa
328 3426 529 3476 servat
558 3425 610 3472 et
650 3415 1102 3489 irrefragabiliter
1135 3430 1327 3470 omnes
1364 3429 1584 3469 servare
1628 3415 1807 3469 docet.

198 3511 264 3565 Ut
292 3508 572 3581 quoniam
610 3522 698 3560 me
745 3521 811 3559 ex
848 3503 1041 3558 merito
1086 3518 1211 3558 meo
1258 3501 1515 3573 despicis,
1563 3518 1628 3557 ex
1668 3502 1810 3557 beati

196 3595 501 3670 Augustini
528 3593 714 3649 verbis
740 3593 808 3647 de
838 3591 1130 3662 Scriptura:
1161 3606 1331 3646 sacrm
1360 3590 1673 3645 auctoritate
1704 3591 1809 3645 do-

195 3686 376 3741 centis
406 3697 691 3757 agnoscas
706 3696 871 3753 quam
898 3695 1066 3751 grave
1086 3687 1370 3749 peccatum
1393 3679 1462 3733 sit
1480 3678 1806 3743 idololatria,

199 3774 349 3845 quod
379 3789 456 3829 ex
489 3771 692 3825 ambitu
720 3767 1020 3824 altitudinis
1039 3767 1325 3822 admisisse
1355 3767 1577 3835 videris,
1607 3774 1660 3820 et
1682 3766 1811 3837 quia

195 3863 433 3935 gravius
465 3867 553 3916 est
570 3857 814 3914 incensio
843 3856 1148 3911 divinorum
1177 3855 1534 3927 eloquiorum,
1565 3854 1631 3908 ad
1663 3853 1810 3925 quod

194 3966 281 4005 me
312 3955 591 4022 quantum
628 3962 694 4001 ex
723 3954 776 4000 te
814 3944 910 4000 fuit
954 3943 1255 4008 traduxisti,
1288 3950 1341 3997 et
1381 3942 1639 4014 quoniam
1678 3957 1809 4015 gra-

194 4038 501 4094 vissimum
539 4035 609 4090 sit
652 4041 936 4105 peccatum
974 4032 1226 4098 schisma,
1270 4047 1377 4103 quo
1422 4038 1476 4085 te
1506 4046 1539 4085 a
1570 4029 1811 4085 fraterna

193 4134 387 4181 nostra
443 4122 799 4179 unanimitate
846 4137 948 4192 per
976 4129 1120 4174 tuam
1148 4119 1513 4191 perniciosam
1561 4118 1809 4173 subscri-

193 4214 455 4285 ptionem
500 4211 787 4282 separasti,
821 4209 952 4264 siin
979 4224 1066 4275 eo,
1099 4207 1245 4279 quod
1288 4207 1449 4273 absit,
1489 4221 1810 4276 permanere

191 4301 493 4374 delegeris
523 4316 537 4355 :
569 4307 620 4354 et
653 4298 700 4353 si
729 4298 868 4353 forte
896 4296 982 4350 his
1030 4294 1420 4365 subscripsisti,
1472 4310 1593 4365 qua:
1637 4309 1810 4349 evan-

188 4391 396 4465 gelicae
450 4387 667 4443 veritati
722 4394 774 4441 et
818 4384 1132 4456 apostolicae
1174 4382 1471 4438 auctoritati
1514 4382 1805 4447 contraria,

1845 3111 1893 3174 C

1918 1831 2068 1885 hiatu
2102 1838 2265 1886 terrae
2297 1831 2523 1902 sepultis
2553 1832 2865 1887 auctoribus
2895 1833 3054 1900 vivis,
3089 1842 3144 1889 et
3172 1836 3385 1891 caeteris
3415 1850 3522 1891 coe-

1916 1918 2036 1973 lesti
2065 1919 2192 1990 igne
2223 1919 2576 1990 consumptis.
2610 1919 2742 1988 Quis
2764 1920 2878 1988 jam
2908 1922 3232 1977 dubitaverit
3260 1923 3365 1979 hoc
3394 1939 3517 1980 esse

1917 2007 2231 2062 sceleratius
2280 2007 2649 2072 commissum,
2701 2009 2847 2079 quod
2878 2016 2960 2063 est
2999 2010 3219 2080 gravius
3265 2011 3517 2067 vindica-

1916 2094 2067 2148 tum?
2102 2115 2124 2143 ι
2159 2096 2239 2150 De
2270 2110 2335 2150 eo
2377 2095 2522 2165 quod
2551 2096 2607 2148 in
2638 2103 2725 2149 tua
2772 2096 3165 2167 subscriptione
3212 2097 3426 2163 misisti,
3460 2106 3519 2154 ut

1917 2189 2095 2237 tecum
2126 2182 2532 2239 subscribentes
2553 2200 2567 2238 :
2588 2184 2831 2240 Solliciti
2848 2201 3072 2240 servare
3093 2187 3379 2241 unitatem
3396 2187 3518 2259 spi-

1915 2272 2066 2326 ritus
2097 2272 2159 2326 in
2189 2272 2413 2327 vinculo
2451 2272 2628 2343 pacis,
2662 2271 2766 2328 hac
2809 2277 2992 2328 tecum
3034 2290 3171 2344 pace
3218 2276 3517 2345 potiantur

1916 2359 2105 2428 (Num.
2163 2358 2306 2429 xvn),
2360 2359 2415 2412 in
2460 2360 2658 2414 eode'n
2704 2359 2846 2415 libro
2902 2360 3030 2415 dicit
3075 2361 3144 2415 ad
3207 2360 3516 2417 Donatistas

1918 2447 2035 2514 (lib.
2069 2462 2108 2501 ιι
2134 2447 2200 2502 de
2248 2449 2432 2520 Bapt.,
2466 2462 2589 2518 cap.
2623 2448 2676 2516 6)
2713 2465 2726 2501 :
2765 2470 2786 2496 α
2822 2447 3007 2517 Quare
3053 2463 3164 2504 non
3206 2449 3515 2504 communi-

1912 2534 2059 2589 catis
2086 2534 2352 2598 ecclesiis,
2400 2534 2595 2606 quibus
2644 2536 2901 2607 epistolas
2947 2535 3277 2605 apostolicas
3317 2537 3516 2591 missas

1916 2623 2111 2677 tenetis
2140 2630 2193 2675 et
2221 2622 2421 2694 legitis,
2455 2630 2507 2676 et
2538 2624 2837 2678 secundum
2868 2623 3015 2693 ipsas
3046 2638 3143 2678 vos
3173 2624 3358 2679 vivere
3387 2624 3518 2680 dici-

1917 2710 1985 2763 tis
2006 2711 2034 2764 ?
2060 2731 2081 2759 ι
2107 2711 2172 2763 Et
2201 2718 2325 2779 post
2355 2725 2544 2779 pauca,
2577 2726 2699 2781 quae
2719 2710 2897 2765 studio
2923 2710 3199 2765 brevitatis
3230 2719 3514 2781 praetereo,

1916 2804 1969 2851 et
2020 2797 2191 2851 lector
2239 2797 2441 2851 ibidem
2482 2813 2548 2851 ex
2588 2797 2782 2852 ordine
2818 2797 3015 2868 poterit
3055 2798 3301 2854 invenire
3336 2815 3349 2853 :
3383 2800 3515 2865 Hos,

1916 2884 2109 2954 inquit,
2159 2900 2350 2939 omnes
2395 2884 2662 2939 catholica
2693 2885 2871 2939 unitas
2912 2893 3161 2941 materno
3210 2886 3329 2941 sinu
3360 2901 3516 2942 com-

1917 2972 2189 3042 plectitur,
2225 2972 2452 3027 invicem
2483 2987 2650 3027 onera
2680 2988 2775 3026 sua
2806 2981 3105 3042 portantes,
3154 2981 3207 3028 et
3235 2974 3517 3030 studentes

1918 3076 2142 3115 servare
2187 3059 2446 3115 unitatem
2492 3060 2713 3130 spiritus
2762 3060 2815 3114 in
2856 3059 3072 3116 vinculo
3118 3061 3292 3131 pacis,
3344 3062 3519 3118 donec

1916 3147 2100 3202 alteris
2130 3164 2339 3213 eorum,
2374 3148 2417 3202 si
2449 3148 2578 3219 quid
2609 3148 2766 3203 aliter
2793 3149 3099 3219 sepiebant,
3137 3150 3400 3204 Dominus
3421 3167 3515 3205 re-

1917 3235 2140 3290 velaret.
2176 3237 2256 3289 De
2287 3236 2393 3291 hoc
2422 3244 2621 3301 autem,
2656 3236 2801 3307 quod
2832 3236 2987 3307 quasi
3010 3252 3076 3291 ex
3104 3236 3287 3291 verbis
3316 3237 3514 3291 Leonis

1915 3323 2244 3391 subjunxisti
2287 3324 2510 3395 (Ephes.
2545 3325 2625 3391 tv)
2658 3341 2672 3377 :
2711 3344 2733 3371 ι
2770 3324 2825 3377 Si
2857 3323 3021 3394 aliqui
3066 3339 3226 3379 secus
3266 3322 3514 3378 nolentes

1914 3409 2033 3465 ﬁeri
2065 3410 2198 3464 socii
2229 3410 2389 3478 hujus
2410 3410 2732 3480 disciplinae,
2766 3426 2869 3464 nec
2898 3411 3200 3465 habeantur
3220 3410 3511 3481 participes

1913 3497 2309 3553 communionis
2350 3505 2565 3562 nostrae,
2604 3517 2625 3546 ι
2662 3496 3011 3552 conferantur
3050 3498 3213 3553 verba
3252 3507 3346 3553 tua
3393 3513 3517 3554 cum

1910 3585 2092 3640 verbis
2139 3583 2335 3639 Leonis
2373 3584 2428 3638 in
2475 3583 2709 3654 capitulo
2737 3583 2828 3638 ubi
2867 3585 2982 3640 haec
3024 3584 3172 3652 dicit,
3205 3594 3256 3640 et
3288 3585 3515 3654 junctim

1911 3672 2180 3744 legantur,
2215 3672 2352 3727 sicut
2381 3671 2454 3725 ibi
2491 3671 2761 3726 habentur
2787 3672 2984 3744 (epist.
3027 3676 3078 3740 i,
3112 3688 3162 3738 c,
3196 3676 3299 3742 5):
3336 3693 3358 3723 ι
3394 3674 3512 3729 Hoc

1913 3760 2097 3831 itaque
2128 3760 2424 3815 admonitio
2455 3766 2635 3815 nostra
2666 3760 2946 3815 denuntiat
2993 3760 3139 3831 quod
3167 3760 3214 3814 si
3242 3760 3361 3831 quis
3389 3760 3509 3815 fra-

1912 3855 2049 3902 trum
2104 3855 2293 3903 contra
2344 3849 2462 3903 haec
2503 3848 2795 3903 constituta
2849 3847 3037 3903 venire
3097 3848 3408 3913 tentaverit,
3455 3855 3510 3903 et

1911 3935 2177 4006 prohibita
2221 3936 2383 3991 fuerit
2421 3950 2587 3989 ausus
2634 3934 2935 4005 admittere,
2976 3951 3010 3990 a
3056 3950 3158 3991 suo
3204 3952 3263 3991 se
3300 3934 3513 3993 noverit

1911 4022 2091 4079 officio
2120 4023 2571 4091 submovendum,
2596 4039 2697 4079 nec
2727 4024 3124 4079 communionis
3143 4032 3342 4079 nostra:
3369 4022 3508 4079 futu-

1911 4128 2030 4165 rum
2074 4127 2197 4166 esse
2244 4119 2571 4177 consortem,
2622 4111 2716 4183 qui
2763 4112 2943 4167 socius
2987 4127 3110 4168 esse
3152 4111 3324 4167 noluit
3350 4112 3516 4168 disci-

1910 4199 2091 4269 plinae.
2125 4199 2207 4253 Ne
2240 4199 2370 4270 quid
2400 4214 2532 4253 vero
2562 4198 2632 4253 sit
2671 4198 2817 4269 quod
2845 4200 3270 4270 praetermissum
3294 4215 3326 4254 a
3355 4198 3514 4255 nobis

1910 4285 2046 4341 forte
2095 4287 2395 4341 credatur:
2432 4286 2629 4341 Omnia
2672 4286 2966 4341 decretalia
3020 4287 3333 4354 constituta,
3400 4295 3510 4341 tam

1911 4374 2088 4429 beatae
2116 4374 2517 4429 recordationis
2566 4374 2884 4437 Innocentii,
2926 4388 3088 4444 quam
3133 4373 3371 4428 omnium
3411 4375 3515 4428 de-

186 4457 243 4534 et
271 4475 538 4534 decretis
567 4482 880 4530 sanctorum
909 4472 1285 4539 conciliorum,
1330 4486 1452 4542 quae
1488 4470 1816 4525 universalis
1844 4457 1896 4517 D
1920 4477 2200 4518 cessorum
2239 4462 2726 4531 uostrorum,’quae
2769 4461 2837 4515 de
2882 4460 3265 4516 ecclesiasticis
3308 4460 3519 4516 ordini-

183 4566 477 4624 Ecclesiae
504 4563 758 4634 probavit
786 4576 1067 4624 assensus,
1101 4566 1155 4614 et
1175 4558 1489 4630 apostolicae
1517 4558 1664 4612 sedis
1693 4574 1821 4614 con-

183 4654 440 4710 tinuavit
494 4650 804 4715 auctoritas,
853 4647 1204 4703 inveniuntur
1240 4647 1490 4701 adversa.
1535 4646 1624 4700 Ait
1671 4646 1817 4701 enim

179 4742 336 4798 idem
370 4743 583 4796 Beatus
613 4737 952 4810 Augustinus
980 4735 1210 4807 loquens
1240 4735 1309 4789 ad
1339 4734 1671 4798 Donatistas,
1707 4734 1817 4789 imo

182 4838 389 4887 contra
439 4826 761 4883 Donatistas
799 4823 1174 4881 schismaticos
1214 4837 1314 4893 per
1342 4822 1521 4877 carnis
1566 4838 1816 4893 praesen-

184 4919 348 4984 tiam,
397 4916 551 4971 sicut
588 4914 683 4968 tibi
710 4927 857 4968 nunc
901 4911 1050 4983 loqui
1090 4910 1329 4967 creditur
1368 4926 1468 4980 per
1512 4909 1816 4965 litterarum

182 5021 429 5063 suarum
486 5002 812 5066 doctrinam,
863 5007 916 5055 et
959 5015 1082 5071 quae
1128 4997 1265 5053 mori
1316 5013 1592 5069 nunquam
1648 4997 1818 5069 potuit

182 5093 541 5151 charitatem
573 5108 587 5144 :
621 5089 767 5145 velut
794 5088 914 5158 ipse
962 5087 1030 5141 de
1072 5085 1340 5158 Cypriano
1387 5086 1517 5141 dicit
1552 5087 1671 5155 (lib.
1696 5086 1817 5141 vde

177 5185 389 5257 Bapt.,
427 5194 488 5235 c.
521 5180 611 5247 t7)
645 5195 660 5232 :
698 5200 720 5224 «ι
758 5178 1006 5233 Praesens
1035 5182 1137 5243 est,
1172 5174 1445 5246 inquiens,
1491 5189 1601 5228 non
1640 5172 1818 5228 solum

178 5287 286 5342 per
317 5269 556 5323 litteras
595 5280 744 5329 suas,
792 5264 891 5319 sed
920 5263 1084 5318 etiam
1123 5278 1223 5333 per
1248 5261 1443 5333 ipsam,
1488 5278 1608 5333 qua:
1637 5262 1694 5315 in
1724 5261 1817 5316 illo

178 5358 451 5414 maxime
484 5353 659 5426 viguit
674 5361 728 5408 et
756 5351 897 5407 mori
917 5365 1194 5422 nunquam
1214 5350 1405 5421 potuit,
1437 5350 1813 5404 charitatem.»

176 5447 425 5518 Quique
453 5450 509 5499 te
529 5456 654 5498 cum
669 5440 914 5511 praefatis
933 5438 1218 5510 alloquens
1251 5439 1370 5508 (lib.
1392 5452 1430 5492 ιι
1464 5438 1529 5492 de
1560 5438 1746 5509 Bapt.,
1766 5454 1814 5492 c.

174 5537 235 5605 6)
272 5552 291 5593 :
333 5554 362 5585 ι
389 5531 612 5599 Quare,
647 5528 842 5603 inquit,
875 5542 994 5595 vos,
1029 5542 1138 5585 non
1166 5526 1290 5583 dico
1318 5526 1388 5580 ab
1418 5525 1817 5591 innocentibus,

1921 4550 2042 4615 bus,
2074 4557 2128 4604 et
2157 4564 2425 4604 canonum
2476 4549 2819 4620 promulgata
2865 4555 2987 4603 sunt
3032 4545 3353 4620 disciplinis,
3387 4548 3461 4603 ita
3490 4564 3521 4602 a

1919 4645 2099 4692 vestra
2127 4636 2420 4692 dilectione
2463 4637 2726 4693 custodiri
2765 4637 2968 4693 debere
2997 4636 3339 4699 mandamus,
3390 4642 3447 4689 ut
3474 4634 3524 4691 si

1920 4726 2042 4796 quis
2072 4725 2127 4778 in
2158 4724 2249 4778 illa
2279 4725 2630 4792 commiserit,
2678 4726 2889 4780 veniam
2922 4724 3024 4778 sibi
3055 4722 3318 4792 deinceps
3346 4739 3522 4779 nove-

1917 4813 1985 4867 rit
2034 4813 2313 4884 denegari.
2371 4834 2393 4863 ι
2446 4814 2575 4869 Haec
2622 4820 2705 4867 est
2751 4812 3035 4884 integritas
3097 4810 3314 4881 capituli
3377 4810 3520 4866 beati

1918 4902 2134 4957 Leonis.
2195 4902 2509 4957 Intueamur
2577 4916 2729 4972 ergo,
2793 4900 2840 4954 si
2895 4898 3179 4969 disciplina
3257 4899 3522 4956 discenda

1918 4990 2025 5044 tuis
2073 5005 2105 5044 a
2149 4997 2202 5043 te
2245 4989 2542 5060 pr0posita,
2590 4986 2911 5057 disciplinae,
2972 5003 3130 5059 quam
3186 4987 3519 5059 sequendam

1918 5078 2029 5132 Leo
2059 5076 2260 5141 docuit,
2286 5092 2441 5147 aequa
2462 5083 2609 5131 sorte
2630 5074 2937 5141 conveniat,
2960 5082 3055 5130 aut
3084 5075 3130 5129 si
3154 5083 3243 5130 tua
3273 5074 3520 5131 doctrina

1918 5166 1987 5219 ab
2032 5165 2178 5219 illius
2223 5163 2464 5219 doctrina
2526 5162 2820 5229 discordet,
2873 5171 2926 5218 et
2965 5162 3172 5232 judicet
3210 5163 3406 5218 cmlum
3456 5176 3522 5217 ac

1918 5261 2060 5308 terra
2106 5270 2226 5324 quae
2272 5250 2453 5322 potius
2500 5250 2569 5304 sit
2609 5252 2910 5322 sequenda,
2962 5260 3051 5306 tua
3089 5250 3395 5321 disciplina,
3446 5265 3521 5305 an

1919 5340 2116 5396 Leonis
2144 5340 2411 5394 doctrina.
2445 5340 2512 5393 Et
2531 5354 2654 5394 cum
2674 5338 2816 5394 idem
2841 5340 2951 5395 Leo
2975 5339 3116 5395 dicat
3140 5356 3154 5393 :
3181 5360 3204 5388 α
3229 5339 3343 5394 Nec
3372 5353 3521 5394 com-

1920 5427 2195 5483 munionis
2240 5435 2442 5483 nostrae
2492 5444 2616 5482 esse
2663 5435 2992 5494 consortem,
3038 5427 3132 5498 qui
3174 5426 3356 5482 socius
3399 5443 3525 5484 esse

1928 5524 2099 5582 uoluit
2129 5524 2450 5596 disciplinae,
2482 5545 2504 5576 ι
2524 5524 2944 5582 discernendum
2964 5532 3066 5594 est,
3099 5524 3254 5593 cujus
3282 5539 3527 5581 commu-
