4020 6182
453 265 560 320 ιδτ

1483 258 1825 316 HINCMARI
1861 256 2265 315 RHEMENSIS
2302 253 2860 340 ARCHIEPISCOPI._

3661 257 3764 311 ωδ

455 388 698 454 nionem,
727 385 873 444 illius
903 403 1029 444 cum
1056 385 1352 444 universali
1379 385 1642 450 Ecclesia,
1673 399 1744 440 an
1775 390 1920 438 tuam
1948 396 2052 454 op-
2083 381 2290 450 Aejus.
2333 403 2354 430 ιν
2389 381 2519 437 Haec
2549 381 2755 438 idcirco
2783 379 2956 436 tribus
2995 379 3279 450 promissis
3308 379 3378 435 de
3407 378 3592 435 verbis
3619 378 3774 434 beati

459 477 652 548 pidani
681 476 924 548 episcopi
953 492 1074 531 cum
1109 475 1214 530 tuis
1241 474 1598 545 complicibus
1635 473 1832 528 debeat
1861 473 2056 527 catho-

457 565 597 621 licus
653 565 882 637 quisque
945 563 1172 636 eligere,
1233 563 1538 634 praesertim
1582 575 1706 616 cum
1761 561 1908 616 idem
1951 560 2060 613 Leo

463 653 608 710 dicat
641 672 654 708 :
695 675 714 702 ιι
753 653 808 708 Si
837 653 960 724 quis
987 652 1044 706 in
1073 651 1369 708 decretalia
1409 651 1702 706 constituta
1737 657 1848 704 tam
1889 649 2060 703 beate

461 741 861 798 recordationis
891 740 1207 806 Innocentii,
1241 754 1406 810 quam
1435 739 1676 793 omnium
1707 737 2060 792 decessorum

467 847 709 898 suorum,
744 845 862 900 quae
892 829 960 884 de
979 828 1361 884 ecclesiasticis
1391 827 1693 892 ordinibus,
1719 833 1772 880 et
1793 839 2062 880 canonum

463 917 813 991 promulgata
841 925 964 972 sunt
994 915 1296 987 disciplinis
1333 915 1684 984 commiserit,
1715 913 1928 970 veniam
1959 912 2062 968 sibi

464 1005 724 1076 deinceps
755 1004 964 1060 noverit
995 1004 1277 1076 denegari.
1310 1027 1331 1051 ι»
1367 1003 1426 1056 In
1455 1019 1576 1074 quae
1605 999 1898 1057 decretalia
1925 1016 2062 1056 con-

468 1095 648 1150 stituta
689 1101 742 1150 te
791 1091 1169 1148 manisfestum
1217 1098 1301 1146 est
1349 1090 1707 1156 commisisse,
1757 1089 1896 1144 sicut
1925 1088 2063 1142 etin

469 1181 686 1253 scriptis
717 1181 888 1237 semel
917 1189 970 1236 et
999 1181 1244 1236 secundo
1273 1193 1302 1233 a
1326 1193 1415 1233 me
1445 1179 1541 1232 tibi
1570 1176 1787 1234 directis
1825 1176 2064 1232 ostendi-

467 1278 575 1338 tur,
609 1279 660 1326 et
688 1285 820 1326 ecce
843 1269 956 1338 jam
985 1268 1142 1324 tertio
1173 1267 1228 1321 in
1247 1268 1352 1322 hoc
1382 1266 1585 1336 scripto
1605 1282 1770 1336 supra
1801 1272 2068 1320 monstra-

467 1367 556 1414 tur
583 1375 595 1414 :
621 1375 654 1414 a
685 1373 918 1429 quorum
952 1355 1258 1427 disciplina,
1299 1355 1408 1410 imo
1439 1370 1472 1410 a
1499 1354 1766 1410 catholica
1793 1353 2061 1419 Ecclesia,

2161 469 2452 542 Augustini
2525 485 2557 524 a
2612 485 2698 526 me
2741 469 2834 524 tibi
2883 469 3253 540 proponendis
3290 469 3582 540 praeposui,
3623 483 3772 540 quo-

2161 559 2304 613 niam
2335 558 2453 613 zelo
2471 565 2522 612 et
2543 557 2726 612 furore
2757 557 2848 612 illa
2877 557 3188 628 perniciosa
3209 557 3526 628 ligamenta,
3555 557 3624 611 de
3655 556 3776 626 qui-

2161 647 2261 701 bus
2275 645 2474 718 agitur,
2491 655 2544 700 te
2563 645 2762 716 egisse,
2783 653 2836 700 et
2855 647 2996 700 hanc
3009 653 3196 700 contra
3209 659 3396 700 sacras
3409 645 3630 716 regulas
3641 644 3774 698 sub-

2162 734 2516 805 scriptionem
2531 733 2876 788 adinvenisse
2906 735 3175 789 veraciter
3191 733 3484 788 credimus.
3519 733 3778 804 Quapro-

2161 831 2282 894 pter
2301 823 2676 880 necessarium
2697 822 2824 876 duxi
2843 821 3080 892 primum
3103 821 3322 894 quidem
3339 822 3436 876 tibi
3455 822 3774 890 ostendere,

2164 912 2292 983 quia
2308 911 2482 966 insola
2499 911 2782 976 catholica,
2799 911 3006 966 unitate
3017 927 3116 981 per
3125 911 3368 966 haereses
3383 911 3470 966 vel
3481 909 3780 965 schismata

2165 1015 2276 1054 non
2303 999 2496 1064 divisa,
2521 1014 2654 1055 vera
2685 1007 2810 1053 sunt
2829 999 3150 1072 ligamenta,
3181 1007 3240 1052 ut
3265 1012 3400 1053 vera
3429 1007 3552 1052 sunt
3589 1013 3780 1054 sacra-

2165 1095 2367 1144 menta.
2393 1109 2416 1138 ι
2443 1089 2576 1141 Puto
2605 1103 2713 1154 me,
2747 1087 2922 1158 inquit
2949 1087 3140 1142 beatus
3168 1087 3506 1157 Augustinus
3541 1087 3660 1154 (lib.
3699 1102 3780 1140 vn

2165 1175 2231 1230 dc
2263 1178 2447 1248 Bapt.,
2473 1191 2521 1230 c.
2549 1177 2659 1246 51),
2693 1191 2802 1230 non
2830 1184 3038 1230 temere
3071 1175 3279 1241 dicere,
3304 1175 3442 1229 alios
3471 1175 3546 1228 ita
3575 1190 3705 1229 esse
3725 1175 3782 1228 in

2168 1264 2332 1320 domo
2361 1264 2483 1330 Dei,
2515 1272 2572 1318 ut
2597 1263 2702 1334 ipsi
2729 1263 2890 1320 etiam
2917 1264 3025 1318 sint
3053 1263 3244 1319 eadem
3274 1264 3468 1318 domus
3499 1263 3620 1328 Dei,
3653 1279 3782 1335 qua

2169 1353 2364 1408 dicitur
2391 1351 2652 1408 aediﬁcari
2682 1368 2848 1424 super
2883 1361 3112 1424 petram,
3159 1369 3282 1424 quae
3319 1351 3484 1408 unica
3521 1351 3786 1408 columba

470 1447 623 1516 cujus
675 1446 932 1500 exstitere
981 1453 1241 1510 rectores,
1291 1445 1396 1499 hac
1425 1443 1826 1513 subscriptione
1874 1449 1969 1496 tua
2013 1449 2066 1496 te

472 1533 756 1604 separasti,
789 1533 854 1599 si,
889 1540 946 1587 ut
975 1533 1287 1604 praedictum
1318 1539 1419 1598 est,
1451 1539 1505 1586 et
1530 1547 1747 1600 semper
1775 1529 2068 1584 dicendum

2171 1441 2486 1512 appellatur,
2521 1457 2642 1510 quae
2671 1455 2870 1512 sponsa
2897 1441 3126 1512 pulchra
3155 1441 3271 1496 sine
3293 1439 3510 1496 macula
3535 1449 3592 1495 et
3619 1456 3782 1512 ruga,

2171 1536 2224 1584 et
2251 1530 2441 1584 hortus
2463 1527 2772 1596 conclusus,
2792 1529 2914 1584 fons
2931 1530 3194 1602 signatus,
3217 1537 3416 1600 puteus
3435 1545 3596 1600 aquae
3615 1528 3780 1596 viva,

473 1629 575 1689 est,
613 1637 648 1677 a
683 1629 737 1677 te
784 1621 1092 1692 subscripta
1138 1621 1346 1676 eisdem
1393 1619 1697 1675 constitutis
1740 1633 1863 1674 esse
1911 1618 2068 1674 inve-
2174 1617 2460 1688 paradisus
2493 1633 2618 1672 cum
2647 1617 2827 1672 fructu
2858 1633 3146 1688 pomorum
3181 1635 3194 1672 :
3229 1634 3350 1690 quae
3392 1617 3590 1672 domus
3615 1617 3786 1672 etiam

469 1709 694 1766 niuntur
759 1709 1004 1765 adversa.
1051 1708 1394 1780 Quapropter
1437 1708 1614 1763 adhuc
1652 1707 1812 1762 etiam
1841 1705 1943 1761 tria
1971 1705 2070 1760 tibi
2099 1704 2354 1800 Bclaves
2403 1705 2635 1776 accepit,
2670 1721 2736 1762 ac
2779 1713 3102 1777 potestatem
3157 1705 3406 1760 solvendi
3451 1713 3505 1762 et
3550 1705 3786 1776 ligandi.

470 1815 538 1854 ex
567 1798 750 1854 verbis
767 1797 912 1854 beati
931 1797 1220 1870 Augustini
1241 1796 1521 1853 catholicae
1547 1795 1809 1851 Ecclesiae
1831 1793 2071 1850 doctoris
2103 1793 2147 1800 "
2179 1795 2328 1848 Hanc
2370 1794 2592 1848 domum
2633 1795 2679 1849 si
2709 1795 2830 1866 quis
2870 1795 3252 1865 corripientem
3298 1794 3786 1866 corrigentemque

473 1887 658 1944 eximii
685 1887 1040 1958 proponenda
1069 1886 1350 1956 proposui,
1391 1899 1720 1956 praeponens
1769 1883 1854 1938 his
1901 1883 2076 1938 tribus
2175 1883 2582 1952 contempserit,
2635 1883 2702 1936 sit
2747 1883 2862 1952 tibi,
2913 1883 3104 1954 inquit,
3149 1891 3406 1954 tanquam
3447 1883 3702 1938 ethnicus
3733 1891 3787 1938 et

475 1973 624 2030 beati
651 1973 908 2045 Cypriani
939 1973 1284 2040 sententiam,
1317 1989 1350 2028 a
1389 1974 1549 2028 beato
1581 1971 1886 2044 Augustino
1915 1971 2074 2025 favo-
2175 1971 2518 2041 publicanus.
2545 1991 2567 2020 ι
2591 1971 2660 2025 Et
2691 1971 2972 2026 sciendum
3005 1971 3163 2026 nobis
3193 1979 3296 2036 est,
3331 1971 3458 2042 quia
3486 1971 3788 2042 praeposita

475 2062 718 2118 rabiliter
760 2061 1122 2118 collaudatam
1173 2063 1360 2134 (epist.
1404 2063 1492 2130 73,
1523 2061 1594 2115 ad
1635 2061 1975 2132 Jubajanum
2021 2058 2078 2114 in
2179 2058 2366 2131 regula
2413 2059 2742 2128 corripiendi
2789 2059 2912 2114 data
2959 2059 3084 2114 huic
3125 2059 3312 2114 domui
3358 2059 3482 2124 Dei,
3531 2059 3788 2115 videlicet

476 2147 628 2220 ﬁne),
679 2157 731 2205 et
777 2149 849 2205 ab
891 2149 1141 2204 omnibus
1187 2148 1468 2205 catholicis
1527 2163 1591 2203 ac
1631 2147 1720 2218 pie
1768 2146 2076 2203 viventibus

475 2238 893 2310 acceptandam.
940 2259 962 2288 ε
997 2238 1270 2308 Servatur,
1317 2237 1490 2309 inquit
1519 2237 1709 2291 beatus
1777 2235 2080 2306 Cyprianus

477 2327 598 2398 (lib.
619 2342 676 2381 IV
705 2327 770 2382 de
801 2328 986 2398 Bapt.,
1019 2343 1140 2398 cap.
1175 2329 1252 2396 7),
1273 2341 1304 2380 a
1325 2325 1485 2380 nobis
1509 2325 1780 2396 patienter
1810 2331 1862 2378 et
1891 2323 2084 2378 leniter

481 2414 710 2470 Charitas
738 2413 924 2480 animi,
967 2415 1143 2470 honor
1186 2413 1425 2486 collegii,
1467 2413 1739 2468 vinculum
1767 2411 1913 2478 fidei,
1945 2427 2082 2467 con-

481 2502 670 2560 cordia
700 2501 1006 2558 sacerdotii.
1045 2523 1068 2552 θ
1097 2503 1246 2568 Haec,
1292 2501 1466 2573 inquit
1511 2501 1870 2572 Augustinus,
1915 2499 2086 2554 verba

482 2591 738 2664 Cypriani
769 2599 911 2646 sunt.
945 2593 1030 2646 An
1049 2591 1186 2647 forte
1217 2589 1418 2648 invidia
1445 2598 1498 2648 et
1517 2589 1786 2646 malevola
1815 2588 2086 2644 dissensio

475 2695 708 2754 parvum
727 2681 930 2736 malum
948 2688 1030 2738 est
1047 2681 1076 2735 ‘l
1097 2678 1384 2748 Quomodo
1423 2695 1559 2752 ergo
1587 2679 1676 2734 isti
1707 2685 1860 2734 erant
1887 2677 1943 2732 in
1959 2675 2084 2731 uni-

482 2777 614 2836 tate,
650 2770 742 2841 qui
770 2785 882 2825 non
911 2777 1066 2824 erant
1083 2769 1138 2824 in
1165 2784 1302 2840 pace
1325 2769 1352 2822 ‘?
1371 2769 1486 2824 Vox
1517 2767 1662 2823 enim
1693 2782 1804 2822 non
1831 2781 1976 2832 mea,
1999 2773 2088 2820 aut

481 2859 708 2926 alicujus
735 2857 990 2926 hominis,
1023 2858 1122 2912 sed
1151 2857 1322 2928 ipsius
1361 2856 1596 2926 Domini,
1629 2871 1730 2911 nec
1771 2871 1872 2926 per
1907 2853 2088 2909 homi-

484 2961 606 3015 nes,
640 2945 738 3000 sed
769 2961 870 3015 per
900 2944 1126 3016 angelos
1165 2944 1344 2999 sonuit
1383 2944 1597 2999 Christo
1626 2950 1756 2998 nato
1789 2944 1998 2998 :Gloria
2025 2942 2090 2995 in

487 3033 731 3090 excelsis
751 3034 882 3098 Deo,
907 3033 1042 3087 etin
1064 3036 1218 3088 terra
1233 3049 1352 3104 pax
1373 3033 1693 3088 hominibus
1715 3033 1868 3087 bona:
1885 3031 2086 3086 volun-

2180 2147 2461 2202 catholicaa
2492 2147 2772 2214 Ecclesiae,
2805 2148 2923 2203 haec
2953 2147 3218 2202 sententia
3249 2148 3296 2201 si
3325 2155 3642 2218 contempta
3671 2147 3790 2202 fue-

2181 2236 2268 2302 rit,
2305 2235 2582 2290 subditur:
2607 2238 2691 2292 Sit
2723 2237 2842 2302 tibi,
2873 2237 3066 2308 inquit,
3119 2241 3392 2309 tanquam
3421 2237 3692 2292 ethnicus
3733 2242 3788 2292 et

2177 2323 2516 2396 publicanus
2547 2325 2775 2396 (Matth.
2809 2325 2994 2396 xvui).
3029 2325 3338 2380 Secundum
3365 2333 3548 2380 autem
3577 2325 3788 2396 capitu-

2184 2411 2317 2478 lum,
2349 2421 2538 2467 contra
2579 2413 2834 2481 injustam
2875 2413 3262 2485 obligationem
3301 2413 3648 2470 innoxiorum
3677 2431 3708 2468 a
3739 2422 3790 2468 te

2184 2508 2472 2571 patratam,
2506 2501 2660 2572 quasi
2689 2502 2992 2572 specialiter
3019 2502 3088 2556 de
3117 2503 3222 2558 hoc
3247 2501 3388 2558 facto
3417 2503 3716 2573 loquentis,
3739 2511 3790 2558 et

2187 2597 2239 2644 te
2267 2603 2372 2643 una
2413 2605 2536 2644 cum
2580 2590 2659 2644 eis
2691 2606 2828 2661 quos
2875 2590 3252 2662 alloquebatur
3297 2591 3686 2661 computantis,
3725 2607 3790 2646 ex

2189 2675 2368 2732 verbis
2396 2678 2640 2745 ejusdem
2685 2679 2922 2734 doctoris
2949 2678 3226 2750 magniﬁci
3257 2679 3354 2734 tibi
3397 2695 3666 2750 prepono,
3703 2681 3790 2734 di-

2191 2766 2362 2821 centis
2411 2768 2498 2835 (D.
2553 2769 2693 2838 Aug.
2727 2768 2768 2821 ι.
2804 2782 2842 2820 u
2879 2768 2944 2823 de
2977 2771 3159 2839 Bapt.,
3191 2784 3242 2824 c.
3277 2768 3332 2838 6)
3365 2786 3377 2821 :
3413 2791 3434 2818 ι
3471 2768 3528 2823 Si
3559 2777 3688 2824 tunc
3739 2769 3793 2823 in

2191 2854 2312 2908 illos
2341 2871 2478 2925 quos
2509 2855 2822 2928 arguebatis
2851 2872 2978 2912 vera
2997 2856 3271 2924 diceretis,
3305 2873 3524 2912 causam
3555 2865 3794 2912 vestram

2193 2942 2381 2997 unitati
2412 2944 2560 2997 orbis
2589 2951 2854 3000 terrarum
2883 2945 3317 3016 persuasissetis,
3341 2955 3398 3002 ut
3427 2946 3584 3001 vobis
3615 2955 3798 3002 reten-

2193 3031 2263 3086 tis
2293 3030 2370 3086 illi
2399 3032 2840 3088 excluderentur.
2873 3033 3030 3102 Quod
3061 3035 3106 3089 si
3126 3034 3302 3090 conati
3341 3035 3472 3090 estis
3503 3034 3710 3102 facere,
3745 3043 3796 3090 et

488 3122 628 3176 tatis
673 3121 828 3190 (Luc.
861 3121 945 3190 ιι).
998 3119 1155 3189 Quod
1197 3091 1382 3190 utique
1413 3127 1540 3175 nato
1559 3120 1616 3174 in
1646 3119 1806 3174 terris
1865 3117 2082 3173 Christo
2115 3091 2163 3154 α
2185 3135 2292 3175 non
2323 3120 2651 3188 obtinuistis,
2683 3091 2944 3178 innocens
2999 3123 3144 3178 orbis
3171 3131 3442 3178 terrarum
3471 3124 3564 3194 qui
3589 3091 3794 3192 judici-

485 3223 595 3266 non
627 3217 844 3265 sonaret
873 3223 970 3266 ore
998 3207 1268 3281 angelico,
1293 3208 1398 3264 nisi
1427 3209 1576 3264 Deus
1603 3209 1710 3264 hoc
1731 3206 1894 3263 vellet
1921 3204 2084 3261 intel-

483 3297 602 3372 ligi,
635 3313 734 3355 eos
780 3313 902 3354 esse
934 3298 990 3353 in
1021 3298 1224 3354 unitate
1269 3297 1516 3370 corporis
1565 3297 1780 3366 Christi,
1834 3295 1926 3368 qui
1963 3301 2088 3349 sunt

481 3387 538 3442 in
579 3402 715 3460 pace
765 3387 983 3455 Christi,
1035 3403 1130 3443 eos
1186 3393 1365 3442 autem
1415 3401 1541 3442 esse
1585 3386 1642 3442 in
1683 3400 1820 3457 pace
1863 3383 2082 3448 Christi,

479 3475 574 3548 qui
623 3483 747 3532 sunt
793 3475 952 3532 bona
1016 3474 1328 3532 voluntatis.
1390 3475 1562 3530 Porro
1624 3474 1762 3530 sicut
1808 3473 1864 3528 in
1911 3473 2086 3527 bene-

484 3562 723 3620 volentia
769 3563 914 3619 bona
961 3563 1234 3634 voluntas,
1286 3563 1367 3620 sic
1407 3564 1465 3618 in
1505 3561 1885 3620 malevolentia
1943 3558 2088 3614 mala

485 3651 735 3710 voluntas
789 3660 892 3708 est.
952 3653 1074 3708 Jam
1130 3667 1262 3709 vero
1331 3652 1454 3725 ipsa
1519 3651 1742 3718 invidia,
1805 3665 1924 3722 quas
1977 3663 2088 3703 non

486 3749 667 3814 potest
716 3757 840 3798 esse
887 3741 996 3797 nisi
1051 3741 1339 3806 malevola,
1393 3747 1650 3812 quantum
1705 3738 1906 3794 malum
1961 3737 2090 3791 est?

485 3831 611 3886 Non
675 3843 986 3901 quaeramus
1047 3829 1184 3884 alios
1244 3835 1430 3894 testes,
1487 3828 1682 3884 sufﬁcit
1749 3827 1908 3882 nobis
1973 3825 2090 3896 ipse

490 3916 816 3988 Cyprianus,
849 3931 950 3987 per
993 3931 1157 3987 quem
1203 3923 1309 3970 tam
1353 3917 1522 3972 multa
1549 3916 1618 3972 de
1664 3915 1781 3972 zelo
1823 3921 1876 3970 et
1921 3913 2090 3970 livore

487 4004 756 4061 Dominus
793 4003 1144 4060 veracissima
1169 4004 1417 4074 intonuit,
1455 4012 1508 4060 et
1535 4003 1774 4060 salubria
1831 4001 2092 4074 praecepit

493 4093 768 4164 Legamus
793 4107 929 4164 ergo
957 4091 1256 4163 Epistolam
1285 4092 1542 4164 Cypriani
1569 4093 1638 4148 de
1667 4092 1783 4149 zelo
1814 4100 1867 4148 et
1895 4093 2086 4159 livore,

491 4187 546 4236 et
574 4179 856 4236 videamus
878 4187 1135 4253 quantum
1163 4181 1366 4238 malum
1387 4181 1455 4237 sit
1481 4181 1720 4237 invidere
1749 4181 2088 4248 melioribus,

495 4269 652 4338 cujus
679 4269 806 4324 mali
848 4269 1120 4342 originem
1151 4271 1217 4324 ab
1241 4269 1362 4342 ipso
1393 4270 1612 4327 diabolo
1655 4270 1925 4326 exstitisse
1969 4286 2088 4325 me-

491 4358 827 4414 morabiliter
871 4357 1050 4414 docet.
1106 4380 1128 4410 «
1171 4359 1382 4426 Zelare,
1435 4358 1627 4432 inquit,
1688 4359 1834 4432 quod
1889 4359 2090 4414 bonum

2185 3209 2287 3263 bus
2317 3209 2700 3264 ecclesiasticis
2727 3210 2906 3280 potius
2927 3227 3089 3282 quam
3109 3211 3266 3266 victis
3281 3211 3650 3284 litigatoribus
3675 3229 3796 3269 cre-

2187 3296 2341 3351 didit.
2377 3297 2434 3352 Si
2463 3305 2644 3353 autem
2673 3297 2923 3354 noluistis
2962 3315 3130 3372 agere
3161 3315 3382 3356 causam
3411 3309 3677 3366 vestram,
3705 3301 3792 3356 in-

2187 3400 2393 3441 nocens
2439 3393 2522 3442 est
2549 3387 2700 3441 orbis
2747 3395 3015 3442 terrarum
3047 3389 3136 3460 qui
3173 3389 3434 3444 damnare
3471 3405 3582 3444 non
3623 3390 3794 3460 potuit

2187 3473 2475 3528 inauditos.
2511 3474 2694 3542 Quare
2739 3491 2876 3547 ergo
2903 3491 3002 3532 vos
3031 3477 3098 3530 ab
3135 3477 3518 3532 innocentibus
3557 3493 3792 3549 separa-

2189 3562 2328 3616 stis?
2373 3562 2730 3634 Sacrilegium
2777 3564 3087 3620 schismatis
3132 3566 3300 3621 vestri
3343 3565 3642 3621 defendere
3685 3581 3796 3622 non

2189 3649 2400 3705 valetis.
2431 3673 2452 3700 η
2497 3651 2777 3721 Spiritales
2823 3661 3024 3720 autem,
3067 3653 3182 3708 sive
3221 3654 3290 3708 ad
3331 3655 3438 3710 hoc
3479 3655 3662 3726 ipsum
3703 3655 3794 3724 pio

2187 3738 2366 3793 studio
2393 3739 2760 3810 proﬁcientes,
2795 3758 2906 3798 non
2935 3750 3063 3797 eunt
3091 3741 3258 3810 foras,
3289 3742 3418 3814 quia
3447 3751 3502 3798 et
3533 3759 3658 3799 cum
3687 3743 3792 3798 ali-

2193 3841 2301 3897 qua
2327 3828 2414 3882 vel
2437 3829 2796 3898 perversitate
2825 3830 2912 3886 vel
2937 3830 3267 3886 necessitate
3295 3831 3580 3886 hominum
3603 3831 3794 3888 viden-

2189 3923 2274 3970 tur
2300 3916 2516 3986 expelli,
2549 3917 2624 3971 ibi
2651 3919 2831 3990 magis
2887 3920 3120 3990 probant
3165 3935 3330 3993 quam
3375 3920 3522 3975 intus
3567 3935 3794 3993 perma-

2191 4011 2374 4072 neant,
2400 4019 2522 4060 cum
2540 4005 2803 4062 adversus
2823 4008 3129 4064 Ecclesiam
3149 4008 3458 4065 nullatenus
3489 4010 3790 4082 eriguntur,

2189 4092 2286 4146 sed
2317 4092 2372 4146 in
2401 4093 2575 4148 solida
2604 4095 2820 4150 unitatis
2847 4105 3002 4167 petra
3031 4096 3328 4152 fortissimo
3383 4099 3664 4154 charitatis
3693 4113 3790 4152 ro-

2187 4180 2322 4236 bore
2351 4181 2682 4238 radieantur.
2717 4185 2800 4238 Ad
2831 4187 2934 4240 hoc
2977 4185 3124 4240 enim
3153 4186 3394 4257 pertinet
3443 4188 3588 4258 quod
3615 4187 3666 4242 in
3697 4186 3794 4240 illo

2187 4269 2422 4325 Abrahae
2453 4269 2722 4328 sacrificio
2749 4273 2986 4328 dicitur:
3019 4277 3158 4331 Aves
3201 4279 3396 4330 autem
3439 4292 3556 4332 non
3599 4275 3796 4330 divisit

2187 4358 2216 4427 (
2219 4360 2350 4414 Gen.
2383 4360 2505 4432 xv),
2541 4360 2794 4416 videlicet
2815 4363 2942 4434 quia
2971 4379 3030 4419 se
3049 4364 3117 4418 ab
3144 4363 3352 4420 unitate
3383 4363 3652 4436 spiritales
3679 4379 3794 4419 non

489 4447 696 4516 videas,
733 4453 784 4502 et
813 4446 1058 4504 invidere
1104 4447 1441 4514 melioribus,
1487 4449 1607 4504 leve
1656 4449 1798 4520 apud
1829 4448 2091 4519 quosdam
2115 4447 2510 4516 Dprzecidunt.
2561 4447 2680 4517 Quo
2729 4457 2920 4506 contra
2956 4451 3356 4507 Antiochenum
3397 4451 3686 4508 concilium
3721 4453 3794 4507 de

489 4543 543 4592 et
570 4535 848 4592 modicum
885 4535 1096 4592 crimen
1142 4536 1375 4605 videtur,
1423 4536 1619 4592 fratres
1665 4535 2022 4592 dilectissimi.
2061 4557 2084 4585 ι

492 4623 704 4681 Deinde
731 4623 894 4696 paulo
925 4631 1066 4694 post,
1103 4639 1225 4679 cum
1247 4624 1364 4692 ejus
1392 4624 1520 4678 mali
1549 4633 1708 4696 caput
1737 4633 1896 4696 atque
1921 4624 2092 4696 origi-

491 4727 619 4770 nem
649 4719 920 4785 quaereret
952 4729 965 4767 :
1005 4734 1026 4761 «
1063 4712 1200 4768 Hinc
1229 4711 1500 4778 diabolus,
1548 4712 1740 4783 inquit,
1769 4713 1912 4767 inter
1939 4712 2092 4768 initia

491 4801 675 4856 statim
704 4801 912 4866 mundi,
947 4808 1000 4856 et
1014 4800 1172 4870 periit
1191 4799 1402 4871 primus
1423 4807 1476 4854 et
1503 4800 1760 4871 perdidit.
1787 4821 1808 4850 ι
1835 4801 1902 4855 Et
1929 4800 2090 4870 paulo

491 4895 648 4960 post:
679 4909 701 4938 σι
727 4888 900 4956 Quale
925 4889 1128 4944 malum
1158 4895 1258 4954 est,
1311 4888 1498 4960 inquit,
1533 4888 1744 4957 fratres,
1781 4903 1888 4960 quo
1915 4904 2091 4960 ange-

487 4976 574 5032 lus
598 4975 810 5044 cecidit,
844 4991 950 5048 quo
978 4976 1359 5033 circumveniri
1388 4985 1440 5032 et
1468 4976 1732 5044 subverti,
1784 4977 1894 5032 alta
1921 4977 2012 5030 illa
2040 4985 2094 5032 et

493 5064 762 5137 praeclara
807 5065 1110 5120 sublimitas
1158 5065 1348 5136 potuit,
1401 5081 1508 5137 quo
1556 5066 1817 5137 deceptus
1864 5073 1948 5120 est
1975 5067 2092 5136 ipse

493 5154 586 5226 qui
613 5152 876 5226 decepit?
901 5153 1112 5208 Exinde
1139 5154 1338 5209 invidia
1369 5163 1658 5227 grassatur
1677 5155 1731 5208 in
1763 5155 1942 5222 terris,
1967 5155 2094 5208 dum

489 5242 662 5299 livore
680 5243 950 5314 periturus
973 5243 1232 5313 magistro
1246 5243 1570 5313 perditionis
1593 5242 1931 5314 obsequitur,
1963 5243 2094 5297 dum

493 5328 772 5388 diabdlum
817 5331 910 5404 qui
961 5329 1098 5385 zelat
1143 5329 1400 5398 imitatur,
1452 5331 1593 5387 sicut
1639 5331 1903 5403 scriptum
1950 5339 2032 5386 est
2079 5348 2092 5385 :

497 5417 716 5473 Invidia
753 5423 946 5474 autem
969 5419 1335 5474 diabolimors
1355 5421 1597 5474 intravit
1611 5421 1672 5474 in
1709 5421 2098 5476 orbe-mterra-

496 5529 626 5570 rum
655 5515 806 5588 (Sap.
840 5515 922 5587 ιι).
941 5516 1222 5572 Imitantur
1247 5531 1382 5587 ergo
1411 5515 1560 5571 illum
1591 5516 1684 5588 qui
1711 5525 1834 5572 sunt
1861 5533 1926 5572 ex
1943 5525 2098 5589 parte

2187 4535 2294 4602 his,
2325 4535 2418 4607 qui
2447 4552 2506 4591 se
2537 4552 2570 4591 a
2599 4538 2901 4595 ministerio
2941 4540 3314 4596 ecclesiastico
3345 4540 3686 4605 subtrahunt,
3741 4547 3798 4594 et

2191 4639 2440 4679 seorsum
2465 4626 2748 4699 colligunt,
2798 4645 2964 4700 seque
3003 4629 3070 4682 ab
3099 4629 3302 4684 unitate
3345 4629 3612 4698 dividunt,
3661 4628 3794 4684 dicit

2191 4713 2368 4784 (conc.
2401 4714 2682 4780 Antioch.,
2709 4731 2830 4771 can.
2857 4719 2910 4778 5)
2939 4733 2952 4771 :
2979 4739 3000 4763 «
3029 4716 3085 4771 Si
3106 4715 3228 4787 quis
3255 4716 3546 4789 presbyter
3571 4725 3658 4770 aut
3677 4716 3796 4770 dia-

2191 4815 2382 4866 conus,
2417 4801 2733 4872 episcopum
2761 4805 3042 4884 pr0prium
3083 4811 3462 4870 contemnens,
3497 4821 3558 4860 se
3583 4805 3654 4860 ab
3682 4805 3796 4860 Ec-

2191 4889 2358 4945 clesia
2403 4892 2852 4963 sequestraverit,
2903 4899 2956 4947 et
3003 4907 3250 4947 seorsum
3295 4892 3566 4964 colligens
3623 4893 3796 4946 altare

2193 4983 2550 5048 constituerit,
2587 4989 2638 5037 et
2665 4981 3030 5038 commonenti
3067 4981 3326 5052 episcopo
3357 4997 3470 5036 non
3499 4981 3792 5053 acquieve-

2193 5074 2275 5138 rit,
2311 5088 2414 5129 nec
2444 5070 2752 5128 consentire
2781 5069 2872 5124 vel
2899 5069 3124 5125 obedire
3163 5069 3396 5125 voluerit
3425 5055 3598 5124 semel
3625 5077 3676 5124 et
3697 5069 3798 5122 ite-

2195 5175 2312 5215 rum
2341 5159 2682 5224 convocanti,
2715 5159 2806 5214 hic
2845 5157 3134 5212 damnatus
3175 5157 3492 5212 omnimodo
3521 5171 3626 5212 nec
3655 5157 3794 5210 ultra

2196 5249 2494 5304 remedium
2539 5255 2908 5318 consequatur
2949 5263 2962 5299 :
2997 5245 3123 5317 quia
3177 5260 3331 5300 suam
3383 5245 3634 5316 recipere
3685 5258 3800 5298 non

2195 5337 2392 5406 poterit
2419 5336 2760 5407 dignitatem.
2795 5335 2953 5404 Quod
2983 5334 3030 5388 si
3057 5334 3360 5390 Ecclesiam
3391 5333 3714 5389 conturbare
3737 5340 3800 5386 et

2199 5425 2488 5480 sollicitare
2539 5423 2855 5495 perstiterit,
2887 5431 3144 5495 tanquam
3191 5421 3486 5478 seditiosus
3523 5437 3618 5493 per
3644 5425 3802 5492 pote-

2199 5521 2366 5568 states
2395 5521 2606 5568 exteras
2647 5511 2996 5586 opprimatur.
3033 5532 3056 5562 ι
3089 5511 3158 5566 Et
3185 5510 3616 5584 Carthaginense
3655 5521 3798 5564 con-
