4054 6180
275 242 376 297 469
986 241 1229 301 OPUSC.
1287 243 1378 301 ET
1421 243 1639 303 EPIST.
1699 245 1775 300 IN
1831 244 2059 302 CAUSA
2104 248 2446 308 HINCMARJ
2492 252 2797 311 LAUDUN.
3469 261 3574 316 L70

283 364 466 420 cilium
507 364 771 434 (comit)
801 382 815 419 :
845 387 869 416 ι
916 365 974 423 Si
1015 366 1138 439 quis
1183 368 1472 445 presbyter
1512 386 1543 424 a
1583 368 1877 441 prmposito
1906 368 2230 431 Asalutem
2259 375 2436 446 (Rom.
2469 376 2550 445 χ),
2585 377 2641 432 in
2686 378 2779 433 illo
2816 378 3025 437 latrone
3079 381 3408 440 declaratum
3466 395 3568 449 est,

285 468 383 508 suo
411 461 697 524 correptus
728 453 909 521 fuerit,
941 455 1102 511 debet
1123 456 1308 528 utique
1346 457 1488 528 apud
1517 456 1726 514 vicinos
1773 458 1888 529 epi-
1985 458 2093 514 Sed
2131 468 2260 517 tunc
2314 463 2571 534 impletur
2624 465 2979 536 invisibiliter,
3038 485 3164 525 cum
3217 471 3579 531 ministerium

285 556 481 613 scopos
511 544 793 615 conqueri,
823 550 880 598 ut
902 543 973 598 ab
994 544 1128 616 ipsis
1149 546 1269 614 ejus
1296 560 1463 601 causa
1484 546 1660 617 possit
1688 546 1881 616 audiri,
1986 547 2238 618 baptismi
2276 566 2384 605 non
2423 561 2766 624 contemptus
2814 556 3128 627 religionis,
3170 559 3267 615 sed
3323 561 3578 618 articulus

283 645 344 684 ac
370 645 473 700 per
500 630 652 701 ipsos
683 646 782 686 suo
811 632 1071 703 episcopo
1101 633 1424 689 reconcilari
1458 650 1471 688 :
1507 634 1654 706 quod
1685 634 1790 689 nisi
1806 633 1886 689 fe—
1984 637 2324 692 necessitatis
2348 640 2598 695 excludit.
2644 642 2785 697 Nam
2830 644 2999 699 multo
3028 646 3205 718 magis
3237 647 3293 702 in
3327 650 3581 707 Cornelio

286 718 447 810 serit,
481 719 579 810 sed
609 720 886 810 superbia,
920 721 1063 810 quod
1110 721 1271 790 absit,
1320 721 1544 810 inﬂatus
1587 738 1883 810 secernen-
1985 731 2038 777 et
2067 724 2123 778 in
2144 726 2344 782 amicis
2375 728 2492 796 ejus
2522 729 2671 799 (Act.
2704 730 2787 801 x),
2821 748 2983 803 quam
3000 733 3055 787 in
3085 734 3179 790 illo
3208 735 3420 793 latrone
3448 754 3577 810 pos-

284 802 414 856 dum
441 817 504 857 se
531 803 600 875 ab
640 803 883 875 episcopi
938 805 1023 859 sui
1081 806 1466 862 communione
1513 806 1744 875 duxerit,
1798 815 1885 861 aut

285 892 580 961 separatim
600 908 723 948 cum
754 892 1027 963 aliquibus
1058 894 1297 949 schisma
1324 893 1529 949 faciens
1559 893 1884 951 sacriﬁcium

286 980 398 1034 Deo
427 980 706 1047 obtulerit,
743 981 1035 1036 anathema
1060 980 1271 1047 habeat,
1304 989 1358 1036 et
1415 982 1597 1038 locum
1636 982 1879 1038 amittat:

286 1068 329 1121 si
350 1068 748 1140 querimoniam
773 1070 973 1138 justam
1003 1070 1263 1125 adversus
1308 1069 1625 1142 episcopum
1654 1087 1763 1127 non
1790 1073 1884 1126 ha-

283 1156 478 1225 buerit,
502 1157 884 1230 inquirendum
915 1158 1035 1213 erit.
1065 1181 1086 1207 ι
1125 1159 1432 1215 Secundum
1452 1160 1555 1215 hoc
1568 1159 1880 1231 capitulum,

283 1245 444 1299 simul
475 1261 598 1301 cum
640 1261 786 1302 nono
814 1246 1047 1318 capitulo
1077 1246 1398 1303 Antiocheni
1439 1248 1675 1313 concilii,
1728 1264 1883 1304 com-

282 1333 515 1388 ministri
541 1334 806 1390 Ecclesiae
836 1334 1213 1391 Laudunensis
1249 1335 1456 1407 absque
1512 1336 1804 1392 schismate
1833 1346 1885 1392 et

1985 819 2069 866 set
2100 812 2273 868 videri
2305 816 2653 886 superﬂuum,
2703 826 2761 872 ut
2806 834 2947 891 aqua
2989 822 3151 876 etiam
3180 823 3578 895 tinguerentur,

1985 899 2039 953 in
2069 900 2267 971 quibus
2320 903 2432 971 jam
2488 904 2689 959 donum
2747 906 2980 977 Spiritus
3039 911 3228 978 sancti,
3273 913 3420 983 quod
3474 914 3581 971 nisi

1984 987 2280 1059 baptizatos
2310 990 2448 1045 alios
2476 993 2755 1062 accepisse
2799 1004 2984 1051 sancta
3019 997 3294 1069 Scriptura
3332 1007 3577 1068 testatur,

1984 1083 2136 1131 certo
2166 1092 2383 1149 quoque
2430 1077 2650 1149 indicio,
2703 1083 2848 1152 quod
2904 1083 3012 1139 illis
3059 1087 3396 1157 temporibus
3443 1104 3580 1145 con-

1983 1164 2234 1234 gruebat,
2269 1181 2390 1220 cum
2420 1165 2621 1239 linguis
2651 1168 2995 1240 loquentibus
3027 1174 3327 1231 eminuerat
3358 1193 3373 1230 :
3407 1175 3580 1249 bapti-

1984 1252 2087 1306 zati
2117 1261 2241 1307 sunt
2271 1261 2471 1323 tamen,
2507 1262 2559 1308 et
2604 1255 2660 1309 in
2725 1257 2830 1311 hoc
2875 1257 3017 1314 facto
3066 1263 3362 1332 apostolica
3404 1274 3581 1321 exstat

1985 1340 2299 1397 auctoritas.
2332 1343 2516 1413 Usque
2546 1343 2687 1399 adeo
2704 1360 2865 1401 nemo
2884 1347 3064 1414 debet,
3098 1349 3151 1404 in
3184 1352 3425 1421 quolibet
3452 1369 3581 1424 pro-

282 1421 603 1488 rebellione,
632 1423 784 1492 juxta
833 1423 1093 1495 temporis
1140 1424 1451 1496 angustiam
1510 1433 1564 1481 et
1593 1424 1884 1480 imminens

278 1510 603 1580 periculum,
662 1511 984 1567 innocenter
1038 1512 1291 1582 injuriam
1353 1513 1505 1584 passi
1562 1513 1883 1586 episcopum

1982 1436 2140 1485 vectu
2187 1429 2464 1485 interioris
2499 1431 2760 1501 hominis,
2814 1433 2861 1489 si
2890 1433 3030 1492 forte
3069 1445 3194 1494 ante
3252 1439 3579 1510 baptismum

1981 1532 2156 1589 usque
2194 1518 2262 1571 ad
2292 1518 2596 1589 spiritalem
2633 1520 2969 1578 intellectum
3013 1524 3106 1596 pio
3138 1526 3304 1582 corde
3331 1526 3579 1597 profece-

282 1598 755 1669 metropolitanum
785 1600 1051 1667 adierunt,
1105 1609 1157 1656 et
1197 1600 1341 1667 ideo,
1388 1601 1528 1657 sicut
1572 1618 1737 1673 supra
1786 1618 1882 1658 os-
1983 1604 2068 1671 rit,
2123 1613 2474 1662 contemnere
2531 1618 2956 1677 sacramentum,
3017 1612 3165 1684 quod
3209 1613 3582 1671 ministrorum

282 1688 447 1752 tendi,
498 1688 555 1741 in
598 1688 980 1744 communione
1031 1689 1403 1746 ecclesiastica
1438 1689 1646 1746 restitui
1674 1698 1724 1745 et
1755 1708 1881 1761 per—
1905 1720 1959 1780 Β
1983 1708 2150 1764 opere
2177 1695 2537 1765 corporaliter
2558 1696 2866 1764 adhibetur,
2900 1700 2998 1755 sed
3028 1716 3129 1770 per
3156 1701 3260 1758 hoc
3302 1703 3451 1758 Deus
3480 1704 3578 1760 ho-

280 1791 498 1831 manere
535 1775 859 1831 debuerunt.
898 1777 1053 1834 Unde
1099 1777 1530 1849 Carthaginense
1587 1779 1879 1835 concilium
1906 1775 1952 1780 ”
1979 1782 2140 1836 minis
2170 1783 2635 1839 consecrationem
2680 1786 2992 1856 spiritaliter
3038 1797 3316 1859 operatur.
3348 1791 3465 1848 Nec
3507 1788 3595 1848 ob'

279 1864 347 1919 de
376 1864 749 1936 irregulariter
780 1864 1171 1935 judicantibus,
1206 1874 1258 1922 et
1299 1867 1496 1936 injuste
1520 1867 1793 1937 judicatis,
1829 1877 1881 1923 et
1980 1869 2126 1924 aliud
2156 1870 2407 1926 existimo
2437 1871 2745 1942 baptizandi
2781 1890 2977 1929 munus
3005 1877 3201 1932 Joanni
3229 1876 3400 1934 fuisse
3427 1880 3579 1936 attri-

279 1953 345 2008 de
378 1953 602 2022 majoris
647 1953 981 2009 auctoritatis
1028 1954 1302 2023 judicibus
1335 1970 1348 2010 :
1387 1978 1409 2006 ι
1444 1955 1673 2021 Placuit,
1707 1955 1880 2028 inquit
1978 1960 2184 2026 butum,
2231 1957 2302 2012 ita
2332 1966 2390 2013 ut
2418 1959 2643 2014 Joannis
2688 1961 2990 2032 baptismus
3033 1963 3323 2033 diceretur,
3368 1967 3474 2023 nisi
3519 1977 3578 2025 ut

278 2041 426 2110 (can.
464 2042 574 2112 15),
607 2048 715 2096 uta
741 2041 1151 2113 quibuscunque
1173 2043 1445 2112 judicibus
1491 2043 1877 2099 ecclesiasticis
1978 2046 2243 2101 Dominus
2263 2046 2380 2117 ipse
2401 2047 2492 2119 qui
2522 2048 2767 2118 dederat,
2782 2065 2905 2105 cum
2934 2051 3079 2107 servi
3107 2052 3433 2123 baptismum
3465 2071 3578 2112 non

278 2129 343 2185 ad
365 2130 505 2185 alios
532 2129 745 2198 judices
775 2130 1178 2187 ecclesiasticos
1207 2132 1301 2187 ubi
1350 2139 1433 2187 est
1470 2132 1648 2201 major
1694 2140 1878 2188 aucto—
1978 2133 2272 2204 sprevisset
2301 2134 2571 2206 accipere,
2631 2136 2907 2192 dedicaret
2961 2138 3278 2195 humilitatis
3314 2142 3477 2208 viam,
3520 2152 3575 2198 et

278 2219 410 2274 ritas
441 2218 602 2274 fuerit
629 2227 1003 2290 provocatum,
1036 2235 1147 2275 non
1177 2220 1257 2275 eis
1280 2220 1424 2275 obsit
1463 2236 1689 2292 quorum
1721 2220 1880 2276 fuerit
1979 2222 2163 2293 quanti
2192 2223 2539 2293 pendendum
2590 2232 2736 2280 esset
2766 2242 2921 2281 suum
2977 2227 3267 2299 baptisma,
3298 2245 3408 2301 quo
3450 2230 3570 2303 ipse

279 2306 452 2363 soluta
485 2308 771 2374 sententia,
806 2308 852 2363 si
874 2308 1125 2363 convinci
1173 2324 1284 2363 non
1322 2308 1617 2380 potuerint,
1642 2310 1729 2365 vel
1775 2310 1878 2364 ini-
1977 2308 2346 2380 baptizaturus
2389 2319 2521 2378 erat,
2558 2312 2650 2367 tali
2678 2312 2822 2369 facto
2857 2316 3199 2385 apertissime
3242 2317 3560 2374 declararet.

274 2396 416 2451 mico
447 2396 630 2450 animo
643 2395 949 2465 judicasse,
981 2397 1069 2452 vel
1097 2396 1280 2468 aliqua
1313 2396 1601 2468 cupiditate
1633 2405 1723 2452 aut
1752 2413 1877 2469 gra-
1977 2398 2205 2453 Videbat
2232 2399 2395 2467 enim,
2418 2408 2678 2471 tanquam
2707 2402 3110 2472 potentissimus
3137 2405 3384 2461 medicus
3416 2406 3570 2463 salu-

276 2483 346 2537 tia
374 2484 672 2555 depravati.
705 2508 727 2532 ιο
761 2486 842 2539 De
870 2484 1127 2556 episcopo
1159 2493 1359 2550 autem,
1394 2485 1441 2539 si
1473 2484 1610 2541 forte
1641 2486 1875 2542 schisma
1974 2486 2046 2541 tis
2076 2495 2314 2556 aeternae,
2370 2490 2730 2558 quorumdam
2792 2506 2903 2546 non
2932 2491 3245 2547 defuturum
3283 2501 3568 2562 tumorem,

278 2588 307 2626 a
334 2574 508 2627 sacris
554 2572 853 2628 canonibus
896 2572 952 2627 in
1008 2573 1256 2629 Ecclesia
1308 2572 1518 2640 fecerit,
1560 2572 1875 2630 Africanum
1976 2574 2071 2645 qui
2098 2591 2219 2630 cum
2251 2575 2525 2631 intellectu
2570 2577 2816 2633 veritatis
2846 2587 2896 2633 et
2926 2580 3298 2650 probabilibus
3326 2583 3569 2638 moribus

278 2661 563 2716 concilium
584 2660 712 2716 dicit
733 2660 884 2732 (can.
906 2664 999 2731 20)
1024 2680 1037 2716 :
1069 2685 1090 2706 ιο
1107 2660 1263 2717 Circa
1293 2678 1389 2717 eos
1410 2678 1561 2727 sane,
1600 2662 1871 2733 inquiens,

280 2749 369 2820 qui
396 2747 595 2804 fuerint
624 2750 942 2814 concordes,
977 2765 1085 2804 non
1130 2750 1305 2805 solum
1362 2750 1510 2806 circa
1564 2750 1871 2805 Ecclesiam

277 2837 783 2908 Carthaginensem,
832 2837 1037 2892 scilicet
1085 2838 1453 2909 metropolim,
1485 2838 1582 2892 sed
1621 2845 1673 2891 et
1728 2837 1874 2893 circa

277 2941 436 2981 omne
492 2925 833 2981 sacerdotale
889 2925 1244 2981 consortium.
1309 2950 1331 2975 η
1362 2927 1431 2981 Ει
1483 2934 1604 2997 post
1652 2941 1868 2997 pauca:

281 3035 302 3065 ι
338 3013 566 3086 Oportet
594 3021 653 3068 ut
672 3014 795 3086 quis
821 3014 1091 3070 universis
1125 3014 1380 3070 fratribus
1399 3029 1465 3071 ac
1493 3021 1606 3070 toto
1641 3014 1870 3070 concilio

276 3103 568 3168 inhaserit,
592 3118 705 3158 non
738 3102 915 3158 solum
944 3120 1040 3157 sua
1064 3103 1187 3171 jure
1217 3103 1454 3176 integro,
1492 3103 1588 3158 sed
1648 3111 1698 3159 et
1728 3103 1869 3158 dico-

276 3207 428 3247 ceses
454 3191 751 3263 possideat.
797 3194 864 3246 At
894 3207 1026 3247 vero
1058 3192 1148 3264 qui
1197 3192 1413 3247 sibimet
1459 3199 1647 3263 putant
1680 3192 1870 3262 plebes

274 3296 400 3334 suas
445 3280 693 3336 sufﬁcere
753 3278 986 3336 fraterna
1036 3280 1327 3335 dilectione
1366 3288 1694 3351 contempta,
1761 3295 1870 3334 non

273 3376 477 3423 tantum
506 3368 776 3424 direceses
792 3369 1056 3436 amittant,
1099 3368 1197 3424 sed
1227 3376 1284 3423 ut
1308 3368 1420 3423 dixi
1450 3368 1612 3423 etiam
1637 3368 1870 3438 propriis

272 3456 489 3528 publica
542 3464 765 3513 careant
821 3456 1158 3520 auctoritate,
1193 3464 1251 3510 ut
1307 3456 1562 3512 rebelles.
1601 3477 1623 3505 ι
1654 3456 1733 3510 De
1756 3470 1788 3510 a
1819 3463 1869 3511 te

273 3553 449 3599 autem
480 3544 750 3616 separatis
804 3560 837 3599 a
895 3545 1275 3600 communione
1305 3543 1585 3610 catholica,
1620 3543 1758 3598 sicut
1815 3544 1869 3597 in

271 3634 531 3704 petitione
585 3632 717 3688 mihi
745 3649 775 3687 a
805 3633 1152 3689 Laudunensi
1179 3633 1423 3689 Ecclesia
1468 3633 1588 3687 data
1621 3632 1869 3687 contine-

275 3729 376 3787 tur,
411 3722 624 3777 scilicet
648 3722 893 3793 parvulis
940 3721 996 3775 in
1042 3729 1131 3776 tua
1159 3721 1420 3793 parochia
1449 3734 1612 3776 causa
1642 3720 1868 3788 injuria-

272 3826 393 3864 rum
439 3818 659 3864 tuarum
690 3824 798 3864 non
843 3808 1200 3880 baptizandis,
1235 3816 1287 3863 et
1328 3808 1654 3863 obeuntibus
1692 3806 1871 3862 viatici

270 3898 514 3954 muneris
560 3897 941 3953 communione
982 3912 1091 3953 non
1121 3896 1555 3965 reconciliandis,
1588 3896 1713 3951 audi
1743 3894 1871 3967 quid

273 3987 467 4043 exinde
497 3986 565 4041 ad
595 3976 893 4043 remedium
936 3985 1213 4056 pertinens
1242 3985 1387 4040 idem
1416 3985 1609 4040 doctor
1638 3984 1868 4039 catholi-

272 4074 525 4131 cissimus
553 4082 607 4130 et
650 4073 1125 4129 subtilissimarum
1179 4089 1363 4129 rerum
1409 4072 1791 4144 investigator,
1818 4079 1870 4127 et

273 4163 561 4235 gratiaDei
588 4163 842 4219 inventor
875 4162 1268 4235 sagacissimus
1296 4162 1442 4217 dicat
1470 4162 1659 4235 (Aug.,
1688 4162 1781 4217 lib.
1814 4176 1870 4214 iv

271 4247 337 4302 de
369 4249 557 4319 Bapt.,
592 4262 711 4318 cap.
735 4246 829 4317 22)
854 4263 867 4300 :
898 4267 919 4297 ι
943 4245 1223 4317 Baptismi,
1244 4245 1516 4318 inquiens,
1540 4260 1673 4299 sane
1692 4245 1871 4300 vicem

271 4334 562 4407 aliquando
580 4334 805 4406 implere
826 4334 1156 4406 passionem,
1178 4333 1247 4389 de
1276 4332 1482 4387 latrone
1511 4332 1621 4400 illo,
1655 4332 1744 4387 cui
1762 4348 1869 4388 non

1976 2662 2047 2716 ita
2077 2662 2456 2732 profecissent,
2493 2673 2549 2718 ut
2575 2665 2759 2719 multis
2808 2666 3097 2737 baptizatis
3125 2668 3235 2723 vita
3265 2678 3429 2741 atque
3457 2670 3561 2725 do-

1974 2750 2146 2804 ctrina
2179 2766 2239 2805 se
2270 2766 2586 2821 praeponere
2616 2753 2838 2808 minime
2876 2754 3200 2822 dubitarent,
3234 2771 3568 2827 supervaca-

1971 2853 2137 2892 neum
2174 2838 2280 2892 sibi
2314 2854 2439 2893 esse
2467 2839 2752 2895 crederent
2783 2841 3045 2912 baptizari
3069 2843 3284 2914 quando
3315 2845 3384 2899 ad
3413 2845 3565 2902 illum

1972 2926 2171 2981 mentis
2192 2926 2433 2980 habitum
2453 2943 2512 2982 se
2532 2929 2849 2998 pervenisse
2872 2930 3132 2986 sentirent
3152 2931 3219 2986 ad
3240 2948 3402 3003 quem
3414 2933 3569 2988 multi

1973 3014 2224 3084 baptizati
2253 3015 2431 3070 adhuc
2459 3016 2757 3071 ascendere
2787 3026 3128 3073 conarentur.
3162 3019 3342 3090 (Ibid.,
3367 3036 3417 3076 c.
3448 3021 3564 3090 23.)

1973 3101 2116 3170 Quid
2136 3110 2316 3157 autem
2338 3104 2511 3158 valeat
2533 3112 2584 3159 et
2601 3105 2731 3176 quid
2750 3114 2879 3177 agat
2896 3106 2951 3159 in
2969 3106 3186 3161 homine
3207 3108 3567 3179 corporaliter

1969 3190 2209 3245 adhibita
2225 3191 2580 3247 sanctificatio
2597 3193 2942 3259 sacramenti,
2966 3194 3083 3249 sine
3101 3211 3207 3266 qua
3226 3203 3407 3250 tamen
3425 3196 3565 3253 latro

1969 3278 2060 3333 ille
2089 3293 2199 3332 non
2212 3277 2327 3343 fuit,
2353 3278 2477 3349 quia
2489 3295 2597 3333 non
2621 3280 2736 3347 ejus
2752 3280 3085 3351 accipiendae
3105 3282 3350 3337 voluntas
3370 3282 3559 3349 defuit,

1970 3366 2067 3421 sed
2084 3381 2194 3421 non
2206 3366 2534 3436 accipiendae
2546 3368 2844 3422 necessitas
2856 3366 3251 3437 aﬂ‘uit,diiiicile
3262 3378 3345 3425 est
3356 3369 3559 3426 dicere:

1969 3454 2074 3508 nisi
2097 3461 2274 3508 tamen
2288 3453 2581 3523 plurimum
2598 3455 2794 3510 valeret
2805 3471 2933 3521 ,non
2945 3456 3091 3511 servi
3105 3457 3431 3527 baptismum
3453 3458 3561 3513 Do-

1968 3542 2149 3596 minus
2189 3541 2507 3612 accepisset.
2551 3543 2754 3596 Verum
2782 3543 2906 3614 quia
2935 3561 3033 3615 per
3066 3561 3126 3599 se
3153 3544 3270 3615 ipsa
3304 3545 3561 3601 conside-

1970 3630 2139 3684 randa
2181 3637 2282 3697 est,
2335 3637 2557 3700 excepta
2587 3630 2761 3685 salute
2804 3631 3040 3686 hominis
3086 3632 3173 3687 cui
3215 3631 3563 3704 perﬁcienda:

1969 3718 2273 3783 adhibetur,
2307 3719 2440 3773 satis
2468 3718 2690 3784 indicat,
2721 3720 2869 3791 quod
2916 3727 2969 3775 et
2996 3720 3053 3775 in
3084 3720 3265 3787 malis,
3314 3728 3367 3777 et
3392 3721 3449 3775 in
3480 3722 3561 3777 eis

1970 3806 2063 3877 qui
2092 3806 2292 3862 saeculo
2321 3806 2503 3862 verbis
2534 3822 2644 3862 non
2668 3806 2824 3863 factis
2847 3809 3177 3875 renuntiant,
3206 3809 3324 3880 ipsa
3343 3808 3560 3882 integra

1969 3902 2071 3963 est,
2105 3910 2229 3949 cum
2280 3895 2356 3949 illi
2402 3895 2506 3949 nisi
2534 3895 2870 3967 corrigantur
2913 3896 3143 3952 salutem
3199 3898 3402 3952 habere
3450 3913 3561 3953 non

1967 3982 2196 4053 possint.
2233 3982 2380 4038 Sicut
2409 3991 2588 4037 autem
2617 3983 2673 4037 in
2717 3983 2946 4051 latrone,
2979 3984 3101 4056 quia
3130 4001 3232 4056 per
3258 3984 3563 4042 necessita-

1968 4078 2077 4124 tem
2105 4070 2452 4141 corporaliter
2473 4070 2661 4139 defuit,
2694 4071 2938 4143 perfecta
2969 4072 3115 4127 salus
3155 4080 3257 4141 est,
3310 4074 3435 4146 quia
3462 4088 3565 4145 per

1966 4158 2225 4228 pietatem
2258 4158 2565 4229 spiritaliter
2591 4158 2759 4225 aﬂ‘uit,
2818 4161 2898 4216 sic
2942 4168 2995 4215 et
3042 4176 3166 4217 cum
3196 4162 3316 4233 ipsa
3363 4169 3565 4233 praesto

1968 4253 2068 4314 est,
2104 4246 2148 4300 si
2196 4263 2295 4317 per
2345 4247 2727 4302 necessitatem
2756 4247 2897 4302 desit
2950 4249 3093 4319 quod
3151 4249 3343 4305 latroni
3389 4248 3559 4315 affuit,

1965 4334 2243 4404 perficitur
2288 4335 2453 4389 salus.
2506 4334 2663 4403 Quod
2727 4336 2981 4389 traditum
3042 4344 3192 4391 tenet
3240 4336 3565 4392 universitas

272 4423 541 4494 baptizata
557 4423 758 4478 dictum
789 4430 872 4477 est
905 4440 918 4476 :
949 4423 1119 4479 Hodie
1147 4438 1369 4478 mecum
1397 4423 1510 4477 eris
1526 4421 1588 4475 in
1602 4420 1869 4492 paradiso
1897 4417 1948 4477 D
1972 4422 2251 4488 Ecclesiae,
2326 4437 2451 4477 cum
2503 4421 2714 4492 parvuli
2771 4421 3001 4477 infantes
3060 4423 3418 4493 baptizantur,
3472 4424 3564 4495 qui

272 4513 429 4579 (Luc.
463 4511 655 4580 χχιιι).
688 4526 798 4567 non
826 4511 946 4566 leve
972 4511 1358 4566 documentum
1386 4508 1536 4564 idem
1565 4509 1757 4564 beatus
1774 4508 1871 4578 Cy-

271 4600 496 4670 prianus
538 4600 785 4655 assumit.
817 4598 977 4667 Quod
1024 4598 1186 4654 etiam
1214 4606 1374 4669 atque
1404 4597 1566 4652 etiam
1614 4596 1870 4652 conside-

270 4704 415 4753 rans,
464 4687 685 4742 invenio
722 4703 832 4743 non
888 4694 1097 4742 tantum
1154 4686 1468 4759 passionem
1497 4701 1594 4757 pro
1651 4684 1871 4739 nomine

272 4775 477 4831 Christi
525 4774 581 4829 id
614 4776 761 4847 quod
792 4791 858 4831 ex
888 4775 1156 4846 baptismo
1176 4774 1367 4829 deerat
1396 4789 1560 4845 posse
1596 4773 1872 4844 supplere,

269 4864 367 4919 sed
397 4863 564 4920 etiam
592 4862 756 4920 ﬁdem
785 4862 1311 4934 conversionemque
1341 4862 1542 4931 cordis,
1576 4861 1621 4916 si
1643 4860 1783 4917 forte
1805 4859 1875 4915 ad

268 4953 665 5008 celebrandum
708 4952 1031 5023 mysterium
1062 4951 1318 5022 baptismi
1348 4950 1403 5005 in
1436 4949 1699 5021 augustiis
1748 4956 1879 5003 tem-

268 5056 467 5111 porum
496 5040 744 5097 succurri
773 5055 882 5096 non
898 5046 1095 5111 potest.
1120 5040 1311 5111 Neque
1341 5037 1487 5094 enim
1504 5038 1642 5093 latro
1659 5037 1749 5092 ille
1778 5051 1875 5108 pro

269 5129 498 5185 nomine
518 5129 722 5185 Christi
752 5127 1046 5185 cruciﬁxus
1076 5136 1177 5195 est,
1221 5127 1320 5182 sed
1339 5142 1438 5199 pro
1486 5126 1697 5182 meritis
1743 5123 1877 5181 faci-

270 5232 470 5272 norum
501 5232 727 5274 suorum
758 5233 898 5275 :nec
924 5217 1050 5289 quia
1100 5215 1335 5272 credidit
1376 5230 1573 5287 passus
1629 5221 1731 5281 est,
1779 5213 1878 5268 sed

265 5305 402 5361 dum
430 5314 716 5377 pateretur
727 5306 973 5363 credidit.
1010 5305 1285 5375 Quantum
1314 5304 1493 5376 itaque
1522 5303 1698 5359 valeat
1718 5301 1881 5358 etiam

265 5394 391 5449 sine
412 5394 617 5455 visibili
672 5395 922 5467 baptismi
979 5401 1322 5452 sacramento
1352 5391 1498 5465 quod
1529 5391 1603 5447 ait
1640 5393 1880 5464 Aposto-

264 5488 389 5545 lus:
416 5492 594 5549 Corde
627 5493 885 5550 creditur
902 5493 975 5549 ad
976 5494 1292 5571 justitiam,
1310 5506 1404 5549 ore
1425 5490 1702 5562 confessio
1718 5490 1785 5558 ﬁt
1811 5487 1883 5543 ad

1970 4518 2114 4565 certe
2144 4510 2388 4565 nondum
2410 4517 2639 4581 possunt
2672 4509 2836 4566 corde
2882 4511 3108 4566 credere
3165 4510 3236 4566 ad
3277 4510 3563 4579 justitiam,

1971 4607 2025 4654 et
2052 4614 2149 4653 ore
2179 4597 2425 4655 confiteri
2445 4599 2512 4653 ad
2542 4598 2794 4667 salutem,
2829 4600 2973 4670 quod
3008 4599 3145 4653 latro
3176 4598 3367 4670 potuit,
3400 4599 3564 4670 quin-

1973 4686 2136 4742 etiam
2166 4686 2347 4741 ﬂendo
2375 4695 2429 4742 et
2458 4686 2750 4760 vagiendo,
2783 4701 2907 4742 cum
2927 4687 2981 4742 in
3012 4687 3093 4742 eis
3121 4686 3439 4757 mysterium
3470 4701 3567 4742 ce-

1973 4774 2235 4841 lebratur,
2266 4773 2401 4845 ipsis
2429 4775 2672 4846 mysticis
2684 4775 2909 4829 vocibus
2937 4775 3274 4845 obstrepunt,
3308 4782 3361 4829 et
3388 4782 3569 4830 tamen

1974 4862 2157 4917 nullus
2187 4862 2620 4919 Christianorum
2659 4862 2856 4918 dixerit
2885 4878 2981 4917 eos
3009 4862 3245 4918 inaniter
3288 4862 3568 4934 baptizari.

1975 4949 2159 5020 (Ibid.,
2191 4965 2239 5006 c.
2283 4952 2398 5021 24.)
2420 4951 2557 5005 Etsi
2587 4952 2873 5022 quisquam
2917 4958 3122 5021 quaerat
3151 4950 3207 5005 in
3246 4951 3351 5008 hac
3379 4968 3440 5006 re
3470 4967 3570 5007 au-

1977 5039 2284 5095 ctoritatem
2315 5038 2577 5103 divinam,
2612 5053 2939 5109 quamquam
2973 5038 3118 5110 quod
3149 5038 3400 5095 universa
3429 5047 3573 5094 tenet

1978 5126 2247 5194 Ecclesia,
2272 5140 2374 5181 nec
2412 5125 2657 5180 conciliis
2685 5125 3011 5193 institutum,
3030 5126 3128 5182 sed
3159 5143 3375 5198 semper
3395 5134 3576 5182 reten-

1979 5223 2093 5270 tum
2124 5221 2225 5281 est,
2273 5229 2381 5267 non
2438 5213 2543 5268 nisi
2596 5213 2894 5284 apostolica
2949 5215 3268 5271 auctoritate
3315 5214 3576 5270 traditum

1980 5301 2285 5357 rectissime
2332 5300 2589 5371 creditur,
2624 5309 2807 5357 tamen
2835 5303 3104 5358 veraciter
3160 5301 3430 5371 conjicere
3459 5318 3580 5375 pos-

1982 5405 2170 5445 sumus
2200 5388 2329 5461 quid
2359 5389 2535 5445 valeat
2584 5390 2640 5444 in
2670 5389 2913 5462 parvulis
2962 5390 3215 5462 baptismi
3270 5404 3580 5449 sacramen-

1984 5497 2097 5544 tum
2128 5504 2195 5544 ex
2237 5488 2656 5545 circumcisione
2716 5488 2920 5557 carnis,
2954 5504 3116 5563 quam
3162 5490 3317 5562 prior
3352 5491 3585 5565 populus
