4054 6180
465 215 564 270 4³71

1494 203 1836 262 HINCMARI
1873 198 2272 260 RHEMENSIS
2309 197 2856 256 ARCHIEPISCOPI.

3655 201 3757 256 472

457 337 690 410 accepit,
725 351 890 409 quam
946 335 1260 406 priusquam
1313 331 1586 402 acciperet
1601 327 1926 400 justiﬁcatus
1973 335 2055 383 est
2077 327 2132 388 A
2160 329 2355 382 sancto
2369 325 2814 380 nonintrabitin
2827 338 3062 396 regnum
3075 324 3340 380 oratorum
3353 323 3757 394 (Joan.nt),sci-

459 433 741 492 Abraham
785 435 944 502 (Gen.
991 433 1138 502 xxx),
1173 431 1312 486 sicut
1359 429 1640 484 Cornelius
1705 427 1864 480 etiam
1915 424 2060 480 dono

457 525 691 594 Spiritus
733 522 900 576 sancti
951 521 1271 590 priusquam
1317 517 1684 586 baptizaretur
1732 514 1932 568 ditatus
1980 521 2063 567 est

458 612 604 684 (Act.
629 611 710 680 Χ).
745 609 885 664 Dicit
915 617 1093 662 tamen
1141 606 1432 676 Apostolus
1483 605 1551 658 de
1595 603 1713 673 ipso
1745 603 1924 672 (Rom.
1959 600 2056 670 tv),

459 699 737 754 Abraham
766 698 984 768 signum
1013 695 1222 764 accepit
1247 691 1681 748 circumcisionis
1711 687 2056 762 signaculum

457 786 679 854 justitia:
725 783 870 851 ﬁdei,
917 784 1009 854 qui
1053 783 1162 851 jam
1190 783 1356 836 corde
1401 779 1728 843 crediderat,
1762 786 1812 830 et
1839 777 2060 846 deputa-

463 885 578 930 tum
606 874 682 928 illi
712 881 824 928 erat
871 873 940 928 ad
981 871 1265 940 justitiam.
1318 871 1426 924 Cur
1457 883 1588 938 ergo
1637 867 1686 920 ei
1733 873 2059 935 praeceptum

465 971 568 1032 est,
600 970 657 1016 ut
685 977 900 1015 omnem
930 961 1190 1029 deinceps
1221 957 1480 1012 infantem
1523 955 1826 1009 masculum
1872 961 2061 1007 octavo

462 1051 550 1106 die
581 1049 996 1105 circumcideret
1039 1047 1204 1118 (Gen.
1245 1047 1407 1114 xvu),
1461 1043 1552 1114 qui
1582 1041 1820 1096 nondum
1851 1047 2062 1110 poterat

467 1139 636 1195 corde
665 1138 892 1192 credere
951 1145 1004 1190 ut
1035 1136 1084 1189 ei
1142 1135 1496 1204 deputaretur
1549 1131 1618 1184 ad
1641 1130 1924 1198 justitiam,
1957 1127 2063 1182 nisi

472 1228 598 1300 quia
626 1235 677 1280 et
715 1227 890 1296 ipsum
921 1240 1017 1294 per
1063 1223 1317 1292 seipsum
1373 1227 1773 1274 sacramentum
1831 1217 2060 1270 multum

466 1315 724 1371 valebat?
755 1313 910 1382 Quod
940 1313 994 1364 in
1017 1310 1125 1364 filio
1147 1309 1319 1380 Moysi
1347 1325 1444 1378 per
1473 1307 1728 1380 angelum
1748 1304 2062 1360 manifesta-

466 1411 582 1460 tum
613 1411 694 1456 est
724 1401 923 1472 (Exod.
957 1399 1099 1468 xw),
1135 1398 1226 1468 qui
1267 1413 1391 1452 cum
1424 1397 1602 1450 adhuc
1647 1394 2062 1450 incircumcisus

471 1508 504 1548 a
535 1498 700 1544 matre
758 1487 1006 1550 ferretur,
1039 1487 1294 1556 praesenti
1327 1495 1378 1540 et
1427 1483 1663 1538 evidenti
1717 1481 1962 1553 periculo
2007 1489 2064 1536 ut

470 1577 950 1633 circumcideretur
978 1583 1224 1629 exactum
1257 1581 1356 1638 est,
1394 1582 1444 1628 et
1475 1589 1596 1628 cum
1659 1570 1862 1626 factum
1893 1577 2056 1636 esset,

2161 415 2290 468 licet
2319 422 2408 467 aut
2437 413 2694 468 invisibili
2725 412 2893 485 gratia
2923 428 3046 467 cum
3071 412 3270 466 visibili
3287 419 3643 476 sacramento,
3667 420 3760 466 aut

2161 502 2415 556 invisibili
2447 501 2620 572 gratia
2669 501 2784 555 sine
2817 499 3014 554 visibili
3044 509 3382 554 sacramento
3422 509 3657 564 renatus,
3683 499 3758 554 ita

2159 589 2402 644 veridica
2435 589 2772 657 estejusdem
2802 587 3100 643 Salvatoris
3133 587 3302 640 nostri
3332 588 3614 656 sententia,
3649 603 3760 658 qua

2161 677 2289 732 dicit
2324 695 2336 729 :
2365 679 2480 732 Nisi
2509 677 2990 732 manducaveritis
3009 692 3242 730 carnem
3269 676 3402 729 Filii
3431 675 3673 730 hominis
3703 679 3761 730 et

2161 767 2414 820 biberitis
2427 767 2548 836 ejus
2565 765 3040 836 sanguine-112,720):—
3063 763 3328 818 habebitis
3341 764 3518 818 vitam
3539 767 3600 818 in
3613 763 3762 818 vobis

2161 855 2344 924 (Joan.
2369 855 2467 924 γι).
2503 853 2657 908 Unde
2686 853 2832 906 idem
2861 853 3050 907 beatus
3079 851 3414 923 Augustinus
3437 851 3490 904 in
3507 867 3762 906 sermone

2161 941 2473 996 adinfantes
2493 941 2560 996 ad
2583 942 2750 994 altare
2769 941 3092 996 accedentes
3109 940 3176 994 de
3190 940 3546 996 Sacramento
3571 957 3583 994 :
3611 941 3760 994 «Do-

2162 1030 2362 1096 minus,
2395 1030 2584 1102 inquit,
2621 1031 2776 1084 Jesus
2807 1029 3050 1083 Christus
3066 1044 3166 1082 nos
3197 1027 3534 1098 signiﬁcavit,
3569 1043 3670 1082 nos
3691 1028 3760 1082 ad

2163 1135 2222 1174 se
2254 1118 2526 1188 pertinere
2557 1118 2742 1184 voluit,
2783 1117 3098 1188 mysterium
3127 1116 3276 1187 pacis
3303 1125 3354 1170 et
3409 1115 3622 1170 unitatis
3655 1132 3760 1170 no-

2163 1215 2290 1262 strze
2315 1207 2372 1260 in
2397 1222 2490 1260 sua
2511 1221 2700 1260 mensa
2713 1206 3046 1260 sonsecravit
3071 1221 3084 1258 :
3111 1204 3204 1276 qui
3220 1204 3416 1274 accipit
3439 1204 3760 1274 mysterium

2161 1295 2399 1360 unitatis,
2437 1301 2490 1348 et
2519 1309 2628 1348 non
2657 1301 2804 1348 tenet
2833 1293 3104 1348 vinculum
3125 1293 3294 1364 pacis,
3327 1307 3433 1346 non
3447 1293 3766 1363 mysterium

2161 1383 2356 1453 accipit
2385 1399 2485 1453 pro
2516 1399 2594 1448 se,
2631 1383 2727 1437 sed
2757 1381 3122 1436 testimonium
3153 1389 3344 1436 contra
3373 1397 3452 1434 se.
3501 1380 3646 1434 Nulli
3679 1389 3766 1435 est

2163 1471 2504 1542 aliquatenus
2560 1470 2948 1542 ambigendum
2997 1477 3122 1524 tunc
3155 1485 3594 1540 unumquemque
3617 1467 3762 1524 ﬁde-

2163 1559 2294 1614 lium
2313 1559 2558 1630 corporis
2580 1558 2969 1632 sanguinisque
2993 1557 3260 1612 Dominici
3281 1557 3598 1628 participem
3617 1555 3758 1624 ﬁeri,

471 1665 698 1735 depulsa
717 1672 798 1718 est
826 1663 1114 1733 pernicies.
1149 1663 1296 1716 Sicut
1322 1678 1456 1733 ergo
1477 1661 1531 1714 in
1555 1660 1826 1714 Abraham
1857 1659 2056 1726 (Exod.

2167 1648 2379 1718 quando
2435 1647 2492 1700 in
2535 1647 2854 1716 baptismate
2901 1645 3203 1700 membrum
3258 1644 3505 1715 corporis
3565 1645 3764 1699 Christi

470 1753 552 1822 tv)
609 1751 886 1822 praecessit
909 1751 1114 1818 justitia
1165 1749 1310 1816 ﬁdei,
1345 1757 1396 1803 et
1443 1747 1674 1804 accessit
1721 1746 2062 1802 circumcisio

473 1840 815 1913 signaculum
837 1839 1056 1907 justitia:
1086 1837 1232 1908 ﬁdei,
1265 1838 1338 1892 ita
1385 1838 1441 1891 in
1485 1837 1736 1892 Cornelio
1781 1835 2063 1906 praecessit

470 1928 822 1984 sanctificatio
879 1927 1138 1998 spiritalis
1185 1928 1240 1981 in
1283 1927 1425 1982 dono
1469 1925 1702 1996 Spiritus
1750 1924 1942 1990 sancti,
2014 1930 2066 1978 et

468 2019 696 2072 accessit
753 2025 1148 2071 sacramentum
1225 2013 1650 2086 regenerationis
1723 2013 1776 2066 in
1850 2011 2064 2066 lavacro

471 2105 743 2176 baptismi.
776 2105 846 2159 Et
894 2105 1035 2160 sicut
1080 2105 1136 2157 in
1181 2105 1334 2158 Isaac
1364 2103 1521 2172 (Gen.
1557 2101 1700 2170 xm),
1751 2101 1843 2172 qui
1870 2107 2065 2156 octavo

471 2211 584 2250 suae
613 2193 905 2248 nativitatis
933 2193 1022 2247 die
1053 2191 1409 2247 circumcisus
1440 2198 1542 2256 est,
1566 2189 1846 2260 prmecssit
1877 2189 2064 2258 signa-

473 2283 654 2337 culum
681 2282 901 2350 justitia:
932 2281 1058 2334 ﬁdei
1089 2289 1142 2334 et
1173 2280 1427 2350 quoniam
1457 2279 1626 2348 patris
1649 2277 1810 2331 ﬁdem
1829 2277 2067 2330 imitatus

475 2379 578 2435 est,
597 2377 786 2424 secuta
816 2376 899 2422 est
928 2369 984 2422 in
1015 2377 1292 2422 crescente
1322 2367 1440 2436 ipsa
1453 2366 1682 2434 justitia,
1715 2365 1867 2432 cujus
1889 2364 2068 2436 signa-

477 2456 658 2513 culum
687 2455 740 2509 in
787 2455 988 2510 infante
1037 2463 1408 2526 praecesserat,
1469 2455 1540 2508 ita
1583 2453 1639 2506 in
1670 2452 1947 2523 baptizatis
1979 2452 2067 2505 in-

472 2543 712 2600 fantibus
733 2543 990 2616 precedit
1019 2542 1449 2616 regenerationis
1488 2549 1907 2606 sacramentum,
1943 2548 1996 2594 et
2025 2539 2070 2593 si

478 2633 836 2688 Christianam
883 2633 1152 2687 tenuerint
1195 2631 1466 2702 pietatem,
1514 2630 1756 2702 sequitur
1803 2629 1966 2684 etiam
2015 2628 2071 2682 in

477 2720 646 2779 corde
676 2721 982 2786 conversio,
1013 2721 1166 2789 cujus
1192 2720 1506 2791 mysterium
1545 2717 1826 2788 praecessit
1856 2717 1911 2770 in
1942 2732 2070 2771 cor-

475 2823 630 2882 pore.
668 2810 732 2862 Et
759 2809 896 2864 sicut
928 2809 982 2864 in
1003 2809 1094 2862 illo
1115 2809 1325 2862 latrone
1355 2807 1500 2877 quod
1529 2823 1591 2860 ex
1616 2806 1870 2876 baptismi
1893 2820 2072 2860 sacra-

478 2903 663 2950 mento
690 2896 954 2964 defuerat,
989 2894 1278 2964 complevit
1309 2893 1710 2963 Omnipotentis
1738 2893 2066 2964 benignitas,

477 2983 600 3055 quia
631 2999 740 3037 non
772 2982 1028 3053 superbia
1067 2982 1154 3036 vel
1201 2989 1532 3050 contemptu,
1593 2981 1688 3034 sed
1747 2981 2067 3035 necessitate

477 3070 724 3126 defuerat
757 3087 770 3124 :
805 3070 882 3124 sic
911 3069 965 3124 in
1024 3069 1314 3122 infantibus
1345 3069 1436 3140 qui
1485 3069 1738 3138 baptizati
1767 3068 2068 3122 moriuntur

480 3159 675 3214 eadem
722 3159 903 3230 gratia
935 3157 1334 3230 Omnipotentis
1373 3156 1602 3227 implere
1649 3157 1918 3212 credenda
1962 3163 2065 3222 est,

479 3247 624 3320 quod
644 3262 752 3302 non
781 3263 848 3302 ex
877 3247 1042 3318 impia
1069 3246 1361 3310 voluntate,
1398 3245 1494 3300 sed
1526 3261 1592 3299 ex
1622 3244 2066 3316 aetatisindigen-

475 3335 570 3402 tia,
601 3351 702 3392 nec
721 3336 885 3392 corde
920 3334 1147 3390 credere
1177 3335 1248 3388 ad
1272 3334 1534 3402 justitiam
1563 3341 1810 3405 possunt,
1845 3349 1946 3388 nec
1974 3349 2068 3389 ore

473 3423 714 3481 conﬁteri
743 3425 812 3480 ad
842 3423 1086 3478 salutem.
1135 3423 1264 3478 Ideo
1311 3439 1434 3478 cum
1464 3438 1562 3494 pro
1609 3423 1688 3477 eis
1715 3422 1804 3476 alii
1835 3438 2067 3493 respon-

473 3511 622 3578 dent,
655 3521 712 3567 ut
753 3511 1042 3584 impleatur
1069 3527 1200 3582 erga
1257 3526 1352 3566 eos
1383 3511 1678 3567 celebratio
1725 3511 2064 3577 sacramenti,

475 3601 615 3656 valet
671 3602 853 3674 utique
901 3601 978 3656 ad
1021 3616 1212 3655 eorum
1268 3600 1751 3665 consecrationem,
1785 3599 1910 3670 quia
1965 3599 2068 3670 ipsi

475 3691 806 3762 respondere
835 3705 944 3744 non
975 3697 1202 3760 possunt
1227 3707 1240 3743 :
1274 3697 1330 3744 at
1378 3689 1426 3742 si
1455 3703 1556 3758 pro
1588 3704 1654 3742 eo
1683 3688 1774 3758 qui
1832 3703 2068 3758 respon-

474 3778 608 3834 dere
630 3786 808 3850 potest
837 3777 974 3832 alius
1031 3777 1373 3847 respondeat,
1407 3791 1514 3830 non
1551 3775 1736 3828 itidem
1765 3775 1926 3830 valet.
1985 3774 2068 3829 Ex

474 3881 582 3937 qua
597 3865 789 3937 regula
809 3865 943 3919 illud
965 3865 1020 3918 in
1041 3864 1344 3935 Evangelia
1364 3863 1567 3918 dictum
1587 3871 1688 3930 est,
1713 3863 1856 3933 quod
1877 3878 2068 3916 omnes

471 3968 596 4008 cum
625 3953 823 4022 legitur
851 3951 1164 4006 naturaliter
1191 3959 1372 4004 movet
1411 3969 1424 4004 :
1454 3953 1701 4005 Aitatem
1731 3951 1914 4016 habet,
1948 3951 2069 4022 ipse

471 4053 572 4108 pro
599 4055 656 4094 se
700 4041 960 4109 loquatur
989 4039 1172 4108 (Joan.
1209 4039 1310 4106 ix).
1347 4037 1504 4110 (Cap.
1538 4037 1654 4108 25.)
1687 4036 1896 4104 Quibus
1944 4053 2067 4093 om-

471 4125 634 4180 nibus
663 4125 829 4180 rebus
859 4126 1178 4194 ostenditur,
1211 4125 1356 4180 aliud
1385 4141 1506 4180 esse
1537 4133 1936 4180 sacramentum
1965 4125 2068 4180 ba-

469 4213 674 4286 ptismi,
704 4213 850 4268 aliud
881 4215 1296 4269 conversionem
1336 4215 1538 4280 cordis,
1579 4214 1677 4268 sed
1707 4215 1932 4268 salutem
1963 4215 2067 4269 ho-

469 4302 632 4358 minis
679 4317 746 4358 ex
800 4311 1031 4374 utroque
1087 4303 1348 4374 compleri
1384 4321 1397 4357 :
1431 4318 1532 4358 nec
1573 4303 1618 4356 si
1672 4318 1840 4356 unum
1877 4303 2068 4358 horum

2167 1735 2415 1800 efﬁcitur,
2447 1750 2546 1790 nec
2577 1734 2798 1788 alienari
2825 1734 2892 1786 ab
2923 1733 3064 1788 illius
3110 1733 3264 1804 panis
3295 1731 3590 1802 calicisque
3621 1749 3762 1788 con-

2165 1823 2354 1888 sortio,
2389 1823 2550 1876 etiam
2582 1823 2628 1876 si
2667 1831 2956 1892 antequam
2987 1837 3184 1892 panem
3215 1821 3366 1876 illum
3397 1820 3672 1886 comedat,
3712 1829 3764 1876 et

2165 1911 2390 1966 calicem
2445 1910 2612 1978 bibat,
2664 1910 2732 1964 de
2789 1910 2892 1964 hoc
2941 1909 3140 1964 saeculo
3197 1909 3252 1961 in
3281 1909 3484 1962 unitate
3515 1909 3764 1979 corporis

2166 2000 2364 2054 Christi
2388 1999 2706 2054 constitutus
2735 1998 3010 2052 abscedat.
3047 1997 3386 2052 Sacramenti
3409 1997 3606 2068 quippe
3619 1997 3766 2052 illius

2165 2088 2574 2159 participatione
2606 2103 2668 2142 ac
2699 2084 2962 2141 beneﬁcio
2986 2101 3094 2140 non
3113 2085 3370 2156 privatur,
3407 2085 3626 2156 quando
3647 2086 3766 2156 ipse

2165 2177 2270 2232 hoc
2292 2175 2438 2247 quod
2491 2176 2624 2229 illud
2661 2183 3060 2230 sacramentum
3107 2173 3374 2245 signiﬁcat
3405 2173 3698 2229 invenitur.
3739 2195 3760 2222 ι

2167 2265 2263 2320 His
2308 2273 2508 2332 autem,
2543 2263 2634 2334 qui
2661 2263 2802 2318 forte
2831 2264 3094 2318 obeuntes
3115 2263 3292 2317 viatici
3321 2263 3560 2316 muneris
3607 2278 3764 2318 com-

2167 2353 2422 2408 munione
2453 2351 2790 2408 reconciliari
2831 2351 3118 2422 petierunt,
3151 2350 3248 2406 sed
3304 2351 3595 2420 impetrare
3655 2366 3768 2405 non

2167 2447 2478 2512 potuerunt,
2513 2439 2801 2494 convenire
2831 2455 2994 2510 posse
3033 2439 3246 2494 videtur
3299 2438 3606 2492 remedialis
3637 2454 3767 2492 sen-

2167 2529 2332 2582 tentia
2353 2529 2596 2596 ejusdem
2613 2527 2752 2582 beati
2773 2526 3080 2599 Augustini,
3101 2543 3262 2599 quam
3279 2526 3504 2580 laudans
3539 2543 3768 2581 sensum

2168 2617 2308 2672 beati
2339 2617 2591 2688 Cypriani
2635 2616 2702 2670 de
2731 2617 2816 2670 his
2871 2616 2962 2686 qui
3009 2615 3065 2670 in
3103 2615 3308 2670 unitate
3339 2615 3601 2670 Ecclesia:
3631 2616 3766 2670 dor-

2169 2701 2418 2767 mierunt,
2449 2708 2502 2754 et
2527 2699 2727 2755 idcirco
2747 2699 2814 2754 ab
2835 2699 3097 2754 Ecclesiae
3125 2699 3438 2754 muneribus
3458 2714 3566 2753 non
3600 2715 3766 2770 sepa-

2169 2789 2270 2842 rati
2298 2787 2682 2853 credebantur,
2724 2788 2854 2842 dicit
2884 2805 2896 2841 :
2935 2808 2958 2864 μ
2995 2789 3138 2843 Bene
3169 2787 3388 2858 quidem
3415 2787 3768 2858 praesumpsit

2169 2877 2313 2947 quod
2343 2877 2571 2930 charitas
2601 2875 2816 2930 unitatis
2847 2876 3130 2946 occperire
3156 2885 3338 2945 posset
3367 2876 3768 2930 multitudinem

2169 2972 2527 3034 peccatorum.
2565 2985 2586 3014 ν
2619 2963 2686 3018 Εῑ
2712 2963 2797 3017 his
2829 2963 3122 3020 concinens
3149 2964 3338 3019 beatus
3367 2963 3690 3018 Ambrosius
3715 2963 3770 3018 in

2100 3029 2148 3092 Ο
2169 3029 2310 3106 libro
2341 3052 2409 3105 de
2431 3060 2601 3108 morte
2631 3051 2994 3108 Valentiniani
3019 3052 3156 3106 inter
3186 3051 3292 3106 alia
3320 3051 3446 3107 dicit
3475 3053 3622 3124 (post
3641 3069 3766 3108 me-

2168 3141 2344 3208 dium,
2364 3157 2554 3196 versus
2569 3141 2765 3210 ﬁnem)
2783 3160 2800 3195 :
2823 3161 2844 3189 ι
2871 3141 2992 3195 Non
3013 3141 3178 3194 habet
3200 3156 3329 3210 ergo
3350 3141 3582 3214 gratiam
3601 3155 3769 3212 quam

2166 3229 2460 3300 poposcit?
2488 3229 2696 3300 thuia
2717 3229 2982 3299 poposcit,
3014 3229 3224 3299 accepit
3257 3246 3270 3282 :
3300 3237 3352 3282 et
3387 3228 3478 3282 ubi
3505 3228 3636 3283 illud
3655 3237 3762 3294 est,

2167 3319 2352 3371 Justus
2401 3333 2722 3388 quacunque
2779 3325 2950 3372 morte
2999 3325 3306 3387 praeventus
3348 3315 3528 3382 fuerit,
3580 3316 3770 3372 anima

2168 3406 2285 3474 ejus
2316 3406 2372 3460 in
2415 3407 2604 3476 requie
2635 3405 2777 3460 erit?
2807 3406 2968 3461 Solve
2998 3405 3186 3478 igitur,
3217 3415 3372 3476 pater
3405 3413 3606 3472 sancte,
3637 3423 3767 3460 mu-

2169 3511 2270 3548 nus
2327 3509 2484 3549 servo
2515 3503 2624 3558 tuo,
2661 3493 2806 3564 quod
2837 3495 3050 3564 Moyses
3105 3494 3236 3550 dum
3293 3494 3348 3548 in
3379 3493 3570 3564 spiritu
3607 3493 3767 3560 vidit,

2167 3583 2391 3652 accepit,
2427 3583 2568 3654 quod
2599 3582 2774 3637 David
2831 3582 2957 3655 quia
3004 3598 3070 3637 ex
3099 3581 3429 3638 revelationc
3485 3583 3768 3652 cognovit,

2169 3673 2394 3726 emeruit
2423 3673 2572 3743 (Sep.
2609 3673 2706 3742 tv).
2742 3671 2926 3738 Solve,
2943 3669 3182 3742 inquam,
3235 3687 3396 3726 servo
3431 3677 3522 3726 tuo
3555 3669 3766 3725 Valen-

2168 3759 2372 3814 tiniano
2403 3775 2597 3812 munus
2628 3759 2772 3830 quod
2790 3759 3118 3829 concupivit,
3135 3775 3332 3812 munus
3351 3759 3494 3829 quod
3515 3759 3768 3828 peposcit

2167 3862 2352 3910 sanus,
2405 3847 2672 3916 robustus,
2727 3847 3034 3903 incolumis.
3084 3847 3140 3902 Si
3183 3845 3404 3902 affectus
3447 3847 3772 3919 aegritudine

2167 3933 2482 4002 distulisset,
2543 3943 2720 3990 tamen
2777 3952 2886 3990 non
2941 3933 3156 4006 penitus
3209 3951 3240 3989 a
3270 3943 3358 3990 tua
3388 3933 3771 3992 misericordia

2167 4033 2312 4079 esset
2339 4023 2565 4088 alienus,
2583 4023 2672 4095 qui
2703 4023 2973 4080 celeritate
3005 4023 3262 4095 temporis
3285 4031 3554 4078 essetnon
3574 4022 3774 4078 volun-

2167 4121 2272 4167 tate
2305 4111 2602 4167 fraudatus.
2625 4112 2786 4167 Solve
2818 4128 2948 4184 ergo
2979 4129 3140 4168 servo
3161 4121 3254 4167 tuo
3275 4129 3472 4168 munus
3495 4121 3600 4168 tua:
3629 4127 3768 4182 gra-

2166 4201 2274 4266 tiae,
2332 4217 2494 4273 quam
2542 4201 2632 4256 ille
2689 4217 2968 4272 nunquam
3007 4201 3246 4272 negavit,
3305 4201 3398 4272 qui
3447 4209 3573 4255 ante
3618 4201 3770 4256 diem

2165 4289 2354 4344 mortis
2383 4289 2706 4360 templorum
2755 4289 3041 4361 privilegia
3091 4289 3308 4359 negavit
3355 4289 3772 4362 insurgentibus

472 4389 725 4456 defuerit,
759 4391 882 4446 ideo
911 4399 1097 4461 putare
1122 4391 1386 4446 debemus
1415 4407 1758 4462 consequens
1788 4407 1908 4445 esse
1927 4399 1984 4445 ut
2013 4399 2068 4446 et
2093 4383 2145 4442 D
2169 4393 2306 4449 quos
2327 4377 2566 4432 revereri
2587 4385 2792 4448 Ροεδεῐ·
2815 4378 3036 4432 “labat
3066 4377 3302 4432 Virorum
3335 4387 3552 4433 ετιῑθτνδ
3579 4379 3772 4449 gemi-

465 4479 690 4534 alteram
719 4479 895 4533 desit:
929 4479 1052 4550 quia
1084 4487 1138 4534 et
1195 4480 1328 4534 illud
1357 4481 1476 4534 sine
1505 4479 1610 4534 isto
1646 4487 1822 4549 potest
1859 4495 1982 4534 esse
2011 4480 2068 4532 in

467 4567 688 4638 infante,
722 4575 774 4621 et
809 4568 910 4622 hoc
941 4567 1058 4622 sine
1087 4567 1181 4622 illo
1207 4568 1379 4637 potuit
1409 4585 1531 4622 esse
1561 4567 1614 4622 in
1645 4568 1874 4636 latrone,
1909 4583 2062 4622 com-

463 4656 648 4726 plente
680 4657 796 4710 Deo
853 4655 968 4710 sive
1023 4656 1076 4709 in
1106 4655 1218 4720 illo,
1253 4655 1368 4710 sive
1423 4655 1478 4708 in
1507 4655 1628 4722 isto,
1663 4655 1806 4726 quod
1867 4671 1976 4710 non
1998 4671 2062 4710 ex

463 4743 736 4800 voluntate
766 4742 1046 4798 defuisset.
1081 4744 1217 4797 Cum
1249 4759 1378 4798 vero
1435 4759 1500 4798 ex
1531 4743 1806 4798 voluntate
1833 4743 2060 4798 alterum

462 4833 654 4886 horum
685 4830 936 4896 defuerit,
979 4839 1126 4886 reatu
1183 4831 1456 4885 hominem
1485 4831 1705 4886 involvi.
1755 4831 1826 4885 Et
1880 4833 2058 4902 bapti-

461 4933 612 4972 smus
642 4917 862 4988 quidem
890 4927 1070 4988 potest
1097 4919 1276 4974 inesse
1307 4917 1396 4972 ubi
1427 4919 1712 4975 conversio
1742 4920 1925 4974 cordis
1955 4921 2056 4974 de-

459 5005 623 5060 fuerit
656 5021 669 5060 :
704 5006 990 5061 conversio
1021 5015 1202 5062 autem
1223 5007 1400 5062 cordis
1421 5015 1598 5078 potest
1626 5007 1844 5078 quidem
1873 5009 2054 5063 inesse

457 5109 568 5150 non
597 5101 855 5165 percepto
877 5093 1164 5164 baptismo,
1197 5095 1296 5150 sed
1329 5104 1637 5166 contempto
1659 5095 1923 5165 baptismo
1945 5113 2054 5150 non

455 5191 653 5252 potest.
703 5183 895 5253 Neque
950 5182 1093 5236 enim
1140 5183 1248 5237 ullo
1305 5185 1468 5238 modo
1524 5183 1752 5238 dicenda
1810 5191 1892 5238 est
1921 5200 2052 5240 con-

457 5271 638 5326 versio
671 5270 851 5327 cordis
879 5270 946 5324 ad
979 5271 1171 5338 Deum,
1201 5287 1326 5326 cum
1357 5271 1457 5325 Dei
1489 5279 1885 5326 sacramentum
1917 5287 2048 5328 con-

453 5358 725 5412 temnitur.
765 5379 787 5408 ι
821 5359 888 5413 Et
903 5358 1030 5430 quia
1052 5359 1188 5413 sicut
1207 5359 1442 5412 veridica
1464 5367 1542 5412 est
1559 5360 1828 5414 sententia
1854 5360 2046 5416 Salva-

453 5445 585 5500 toris
602 5446 792 5500 nostri:
815 5447 931 5501 Nisi
946 5449 1068 5519 quis
1079 5463 1216 5502 rena
1225 5451 1312 5502 tus
1325 5447 1590 5518 fueritex
1602 5463 1746 5520 aqua
1761 5452 1816 5502 et
1827 5449 2045 5520 Spiritu

2167 4465 2318 4531 lium,
2355 4465 2694 4537 supplicabat
2723 4473 2944 4520 senatus
2973 4481 2986 4520 :
3012 4481 3119 4520 non
3151 4465 3424 4520 metuebat
3453 4466 3772 4524 hominibus

2167 4554 2475 4625 displicere,
2509 4563 2565 4608 ut
2593 4554 2688 4608 tibi
2705 4553 3060 4624 soliplaceret
3090 4553 3146 4608 in
3178 4555 3410 4610 Christo.
3439 4553 3544 4624 Qui
3573 4555 3770 4612 habuit

2165 4642 2413 4712 spiritum
2433 4649 2604 4708 tuum,
2637 4643 2909 4714 quomodo
2941 4658 3050 4697 non
3081 4643 3292 4713 accepit
3319 4643 3552 4714 gratiam
3575 4644 3770 4698 tuam?

2163 4733 2266 4785 Aut
2319 4731 2446 4802 quia
2475 4731 2786 4786 solemniter
2841 4746 2952 4785 non
2981 4738 3104 4784 sunt
3161 4730 3433 4786 celebrata
3479 4731 3770 4802 mysterial

2161 4819 2264 4874 hoc
2301 4819 2527 4874 movet?
2555 4820 2704 4890 Ergo
2735 4835 2834 4875 nec
2864 4827 3132 4889 martyres
3163 4818 3210 4872 si
3233 4819 3612 4876 catechumeni
3640 4819 3767 4875 fue—

2159 4907 2266 4961 rint
2289 4915 2622 4962 coronentur
2651 4907 2678 4960 ‘?
2705 4907 2829 4962 Non
2876 4907 3020 4962 enim
3050 4915 3397 4974 coronantur,
3431 4909 3478 4962 si
3510 4923 3622 4963 non
3649 4907 3762 4962 ini-

2157 4983 2378 5050 tiantur.
2401 4995 2559 5064 Quod
2589 4995 2636 5050 si
2665 5011 2764 5050 suo
2781 4995 3071 5050 abluuntur
3099 4996 3388 5068 sanguine,
3421 5005 3473 5052 et
3501 4996 3648 5052 hunc
3665 5013 3770 5052 sua

2153 5084 2326 5154 pietas
2359 5083 2528 5138 abluit
2558 5092 2610 5139 et
2639 5084 2904 5139 voluntas.
2945 5105 2966 5133 ι
3001 5084 3070 5138 Et
3111 5084 3244 5139 item
3276 5085 3420 5140 idem
3451 5085 3506 5139 in
3567 5085 3770 5140 eodem

2153 5171 2288 5227 libro
2322 5175 2456 5242 (non
2480 5173 2638 5244 longe
2657 5189 2690 5227 τι
2711 5171 3018 5246 principio)
3041 5189 3053 5226 :
3093 5193 3114 5222 (ι
3141 5173 3338 5228 Beatus
3358 5173 3516 5245 plane
3549 5174 3642 5246 qui
3671 5190 3762 5240 ve,

2152 5259 2206 5314 in
2229 5268 2504 5316 senectute
2535 5261 2830 5316 correxerit
2875 5276 3158 5316 errorem:
3191 5261 3380 5316 beatus
3427 5262 3517 5334 qui
3549 5262 3636 5317 vel
3667 5262 3772 5316 sub

2149 5349 2256 5404 ictu
2286 5349 2472 5404 mortis
2501 5349 2743 5404 animum
2773 5349 2965 5404 avertit
2995 5366 3026 5403 a
3047 5349 3208 5405 vitiis.
3241 5352 3400 5406 Beati
3439 5351 3584 5406 enim
3623 5366 3768 5422 quo-

2147 5461 2276 5500 rum
2310 5450 2456 5502 tecta
2486 5451 2622 5503 sunt
2647 5451 2883 5519 peccata
2904 5447 3076 5516 (Prol.
3111 5447 3298 5518 χχχι),
3335 5446 3458 5517 quia
3489 5446 3764 5518 scriptum
