4054 6180
278 260 380 314 ιτε
1028 253 1273 313 OPUSC.
1333 254 1426 311 ET
1464 252 1683 310 EPIST.
1745 251 1820 308 IN
1865 251 2093 309 CAUSA
2149 252 2493 311 HINCMARI
2548 254 2854 314 LAUDUN.
3471 258 3575 314 4⁵74

273 389 360 437 est
396 379 633 436 :Desine
666 397 702 436 α
728 380 898 445 malo,
923 383 980 435 et
999 382 1092 451 fac
1105 381 1331 446 bonum,
1354 379 1680 435 etinhabita
1696 380 1761 434 in
1772 393 1869 433 saa-
1896 376 1951 437 A
1969 378 2282 434 sericordie
2308 378 2409 434 Dei
2439 394 2543 436 nec
2568 394 2857 435 mensuras
2885 393 3179 449 possumus
3207 393 3434 451 ponere,
3466 395 3572 438 nec

281 471 480 526 culum
498 469 695 525 seculi
714 469 889 539 (Psal.
910 468 1138 538 xxxvx).
1160 467 1482 539 Quicunque
1503 484 1635 539 ergo
1655 469 1876 527 desierit
1973 474 2218 537 tempora
2246 465 2515 533 deffinire,
2548 467 2694 538 apud
2725 483 2888 538 quem
2931 466 3111 522 nullas
3154 467 3355 538 patitur
3397 467 3572 524 venia

272 574 305 612 a
332 557 598 629 peccatis,
632 565 685 611 et
719 555 878 610 fuerit
908 557 979 611 ad
1010 557 1237 612 meliora
1267 557 1324 611 in
1369 572 1692 629 quacunque
1734 574 1873 615 con-
1972 569 2156 609 moras
2184 571 2313 611 vera
2343 554 2634 621 confessio,
2670 555 2884 612 dicente
2914 556 3013 610 Dei
3043 555 3247 627 Spiritu
3294 572 3395 627 per
3438 571 3571 627 pro-

276 661 474 701 versus
499 653 678 710 aetate,
711 644 935 699 habebit
964 645 1301 715 superiorum
1330 644 1723 718 indulgentiam
1744 662 1873 717 pec-
1971 643 2195 712 phetam
2213 642 2345 714 (Im.
2361 644 2508 713 xxx)
2533 643 3069 717 :Cumingemueris,
3084 652 3213 701 tunc
3228 644 3412 701 salvus
3423 644 3566 710 eris;

274 742 538 799 catorum,
573 749 695 804 quae
722 731 883 787 fuerit
913 733 1000 788 vel
1014 732 1313 803 paenitendi
1326 733 1611 789 confessus
1652 734 1870 805 aﬂ‘ectu,
1973 737 2028 786 et
2056 729 2186 786 alibi
2215 749 2234 787 :
2266 730 2364 787 Dic
2394 739 2450 786 tu
2479 731 2789 805 iniquitates
2818 741 2939 788 tuas
2968 732 3139 803 prior,
3172 740 3231 787 ut
3253 732 3569 801 justiﬁceris

274 821 365 877 vel
394 820 710 894 corrigendi
737 829 1024 875 aversatus
1054 821 1296 893 ingenio.
1329 842 1352 871 ι
1974 820 2081 876 Isa.
2114 820 2275 889 mn)
2309 838 2324 885 ;
2357 827 2406 874 et
2430 820 2663 876 iterum:
2690 821 2831 888 Quia
2850 821 3001 893 apud
3019 823 3324 879 Dominum
3350 822 3572 877 mireri-

815 909 1041 965 CUPUT
1103 909 1338 965 XLVIII.
1971 908 2164 963 cordia
2193 912 2295 974 est,
2326 913 2383 964 et
2411 910 2633 981 copiosa
2659 910 2809 982 apud
2837 911 3015 965 Deum
3055 910 3360 982 redemptio
3389 910 3566 980 (Psal.

275 1000 354 1054 De
382 998 456 1055 iis
483 999 581 1070 qui
606 999 782 1054 nimis
800 1001 1011 1074 _a_mant
1040 1000 1391 1074 sententiam
1418 1016 1775 1074 utamurque
1801 1003 1875 1058 ad
1973 996 2193 1066 cxxix),
2230 997 2291 1050 In
2318 996 2702 1067 dispensandis
2727 997 2909 1069 itaque
2940 996 3041 1053 Dei
3068 997 3228 1053 donis
3256 1012 3365 1053 non
3394 996 3568 1052 debe-

727 1069 974 1124 schisma
1004 1069 1091 1124 vel
1134 1068 1415 1124 heresim.
1678 1068 1694 1074 '

1971 1098 2093 1139 mus
2123 1099 2248 1139 esse
2278 1083 2541 1152 difficiles,
2575 1100 2677 1141 nec
2705 1068 3060 1141 accusantum
3085 1101 3147 1140 se
3193 1085 3431 1157 gemitus
3475 1083 3564 1141 la-

343 1157 429 1211 Ει
454 1157 562 1221 Ῑιίεο
595 1155 783 1244 frater:
816 1155 1108 1228 άὶιίεθηιθν
1134 1156 1349 1244 menda
1380 1165 1431 1211 et
1482 1158 1875 1228 Ρθΐερίοθοίῐει*
1973 1185 2301 1243 crymasque
2330 1171 2635 1244 negligere,
2672 1188 2794 1229 cum
2814 1173 2992 1244 ipsam
3015 1155 3568 1244 penitendiaﬁ'ectio—

272 1245 495 1316 οουίὲθν
529 1244 656 1333 quia
683 1243 978 1333 Πθθίγδίουι
1007 1243 1062 1297 in
1102 1243 1195 1299 ίῙῙο
1235 1243 1445 1299 latrone
1490 1247 1644 1314 (ιαε-
1678 1247 1869 1319 κιαι),
1971 1276 2099 1315 nem
2129 1275 2202 1316 ex
2231 1260 2332 1316 Dei
2359 1243 2649 1316 credamus
2696 1243 3051 1333 inspiratione
3092 1268 3433 1332 conceptam,
3484 1261 3569 1316 di-

274 1334 422 1404 (ιιιοά
472 1348 538 1388 ex
574 1332 829 1402 baptismi
885 1340 1224 1388 sacramento
1267 1341 1321 1387 et
1380 1333 1872 1391 communicatione
1970 1355 2128 1404 cente
2156 1348 2420 1419 Apostolo
2448 1349 2525 1420 (II
2555 1350 2694 1405 Tim.
2728 1332 2816 1418 ιγε
2850 1349 2934 1404 Ne
2963 1348 3102 1405 forte
3130 1350 3221 1404 det
3261 1349 3371 1405 illis
3417 1351 3567 1407 Deus

270 1420 517 1492 corporis
547 1420 902 1510 etsanguinis
925 1420 1122 1475 Christi
1138 1420 1284 1510 (quae
1319 1430 1660 1477 sacramenta
1711 1430 1870 1479 ante—
1970 1436 2359 1506 paenitentiam,
2393 1444 2452 1491 ιιι
2481 1436 2803 1508 resipiscam
2830 1452 2860 1491 ε
2889 1434 3094 1493 diaboli
3121 1437 3347 1509 laqueis,
3397 1452 3431 1492 ο,
3460 1452 3570 1510 quo

271 1526 435 1581 quam
464 1508 729 1564 Dominus
755 1509 810 1562 in
841 1523 1062 1564 crucem
1084 1509 1407 1597 ascenderet
1433 1509 1547 1564 suis
1592 1510 1871 1582 ἀίεθίΡυῙίε
1970 1524 2113 1594 capti
2141 1532 2395 1580 tenentur
2421 1524 2492 1581 ad
2520 1525 2691 1597 ipsius
2718 1524 3073 1582 voluntatem.
3098 1546 3120 1576 ι
3146 1508 3213 1582 Et
3231 1525 3391 1596 paulo
3410 1508 3565 1596 post:

271 1597 599 1654 celebranda
625 1605 677 1651 et
708 1597 973 1652 sumenda
1001 1597 1211 1653 cunctis
1226 1596 1475 1652 ﬁdelibus
1496 1599 1757 1669 tradidit),
1775 1600 1870 1655 de-

266 1686 461 1750 fuerat,
496 1685 788 1756 complevit
818 1686 1203 1757 omnipotentis
1254 1686 1583 1758 benignitas,
1619 1688 1865 1759 quianon

268 1774 522 1846 superbia
552 1774 637 1829 vel
667 1782 997 1844 contemptu,
1026 1775 1122 1829 sed
1153 1774 1475 1830 necessitate
1504 1774 1771 1845 defuerat,
1814 1786 1867 1833 et

268 1863 406 1918 sicut
433 1862 677 1933 parvulis
706 1862 956 1927 naturali,
1005 1862 1061 1917 id
1107 1871 1190 1919 est
1238 1863 1414 1919 alieno
1491 1873 1717 1935 peccato
1763 1867 1867 1922 ob-

271 1951 469 2021 noxiis,
513 1950 763 2019 aliorum,
810 1951 866 2005 id
921 1959 1003 2006 est
1045 1959 1403 2022 patronorum
1445 1951 1580 2008 fides
1628 1970 1731 2024 pro
1788 1956 1867 2010 eis

268 2039 716 2110 respondentium
746 2038 802 2093 in
834 2039 1153 2109 baptismate
1184 2038 1244 2095 ﬁt
1271 2040 1339 2095 ad
1370 2040 1617 2110 salutem,
1641 2042 1713 2097 ita
1743 2059 1868 2114 par-

267 2128 424 2193 vulis,
460 2127 660 2198 quibus
702 2127 1026 2198 baptismum
1071 2129 1336 2200 denegari
1382 2129 1613 2198 jussisti,
1662 2147 1865 2201 paren-

265 2222 376 2271 tum
402 2216 490 2271 vel
517 2223 871 2285 patronorum
887 2216 1054 2271 corde
1075 2217 1434 2285 credentium,
1460 2226 1514 2273 et
1542 2235 1645 2289 pro
1665 2236 1865 2289 parvu-

263 2303 327 2359 lis
359 2303 475 2359 suis
501 2303 647 2359 fideli
678 2304 848 2360 verbo
878 2304 1148 2375 baptisma
1176 2306 1561 2377 expetentium,
1616 2308 1713 2363 sed
1756 2324 1866 2363 non

262 2390 688 2463 impetrantium,
734 2390 884 2447 ﬁdes
940 2400 991 2447 et
1048 2391 1224 2448 ﬁdelis
1279 2394 1570 2465 postulatio
1598 2396 1862 2466 prodesse

259 2480 517 2552 potuerit,
550 2480 695 2559 dono
726 2481 861 2551 ejus,
896 2481 1051 2550 cujus
1081 2481 1314 2552 Spiritus
1365 2499 1472 2553 quo
1521 2485 1863 2556 regeneratio

261 2567 316 2623 ﬁt
345 2568 440 2623 ubi
470 2569 584 2623 vult
613 2569 798 2639 spirat,
835 2569 961 2640 quia
990 2569 1108 2640 ipse
1139 2569 1305 2625 habet
1331 2570 1386 2626 in
1417 2579 1686 2641 potestate
1707 2573 1863 2641 cujus

263 2671 359 2713 cor
386 2658 566 2729 gratia
597 2674 707 2713 suae
737 2656 1057 2713 visitationis
1103 2657 1353 2724 illustret,
1403 2660 1540 2715 sicut
1589 2668 1641 2716 et
1669 2660 1726 2715 in
1753 2661 1860 2716 illis

208 2814 213 2817 ι
264 2744 497 2811 duobus,
530 2745 623 2817 qui
651 2745 794 2800 inter
823 2745 1177 2817 Septuaginta
1206 2748 1504 2819 conscripti
1559 2748 1777 2805 fuerunt
1830 2765 1862 2805 a

262 2834 449 2906 Moyse
479 2832 668 2905 (Num.
693 2833 795 2904 χι),
829 2842 888 2889 ut
917 2835 989 2889 ad
1020 2834 1421 2891 tabernaculum
1451 2836 1668 2892 Domini
1697 2837 1857 2906 irent,

262 2930 312 2978 et
339 2930 647 2995 pr0pagato
677 2923 793 2992 ejus
824 2922 1013 2994 spiritu
1045 2923 1187 2978 inter
1215 2924 1461 2980 seniores
1480 2933 1860 2997 computaren-

261 3018 359 3079 tur,
392 3019 446 3066 et
470 3019 814 3067 remanentes
843 3011 897 3067 in
926 3012 1120 3068 castris
1149 3013 1626 3084 prOphetaverunt,
1652 3023 1702 3069 et
1719 3014 1860 3071 sicut

261 3108 385 3155 ante
421 3100 752 3171 baptismum
780 3099 837 3156 in
866 3100 1182 3156 Cornelium
1211 3108 1265 3156 et
1294 3101 1496 3157 amicos
1525 3102 1645 3171 ejus
1676 3119 1863 3174 super-

262 3189 428 3256 venit,
473 3196 527 3243 et
574 3188 713 3245 sicut
759 3190 1057 3245 secundum
1109 3188 1426 3245 Africanum
1474 3191 1771 3248 concilium
1814 3200 1867 3249 et

253 3276 481 3332 decreta
525 3276 743 3341 Leonis,
798 3278 962 3332 etiam
1005 3277 1167 3350 signa
1215 3279 1532 3349 petentium,
1588 3289 1640 3335 et
1691 3288 1866 3337 testes

254 3364 701 3420 communionem
745 3365 1153 3436 postulantium,
1206 3366 1476 3437 proﬁcere
1520 3368 1589 3423 ad
1635 3370 1863 3426 salutem

252 3452 457 3510 debere
491 3452 706 3524 legitur,
739 3453 811 3508 ita
840 3454 1049 3509 eisdem
1079 3455 1412 3525 petentibus,
1447 3455 1576 3513 licet
1606 3473 1717 3513 non
1772 3458 1869 3514 im-

254 3542 623 3614 petrantibus,
658 3541 1114 3610 communionem,
1167 3544 1365 3616 quibus
1425 3561 1544 3600 eam
1603 3546 1869 3619 denegari

246 3630 482 3699 jussisti,
534 3646 633 3702 per
678 3630 885 3687 viscera
932 3631 1326 3689 misericordiae
1372 3633 1473 3690 Dei
1521 3634 1712 3700 nostri,
1775 3635 1866 3706 qui

250 3719 431 3790 posuit
462 3719 722 3774 tenebras
750 3719 1036 3776 latibulum
1065 3737 1243 3789 suum,
1277 3730 1330 3778 et
1360 3722 1514 3791 cujus
1559 3722 1869 3778 misericor-

248 3806 353 3863 dia:
381 3823 490 3863 nec
520 3808 741 3863 modum
767 3825 1063 3879 possumus
1082 3826 1307 3881 ponere,
1338 3826 1441 3867 nec
1466 3819 1713 3882 tempora
1734 3809 1869 3866 diﬂi—

248 3895 387 3964 nire,
423 3896 644 3953 dicente
673 3896 772 3953 Dei
805 3897 1007 3969 Spiritu
1038 3915 1140 3970 per
1166 3901 1525 3970 prophetam:
1555 3900 1693 3956 Cum
1708 3901 1867 3971 inge-

250 3986 499 4048 mueris,
536 3988 672 4041 tunc
705 3986 896 4042 salvus
926 3988 1039 4043 eris
1069 3987 1200 4058 (Isa.
1234 3988 1338 4057 In),
1373 3988 1495 4060 quia
1514 3988 1659 4058 apud
1672 3988 1865 4043 Domi-

251 4089 384 4128 num
414 4073 799 4130 misericordia
830 4082 883 4128 et
913 4074 1136 4146 copiosa
1181 4075 1323 4146 apud
1367 4092 1492 4130 eum
1537 4075 1861 4147 redemptio,

250 4161 366 4231 Ipsa
399 4177 470 4216 ex
501 4160 774 4219 desiderio
805 4161 983 4218 fidelis
1011 4164 1321 4234 postulatio,
1358 4164 1404 4218 si
1433 4180 1543 4219 non
1560 4163 1865 4236 praescion-

254 4259 325 4314 tia
355 4259 458 4314 Dei
492 4275 561 4314 ex
592 4259 944 4316 retributione
968 4261 1191 4329 justitiae
1210 4260 1431 4317 fuerunt
1454 4261 1509 4316 in
1530 4278 1718 4318 massa
1745 4278 1868 4334 per-

256 4346 483 4403 ditionis
517 4348 701 4402 umani
728 4350 950 4420 generis
974 4350 1145 4406 relicti
1174 4350 1243 4404 ad
1252 4366 1491 4421 pinnam,
1516 4351 1614 4406 sed
1633 4350 1865 4423 gratiam

1974 1633 1998 1662 ι
2035 1612 2252 1677 Verum,
2285 1620 2344 1668 ut
2373 1613 2503 1679 dixi,
2536 1614 2696 1670 etiam
2726 1614 2911 1669 talium
2943 1614 3257 1670 necessitati
3283 1612 3357 1668 ita
3405 1613 3566 1669 auxi-

1895 1728 1950 1790 B
1969 1700 2213 1756 liandum
2236 1709 2346 1781 est,
2377 1710 2435 1756 ut
2462 1702 2604 1759 actio
2633 1702 2740 1756 illis
2771 1702 3117 1774 paenitentiae,
3164 1718 3268 1758 nec
3317 1716 3570 1758 commu-

1971 1789 2150 1844 nionis
2179 1790 2376 1862 gratia,
2407 1790 2453 1844 si
2485 1806 2605 1845 eam
2636 1790 2798 1846 etiam
2832 1791 3039 1846 amisso
3067 1790 3217 1847 vocis
3246 1789 3422 1846 officio
3469 1806 3570 1861 per

1967 1877 2169 1933 indicia
2198 1878 2398 1951 integri
2426 1895 2622 1934 sensus
2652 1878 2950 1951 postulant,
3021 1887 3269 1953 negetur.
3301 1881 3371 1934 At
3393 1879 3442 1934 si
3469 1879 3570 1936 ali-

1968 1982 2073 2039 qua
2100 1966 2156 2020 vi
2181 1966 2523 2039 {egritudinis
2551 1967 2627 2022 ita
2682 1967 2877 2023 fuerint
2932 1967 3241 2040 aggravati,
3301 1975 3360 2022 ut
3416 1968 3564 2038 quod

1966 2054 2131 2126 paulo
2173 2062 2298 2111 ante
2344 2055 2661 2126 poscebant,
2739 2055 2839 2110 sub
2913 2056 3203 2126 praesentia
3263 2055 3565 2112 sacerdotis

1966 2141 2281 2215 signiﬁcare
2309 2159 2419 2199 non
2448 2144 2683 2211 valeant,
2715 2144 3026 2199 testimonia
3055 2143 3136 2200 eis
3165 2142 3409 2199 ﬁdelium
3447 2143 3563 2199 cir-

1965 2231 2349 2288 cumstantium
2379 2232 2645 2303 prodesse
2672 2232 2970 2301 debebunt,
3000 2240 3058 2286 ut
3085 2230 3246 2287 simul
3276 2238 3329 2288 et
3381 2231 3563 2303 pumi-

1963 2319 2145 2375 tentiaa
2161 2327 2215 2375 et
2233 2319 2694 2376 reconciliationis
2716 2319 3041 2375 beneficium
3062 2327 3487 2392 consequantur.
3533 2339 3557 2371 ι

1962 2407 2031 2462 Et
2060 2407 2362 2481 Gregorius
2393 2426 2407 2463 :
2448 2430 2470 2459 ι
2497 2409 2748 2465 Pastores
2768 2408 3034 2465 Ecclesiae
3054 2408 3104 2463 ei
3121 2423 3344 2479 poenam
3363 2408 3568 2463 debent

1962 2510 2217 2551 amovere
2265 2511 2428 2568 quam
2476 2497 2696 2564 meruit,
2750 2497 2842 2569 qui
2891 2511 3002 2553 non
3049 2496 3266 2553 erubuit
3309 2494 3561 2553 confiteri

1959 2584 2105 2656 quod
2136 2583 2279 2640 fecit.
2318 2605 2340 2634 ι
2374 2586 2442 2640 Et
2470 2585 2612 2641 sacri
2641 2585 2848 2642 Nicaeni
2899 2601 3139 2641 canones
3227 2583 3560 2658 generaliter

1960 2672 2108 2727 omni
2137 2672 2357 2728 cuilibet
2372 2673 2441 2727 .in
2469 2673 2617 2729 exitu
2644 2673 2841 2743 posito,
2888 2681 2943 2729 et
2988 2672 3235 2744 poscenti
3280 2671 3384 2727 sibi
3407 2687 3566 2728 com-

1959 2759 2233 2815 munionis
2261 2760 2497 2832 gratiam
2525 2761 2688 2816 tribui
2717 2760 3004 2817 manifeste
3034 2760 3357 2832 praecipiunt
3406 2761 3562 2831 (can.

1962 2848 2070 2917 13).
2104 2847 2342 2903 Tertium
2372 2848 2665 2919 capitulum
2714 2856 2799 2905 est
2818 2850 2887 2904 de
2909 2849 2994 2903 his
3024 2849 3117 2921 qui
3131 2848 3294 2904 nimis
3324 2848 3559 2904 amando

1961 2936 2287 2991 sententiam
2315 2952 2490 3002 suam,
2514 2936 2601 2992 vel
2621 2936 2917 2993 invidendo
2937 2936 3279 3004 melioribus,
3297 2951 3471 3009 usque
3490 2937 3563 2993 ad

1962 3024 2326 3095 praecidenda
2371 3025 2790 3092 communionis,
2849 3034 2904 3082 et
2946 3025 3217 3082 condendi
3257 3026 3567 3093 schismatis

1968 3113 2056 3168 vel
2083 3113 2309 3169 heresis
2340 3113 2694 3187 sacrilegium
2720 3113 3066 3185 perveniunt.
3100 3114 3255 3170 Unde
3284 3114 3430 3168 idem
3460 3113 3567 3170 do-

1967 3208 2086 3257 ctor
2114 3202 2415 3258 catholicus
2444 3218 2507 3259 ac
2537 3203 2928 3259 solertissimus
2957 3203 3089 3259 dicit
3117 3202 3398 3273 (August.,
3417 3201 3492 3256 lib
3525 3217 3567 3257 ιι

1967 3289 2033 3345 de
2064 3291 2225 3362 Bapt.
2256 3305 2380 3360 cap.
2417 3291 2468 3356 4,
2502 3292 2557 3361 5)
2591 3308 2604 3344 :
2641 3312 2662 3342 α
2700 3291 2834 3355 Hoc,
2867 3290 3140 3361 inquiens,
3187 3289 3315 3345 facit
3361 3289 3566 3345 sanitas

1966 3377 2136 3448 pacis,
2167 3386 2224 3432 ut
2252 3393 2374 3433 cum
2407 3377 2609 3433 diutius
2635 3378 2810 3450 aliqua
2853 3378 3169 3434 obscuriora
3227 3386 3562 3450 queruntur,

1967 3471 2021 3519 et
2048 3454 2276 3535 prOpter
2303 3465 2613 3520 inveniendi
2644 3464 3029 3531 difﬁcultatem,
3060 3465 3306 3521 diversas
3345 3465 3564 3537 pariunt

1964 3552 2021 3607 in
2049 3550 2293 3607 fraterna
2321 3553 2713 3622 disceptatione
2743 3553 3057 3619 sententias,
3088 3554 3264 3610 donec
3281 3553 3353 3609 ad
3371 3570 3564 3610 verum

1964 3639 2226 3712 liquidum
2255 3641 2623 3712 perveniatur,
2655 3641 2930 3697 vinculum
2956 3650 3276 3713 permaneat
3319 3642 3560 3710 unitatis,

1965 3745 2035 3785 ne
2066 3728 2123 3783 in
2149 3736 2303 3801 parte
2330 3730 2559 3800 praecisa
2586 3738 2864 3787 remaneat
2891 3730 3196 3786 insanabile
3223 3731 3420 3787 vulnus
3463 3747 3559 3787 er-

1967 3818 2125 3872 roris.
2186 3818 2256 3872 Et
2282 3817 2408 3873 ideo
2435 3818 2757 3890 plerumque
2787 3819 3120 3875 doctioribus
3147 3819 3325 3874 minus
3352 3819 3560 3892 aliquid

1968 3905 2256 3973 revelatur,
2289 3913 2349 3960 ut
2377 3922 2567 3962 eorum
2595 3906 2808 3977 patiens
2838 3915 2892 3963 et
2934 3907 3155 3963 humilis
3198 3907 3454 3977 charitas,
3502 3908 3563 3966 in

1968 4011 2071 4066 qua
2100 3982 2304 4050 fructus
2345 3995 2524 4064 major
2565 4002 2668 4062 est,
2715 3996 3119 4067 comprobetur,
3166 3995 3255 4051 vel
3284 3996 3560 4069 quomodo

1966 4088 2186 4138 teneant
2214 4083 2493 4153 unitatem,
2545 4099 2670 4139 cum
2704 4083 2761 4138 in
2802 4083 2968 4139 rebus
3013 4083 3423 4141 obscurioribus
3471 4085 3561 4141 di-

1965 4186 2128 4226 versa
2181 4172 2438 4239 sentiunt,
2487 4171 2577 4228 vel
2621 4172 2897 4244 quomodo
2940 4172 3209 4244 accipiant
3254 4173 3557 4242 veritatem,

1966 4273 2091 4316 cum
2121 4267 2313 4315 contra
2341 4260 2396 4314 id
2426 4261 2573 4331 quod
2592 4260 2899 4316 sentiebant
2927 4261 3265 4318 declaratam
3293 4277 3417 4318 esse
3469 4278 3562 4319 co-

1965 4356 2255 4420 gnoscunt.
2302 4348 2542 4417 Quorum
2586 4349 2819 4403 duorum
2864 4348 3268 4405 manifestatum
3312 4357 3560 4407 tenemus

248 4435 346 4491 Dei
378 4452 447 4491 ex
480 4436 677 4490 eadem
705 4453 884 4493 masse
914 4438 1288 4508 praedestinati
1317 4439 1385 4493 ad
1416 4439 1673 4510 gloriam,
1719 4456 1853 4511 pro-
1884 4432 1936 4491 D
1958 4450 2127 4490 unum
2157 4436 2212 4490 in
2242 4436 2401 4499 beato
2430 4435 2723 4507 Cypriano,
2754 4436 2811 4491 id
2842 4442 2946 4506 est,
2996 4435 3270 4507 quomodo
3322 4438 3556 4493 tenuerit

247 4523 414 4579 desse
445 4523 695 4580 valuerit.
730 4526 934 4581 Tamen
965 4533 1021 4580 tu
1052 4542 1280 4582 sucurus
1310 4542 1434 4583 esse
1462 4544 1574 4583 non
1601 4536 1778 4599 potes,
1811 4528 1859 4583 si

244 4611 415 4684 aliqui
443 4612 564 4668 sine
594 4612 803 4668 eisdem
833 4614 1195 4670 sacramentis
1222 4631 1320 4685 per
1347 4623 1496 4671 tuam
1552 4615 1856 4686 jussionem

243 4700 528 4765 obierunt,
559 4708 616 4755 ut
644 4717 753 4756 non
783 4701 1026 4758 districte
1054 4702 1181 4759 inde
1203 4702 1479 4771 judicetur
1501 4712 1591 4760 tua
1607 4704 1856 4777 maligni-

243 4796 347 4854 tas,
382 4788 535 4861 quod
565 4788 620 4843 in
651 4789 730 4843 eis
762 4790 1037 4861 complere
1067 4791 1235 4847 valuit
1265 4790 1664 4864 Omnipotentis
1694 4793 1855 4849 beni-

238 4877 447 4948 gnitas,
481 4876 531 4931 si
557 4893 659 4948 per
687 4878 886 4949 dignos
915 4880 1248 4950 paenitentia
1275 4880 1496 4937 fructus
1517 4897 1584 4938 ac
1603 4881 1856 4953 profusas

242 4965 527 5036 lacrymas
556 4965 770 5021 veniam
805 4982 917 5023 non
973 4968 1269 5024 obtinuerit
1324 4969 1421 5024 tibi
1478 4972 1623 5042 apud
1680 4971 1856 5026 Deum

238 5069 373 5108 vera
404 5052 716 5120 humilitas;
747 5054 962 5110 dicente
994 5057 1177 5113 Leone
1199 5058 1388 5130 (epist.
1409 5060 1497 5124 59,
1518 5059 1589 5115 ad
1612 5059 1854 5116 Theodo-

242 5144 425 5211 rum),
453 5150 508 5196 et
538 5158 637 5212 per
661 5158 789 5197 eum
817 5144 1084 5200 catholica
1111 5152 1165 5200 et
1209 5145 1509 5215 apostolica
1556 5145 1805 5202 Ecclesia
1836 5164 1850 5202 :

240 5250 263 5277 ι
297 5230 425 5298 His,
457 5229 656 5301 inquit,
688 5231 780 5303 qui
807 5230 863 5286 in
881 5239 1123 5304 tempore
1152 5233 1509 5300 necessitatis,
1542 5243 1595 5290 et
1624 5234 1679 5289 in
1704 5235 1853 5307 peri-

238 5317 349 5372 culi
415 5319 669 5388 urgentis
726 5319 1006 5387 instantia,
1074 5321 1393 5393 praesidium
1423 5322 1754 5393 paenitentiae
1800 5331 1855 5381 et

238 5421 367 5461 mox
400 5406 873 5464 reconciliationis
901 5409 1212 5480 implorant,
1247 5426 1350 5467 nec
1367 5410 1663 5468 satisfactio
1683 5412 1853 5469 inter-

235 5493 483 5552 dicenda
514 5503 619 5566 est,
652 5513 755 5555 nec
786 5498 1153 5557 reconciliatio
1183 5499 1528 5575 deneganda,
1559 5500 1689 5575 quia
1743 5501 1851 5557 mi-

1957 4524 2216 4579 unitatem
2245 4539 2368 4578 cum
2398 4523 2478 4578 eis
2509 4538 2542 4577 a
2571 4523 2768 4595 quibus
2794 4524 3071 4581 diversum
3116 4524 3404 4580 sentiebat.
3467 4526 3557 4581 Ait

1955 4612 2102 4668 enim
2134 4631 2152 4668 :
2181 4611 2472 4667 Neminem
2494 4611 2823 4681 judicantes,
2856 4621 2945 4669 aut
2975 4629 3006 4668 a
3036 4613 3161 4683 jure
3209 4613 3553 4669 communio-

1954 4700 2040 4754 nis
2070 4700 2310 4771 aliquem
2340 4700 2388 4755 si
2412 4699 2686 4756 diversum
2730 4701 2964 4758 senserit
3008 4708 3345 4758 amoventes.
3395 4700 3554 4758 Alte-

1954 4804 2076 4843 rum
2104 4796 2307 4855 autem,
2340 4788 2396 4845 id
2421 4797 2524 4856 est,
2559 4789 2835 4861 quomodo
2863 4789 3114 4865 accipere
3143 4789 3381 4860 potuerit
3400 4790 3553 4846 veri-

1956 4883 2118 4932 tatem
2147 4884 2335 4933 contra
2361 4877 2419 4933 id
2448 4878 2596 4949 quod
2623 4878 2893 4934 sentiebat
2920 4878 3210 4946 inventam,
3243 4885 3297 4933 et
3340 4878 3388 4933 si
3456 4879 3551 4935 lit-

1952 4972 2086 5021 terae
2115 4973 2311 5034 tacent,
2345 4966 2537 5020 merita
2566 4965 2798 5022 clamant
2820 4983 2835 5032 ;
2860 4964 2906 5019 si
2926 4964 3154 5035 epistola
3189 4981 3301 5022 non
3339 4965 3551 5025 inveni-

1952 5061 2059 5120 tur,
2093 5069 2297 5110 corona
2324 5060 2582 5120 testatur;
2613 5053 2660 5109 si
2691 5052 2983 5108 concilium
3036 5068 3144 5109 non
3179 5054 3385 5125 judicat
3429 5056 3552 5128 epi-

1953 5157 2268 5213 scoporum,
2300 5140 2633 5197 consortium
2661 5140 2864 5197 indicat
2892 5140 3238 5214 angelorum.
3261 5143 3387 5199 Non
3404 5144 3552 5200 enim

1953 5245 2186 5301 parvum
2210 5229 2599 5286 documentum
2626 5237 2712 5285 est
2738 5230 3107 5301 pacatissimze
3134 5231 3351 5300 animm,
3384 5230 3441 5286 in
3485 5246 3549 5286 ea

1951 5318 2158 5374 unitate
2186 5317 2509 5388 martyrium
2537 5318 2826 5385 meruisse,
2859 5320 3007 5376 unde
3035 5335 3096 5375 se
3125 5319 3401 5375 diversum
3421 5335 3548 5375 sen-

1951 5406 2092 5463 tiens
2122 5405 2295 5462 noluit
2323 5421 2598 5478 separare.
2633 5407 2896 5464 Homines
2942 5407 3086 5470 enim
3127 5422 3339 5464 sumus.
3389 5408 3544 5466 Unde

1952 5502 2158 5578 aliquid
2183 5503 2361 5559 aliter
2385 5518 2582 5576 sapere
2629 5521 2791 5579 quam
2833 5520 2895 5563 se
2938 5520 3031 5566 res
3075 5506 3259 5577 habet,
3303 5506 3543 5571 humana
