4020 6182
511 233 619 288 ωε

1403 224 1748 284 HINCMARI
1773 223 2176 282 RHEMENSIS
2203 223 2739 284 ARCHIEPISCOPI
3715 237 3794 291 ιτδ

510 355 736 412 tentatio
768 362 851 411 est
881 371 898 410 :
927 354 1092 411 nimis
1119 361 1301 418 autem
1329 351 1564 408 amando
1593 349 1918 406 sententiam
1935 365 2112 416 suam,
2137 349 2194 410 A
2222 350 2399 423 ligare
2441 351 2616 421 possit
2685 361 2778 407 aut
2823 352 3058 410 solvere.
3123 356 3232 411 Sed
3292 356 3518 411 solvitur
3547 356 3642 428 qui
3697 372 3794 414 cum

510 445 600 500 vel
627 443 919 500 invidendo
945 443 1286 509 mulieribus,
1309 457 1484 512 usque
1507 440 1577 494 ad
1595 439 1960 510 pracidendae
1971 453 2122 494 com-

511 532 786 588 munionis
814 541 867 588 et
894 531 1164 588 condendi
1205 529 1513 586 schismatis
1553 528 1641 583 vel
1689 527 1914 583 haeresis
1943 527 2120 582 sacri-

513 621 716 694 legium
745 620 1055 692 pervenire,
1090 618 1360 674 diabolica
1389 615 1739 688 prtesumptio
1757 622 1872 671 est:
1897 615 1952 668 in
1971 615 2120 670 nullo

515 718 698 765 autem
725 709 882 764 aliter
910 724 1100 779 sapere
1129 723 1293 779 quam
1310 721 1369 760 se
1391 720 1483 760 res
1503 705 1686 768 habet,
1710 703 1964 775 angelica
1994 719 2122 773 per-

513 797 676 854 fectio
705 805 803 852 est.
841 797 976 864 Quia
1005 797 1186 866 itaque
1216 795 1466 850 homines
1499 809 1706 860 sumus,
1741 791 1840 846 sed
1878 807 1975 861 spe
2025 807 2119 845 an-

516 887 625 958 geli
655 902 856 953 sumus,
893 885 1087 957 quibus
1115 883 1356 956 zequales
1397 883 1452 936 in
1497 880 1903 936 resurrectione
1949 879 2118 934 futuri

517 991 706 1030 sumus
732 975 950 1044 (Matth.
997 973 1163 1043 χχιι),
1199 971 1440 1043 quandiu
1471 985 1580 1024 non
1642 969 1908 1023 habemus
1937 967 2118 1038 perfe-

518 1065 752 1121 ctionem
779 1063 982 1133 angeli,
1015 1077 1124 1116 non
1151 1061 1455 1114 habeamus
1485 1057 1978 1128 praesumptionem
2001 1057 2118 1111 dia-

519 1152 650 1208 boli.
685 1152 812 1207 Ideo
843 1151 973 1206 dicit
997 1149 1324 1220 Apostolus:
1367 1147 1620 1202 Tentatio
1649 1161 1742 1202 vos
1773 1161 1888 1200 non
1918 1161 2118 1217 appre—

519 1241 746 1306 hendat,
776 1241 893 1295 nisi
923 1240 1176 1294 humana
1203 1235 1253 1306 (I
1279 1237 1398 1292 Cor.
1433 1235 1514 1304 x).
1550 1235 1857 1288 Humanum
1876 1240 1958 1288 est
1982 1248 2117 1303 ergo

520 1329 722 1402 aliquid
771 1328 928 1382 aliter
971 1340 1186 1396 sapere.
1239 1325 1534 1394 Propterea
1582 1322 1714 1377 dicit
1757 1321 1864 1376 alio
1926 1321 2049 1376 loco
2099 1339 2113 1376 :

525 1416 818 1488 Quodquod
845 1431 972 1485 ergo
997 1414 1239 1486 perfecti
1271 1414 1369 1468 hoc
1389 1411 1698 1484 sapiamus.
1717 1411 1848 1464 Etsi
1866 1411 1998 1482 quid
2015 1411 2120 1465 ali-

522 1505 838 1576 tersapitis,
875 1505 974 1558 hoc
1004 1517 1214 1574 quoque
1243 1503 1388 1556 vobis
1417 1502 1564 1556 Deus
1591 1499 1860 1555 reuelabit
1881 1499 2112 1569 (Philip.

519 1595 623 1664 ιιι).
639 1592 850 1660 Quibus
861 1599 1040 1646 autem
1055 1590 1260 1646 revelat
1271 1605 1396 1645 cum
1407 1587 1659 1654 voluerit,
1675 1587 1791 1644 sive
1804 1588 1860 1642 in
1871 1589 1974 1644 hac
1984 1587 2113 1654 vita,

519 1683 634 1737 sive
664 1689 788 1752 post
815 1682 956 1735 hanc
983 1679 1168 1746 vitam,
1197 1677 1302 1732 nisi
1329 1677 1728 1731 ambulantibus
1757 1675 1815 1732 in
1843 1676 1984 1731 viam
2027 1691 2119 1746 pa-

520 1771 618 1836 cis,
654 1778 708 1825 et
753 1769 806 1823 in
851 1769 1052 1823 nullam
1099 1766 1480 1838 precisionem
1529 1765 1872 1821 deviantibus
1899 1765 1927 1818 7
1992 1765 2116 1820 Non

521 1859 709 1931 quales
738 1858 827 1913 isti
885 1865 1025 1922 sunt,
1079 1855 1170 1928 qui
1224 1855 1370 1910 viam
1409 1854 1558 1926 pacis
1594 1869 1703 1909 non
1753 1861 2112 1926 agnoverunt,

519 1963 623 2004 nec
667 1955 892 2018 propter
939 1945 1086 2000 aliud
1133 1944 1356 1999 unitatis
1417 1943 1696 2000 vinculum
1769 1942 2112 2013 diruperunt.

519 2038 757 2108 Ideoque
787 2033 1080 2106 Apostolus
1110 2049 1233 2088 cum
1261 2033 1494 2088 dixisset
1523 2033 1745 2104 (Ephes.
1780 2033 1880 2102 ιν).
1939 2032 2009 2086 Ει
2071 2032 2117 2085 si

522 2126 649 2198 quid
677 2123 834 2179 aliter
857 2123 1066 2194 sapitis,
1099 2123 1202 2178 hoc
1232 2137 1450 2193 quoque
1477 2121 1634 2177 vobis
1665 2123 1812 2176 Deus
1833 2120 2113 2186 revelavit,

519 2231 589 2270 ne
617 2221 873 2284 putarent
905 2219 1094 2282 praeter
1122 2211 1267 2267 viam
1295 2211 1447 2280 pacis
1479 2211 1622 2281 quod
1653 2209 1814 2264 aliter
1833 2209 2119 2280 sapiebant

521 2303 626 2360 sibi
654 2309 817 2372 poSse
847 2300 1102 2368 revelari,
1135 2300 1390 2355 continuo
1419 2298 1624 2354 addidit
1675 2299 1728 2369 (Ι
1773 2299 1894 2354 Cor.
1942 2299 2068 2366 xm)
2101 2314 2114 2350 :

521 2391 908 2446 Verumtamen
935 2389 993 2443 in
1041 2389 1189 2460 quod
1231 2387 1598 2458 pervenimus,
1645 2387 1700 2441 in
1747 2401 1814 2441 eo
1868 2386 2117 2441 ambule-

521 2496 663 2535 mus.
697 2479 758 2532 In
787 2494 894 2550 quo
923 2477 1208 2532 ambulans
1227 2477 1528 2547 Cyprianus
1579 2474 2120 2546 perseverantissima

521 2568 820 2636 tolerantia,
855 2583 924 2621 ne
955 2565 1076 2622 fuso
1107 2565 1392 2636 sanguine,
1418 2565 1514 2619 sed
1534 2565 1589 2619 in
1611 2564 1816 2620 unitate
1829 2579 1938 2618 non
1975 2561 2115 2628 fuso,

521 2665 649 2738 quia
678 2663 723 2720 si
745 2663 981 2719 traderet
1008 2678 1208 2734 corpus
1238 2677 1394 2717 suum
1423 2669 1479 2715 ut
1507 2661 1744 2730 arderet,
1778 2669 1832 2716 et
1863 2677 1974 2716 non
2017 2662 2119 2714 ha-

521 2755 674 2810 beret
699 2753 1040 2821 charitatem,
1091 2751 1224 2805 nihil
1265 2751 1312 2805 ei
1361 2751 1666 2821 prodesset,
1715 2767 1816 2819 per
1863 2749 2110 2820 martyrii

523 2841 922 2899 confessionem
951 2840 1198 2910 pervenit
1222 2840 1293 2893 ad
1335 2837 1643 2910 angelicam
1691 2839 1866 2893 lucem
1903 2855 1918 2892 :
1973 2845 2032 2891 ut
2074 2837 2120 2890 si

525 2947 636 2986 non
665 2937 844 2995 antea,
890 2928 965 2982 ibi
1018 2935 1165 2982 certe
1223 2927 1517 2981 revelatum
1573 2934 1914 2996 agnosceret,
1976 2925 2120 2996 quod

527 3035 651 3074 cum
697 3017 853 3072 aliter
899 3023 1137 3088 saperet,
1189 3015 1516 3071 sententiam
1565 3015 1794 3070 diversae
1850 3013 2118 3084 opinionis

2221 439 2476 494 columba
2520 439 2707 496 fecerit
2753 457 2966 512 pacem,
3019 451 3071 498 et
3133 444 3338 516 ligatur
3378 445 3470 516 qui
3525 461 3653 500 cum
3717 461 3792 502 co-

2221 527 2402 582 lumba
2433 543 2540 584 non
2571 531 2736 585 habet
2757 547 2968 601 pacem,
3004 532 3118 586 sive
3157 541 3341 603 aperte
3373 533 3506 587 foris
3563 534 3654 600 sit,
3707 535 3796 590 sive

2220 615 2368 670 intus
2397 633 2520 672 esse
2547 619 2813 674 videatur.
2845 621 3057 674 Datban
3103 637 3234 676 vero
3282 629 3334 676 et
3372 622 3584 676 Abiron
3627 624 3792 690 (Num.

2219 705 2362 774 xw),
2396 706 2485 776 qui
2539 707 2642 760 sibi
2698 706 3038 763 sacriﬁcandi
3085 708 3362 765 licentiam
3407 725 3677 780 usurpare
3721 728 3796 766 co-

2223 793 2338 848 nati
2405 801 2530 848 sunt
2594 803 2782 850 contra
2848 781 3109 851 unitatem
3183 799 3365 868 populi
3431 799 3552 864 Dei,
3627 807 3682 852 et
3723 799 3796 854 ﬁlii

2219 885 2424 948 Aaron,
2461 883 2554 954 qui
2585 884 2820 938 alienum
2849 885 3034 957 ignem
3064 886 3218 940 altari
3233 887 3636 958 imposuerunt,
3661 888 3793 942 novi-

2217 987 2338 1024 mus
2367 973 2513 1042 quod
2540 971 2762 1042 impune
2791 988 2900 1027 non
2928 973 3156 1029 fecerint
3183 990 3194 1029 :
3225 991 3330 1030 nec
3359 991 3460 1030 nos
3477 976 3588 1029 alia
3608 977 3795 1031 scelera

2218 1055 2449 1110 dicimus
2478 1055 2740 1126 impunita
2771 1073 3076 1125 remanere,
3095 1058 3272 1114 nisise
3291 1060 3425 1114 tales
3445 1059 3782 1128 correxerint,

2221 1143 2267 1196 si
2295 1143 2552 1212 patientia
2583 1144 2682 1198 Dei
2731 1145 2802 1199 ad
2847 1145 3220 1216 paenitentiam
3273 1149 3554 1203 adducens
3599 1158 3794 1218 tempus

2219 1231 2528 1303 corrigendi
2558 1233 2806 1305 largitur.
2841 1235 3032 1306 (Aug.,
3063 1235 3159 1289 lib.
3193 1251 3253 1288 ιιι
3279 1237 3344 1290 de
3373 1238 3556 1309 Bapt.,
3595 1253 3646 1291 c.
3701 1239 3792 1306 16.)

2223 1341 2245 1370 α
2283 1320 2514 1391 Spiritus
2542 1329 2720 1376 autem
2753 1331 2990 1388 sanctus,
3024 1323 3117 1395 qui
3149 1324 3203 1377 in
3236 1325 3354 1378 sola
3401 1325 3678 1380 catholica
3721 1343 3799 1396 per

2217 1425 2412 1464 manus
2441 1409 2844 1480 impositionem
2873 1411 2995 1466 dari
3031 1412 3250 1480 dicitur,
3303 1412 3561 1467 nimirum
3613 1415 3720 1470 hoc
3757 1415 3797 1468 in

2217 1498 2388 1570 telligi
2423 1499 2660 1566 majores
2689 1501 2862 1554 nostri
2891 1501 3172 1556 voluerunt
3203 1502 3350 1572 quod
3379 1503 3679 1572 Apostolus
3709 1503 3797 1558 ait:

2221 1587 2495 1653 Quoniam
2511 1589 2764 1643 charitas
2777 1589 2876 1643 Dei
2896 1589 3102 1660 di/Tusa
3123 1591 3293 1659 estin
3315 1591 3572 1646 cordibus
3611 1595 3801 1647 nostris

2147 1703 2200 1764 Β
2219 1691 2322 1748 per
2334 1677 2611 1748 Spiritum
2641 1681 2906 1732 sanctum
2927 1679 3021 1750 qui
3041 1679 3207 1733 datus
3238 1683 3326 1733 est
3355 1679 3510 1734 nobis
3529 1679 3711 1748 (Rom.
3737 1683 3800 1748 v).

2222 1765 2344 1835 Ipse
2374 1772 2456 1819 est
2487 1765 2630 1819 enim
2672 1765 2925 1835 charitas,
2978 1782 3142 1836 quam
3193 1783 3300 1821 non
3355 1768 3562 1821 habent
3607 1769 3702 1840 qui
3751 1768 3804 1822 ab

2215 1852 2480 1908 Ecclesia:
2512 1853 2790 1908 catholicae
2821 1855 3202 1910 communione
3230 1855 3444 1926 praecisi
3461 1863 3608 1922 sunt,
3629 1872 3696 1912 ac
3725 1873 3804 1926 per

2215 1941 2320 1997 hoc
2351 1941 2512 1996 etiam
2543 1943 2588 1996 si
2619 1942 2820 2012 linguis
2849 1943 3126 1998 hominum
3161 1951 3212 1998 et
3240 1944 3565 2016 angelorum
3599 1945 3806 2016 loquan-

2217 2039 2324 2096 tur,
2345 2029 2390 2084 si
2411 2031 2584 2086 sciant
2605 2032 2784 2086 omnia
2810 2040 3170 2098 sacramenta,
3196 2039 3249 2086 et
3265 2049 3484 2086 omnem
3519 2033 3802 2098 scientiam,

2218 2119 2335 2174 etsi
2384 2119 2618 2174 habeant
2657 2135 2874 2175 omnem
2931 2121 3276 2191 prophetiam
3319 2129 3369 2175 et
3397 2137 3618 2176 omnem
3641 2121 3804 2188 fidem,

2218 2207 2288 2262 ita
2319 2215 2376 2262 ut
2405 2217 2617 2263 montes
2645 2207 2994 2278 transferant,
3028 2217 3080 2264 et
3116 2208 3440 2264 distribuant
3487 2210 3675 2265 omnia
3731 2225 3806 2264 sua

2216 2297 2566 2367 pauperibus,
2621 2304 2673 2351 et
2729 2297 2936 2350 tradant
2988 2313 3188 2368 corpus
3248 2314 3406 2351 suum
3461 2307 3521 2351 ut
3596 2299 3806 2353 ardeant

2219 2383 2350 2438 nihil
2409 2385 2488 2439 eis
2539 2385 2782 2455 prodest.
2842 2387 2965 2440 Non
2991 2394 3170 2440 autem
3192 2385 3356 2440 habet
3377 2385 3478 2440 Dei
3502 2387 3804 2442 charitatem

2225 2473 2317 2544 qui
2345 2473 2608 2528 Ecclesiae
2641 2489 2749 2528 non
2781 2474 2955 2544 diligit
2986 2475 3245 2529 unitatem
3275 2493 3288 2529 :
3325 2490 3390 2530 ac
3420 2491 3522 2546 per
3549 2477 3654 2531 hoc
3677 2483 3805 2530 recte

2221 2561 2543 2634 intelligitur
2573 2561 2698 2626 dici,
2731 2578 2838 2616 non
2871 2563 3044 2632 accipi
3067 2563 3172 2616 nisi
3203 2563 3259 2616 in
3289 2563 3558 2619 catholica
3591 2564 3806 2634 Spiritus

2223 2659 2461 2705 sanctus.
2513 2651 2702 2722 Neque
2749 2650 2894 2704 enim
2931 2651 3320 2722 temporalibus
3369 2659 3422 2706 et
3470 2652 3804 2706 sensibilibus

2219 2739 2500 2793 miraculis
2558 2739 2946 2793 attestantibus
3008 2756 3106 2810 per
3160 2755 3356 2794 manus
3423 2740 3808 2810 impositionem

2219 2827 2382 2882 modo
2411 2827 2565 2880 datur
2595 2827 2827 2896 Spiritus
2861 2835 3081 2882 sanctus
3113 2827 3262 2898 (Act.
3296 2829 3440 2898 vm),
3477 2828 3616 2882 sicut
3662 2835 3806 2882 antea

2221 2916 2448 2970 dabatur
2477 2915 2546 2968 ad
2577 2915 3113 2970 commendationem
3143 2915 3293 2970 rudis
3323 2913 3468 2981 fidei,
3487 2925 3538 2970 et
3557 2916 3806 2971 Ecclesia:

2224 3003 2521 3074 primordia
2559 3003 2843 3058 dilatanda.
2884 3003 3017 3072 Quis
3049 3003 3190 3058 enim
3221 3020 3366 3059 nunc
3389 3006 3487 3059 hoc
3525 3011 3805 3074 eXSpectat,

529 3063 651 3074 νε...-
697 3063 842 3072 ww-
900 3063 1137 3088 --ιη-νη
1189 3063 1516 3071 -ν--η---ω-
1570 3063 1791 3070 ------..
1856 3063 2115 3084 τρ-ηη--
2227 3063 2244 3074 .
2892 3063 2930 3072 η,
3624 3063 3638 3074 ,
3797 3063 3803 3067 ,

527 3107 742 3164 vinculo
769 3121 880 3161 non
909 3104 1190 3176 proposuit
1219 3103 1460 3158 unitatis.
1497 3122 1520 3152 ι
1574 3101 1733 3170 Quod
1783 3110 1966 3157 autem
2021 3101 2123 3156 ad-
2151 3063 2202 3125 Ο
2227 3093 2361 3146 utin
2390 3092 2585 3162 quibus
2611 3107 2807 3145 manus
2839 3091 2906 3144 ad
2963 3091 3340 3162 accipiendum
3393 3092 3648 3176 Spiritum
3697 3107 3809 3146 san-

521 3195 702 3267 jungit
718 3193 1021 3266 Cyprianus
1038 3200 1090 3248 et
1111 3193 1240 3248 dicit
1266 3192 1384 3264 (lib.
1411 3192 1524 3246 vde
1545 3194 1729 3264 Bapt.,
1747 3206 1797 3245 c.
1824 3191 1877 3259 3)
1903 3209 1916 3243 :
1946 3211 1966 3240 α
1995 3191 2120 3244 Νοιι

525 3293 709 3341 tamen
737 3283 862 3356 quia
892 3282 1185 3353 aliquando
1215 3289 1456 3336 erratum
1487 3287 1588 3346 est,
1620 3279 1744 3335 ideo
1773 3295 1992 3350 semper
2037 3295 2128 3333 er-

526 3373 759 3429 randum
787 3379 888 3438 est,
922 3388 1044 3426 cum
1071 3370 1248 3444 magis
1277 3369 1614 3440 sapientibus
1658 3377 1710 3422 et
1743 3370 1916 3423 Deum
1939 3368 2127 3422 timen-

527 3463 673 3518 tibus
719 3468 1007 3534 congruat,
1067 3458 1358 3530 patefactaa
1397 3465 1450 3514 et
1494 3465 1796 3529 perspectas
1824 3456 2037 3512 veritati
2053 3455 2123 3510 1i-

529 3552 723 3606 benter
751 3559 913 3622 atque
941 3549 1321 3604 incunctanter
1349 3547 1599 3618 obsequi,
1637 3562 1798 3617 quam
1829 3545 2124 3616 pertinaci-

528 3648 613 3695 ter
642 3647 802 3711 atque
833 3638 1103 3694 obstinate
1133 3644 1324 3692 contra
1367 3635 1567 3692 fratres
1609 3643 1662 3702 et
1705 3635 2124 3690 consacerdotes

527 3745 628 3802 pro
655 3727 922 3784 hareticis
969 3726 1246 3790 reluctari,
1295 3725 1583 3779 verissime
1627 3723 1775 3788 dicit,
1823 3739 1924 3778 nec
1967 3721 2124 3778 alteri

526 3817 705 3888 potius
735 3832 900 3888 quam
929 3815 1031 3869 sibi
1061 3815 1380 3868 adversatur
1400 3813 1490 3883 qui
1521 3811 1723 3867 resistit
1769 3811 2125 3882 apertissima}

527 3904 764 3960 veritati.
796 3903 1068 3958 Primatus
1097 3909 1272 3956 autem
1301 3915 1410 3956 non
1439 3909 1518 3957 est
1549 3900 1652 3953 nisi
1682 3899 1738 3953 in
1767 3906 1956 3954 sancta
2001 3913 2125 3954 con-

531 3991 838 4048 versatione
879 3998 930 4046 et
972 3990 1083 4046 vita
1125 3990 1284 4056 bona,
1333 4004 1440 4060 quo
1477 3988 1752 4059 pertinent
1795 4003 2005 4055 omnes,
2059 4003 2124 4041 ex

537 4080 734 4151 quibus
772 4087 1030 4150 tanquam
1075 4077 1338 4132 membris
1384 4083 1596 4132 constat
1640 4075 1726 4130 illa
1771 4090 1970 4146 sponsa
2015 4091 2124 4131 non

531 4168 741 4224 habens
768 4167 1034 4223 maculam
1061 4181 1238 4237 neque
1269 4180 1478 4237 rugam,
1513 4173 1565 4220 et
1608 4165 1696 4219 illa
1743 4164 1995 4220 columba
2043 4165 2125 4219 in-

531 4263 616 4314 ter
642 4256 928 4312 multorum
957 4270 1248 4312 corvorum
1276 4253 1679 4325 improbitatem
1709 4269 1954 4324 gemens.
2005 4251 2124 4308 Nisi

528 4345 664 4402 forte
710 4360 834 4401 cum
879 4345 1024 4400 Esau
1069 4351 1292 4415 propter
1336 4343 1603 4398 lenticulae
1626 4341 2120 4413 concupiscentiam

2228 3189 2372 3236 ctum
2403 3180 2718 3250 imponitur,
2753 3188 2978 3250 repente
2997 3180 3254 3250 incipiant
3273 3169 3476 3252 linguis
3499 3180 3691 3251 loqui?
3715 3181 3806 3234 Sed

2222 3269 2568 3324 invisibiliter
2598 3275 2650 3322 et
2680 3269 2906 3322 latenter
2934 3268 3255 3341 intelligitur
3281 3284 3379 3338 pro
3412 3269 3624 3324 vinculo
3661 3267 3803 3340 pacis

2227 3373 2418 3412 eorum
2448 3357 2708 3414 cordibus
2739 3357 2918 3411 divina
2948 3357 3181 3412 charitas
3213 3357 3482 3427 inspirari,
3515 3364 3572 3410 ut
3611 3357 3806 3426 possint

2227 3445 2414 3502 dicere
2439 3464 2452 3500 :
2477 3446 2746 3514 Quoniam
2773 3447 3026 3502 charitas
3041 3447 3142 3500 Dei
3159 3445 3368 3515 (ii/fusa
3381 3447 3542 3500 estin
3570 3446 3808 3500 cordibus

2224 3535 2433 3590 nostris
2463 3551 2564 3606 per
2593 3535 2870 3606 Spiritum
2899 3538 3164 3589 sanctum
3192 3534 3287 3606 qui
3331 3534 3500 3590 datus
3559 3539 3640 3589 est
3671 3535 3811 3588 nobis

2226 3623 2403 3694 (Rom.
2437 3623 2516 3693 v).
2568 3623 2748 3677 Multae
2797 3630 2978 3676 autem
3027 3629 3152 3676 sunt
3199 3621 3546 3692 operationes
3593 3621 3810 3692 Spiritus

2227 3711 2420 3778 sancti,
2470 3726 2606 3782 quas
2660 3711 2803 3765 idem
2863 3711 3173 3781 Apostolus,
3232 3727 3354 3765 cum
3413 3711 3649 3780 quodam
3699 3710 3810 3764 loco

2227 3809 2486 3872 quantum
2517 3797 2764 3854 sufﬁcere
2793 3799 3086 3853 arbitratus
3117 3807 3198 3853 est
3228 3806 3720 3862 commemorasset,
3743 3798 3806 3850 ita

2224 3888 2488 3944 conclusit
2521 3906 2533 3941 :
2568 3889 2769 3943 Omnia
2797 3892 2989 3943 autem
3021 3889 3138 3943 haec
3173 3891 3439 3960 operatur
3459 3904 3610 3942 unus
3629 3891 3802 3958 atque,

2223 3977 2376 4032 idem
2407 3977 2652 4046 Spiritus
2680 3977 2939 4032 dividens
2961 3977 3266 4048 unicuique
3286 3992 3384 4045 pro
3398 3979 3464 4030 ut
3478 3977 3598 4031 vult
3615 3977 3662 4045 (Ι
3693 3975 3802 4029 Cor.

2228 4067 2348 4134 xu).
2375 4067 2508 4120 Cum
2529 4080 2660 4136 ergo
2687 4065 2832 4119 aliud
2852 4064 2919 4118 sit
2955 4071 3378 4132 sacramentum,
3442 4064 3586 4135 quod
3623 4063 3812 4118 habere

2225 4154 2386 4210 etiam
2402 4153 2589 4209 Simon
2627 4154 2817 4223 Magus
2843 4154 3019 4223 potuit
3081 4155 3208 4224 (Act
3236 4153 3383 4223 vm.)
3425 4150 3810 4222 aliudoperatio

2226 4243 2476 4313 Spiritus,
2511 4257 2631 4312 quae
2659 4241 2714 4295 in
2743 4241 2901 4295 malis
2927 4242 3089 4296 etiam
3131 4240 3441 4295 hominibus
3499 4239 3620 4296 fieri
3660 4239 3804 4304 solet,

2225 4331 2363 4386 sicut
2376 4330 2505 4385 Saul
2525 4330 2713 4385 habuit
2731 4330 3072 4400 prophetiam
3093 4329 3144 4400 (I
3157 4333 3265 4400 Reg
3280 4371 3292 4383 .
3313 4331 3448 4400 xu):
3469 4329 3616 4384 aliud
3635 4341 3814 4398 opera-

529 4436 821 4506 primatum
863 4432 1181 4504 perdiderit,
1222 4440 1410 4488 tenere
1457 4433 1753 4502 primatum
1819 4430 2120 4486 arbitrandi
2148 4416 2296 4476 Πῐίο
2325 4419 2571 4487 GillSdem
2604 4419 2856 4506 Βρίιὶῐιιε,
2900 4435 3065 4490 quam
3119 4433 3230 4472 non
3282 4417 3386 4506 nisi
3443 4417 3571 4472 boni
3631 4417 3816 4506 habere

529 4531 652 4579 sunt
710 4522 1062 4591 fraudatores,
1132 4528 1404 4591 raptores,
1487 4519 1844 4587 feneratores,
1931 4519 2121 4588 invidi,

529 4611 752 4678 ebriosi,
787 4617 842 4667 et
868 4609 1052 4666 caeteri
1090 4607 1420 4679 hujusmodi,
1455 4607 1642 4679 quales
1669 4608 1727 4663 in
1755 4608 2003 4674 Ecclesia
2041 4607 2126 4661 sui

535 4695 797 4768 temporis
841 4695 1006 4751 etiam
1048 4709 1148 4765 per
1189 4693 1398 4748 litteras
1455 4691 1764 4762 Cyprianus
1835 4691 2121 4764 ingemuit.

544 4785 890 4855 Quapropter
919 4791 1008 4838 aut
1041 4781 1188 4854 quod
1217 4787 1302 4837 est
1329 4789 1518 4836 tenere
1546 4781 1874 4846 Ecclesiam,
1893 4797 2003 4836 non
2023 4781 2128 4836 hoc

538 4879 623 4927 est
650 4872 706 4925 in
735 4871 932 4926 divinis
961 4879 1152 4927 tenere
1180 4871 1492 4942 primatum,
1527 4877 1618 4924 aut
1641 4869 1688 4924 si
1717 4869 1894 4925 omnis
1923 4869 2014 4940 qui
2043 4877 2128 4924 te-

539 4967 631 5015 net
669 4959 996 5026 Ecclesiam,
1045 4959 1206 5015 etiam
1232 4959 1522 5031 primatum
1582 4965 1747 5024 tenet,
1809 4973 1999 5014 omnes
2052 4959 2130 5013 illi

534 5048 708 5122 iniqui
734 5048 1038 5104 Ecclesiam
1067 5063 1175 5104 non
1223 5055 1428 5114 tenent,
1479 5047 1572 5120 qui
1617 5055 1802 5103 tamen
1851 5046 1994 5102 intus
2049 5047 2131 5102 vi-

531 5137 747 5204 dentur,
801 5145 854 5191 et
883 5135 1213 5207 baptismum
1256 5137 1390 5192 dare
1438 5144 1490 5192 et
1534 5137 1740 5192 habere
1785 5151 1818 5190 a
1849 5135 1998 5191 nullo
2026 5150 2129 5190 no-

531 5235 706 5282 strum
734 5231 1024 5298 negantur.
1051 5225 1192 5280 Nam
1223 5241 1319 5280 eos
1345 5225 1636 5295 primatum
1680 5225 1735 5279 in
1791 5223 1988 5280 divinis
2027 5225 2132 5278 ha-

533 5316 667 5370 bere
697 5313 818 5386 quis
847 5313 1012 5380 dicat,
1043 5312 1150 5368 nisi
1179 5313 1268 5384 qui
1299 5312 1432 5367 nihil
1473 5313 1716 5369 divinum
1769 5311 1956 5384 sapit?
2001 5333 2022 5363 »
2068 5313 2136 5368 Et

535 5401 670 5456 foris
699 5401 938 5472 quidem,
970 5401 1026 5456 id
1055 5407 1138 5457 est
1169 5401 1226 5457 in
1255 5401 1451 5456 haeresi
1483 5403 1569 5457 vel
1599 5402 1895 5458 schismate
1925 5417 2028 5458 nec
2061 5401 2132 5456 li-

535 5488 657 5566 gari
688 5488 892 5559 aliquid
912 5497 1222 5564 potestnec
1281 5489 1438 5560 solvi,
1500 5491 1592 5546 ubi
1651 5505 1762 5546 non
1808 5490 1878 5546 sit
1925 5490 2016 5562 qui
2047 5496 2138 5544 aut

2221 4515 2468 4578 possunt,
2499 4508 2635 4562 sicut
2665 4514 2745 4562 est
2775 4505 2897 4560 finis
2927 4506 3182 4576 praecepti
3232 4505 3468 4561 charitas
3516 4507 3586 4560 de
3661 4502 3814 4559 corde

2221 4612 2378 4668 puro,
2412 4603 2464 4651 et
2493 4595 2828 4652 conscientia
2853 4595 3014 4662 bona,
3041 4603 3090 4649 et
3103 4593 3210 4648 ﬁde
3223 4609 3332 4648 non
3353 4593 3478 4649 ﬁcta
3514 4595 3564 4666 (ι
3609 4595 3736 4649 Tim.
3757 4591 3814 4658 ι),

2225 4685 2501 4756 quodlibet
2529 4683 2770 4740 haeretici
2814 4691 2867 4738 et
2908 4683 3236 4738 schismatici
3272 4681 3558 4752 accipiant,
3593 4679 3814 4737 charitas

2226 4791 2348 4846 quae
2376 4773 2616 4843 coeperit
2645 4772 3042 4827 multitudinem
3071 4779 3420 4842 peccatorum
3451 4771 3502 4839 (I
3527 4773 3673 4826 Petr.
3705 4769 3806 4832 iv),

2227 4862 2508 4934 proprium
2539 4861 2742 4916 donum
2771 4867 2854 4915 est
2881 4860 3164 4916 catholicae
3191 4859 3414 4914 unitatis
3445 4857 3496 4913 et
3514 4859 3678 4930 pacis,
3705 4869 3806 4908 nec

2229 4959 2309 5007 est
2337 4950 2393 5004 in
2423 4949 2694 5016 omnibus,
2730 4950 2856 5022 quia
2885 4963 2988 5005 nec
3019 4949 3135 5018 ejus
3167 4955 3291 5003 sunt
3320 4963 3534 5014 omnes,
3559 4947 3682 5002 sicut
3715 4955 3812 4996 suo

2231 5040 2352 5095 loco
2379 5039 2703 5095 videbimus.
2738 5040 2942 5093 Praeter
2961 5038 3139 5109 ipsum
3169 5044 3352 5092 tamen
3395 5051 3518 5090 esse
3539 5035 3628 5090 illa
3647 5029 3812 5088 chari-

2231 5137 2312 5184 tas
2342 5143 2451 5183 non
2479 5135 2673 5198 potest,
2707 5126 2824 5182 sine
2853 5143 2962 5198 qua
2991 5135 3206 5191 cetera,
3241 5125 3402 5180 etiam
3431 5124 3478 5179 si
3508 5119 3712 5195 agnosci
3757 5125 3810 5171 et

2231 5215 2521 5288 approbari
2546 5225 2792 5286 possunt,
2823 5215 3089 5287 prodesse
3135 5223 3318 5269 tamen
3365 5220 3419 5267 et
3448 5211 3670 5268 liberare
3693 5221 3804 5260 non

2233 5313 2476 5376 possunt.
2517 5325 2540 5355 »
2601 5306 2671 5360 Et
2725 5313 2946 5361 sanctus
2985 5303 3282 5377 Gregorius
3319 5302 3374 5356 in
3437 5301 3580 5356 libro
3636 5298 3806 5352 Mora—

2235 5395 2366 5450 lium
2396 5394 2514 5466 (lib.
2561 5409 2723 5460 xvm,
2764 5409 2813 5449 c.
2867 5395 3004 5464 14):
3055 5414 3076 5443 κ
3133 5389 3485 5448 Conﬂationis
3531 5387 3678 5461 ignis,
3707 5381 3806 5453 qui

2235 5499 2385 5548 extra
2411 5491 2735 5548 catholicam
2763 5491 3028 5548 toleratur
3055 5488 3382 5557 Ecclesiam,
3415 5502 3577 5560 quam
3619 5479 3818 5538 nullius
