4020 6182
218 251 323 308 ιτι

1009 244 1254 304 OPUSC.
1290 244 1382 302 ET
1408 243 1630 303 EPIST.
1663 242 1738 301 IN
1766 241 1996 302 CAUSA
2028 242 2376 302 HINCKARI
2404 244 2714 305 LAUDUN.

3426 249 3534 305 4’18

221 372 441 432 omnino
469 372 697 429 virtutis‘
716 371 804 439 sit,
822 370 1022 428 Paulus
1041 370 1321 444 apostolus
1341 369 1581 427 insinuat
1601 369 1822 426 dicens:
1854 369 2092 433 Amanu
2122 370 2502 427 subscribitur.
2532 370 2603 427 Et
2631 371 2774 428 sicut
2802 379 2859 428 tu
2891 371 3101 429 absolvi
3146 385 3258 428 non
3301 378 3462 443 potes
3489 372 3537 428 si

223 464 280 519 Si
297 463 587 519 tradidero
607 477 809 535 corpus
826 477 1017 517 meum
1034 464 1100 517 ut
1119 461 1339 525 ardeat,
1364 461 1707 516 charitatem
1725 475 1834 515 au-

230 556 339 608 tem
358 568 479 608 non
501 551 759 618 habeam,
783 550 934 606 nihil
953 551 1098 606 mihi
1113 548 1346 623 prodest
1378 550 1428 619 (Ι
1450 550 1572 606 Cor.
1598 547 1830 619 χχχιιι).

232 639 335 696 Α]ίὶ
353 639 559 712 quippe
576 655 743 711 prava
765 639 834 695 de
855 639 971 694 Deo
1000 638 1255 703 sentiunt,
1277 637 1369 693 alii
1391 645 1545 693 recta
1566 636 1635 692 de
1652 644 1836 692 aucto-

225 745 284 784 re
305 736 518 795 tenent,
544 728 642 784 sed
662 728 921 783 unitatem
942 743 1065 805 cum
1085 726 1344 782 fratribus
1369 740 1480 782 non
1508 732 1728 781 tenent:
1752 721 1833 779 illi

225 832 416 873 errore
444 815 594 886 fidei,
625 816 716 871 isti
743 832 877 872 vero
907 815 1216 872 schismatis
1235 813 1646 886 perpetratioue
1665 812 1834 869 divisi

226 912 366 960 sunt.
392 905 552 960 Unde
582 912 635 960 et
661 904 718 958 in
744 904 861 974 ipsa
888 903 1064 974 prima
1093 910 1249 974 parte
1272 901 1538 975 Decalogi
1558 909 1831 957 utrarum-

225 1009 327 1064 que
352 993 593 1063 partium
635 992 807 1063 culpae
852 992 1241 1063 reprimuntur,
1293 1006 1419 1047 cum
1466 990 1653 1046 divina
1693 1005 1829 1047 voce

223 1081 422 1136 dicitur
452 1099 466 1136 :
496 1083 705 1152 Diliges
724 1081 1028 1137 Dominum
1048 1083 1227 1137 Deum
1250 1084 1415 1135 tuum
1435 1096 1510 1135 ea:
1531 1082 1646 1135 toto
1665 1079 1829 1135 corde

222 1175 338 1235 tuo,
372 1174 436 1225 et
461 1185 537 1225 ea:
567 1173 685 1225 tota
714 1170 911 1225 anima
939 1173 1062 1235 tua,
1108 1173 1167 1224 et
1215 1185 1290 1225 ex
1336 1172 1454 1225 tota
1485 1168 1698 1223 virtute
1729 1170 1829 1223 tua

222 1260 411 1329 (Deut.
446 1256 550 1328 vi),
582 1265 743 1329 atque
772 1273 899 1312 mox
930 1257 1198 1323 subditur,
1239 1257 1449 1328 Diliges
1491 1257 1827 1328 proximum

224 1351 388 1402 tuum
404 1347 557 1403 sicut
581 1346 843 1419 leipsum.
860 1344 966 1415 Qui
981 1345 1126 1400 enim
1141 1346 1209 1401 de
1231 1346 1346 1400 Deo
1365 1360 1625 1416 perversa
1641 1343 1822 1410 sentit,

222 1434 389 1506 liquet
421 1433 673 1505 profecto
703 1435 832 1506 quia
861 1434 1034 1489 Deum
1062 1450 1173 1489 non
1201 1433 1395 1505 diligit.
1446 1431 1552 1501 Qui
1599 1448 1727 1488 vero
1755 1432 1825 1487 de

220 1524 334 1578 Deo
362 1530 518 1578 recta
548 1522 789 1577 sentiens
817 1538 851 1577 a
881 1530 1083 1579 sanctae
1108 1520 1372 1578 Ecclesia:
1391 1520 1596 1576 unitate
1616 1520 1823 1576 divisus

221 1620 319 1678 est,
351 1619 574 1667 constat
603 1611 731 1682 quia
759 1610 1068 1682 proximum
1096 1626 1207 1666 non
1236 1618 1399 1677 amat,
1424 1626 1589 1682 quem
1614 1610 1822 1665 habere

217 1699 421 1756 socium
452 1708 690 1755 recusat.
722 1698 982 1771 Quisquis
1013 1714 1144 1771 ergo
1172 1699 1243 1753 ab
1270 1699 1371 1755 hac
1394 1698 1598 1753 unitate
1627 1697 1817 1754 matris
1847 1726 1901 1787 Β

219 1787 502 1857 Ecclesiae,
535 1788 650 1842 sive
680 1803 778 1858 per
804 1786 1056 1842 haeresim
1107 1788 1177 1842 de
1224 1787 1339 1842 Deo
1380 1801 1642 1858 perversa
1689 1803 1820 1843 sen-

221 1876 421 1941 tiendo,
483 1891 583 1931 seu
631 1891 818 1931 errore
866 1874 1174 1931 schismatis
1216 1875 1526 1946 proximum
1573 1890 1683 1931 non
1730 1874 1820 1930 di-

221 1964 460 2037 ligendo,
495 1964 773 2033 dividitur,
808 1964 1085 2020 charitatis
1124 1964 1284 2033 hujus
1327 1964 1509 2037 gratia
1553 1963 1816 2035 privatur,

221 2053 284 2108 de
337 2069 452 2125 qua
507 2053 615 2107 hoc
671 2052 818 2123 quod
872 2052 1237 2122 prmisimus
1290 2052 1492 2107 Paulus
1549 2052 1726 2108 dicit:
1760 2053 1821 2109 Si

223 2142 503 2197 tradidero
520 2156 720 2213 corpus
741 2156 932 2196 meum
948 2145 1015 2195 ut
1032 2141 1249 2208 ardeat,
1265 2142 1610 2197 charitatem
1627 2143 1821 2196 autem

220 2246 325 2285 non
356 2231 617 2295 habeam,
650 2229 800 2284 nihil
830 2228 974 2284 mihi
996 2229 1225 2300 prodest
1253 2229 1305 2299 (l
1334 2231 1455 2286 Cor.
1487 2230 1647 2296 xm);
1680 2243 1746 2285 ac
1774 2228 1819 2283 si

220 2325 399 2391 aperta
429 2334 572 2374 voce
600 2317 824 2383 diceret,
858 2324 1009 2372 extra
1043 2317 1222 2374 locum
1269 2334 1429 2372 suum
1479 2317 1821 2373 conﬂationis

219 2407 343 2461 mihi
370 2406 524 2480 ignis
553 2406 827 2461 adhibitus
855 2413 1126 2460 tormento
1171 2422 1260 2461 me
1310 2406 1532 2471 cruciat,
1583 2407 1820 2461 munda-

220 2495 359 2551 tione
388 2511 507 2550 non
534 2501 750 2568 purgat.
787 2495 942 2550 Hunc
970 2510 1161 2550 omnes
1191 2503 1398 2550 sanctae
1424 2495 1576 2566 pacis
1606 2503 1819 2551 amato-

223 2600 305 2639 res
336 2599 557 2640 summo
584 2583 762 2639 studio
790 2583 970 2639 locum
1000 2590 1265 2655 quaerunt,
1320 2584 1466 2638 hunc
1513 2592 1820 2656 quaerentes

220 2672 517 2741 inveniunt,
552 2672 696 2727 hunc
725 2671 1061 2726 invenientes
1090 2679 1295 2738 tenent,
1351 2671 1586 2728 scientes
1615 2686 1819 2743 pecca-

218 2768 393 2816 torum
422 2760 697 2826 remissio,
728 2759 815 2816 vel
846 2760 959 2826 uhi,
1008 2759 1099 2814 vel
1146 2760 1385 2831 quando,
1430 2760 1520 2815 vel
1564 2760 1819 2832 qualibus

219 2850 391 2906 detur.
426 2849 533 2906 Ubi
562 2849 781 2920 quippe,
820 2848 925 2903 nisi
971 2848 1025 2903 in
1080 2847 1362 2905 catholicae
1408 2849 1599 2903 matris
1644 2850 1765 2905 sinu
1789 2851 1820 2905 7

219 2937 464 3007 Quando,
500 2938 607 2992 nisi
636 2944 762 2992 ante
810 2935 1026 2993 venturi
1076 2936 1251 2991 exitus
1297 2936 1490 2992 diem?
1519 2937 1649 3009 quia
1692 2954 1819 2995 ecce

218 3043 353 3082 nunc
400 3035 622 3096 tempus
664 3024 1021 3096 acceptabile,
1074 3039 1206 3081 ecce
1248 3041 1393 3080 nunc
1440 3025 1559 3080 dies
1603 3026 1814 3082 salutis.

220 3115 287 3169 Et
316 3132 331 3169 :
363 3113 611 3183 Quaerite
632 3113 922 3170 Dominum
947 3113 1077 3167 dum
1096 3112 1328 3168 inveniri
1345 3121 1543 3184 potest,
1568 3114 1817 3171 invocate

217 3219 337 3260 eum
366 3204 500 3258 dum
530 3217 704 3274 prope
732 3209 830 3257 est.
866 3201 1149 3270 Qualibus,
1173 3201 1278 3256 nisi
1298 3202 1599 3273 conversis,
1624 3203 1716 3275 qui
1745 3204 1816 3259 ad

214 3292 558 3363 parvulorum
614 3289 971 3346 imitationem
1027 3290 1293 3361 magistra
1346 3290 1650 3347 humilitate
1705 3292 1814 3347 for-

214 3388 449 3447 mantur,
484 3379 681 3452 quibus
712 3378 907 3434 dicitur
938 3396 951 3433 :
983 3380 1166 3435 Sinite
1196 3381 1464 3452 parvulos
1507 3382 1699 3437 venire
1739 3381 1813 3436 ad

211 3486 296 3525 me
325 3490 345 3524 :
377 3470 589 3525 talium
616 3472 703 3524 est
732 3470 889 3524 enim
916 3483 1158 3540 regnum
1186 3468 1547 3539 cmlorumUl
1561 3470 1682 3525 Cor.
1704 3469 1807 3537 vr);

210 3567 290 3614 et:
310 3559 433 3614 Nisi
463 3558 722 3614 conversi
737 3557 989 3628 fueritis,
1012 3560 1068 3612 et
1084 3557 1416 3628 efﬁciamini
1436 3558 1587 3613 sicut
1601 3574 1811 3630 parvu-

213 3648 268 3711 li,
298 3663 415 3703 non
445 3646 743 3701 intrabitis
766 3647 831 3701 in
857 3661 1095 3717 regnum
1115 3647 1383 3702 caelorum
1403 3646 1534 3715 (Isa.
1558 3645 1671 3717 LV).
1693 3669 1716 3694 ιι
1740 3646 1810 3701 Et

208 3735 260 3789 in
280 3734 518 3791 decretis
532 3733 848 3805 apostolicae
875 3733 1043 3803 sedis,
1078 3734 1291 3806 quando
1321 3734 1553 3806 Vigilius
1582 3750 1648 3790 ex
1676 3749 1811 3806 apo-

210 3823 418 3889 stolico,
450 3830 579 3894 post
606 3821 776 3877 multa
806 3829 860 3877 et
889 3822 1151 3877 terribilia
1183 3822 1423 3894 praestita
1467 3831 1809 3879 sacramenta

210 3911 263 3966 in
284 3912 540 3967 haeresim
583 3911 771 3982 lapsus
817 3910 1285 3982 Constantinopoli
1330 3910 1688 3978 detinebatur,
1737 3912 1807 3967 ab

208 4000 466 4057 Ecclesiae
496 4001 757 4057 Romanae
785 3999 1066 4056 catholicis
1096 3998 1312 4055 clericis
1326 4000 1521 4055 Joauni
1543 4000 1807 4055 schisma-

207 4088 309 4144 tico
352 4089 687 4160 presbytero
732 4087 974 4156 directis,
1029 4104 1151 4159 quae
1197 4088 1312 4160 ipsa
1344 4095 1532 4144 sancta
1560 4089 1807 4144 Romana
1844 4154 1848 4159 ,

208 4177 447 4233 Ecclesia
478 4176 624 4232 inter
652 4177 951 4233 catholicas
987 4176 1207 4249 regulas
1254 4176 1469 4242 retinet,
1522 4176 1661 4231 inter
1701 4176 1807 4231 alia

209 4265 464 4337 scriptum
511 4272 597 4320 est
629 4280 643 4320 :
677 4264 766 4320 Sic
810 4279 1029 4336 semper
1074 4264 1265 4319 habuit
1309 4263 1487 4319 omnis
1530 4264 1801 4332 Ecclesia,

207 4354 329 4426 quia
388 4354 484 4427 qui
539 4353 596 4407 in
650 4369 768 4409 una
813 4352 1192 4409 communione
1254 4352 1637 4424 consentiunt,
1694 4369 1803 4409 uno

205 4442 484 4515 dogmate,
517 4458 628 4497 una
658 4442 940 4512 charitate,
964 4456 1075 4497 uno
1104 4448 1353 4497 tenentur
1380 4458 1629 4498 assensu.
1655 4442 1805 4499 Sicut

205 4532 343 4586 enim
374 4531 692 4587 communio
722 4538 774 4586 et
804 4547 871 4586 ex
899 4530 1154 4586 omnibus
1184 4529 1534 4587 offerentibus
1577 4545 1687 4587 una
1728 4530 1804 4598 fit,

204 4628 254 4675 et
282 4636 393 4675 una
425 4620 571 4676 redit
601 4620 659 4673 in
704 4620 974 4685 omnibus,
1022 4634 1131 4675 non
1176 4627 1334 4690 parte
1381 4634 1659 4691 corporea,
1710 4619 1808 4675 sed

203 4708 392 4764 virtute
420 4708 610 4763 divina
643 4723 658 4762 :
692 4707 771 4763 sic
798 4707 1125 4763 unanimitas
1154 4723 1254 4779 per
1280 4723 1471 4763 omnes
1508 4707 1621 4764 illic
1649 4723 1805 4765 com-

200 4796 543 4852 municantes
573 4794 831 4851 excurrit.
864 4796 1003 4850 Nam
1033 4795 1080 4850 si
1108 4810 1218 4850 non
1247 4803 1330 4852 est
1361 4796 1519 4851 unius
1567 4812 1807 4853 consen-

203 4883 369 4939 sionis
429 4884 652 4955 signum
702 4899 812 4939 una
857 4883 1184 4950 communio,
1230 4884 1359 4956 quid
1403 4885 1501 4940 erit
1548 4886 1695 4957 quod
1738 4885 1806 4941 ad

202 4972 569 5029 conﬁtendam
627 4988 728 5043 per
793 4988 1013 5028 omnem
1075 4972 1338 5029 Ecclesiae
1393 4974 1805 5029 consonantiam

200 5061 431 5132 mystice
450 5060 795 5116 celebretur?
815 5061 931 5117 Nec
949 5060 1108 5116 nobis
1123 5061 1236 5130 jam
1253 5062 1405 5117 dicas
1425 5062 1531 5134 (Ma
1540 5062 1803 5135 tth.xrx):

198 5149 344 5222 Ergo
375 5150 426 5204 si
457 5135 786 5206 criminosus
817 5149 885 5204 sit
916 5150 1193 5216 sacerdos,
1219 5150 1427 5206 crimen
1449 5151 1719 5207 redundat
1751 5151 1806 5206 in

198 5238 455 5308 populos.
510 5237 674 5293 Aliud
721 5244 805 5293 est
843 5237 992 5294 enim
1035 5238 1183 5310 quod
1237 5238 1609 5309 committitur,
1658 5239 1803 5296 aliud

199 5326 341 5397 quod
372 5326 543 5381 etiam
568 5325 916 5397 praedicatur.
951 5326 1228 5383 Privatum
1260 5334 1344 5383 est
1389 5328 1535 5400 quod
1562 5327 1633 5383 ab
1661 5343 1804 5384 uno-

199 5428 417 5486 quoque
475 5414 874 5470 committitur:
909 5430 1198 5472 commune
1256 5430 1385 5472 vero
1436 5415 1495 5471 ﬁt
1540 5416 1804 5473 Ecclesiae

199 5502 339 5572 quod
369 5501 594 5574 publice
639 5503 979 5574 praedicatur,
1030 5510 1415 5577 tantorumque
1457 5504 1803 5563 sacerdotum

1934 457 2202 514 contraria
2257 474 2354 514 ore
2399 459 2690 530 praedices,
2747 460 3024 516 contraria
3075 475 3185 516 uno
3232 461 3538 533 eodemque

1934 552 2177 617 tempore
2203 562 2369 602 manu
2399 548 2720 605 subscribas
2744 564 2757 605 :
2781 549 2863 606 sic
2891 550 3009 621 ipsa
3033 549 3274 605 omnium
3293 556 3534 605 vestrum

1932 635 2182 692 collectio
2237 635 2446 692 absolvi
2503 651 2613 692 non
2659 645 2839 708 potest
2886 639 2933 693 si
2979 639 3252 694 contraria
3292 638 3436 695 dicat
3482 647 3537 695 et

1933 723 2204 779 contraria
2233 723 2428 791 faciat;
2460 724 2515 780 id
2544 734 2648 791 est,
2678 726 2725 781 si
2755 726 3121 783 communicet
3164 726 3457 794 sacerdoti,
3504 743 3536 781 a

1932 811 2086 880 cujus
2114 811 2501 883 praedicatione
2531 822 2584 869 et
2612 814 3015 886 subscriptione
3063 815 3336 871 dissentit.
3385 814 3536 872 Sicut

1930 900 2077 955 enim
2135 915 2197 955 os
2254 908 2407 956 tuum
2459 909 2511 956 et
2563 918 2758 958 manus
2813 911 2903 958 tua
2959 903 3122 959 unius
3178 904 3534 975 ejusdemque

1930 988 2181 1059 corporis
2208 989 2459 1044 membra
2489 998 2633 1058 sunt,
2655 990 2732 1046 ita
2759 991 2922 1048 unius
2952 992 3309 1063 ejusdemque
3337 992 3532 1047 Eccle-

1929 1076 2025 1132 siae
2052 1077 2293 1132 membra
2323 1085 2446 1132 sunt
2485 1080 2793 1134 sacerdotes
2836 1087 2889 1135 et
2939 1080 3191 1151 populus,
3242 1080 3359 1135 sive
3405 1094 3532 1137 cum

1928 1164 2208 1222 catholicis
2253 1166 2570 1233 catholicus,
2623 1167 2738 1223 sive
2785 1183 2908 1224 cum
2956 1183 3067 1224 non
3113 1167 3370 1224 ﬁdelibus
3401 1166 3531 1224 inﬁ-

1926 1253 2085 1309 delis.
2110 1253 2243 1309 Inde
2273 1262 2356 1309 est
2384 1254 2528 1309 enim
2566 1254 2712 1327 quod
2743 1271 2776 1310 a
2804 1255 3037 1311 Domino
3064 1256 3120 1311 in
3146 1254 3310 1312 ﬁnem
3342 1256 3527 1313 seculi

1926 1342 2112 1415 colligi
2158 1342 2420 1411 jubentur
2476 1342 2679 1398 zizania
2727 1351 2780 1399 et
2838 1344 3058 1417 alligari
3112 1344 3406 1402 fasciculos
3458 1345 3529 1401 ad

1925 1430 2354 1487 comburendum
2385 1432 2605 1503 (Matth.
2637 1432 2785 1504 xm).
2836 1432 2974 1488 Hinc
3021 1440 3105 1488 est
3150 1432 3299 1505 quod
3344 1440 3530 1490 sancto

1922 1520 2190 1591 propheta
2212 1519 2501 1577 Ezechiele
2531 1528 2768 1577 testante
2800 1536 2814 1577 :
2852 1522 2913 1578 Si
2953 1521 3212 1579 sacerdos
3258 1537 3376 1579 non
3415 1523 3529 1579 dis-

1924 1609 2173 1665 tinxerit
2199 1611 2423 1682 populo,
2455 1610 2577 1682 ipse
2598 1610 2823 1683 quidem
2836 1610 3079 1683 populus
3094 1612 3158 1666 in
3178 1626 3280 1667 suo
3299 1614 3530 1683 peccato

1924 1698 2221 1763 morietur,
2255 1699 2514 1754 animam
2545 1702 2739 1755 tamen
2769 1701 2892 1771 ejus
2918 1700 2986 1755 de
3014 1715 3195 1755 manu
3221 1698 3530 1756 sacerdotis

1925 1786 2173 1858 inquirit
2197 1786 2419 1857 (Ezech.
2467 1786 2572 1857 nr),
2617 1801 2728 1842 non
2776 1787 2867 1854 ait,
2901 1787 3027 1859 quia
3056 1794 3208 1843 extra
3242 1795 3531 1858 peccatum

1922 1873 2156 1945 populus
2185 1882 2269 1930 est
2296 1889 2405 1930 non
2434 1875 2711 1942 morietur,
2744 1876 2843 1931 sed
2891 1875 3016 1948 quia
3061 1876 3117 1930 in
3160 1890 3260 1932 suo
3301 1883 3530 1947 peccato

1920 1962 2207 2029 morietur,
2242 1963 2341 2018 sed
2368 1965 2602 2035 populus
2651 1964 2872 2036 quidem
2916 1979 3017 2036 pro
3063 1964 3246 2035 seipso
3292 1972 3524 2035 tantum,

1923 2051 2187 2107 sacerdos
2218 2065 2349 2106 vero
2377 2051 2537 2106 etiam
2566 2067 2666 2122 pro
2693 2051 2916 2123 populo.
2950 2052 3089 2108 Hinc
3116 2059 3201 2107 est
3230 2070 3244 2106 :
3283 2054 3343 2109 Si
3381 2069 3525 2111 caeco

1921 2155 2102 2195 cazcus
2123 2139 2395 2196 ducatum
2414 2140 2682 2212 praebeat,
2702 2155 2811 2196 non
2841 2139 2957 2211 ipse
2988 2141 3081 2213 qui
3110 2140 3367 2196 ducatum
3385 2156 3529 2212 prae-

1921 2227 2014 2282 bet
2040 2227 2208 2296 solus,
2238 2229 2335 2283 sed
2364 2229 2524 2285 ambo
2554 2230 2617 2284 in
2654 2232 2874 2300 foveam
2902 2229 3121 2285 cadunt
3147 2230 3371 2300 (Matth.
3396 2229 3521 2301 xv).

1920 2316 1988 2371 Et
2014 2315 2145 2371 item
2183 2317 2239 2371 in
2287 2316 2494 2372 eisdem
2540 2317 2796 2383 decretis,
2849 2317 3237 2373 Schismaticus
3284 2317 3432 2374 enim
3473 2325 3528 2375 et

1920 2404 2206 2459 haereticus
2260 2405 2493 2476 p0pulus
2537 2405 2885 2461 schismatico
2928 2413 2983 2461 et
3025 2406 3285 2463 heretico
3334 2421 3527 2464 sacer-

1921 2492 2034 2547 doti
2069 2493 2501 2560 communicans,
2548 2493 2689 2550 sicut
2729 2494 2981 2550 universa
3026 2495 3128 2550 Dei
3171 2510 3388 2565 semper
3436 2502 3524 2550 te-

1919 2580 2034 2635 nuit
2061 2588 2115 2635 et
2142 2588 2287 2636 tenet
2315 2582 2581 2651 Ecclesia,
2615 2582 2995 2639 schismaticus
3042 2590 3096 2638 et
3137 2582 3430 2639 haereticus
3464 2583 3522 2638 in

1917 2683 2153 2741 regnum
2183 2668 2285 2725 Dei
2311 2669 2519 2725 intrare
2547 2685 2655 2725 non
2684 2678 2932 2742 possunt,
2987 2671 3086 2725 sed
3131 2686 3257 2742 pars
3286 2671 3406 2740 ejus
3441 2687 3504 2727 es

1918 2756 1976 2811 in
2004 2758 2273 2829 gehenna.
2308 2758 2475 2813 Cessa
2503 2757 2672 2830 igitur
2700 2759 2827 2813 talia
2855 2758 3182 2829 praedicare,
3233 2775 3355 2831 qua;
3396 2775 3519 2816 sce-

1917 2844 2004 2900 lus
2033 2845 2103 2900 sit
2132 2845 2373 2918 cogitare
2405 2864 2419 2900 :
2451 2862 2611 2902 cessa
2639 2855 2856 2911 vastare
2901 2864 3132 2921 gregem
3182 2847 3402 2915 Christi,
3454 2864 3526 2905 ne

1918 2934 2060 2990 sicut
2091 2941 2143 2990 et
2170 2934 2289 3007 ipse
2317 2950 2523 3006 negare
2567 2951 2678 3007 non
2722 2943 2899 3007 potes,
2951 2952 3116 3007 super
3161 2944 3310 2991 tuum
3358 2944 3524 3010 caput

1919 3022 1988 3076 sit
2015 3021 2159 3077 illius
2187 3022 2376 3094 populi
2403 3024 2644 3079 universi
2672 3024 2928 3096 perditio.
2967 3023 3127 3094 Quod
3157 3025 3378 3098 quidem
3426 3025 3525 3081 tibi

1846 3081 1897 3146 δ
1917 3081 2566 3182 perfectaedamnationis
2595 3081 2692 3169 est
2709 3128 2893 3179 causa,
2916 3081 3040 3169 illos
3069 3081 3204 3170 vero
3231 3081 3524 3172 absolvere

1916 3200 2138 3256 omnino
2165 3214 2278 3255 non
2320 3201 2535 3271 poterit.
2578 3203 2648 3257 Et
2693 3201 2825 3257 item
2866 3201 2962 3269 ibi,
3013 3203 3161 3275 quod
3208 3211 3265 3259 et
3310 3202 3368 3257 in
3412 3203 3518 3260 alio

1912 3287 2035 3345 loco
2064 3288 2220 3345 istius
2245 3289 2416 3359 ipsius
2445 3288 2692 3360 opusculi
2738 3290 2897 3360 posui
2941 3307 2955 3343 :
2992 3289 3253 3363 Quisquis
3297 3291 3523 3348 assentit

1912 3374 2148 3448 principi
2188 3376 2514 3443 schismatis,
2566 3376 2947 3433 schismaticus
2990 3393 3114 3434 esse
3156 3394 3363 3451 negare
3404 3394 3517 3435 non

1911 3465 2127 3535 poterit.
2189 3464 2350 3534 Quod
2397 3465 2445 3519 si
2487 3473 2541 3520 et
2590 3480 2783 3521 omnes
2825 3465 3137 3521 sacerdotes
3179 3474 3233 3522 et
3279 3467 3515 3522 mundus

1910 3552 2171 3608 assentiat
2204 3594 2219 3620 ,
2276 3552 2550 3608 damnatio
2606 3553 3013 3610 consentientes
3068 3554 3340 3622 involvit,
3405 3570 3520 3612 non

1909 3641 2419 3712 praevaricationem
2448 3656 2752 3697 consensus
2781 3642 3041 3700 absolvit.
3066 3643 3190 3698 Non
3219 3642 3366 3700 enim
3395 3644 3512 3701 cri-

1908 3744 2035 3784 men
2073 3729 2331 3784 minuitur
2376 3729 2476 3785 sed
2524 3730 2811 3797 accrescit,
2863 3746 2986 3786 cum
3032 3731 3294 3805 generale
3339 3731 3400 3788 ﬁt
3444 3747 3513 3788 ex

1907 3817 2139 3890 privato.
2203 3817 2320 3873 Hoc
2376 3818 2521 3873 enim
2579 3819 2726 3874 Deus
2782 3819 3025 3876 omnium
3070 3819 3331 3876 indicavit
3353 3860 3367 3888 ,
3420 3821 3515 3894 qui

1906 3906 2165 3962 mundum
2194 3914 2515 3977 peccantem
2556 3907 2800 3981 generali
2847 3907 3051 3965 diluvio
3078 3908 3373 3965 interemit.
3407 3908 3517 3966 Sed

1907 3994 2038 4066 quid
2065 3994 2255 4050 miseri
2283 3994 2510 4063 facietis,
2562 3996 2691 4069 quia
2736 3997 2835 4069 qui
2883 3996 3036 4052 illum
3077 4006 3129 4053 et
3166 3998 3418 4070 praedixit
3464 4005 3519 4055 et

1905 4081 2053 4149 fecit,
2105 4083 2224 4154 ipse
2261 4083 2407 4157 ignis
2454 4084 2714 4140 diluvium
2761 4100 2906 4141 nunc
2943 4085 3198 4153 minatur,
3252 4086 3372 4160 ipse
3418 4102 3517 4162 ge-

1904 4172 2101 4227 hennae
2157 4172 2275 4227 sine
2324 4171 2433 4228 fine
2476 4180 2748 4230 tormenta
2766 4174 2797 4229 τ
2846 4174 2999 4231 Sicut
3041 4174 3186 4231 enim
3224 4176 3405 4245 justos
3458 4177 3516 4233 in

1905 4267 2169 4316 aeternam
2198 4260 2367 4316 vitam
2395 4261 2649 4332 praedixit
2695 4261 2885 4328 ituros,
2936 4260 3016 4318 sic
3066 4262 3266 4334 impios
3311 4272 3514 4320 mterno

1905 4348 2246 4404 damnandos
2277 4348 2520 4416 interitu,
2551 4357 2610 4403 ut
2640 4348 2782 4405 sicut
2805 4364 2916 4405 non
2947 4357 3126 4420 potest
3167 4348 3314 4407 ﬁniri
3342 4351 3516 4408 beati-

1835 4437 1890 4499 D
1907 4437 2037 4493 tudo
2060 4437 2349 4506 justorum,
2399 4436 2479 4492 sic
2506 4452 2612 4493 nec
2655 4436 2946 4507 impiorum
2992 4444 3262 4494 tormenta
3308 4438 3512 4495 ﬁnian-

1909 4533 2015 4580 tur.
2062 4525 2191 4581 Haec
2235 4524 2507 4582 haereticis
2551 4524 3018 4598 schismaticisque
3060 4532 3185 4581 sunt
3225 4543 3240 4581 :
3285 4533 3341 4583 et
3386 4528 3512 4600 quia

1910 4612 2171 4686 quidquid
2218 4629 2361 4669 nunc
2415 4613 2561 4685 gerit
2616 4613 2889 4681 Ecclesia,
2947 4615 3174 4687 mystice
3221 4622 3384 4686 typus
3428 4626 3513 4674 est

1907 4700 2228 4771 futurorum,
2262 4701 2309 4756 si
2337 4702 2635 4774 gustabunt
2663 4702 2733 4759 de
2760 4718 2903 4775 pane
2932 4702 3161 4769 cmicsti,
3210 4701 3266 4757 id
3313 4710 3399 4759 est
3439 4703 3510 4760 de

1908 4789 2174 4847 suavitate
2201 4790 2388 4846 divina
2425 4792 2693 4864 gehennze
2738 4790 3051 4862 participes,
3103 4790 3383 4847 damnatio
3427 4799 3510 4848 est

1908 4878 2266 4936 schismaticis
2313 4886 2368 4935 et
2412 4879 2685 4935 haereticis
2729 4878 2974 4951 corporis
3020 4878 3220 4934 Christi
3257 4895 3510 4937 commu-

1905 4966 2019 5023 nio.
2076 4968 2146 5023 Et
2217 4974 2437 5023 sanctus
2492 4966 2832 5041 Augustinus
2895 4965 2953 5022 in
3006 4967 3236 5039 epistola
3292 4968 3509 5026 concilii

1906 5054 2144 5111 Africani
2171 5056 2243 5111 ad
2267 5055 2577 5111 Donatistas
2612 5071 2626 5110 ε
2665 5074 2689 5106 ι
2723 5054 3004 5128 Quisquis,
3024 5055 3199 5129 inquit
3225 5058 3504 5130 (August.,

1905 5144 2072 5216 epist.
2106 5143 2253 5214 152),
2301 5159 2333 5197 a
2380 5143 2650 5200 catholica
2692 5142 2941 5200 Ecclesia
2986 5142 3148 5200 fuerit
3194 5152 3504 5216 separatus,

1905 5231 2297 5304 quantumlibet
2341 5229 2683 5286 laudabiliter
2725 5246 2785 5287 se
2830 5231 3020 5288 vivere
3062 5231 3351 5299 existimet,
3399 5233 3506 5289 hoc

1905 5319 2024 5374 solo
2050 5318 2261 5375 scelere
2290 5316 2437 5390 quod
2477 5332 2509 5371 a
2552 5317 2753 5373 Christi
2804 5318 3006 5375 unitate
3061 5318 3367 5388 disjunctus
3419 5326 3506 5376 est

1903 5422 2015 5463 non
2040 5407 2260 5463 habebit
2286 5406 2468 5473 vitam,
2501 5404 2602 5463 sed
2629 5406 2712 5463 ira
2755 5406 2856 5463 Dei
2905 5414 3089 5463 manet
3134 5423 3301 5479 super
3355 5423 3499 5465 eum.

1904 5502 2165 5580 Quisquis
2193 5511 2375 5563 autem
2405 5504 2460 5562 in
2486 5505 2590 5565 hac
2630 5504 2883 5566 Ecclesia
2920 5506 3062 5565 bene
3108 5506 3320 5578 vixerit,
3366 5506 3502 5567 nihil
