4054 6180
503 259 606 313 479

1391 251 1730 309 HINCMARI
1787 251 2190 309 RHEMENSIS
2243 250 2791 309 ARCHIEPISCOPI.

3693 261 3796 325 480

501 382 552 435 ei
582 379 940 452 prmjudicant
968 379 1146 434 aliena
1174 385 1415 450 peccata,
1465 377 1594 448 quia
1640 378 2014 449 unusquisque
2043 377 2096 432 in
2116 377 2172 436 A
2201 377 2294 431 tibi
2319 377 2688 433 necessarium
2719 386 2800 432 est
2829 378 3096 449 replicari,
3128 351 3256 433 dicit
3277 378 3590 449 '(Cyprian.,
3625 381 3790 452 epist.
3815 411 3825 420 -

503 485 566 524 ea
621 468 902 538 proprium
959 468 1214 538 portabit,
1277 467 1414 522 sicut
1465 466 1756 535 Apostolus
1803 466 1932 522 dicit
1978 483 1991 520 :
2035 467 2103 521 Et

503 557 812 628 quicunque
871 555 924 610 in
974 570 1039 609 ea
1087 569 1283 625 corpus
1327 554 1525 610 Christi
1573 555 1978 609 manducaverit
2021 554 2103 608 in-

403 705 405 708 ,
503 645 690 718 digne,
713 645 1000 716 judicium
1029 645 1137 698 sibi
1165 643 1474 698 manducat
1506 647 1560 697 et
1591 643 1726 698 bibit
1755 644 1806 712 (l
1826 645 1946 699 Cor.
1967 644 2050 710 x1)
2086 659 2098 697 :

503 749 629 789 cum
661 733 804 787 enim
835 732 962 787 dicit
977 733 1262 803 judicium
1284 732 1392 786 sibi
1411 731 1740 796 manducat,
1768 731 1899 785 satis
1920 739 2103 786 ostenJ-

505 823 580 877 dit
610 821 737 892 quia
775 835 886 874 non
933 820 1089 874 alteri
1130 819 1393 888 judicium
1439 819 1746 884 manducet,
1799 819 1898 874 sed
1947 819 2050 872 sibi
2086 837 2100 873 :

507 909 628 982 quia
687 909 997 964 communio
1059 908 1330 963 malorum
1404 923 1514 962 non
1571 907 1801 962 maculat
1867 907 2105 979 aliquem

503 998 918 1069 participatione
949 1003 1438 1064 sacramentorum,
1495 996 1594 1049 sed
1633 995 1994 1050 consensione
2025 995 2104 1049 fa—

504 1095 737 1142 ctorum.
797 1087 938 1141 Nam
996 1085 1041 1139 si
1097 1085 1151 1138 in
1209 1084 1366 1139 factis
1423 1084 1580 1138 malis
1608 1099 1716 1137 non
1763 1084 1843 1138 eis
1873 1084 2104 1155 quisque

505 1174 826 1242 consentiat,
859 1181 1034 1244 portat
1065 1172 1243 1226 malus
1272 1186 1488 1226 causam
1547 1187 1696 1225 suam
1727 1181 1780 1226 et
1809 1187 2104 1242 personam

507 1279 681 1331 suam,
713 1279 814 1318 nec
859 1261 1172 1332 praejudicat
1215 1259 1391 1325 alteri,
1443 1275 1606 1331 quem
1653 1260 1706 1313 in
1751 1260 2104 1315 consentione

505 1351 637 1406 mali
665 1350 847 1421 operis
875 1349 1086 1404 socium
1135 1363 1244 1402 non
1289 1347 1454 1402 habet
1504 1347 1762 1403 criminis.
1801 1369 1822 1396 ι
1855 1349 1926 1404 Et
1969 1349 2104 1403 Pro-

507 1455 636 1508 sper
665 1438 720 1491 in
749 1437 891 1490 libro
943 1436 1338 1490 Sententiarum
1371 1454 1388 1490 :
1424 1459 1444 1484 «
1479 1437 1678 1490 Escam
1719 1435 1844 1492 vitae
1888 1437 2101 1508 accipit,

505 1525 822 1581 aeternitatis
851 1524 1107 1594 poculum
1134 1523 1286 1590 bibit,
1333 1524 1424 1595 qui
1454 1523 1510 1577 in
1541 1525 1753 1579 Christo
1799 1533 2000 1593 manet,
2053 1533 2106 1579 et

503 1613 660 1681 cujus
689 1613 932 1667 Christus
961 1613 1228 1668 habitator
1287 1620 1388 1667 est.
1435 1612 1574 1667 Nam
1623 1613 1716 1684 qui
1763 1613 2036 1669 discordat
2073 1629 2106 1668 a

2203 469 2291 532 65,
2323 467 2395 521 ad
2416 467 2828 536 Antonia-num)
2859 485 2872 520 :
2911 489 2933 516 α
2969 467 3184 537 Ignosci
3216 467 3359 521 enim
3389 475 3564 538 potest
3595 468 3801 538 simpli-

2203 553 2336 609 citer
2363 554 2585 622 erranti,
2639 555 2774 609 sicut
2829 555 2898 609 de
2954 556 3136 624 seipso
3183 555 3313 610 dicit
3343 556 3618 625 apostolus
3653 557 3796 610 Pau-

2203 641 2288 696 lus
2323 659 2334 696 :
2373 644 2476 709 Qui
2504 645 2756 714 primum
2789 645 2876 713 fui
2910 645 3282 714 blasphemus,
3303 649 3358 699 et
3377 649 3720 716 persecutor,
3743 650 3799 699 et

2205 733 2534 802 injuriasus,
2567 732 2662 786 sed
2691 732 3140 787 misericordiam
3163 733 3348 786 merui
3375 735 3507 803 quia
3529 735 3800 804 ignorans

2203 821 2318 889 feci
2349 819 2400 888 (I
2428 821 2565 873 Tim.
2600 820 2660 888 ι).
2703 820 2829 873 Post
2857 820 3266 890 inspirationem
3311 837 3443 874 vero
3486 829 3534 874 et
3583 821 3799 876 revela-

2205 907 2406 962 tionem
2440 906 2634 961 factam
2665 907 2758 978 qui
2787 907 2843 960 in
2867 923 2932 961 eo
2961 908 3106 978 quod
3145 917 3421 962 erraverat
3463 918 3798 978 perseverat,

2203 995 2447 1065 prudens
2505 1003 2556 1050 et
2611 995 2790 1050 sciens
2849 995 2968 1050 sine
3021 996 3178 1050 venia
3229 996 3548 1068 ignorantiae
3587 1005 3794 1066 peccat.

2204 1083 2628 1153 Praesumptione
2659 1083 2804 1138 enim
2832 1091 2993 1154 atque
3027 1083 3386 1139 obstinatione
3429 1085 3664 1155 quadam
3711 1085 3798 1138 ni-

2205 1172 2350 1240 titur,
2413 1187 2534 1226 cum
2587 1172 2797 1227 ratione
2858 1179 3160 1242 superetur.
3201 1195 3222 1220 n
3276 1172 3412 1227 Hinc
3469 1172 3802 1244 Augustinus

2203 1261 2476 1330 (August.,
2497 1260 2563 1314 de
2583 1262 2768 1332 Bapt.,
2793 1260 2889 1314 lib.
2909 1275 2984 1326 iv,
3003 1275 3126 1329 cap.
3151 1261 3207 1330 5)
3231 1277 3244 1313 :
3273 1283 3294 1306 «ι
3321 1261 3436 1315 Hoc
3457 1261 3800 1315 verissimum

2205 1356 2306 1413 est,
2337 1348 2502 1420 longe
2546 1348 2770 1420 gravius
2819 1363 2944 1402 esse
2997 1355 3280 1418 peccatum
3323 1349 3441 1418 ejus
3486 1349 3576 1419 qui
3621 1349 3803 1403 sciens

2205 1451 2370 1507 quam
2401 1437 2518 1505 ejus
2549 1435 2642 1506 qui
2671 1436 2921 1491 nesciens
2951 1437 3274 1506 peccaverit.
3309 1437 3376 1491 Et
3405 1437 3526 1491 ideo
3555 1437 3642 1490 vir
3669 1451 3804 1491 san-

2204 1531 2322 1578 ctus
2352 1524 2674 1594 Cyprianus,
2707 1539 2816 1578 non
2847 1523 3020 1578 solum
3051 1525 3262 1589 doctus,
3313 1525 3411 1579 sed
3455 1524 3612 1578 etiam
3645 1524 3803 1580 doci-

2205 1611 2347 1677 bilis,
2381 1613 2523 1683 quod
2557 1613 2612 1665 in
2639 1612 2796 1666 laude
2827 1612 3071 1682 episcopi
3115 1619 3295 1666 tamen
3339 1612 3592 1684 designat
3649 1615 3804 1682 Apo-

505 1701 738 1766 Christo,
773 1717 875 1756 nec
905 1717 1121 1756 carnem
1153 1700 1353 1755 Christi
1383 1701 1692 1768 manducat,
1725 1717 1826 1756 nec
1873 1701 2102 1773 sangui-
2125 1731 2176 1790 B
2209 1699 2396 1768 stolus,
2425 1699 2504 1755 sic
2531 1700 2650 1770 ipse
2697 1699 2958 1754 intellexit
3005 1706 3062 1753 ut
3103 1699 3328 1768 diceret,
3382 1701 3543 1755 etiam
3599 1701 3704 1755 hoc
3751 1700 3808 1754 in

505 1805 632 1844 nem
663 1789 814 1856 bibit,
847 1789 1058 1844 etiamsi
1089 1797 1246 1845 tanta;
1275 1789 1355 1844 rei
1394 1797 1798 1844 sacramentum
1845 1790 1912 1843 ad
1953 1790 2103 1858 judi-

507 1879 652 1932 cium
681 1894 794 1932 suae
822 1877 1262 1948 praesumptionis
1291 1877 1531 1948 quotidie
1588 1876 1960 1933 indifferenter
2007 1893 2105 1933 ac-

508 1966 690 2036 cipiat.
733 1987 754 2015 ι
805 1966 996 2031 Audis,
1053 1965 1234 2031 frater,
1299 1965 1422 2037 quia
1479 1965 1639 2020 nimis
1693 1966 1928 2022 amando
1985 1965 2106 2037 quis

507 2054 828 2109 sententiam
859 2069 1034 2114 suam,
1065 2055 1152 2109 vel
1185 2054 1476 2109 invidendo
1505 2054 1842 2123 melioribus,
1895 2055 1963 2109 ad
2012 2071 2106 2109 sa-

501 2143 791 2214 crilegium
821 2143 1126 2198 schismatis
1185 2143 1463 2213 pervenit;
1498 2143 1672 2207 audis,
1723 2143 1852 2215 quia
1901 2159 2010 2198 non
2053 2143 2108 2196 in

505 2231 819 2296 schismate,
854 2246 957 2286 nec
987 2231 1090 2284 nisi
1121 2230 1176 2284 in
1205 2231 1408 2285 unitate
1437 2231 1700 2286 Ecclesiae
1757 2239 1838 2285 est
1895 2231 2106 2301 prima-

505 2327 628 2384 tus;
657 2319 834 2384 audis,
869 2318 992 2389 quia
1021 2333 1132 2372 non
1187 2318 1242 2372 in
1295 2319 1606 2384 schismate,
1671 2326 1726 2374 et
1779 2319 1994 2374 nonnisi
2053 2320 2107 2372 in

507 2406 770 2462 Ecclesiae
801 2405 1004 2460 unitate
1035 2421 1166 2460 vera
1195 2413 1319 2460 sunt
1347 2406 1658 2476 ligamenta,
1709 2406 1764 2459 in
1813 2423 1917 2477 qua
1973 2422 2106 2461 vera

509 2501 564 2549 et
591 2494 660 2548 ad
691 2493 914 2552 salutem
971 2493 1293 2564 pertinentia
1349 2502 1472 2548 sunt
1520 2502 1896 2560 sacramenta;
1949 2494 2107 2552 audis

509 2583 638 2654 quia
669 2598 776 2637 non
803 2582 858 2636 in
891 2583 1200 2647 schismate,
1233 2590 1287 2637 et
1331 2598 1441 2638 non
1471 2583 1574 2636 nisi
1633 2583 1690 2636 in
1745 2583 1944 2638 unitate
1999 2585 2108 2638 Ec-

509 2670 690 2726 clesiae
747 2671 906 2724 datur
959 2670 1044 2724 vel
1101 2671 1366 2740 accipitur
1424 2671 1651 2741 Spiritus
1711 2679 1948 2740 sanctus,
2009 2687 2109 2742 per

507 2775 666 2830 quem
697 2758 1018 2814 diffunditur
1047 2759 1280 2813 charitas
1309 2759 1360 2812 in
1395 2759 1656 2814 cordibus
1713 2760 1953 2825 nostris;
2007 2775 2107 2813 au-

508 2847 594 2902 dis
627 2847 752 2917 quia
781 2847 907 2915 illis,
939 2847 1031 2917 qui
1061 2863 1168 2902 non
1199 2855 1321 2901 sunt
1351 2847 1407 2900 in
1461 2848 1665 2902 unitate
1713 2849 1865 2918 pacis
1923 2849 2107 2903 eccle-

508 2933 758 3002 siasticae,
794 2935 840 2987 si
871 2941 1092 3004 gustant
1121 2934 1190 2988 de
1246 2949 1384 3004 pane
1441 2935 1670 3002 ccelesti,
1729 2944 1812 2990 est
1869 2936 2108 3005 perfecta

509 3021 787 3078 damnatio
836 3022 1085 3092 corporis
1141 3022 1336 3076 Christi
1385 3023 1821 3078 communicatio.
1881 3025 2106 3094 Depone

509 3123 645 3180 ergo
674 3117 942 3164 tumorem
973 3110 1155 3164 cordis
1187 3111 1281 3175 tui,
1336 3119 1388 3164 et
1417 3109 1772 3181 pertinaciam
1819 3119 2108 3166 contuma-

509 3196 589 3253 cis
619 3196 786 3252 animi
813 3197 890 3252 tui
925 3215 937 3251 :
977 3193 1282 3252 et‘nimium
1317 3199 1553 3252 amando
1584 3199 1908 3254 sententiam
1937 3208 2104 3267 tuam,

507 3286 620 3342 noli
649 3293 700 3340 te
725 3285 1028 3357 praecidere
1059 3287 1129 3340 ab
1159 3285 1250 3340 illa
1279 3287 1558 3342 charitatis
1589 3303 1876 3358 compage,
1917 3289 1973 3342 in
2003 3305 2110 3359 qua

509 3374 692 3430 omnia
723 3381 1060 3430 sacramenta
1104 3375 1474 3430 ecclesiastica
1529 3375 1794 3431 catholica
1852 3377 2108 3448 percepi-

509 3463 596 3530 sti,
629 3470 682 3518 et
711 3462 766 3517 in
795 3479 902 3534 qua
929 3462 1226 3518 idcirco-es
1255 3464 1534 3518 ordinatus
1573 3463 1883 3535 episcopus,
1943 3472 2000 3519 ut
2053 3465 2110 3519 in

507 3567 573 3607 ea
599 3566 975 3622 permaneres,
1009 3559 1062 3606 et
1091 3551 1226 3606 alios
1284 3552 1338 3606 in
1397 3567 1463 3607 ea
1518 3567 1842 3622 permanere
1903 3551 2010 3608 fide
2057 3561 2112 3609 et

507 3639 784 3711 operibus,
816 3639 1079 3710 exemplis
1110 3647 1164 3694 et
1193 3640 1376 3695 verbis
1405 3641 1655 3696 doceres.
1691 3640 1938 3711 Denique
1967 3641 2111 3697 unde

511 3728 752 3783 oriantur
803 3728 1126 3794 schismata,
1189 3728 1334 3782 idem
1389 3728 1692 3783 catholicus
1737 3729 1928 3784 doctor
1982 3729 2112 3784 dicit

511 3818 789 3886 (August.,
823 3817 890 3872 de
921 3818 1105 3886 Bapt.,
1149 3814 1242 3869 lib.
1295 3831 1334 3880 l,
1391 3830 1514 3886 cap.
1577 3820 1636 3870 11
1685 3824 1738 3870 et
1785 3832 1906 3886 cap.
1972 3819 2108 3884 15):

513 3927 534 3952 (ι
575 3903 744 3973 Origo
773 3911 825 3957 et
851 3902 1153 3973 pertinacia
1183 3902 1491 3958 schismatis
1522 3904 1664 3957 nulla
1711 3911 1794 3958 est
1843 3904 1966 3970 alia,
2007 3904 2112 3959 nisi

512 3991 694 4045 odium
725 3989 924 4056 fratris,
957 3997 1010 4044 et
1039 3989 1284 4046 Ecclesia
1341 4005 1448 4046 non
1495 3991 1648 4061 prius
1705 3991 1968 4062 carnales,
2025 3993 2113 4048 vel

510 4077 795 4142 animales,
830 4085 883 4132 et
913 4085 1101 4146 postea
1132 4077 1405 4148 spiritales
1463 4079 1667 4146 habuit,
1727 4080 1824 4135 sed
1881 4079 1936 4134 in
1991 4079 2114 4151 ipsa

513 4172 660 4222 sorte
689 4165 1032 4221 mortalitatis
1061 4173 1283 4233 nostrai,
1315 4182 1381 4222 ex
1421 4183 1528 4239 quo
1583 4167 1651 4222 de
1707 4168 1880 4222 Adam
1927 4170 2112 4224 nasci-

511 4271 656 4319 mur,
687 4270 798 4309 non
827 4262 908 4308 est
934 4255 1086 4325 prius
1119 4255 1262 4326 quod
1279 4255 1540 4326 Spiritale,
1565 4256 1664 4311 sed
1684 4257 1830 4327 quod
1852 4257 2108 4323 animale,

513 4351 703 4414 postea
733 4343 993 4414 spiritale.
1025 4345 1105 4398 Ex
1133 4343 1255 4414 ipso
1285 4353 1466 4399 autem
1495 4345 1712 4399 animali
1743 4361 1927 4415 sensu,
1985 4346 2112 4417 quia

2208 1788 2464 1858 episcopo
2496 1803 2619 1842 esse
2645 1787 3004 1859 diligendum,
3037 1803 3147 1842 non
3176 1788 3350 1842 solum
3371 1796 3428 1841 ut
3449 1787 3684 1842 scienter
3707 1788 3808 1842 do-

2207 1885 2345 1945 ceat,
2397 1877 2492 1931 sed
2541 1875 2706 1930 etiam
2755 1876 3024 1945 patienter
3071 1876 3265 1930 discat.
3317 1876 3576 1930 Docibilis
3625 1885 3808 1932 autem

2207 1964 2298 2020 ille
2329 1971 2412 2020 est
2442 1964 2534 2034 qui
2567 1971 2648 2018 est
2677 1965 2748 2018 ad
2777 1964 3022 2018 discendi
3049 1963 3363 2034 patientiam
3392 1963 3530 2018 lenis
3551 1973 3604 2020 et
3635 1965 3804 2020 mitis.

2209 2052 2435 2122 Oportet
2466 2051 2611 2106 enim
2643 2051 2930 2122 episcopos
2961 2068 3068 2107 non
3101 2055 3306 2107 tantum
3337 2053 3555 2120 docere,
3609 2053 3708 2108 sed
3753 2061 3808 2108 et

2209 2141 2420 2195 discere
2456 2158 2469 2194 :
2503 2140 2627 2212 quia
2657 2147 2710 2194 et
2741 2140 2830 2194 ille
2863 2140 3056 2194 melius
3085 2141 3264 2206 docet,
3298 2141 3390 2210 qui
3419 2141 3656 2211 quotidie
3687 2157 3810 2196 cre-

2209 2229 2308 2284 scit
2335 2237 2388 2282 et
2415 2227 2626 2298 prolicit
2657 2229 2919 2284 discendo
2957 2229 3200 2284 meliora.
3249 2229 3344 2283 His
3387 2230 3572 2301 utique
3621 2230 3806 2284 verbis

2210 2317 2341 2372 satis
2368 2317 2566 2371 indicat
2595 2317 2676 2370 vir
2707 2325 2946 2381 sanctus,
2981 2325 3033 2371 et
3081 2317 3170 2387 pia
3208 2317 3474 2372 charitate
3521 2318 3804 2388 praeditus,

2209 2421 2318 2458 non
2349 2421 2472 2459 esse
2502 2405 2852 2459 metuendum
2883 2405 2962 2459 sic
2992 2405 3106 2472 ejus
3137 2405 3395 2475 epistolas
3421 2406 3626 2477 legere,
3673 2414 3731 2460 ut
3761 2406 3808 2460 si

2209 2492 2339 2564 quid
2367 2501 2558 2562 postea
2587 2493 2832 2564 pluribus
2860 2501 2910 2546 et
2968 2493 3394 2548 diuturnioribus
3443 2493 3810 2564 inquisitioni-

2210 2581 2312 2634 bus
2339 2589 2678 2651 compertum
2706 2579 2954 2636 Ecclesia
2995 2581 3354 2649 confirmavit,
3403 2597 3510 2635 non
3552 2582 3800 2654 ambiga-

2209 2685 2348 2733 mus,
2383 2669 2508 2740 quia
2540 2667 2678 2724 sicut
2705 2669 2875 2723 multa
2904 2677 3053 2724 erant
3099 2685 3218 2740 quae
3266 2669 3455 2724 doctus
3505 2669 3810 2740 Cyprianus

2209 2757 2452 2824 doceret,
2487 2756 2565 2812 sic
2593 2765 2708 2811 erat
2737 2764 2790 2810 et
2817 2756 3018 2828 aliquid
3047 2757 3190 2828 quod
3220 2757 3518 2828 Cyprianus
3557 2758 3810 2812 docibilis

2209 2846 2464 2900 disceret.
2504 2866 2525 2895 ν
2563 2846 2707 2912 Haec,
2742 2844 2928 2910 frater,
2971 2845 3189 2899 auribus
3235 2845 3478 2916 percipe,
3525 2853 3576 2900 et
3627 2853 3810 2901 mente

2210 2933 2472 3004 intellige,
2509 2941 2562 2986 et
2591 2949 2699 2986 non
2729 2933 3042 3005 dedigneris
3073 2949 3196 2988 cum
3224 2934 3495 3004 Cypriano
3537 2942 3590 2989 et
3620 2937 3812 3006 Augu-

2211 3021 2374 3086 stino,
2399 3021 2660 3090 Apostolo
2683 3021 3048 3090 praecipiente,
3072 3021 3324 3076 docibilis
3349 3038 3472 3076 esse
3493 3022 3806 3092 episcopus,

2131 3077 2179 3140 Ο
2211 3117 2264 3164 et
2291 3109 2416 3180 quia
2446 3109 2491 3163 si
2521 3125 2875 3180 perseverare
2921 3109 2978 3163 in
3026 3109 3390 3164 obstinatione
3442 3118 3494 3164 et
3541 3127 3812 3180 praesum-

2208 3197 2393 3268 ptione
2421 3205 2510 3250 tua
2542 3197 2818 3269 delegeris
2839 3213 2961 3252 cum
2995 3197 3202 3252 ratione
3241 3198 3539 3267 supereris,
3563 3199 3810 3267 prudens

2209 3293 2262 3340 et
2295 3285 2474 3340 sciens
2505 3285 2620 3340 sine
2653 3285 2808 3340 venia
2837 3285 3158 3357 ignorantia
3186 3285 3456 3356 peccabis.
3495 3287 3634 3342 Hinc
3663 3287 3810 3341 enim

2208 3374 2454 3444 psalmus
2467 3373 2595 3429 dicit
2610 3390 2621 3428 :
2633 3375 2980 3428 Descendunt
2993 3375 3056 3428 in
3068 3375 3362 3444 infernum
3376 3376 3808 3443 viventes(Psal.

2209 3465 2344 3532 Liv),
2379 3463 2434 3516 id
2463 3469 2548 3517 est
2575 3461 2825 3516 labantur
2855 3461 2908 3515 in
2939 3471 3220 3531 peccatum
3242 3462 3493 3516 scientes.
3521 3463 3680 3518 Unde
3703 3463 3811 3518 Leo

2210 3552 2280 3606 ad
2311 3549 2934 3620 ConstantinOpolitanos
2963 3549 3153 3605 scribit
3187 3550 3374 3605 dicens
3423 3551 3614 3622 (epist.
3667 3555 3763 3621 25)
3795 3569 3810 3604 :

2215 3659 2236 3688 ι
2271 3639 2412 3693 Nam
2443 3639 2488 3692 si
2539 3638 2625 3693 vix
2673 3638 2728 3692 in
2775 3637 2928 3692 laicis
2971 3637 3273 3693 tolerabilis
3319 3637 3532 3692 videtur
3574 3638 3810 3702 inscitia,

2209 3733 2359 3781 tanto
2388 3725 2565 3797 magis
2595 3725 2648 3779 in
2677 3725 2757 3779 eis
2787 3725 2881 3795 qui
2907 3733 3145 3796 praesunt
3175 3740 3278 3781 nec
3307 3725 3584 3781 excusatio
3615 3733 3700 3780 est
3730 3726 3812 3781 di-

2210 3829 2320 3885 gna
2349 3829 2451 3868 nec
2481 3813 2638 3868 venia
2673 3831 2686 3867 :
2721 3813 2955 3868 maxime
2986 3829 3110 3868 cum
3141 3813 3303 3869 etiam
3347 3813 3643 3869 defendere
3685 3831 3814 3885 per-

2211 3916 2491 3956 versarum
2544 3901 2856 3972 opinionum
2904 3911 3208 3958 commenta
3255 3910 3606 3972 praesumunt,
3655 3911 3712 3958 et
3759 3903 3814 3956 in

2210 4003 2539 4044 consensum
2569 4005 2748 4058 suum,
2782 3997 2868 4044 aut
2899 3997 3124 4055 terrore,
3155 3997 3247 4044 aut
3275 3989 3450 4062 gratia
3473 3989 3814 4046 insanabiles

2213 4093 2458 4148 quosque
2497 4078 2804 4134 traducunt.
2860 4079 3193 4148 Separentur
3239 4078 3547 4147 hujusmodi
3585 4094 3618 4131 a
3664 4079 3818 4134 sanis

2210 4165 2471 4220 membris
2501 4167 2749 4236 corporis
2777 4166 2993 4231 Christi,
3027 4181 3205 4237 neque
3235 4167 3338 4221 sibi
3359 4166 3624 4222 catholica
3653 4166 3816 4222 liber-

2211 4259 2293 4306 tas
2322 4252 2619 4308 infidelium
2643 4254 2836 4326 jugum
2867 4253 3098 4324 patiatur
3125 4254 3350 4324 imponi.
3381 4274 3402 4302 ι
3437 4255 3656 4310 Revoca
3677 4271 3816 4326 ergo

2211 4348 2264 4396 te
2294 4356 2326 4395 a
2355 4342 2656 4411 pertinacia
2685 4351 2796 4410 tua,
2829 4342 3086 4413 quoniam
3130 4342 3226 4410 illi,
3262 4358 3398 4413 quos
3429 4343 3484 4396 in
3523 4343 3813 4398 conventi-

513 4432 678 4488 homo
707 4432 960 4487 animatis
988 4449 1096 4487 non
1125 4433 1356 4504 percipit
1385 4450 1508 4504 quae
1535 4441 1662 4488 sunt
1710 4433 1943 4504 Spiritus
1985 4435 2105 4498 Dei,
2140 4429 2192 4488 D
2216 4428 2351 4484 cnlis
2409 4429 2512 4484 tuis
2567 4431 2634 4483 ad
2687 4437 2866 4484 tecum
2913 4429 3361 4485 subscribendum
3411 4431 3682 4501 pellexisti
3729 4432 3820 4486 vel

512 4535 702 4576 omnes
759 4520 1129 4576 dissensiones
1187 4529 1240 4576 et
1293 4521 1588 4576 schismata
1643 4529 1989 4594 generantur.
2049 4524 2112 4576 In

514 4623 622 4680 quo
651 4625 815 4664 sensu
844 4616 1260 4678 perseverantes
1307 4609 1599 4680 Apostolus
1645 4610 1775 4664 dicit
1822 4611 1892 4664 ad
1941 4611 2108 4666 Vetus

511 4697 914 4752 Testamentum
943 4697 1238 4766 pertinere,
1288 4697 1343 4750 id
1391 4705 1473 4752 est
1511 4698 1580 4751 ad
1610 4705 1942 4753 terrenarum
1973 4713 2106 4768 pro-

511 4784 806 4840 missorum
833 4785 1206 4855 cupiditatem,
1236 4785 1291 4838 in
1331 4785 1526 4856 quibus
1574 4785 1792 4856 quidem
1845 4785 2110 4856 spiritalia

514 4869 832 4944 figurantur,
873 4873 970 4928 sed
1028 4873 1276 4928 animalis
1331 4874 1494 4928 homo
1553 4887 1664 4929 non
1708 4873 1937 4944 percipit
1985 4889 2108 4945 quae

514 4967 638 5014 sunt
668 4959 901 5030 Spiritus
930 4961 1049 5016 Dei.
1093 4960 1434 5033 Quocunque
1488 4977 1624 5033 ergo
1671 4969 1918 5032 tempore
1973 4962 2108 5017 tales

512 5047 763 5104 homines
793 5063 916 5102 esse
944 5050 1208 5119 cmperint
1237 5050 1293 5105 in
1321 5051 1424 5106 hac
1451 5051 1578 5119 vita,
1621 5052 1734 5119 jam
1778 5049 1976 5105 divinis
2005 5065 2107 5120 pro

511 5136 834 5193 saeculorum
861 5136 1236 5194 distributione
1267 5140 1624 5195 sacramentis
1667 5139 1874 5208 imbuti,
1929 5139 2109 5194 adhuc

513 5232 696 5282 tamen
725 5225 1014 5282 carnaliter
1043 5226 1275 5296 sapiunt,
1335 5236 1388 5281 et
1417 5228 1662 5283 carnalia
1707 5228 1776 5282 de
1825 5229 1940 5282 Deo
1993 5227 2108 5282 sive

513 5313 570 5368 in
597 5315 702 5370 hac
729 5314 860 5380 vita,
913 5313 1030 5369 sive
1085 5321 1208 5382 post
1267 5315 1408 5370 hanc
1465 5315 1628 5370 vitam
1673 5323 1894 5386 sperent
1946 5323 2110 5387 atque

516 5400 848 5466 desiderent,
901 5400 1166 5456 animales
1223 5410 1366 5457 sunt.
1424 5423 1446 5453 ι
1497 5405 1565 5460 Et
1621 5404 1750 5459 item
1808 5419 1874 5459 ex
1929 5404 2110 5460 verbis

516 5488 660 5543 beati
704 5489 978 5562 Cypriani,
1028 5497 1086 5545 ut
1133 5491 1334 5561 partim
1387 5499 1444 5545 et
1493 5507 1658 5563 supra
1699 5492 1915 5564 scripsi,
1963 5491 2110 5564 quod

2213 4517 2461 4588 coegisti,
2495 4517 2697 4571 habent
2730 4517 2949 4588 quidem
2979 4518 3404 4585 excusationem,
3437 4519 3698 4589 quoniam
3727 4528 3818 4574 aut

2208 4605 2449 4675 captivas
2477 4621 2672 4660 manus
2701 4605 2820 4660 sine
2849 4606 3030 4662 cordis
3063 4607 3424 4661 consensione
3444 4607 3627 4661 timori
3645 4607 3818 4662 dede-

2208 4701 2353 4758 runt,
2387 4701 2476 4746 aut
2505 4693 2824 4764 ignorantes
2855 4694 2984 4764 quid
3011 4702 3256 4765 agerent,
3289 4693 3510 4764 palliata
3555 4695 3816 4750 suasione

2207 4787 2298 4836 tua
2326 4781 2395 4834 de
2425 4780 2640 4836 vinculo
2668 4782 2819 4851 pacis
2847 4789 2898 4836 et
2927 4782 3304 4838 communione
3347 4781 3497 4852 pacis
3537 4791 3643 4836 tum
3672 4799 3814 4838 con-

2209 4883 2372 4922 sensu
2401 4868 2560 4922 etiam
2591 4869 2956 4939 deliquerunt,
2991 4877 3082 4924 aut
3109 4869 3246 4925 forte
3275 4869 3511 4926 scientes
3555 4877 3610 4924 et
3657 4870 3735 4924 illi
3761 4879 3818 4926 et

2207 4957 2295 5012 isti
2326 4956 2577 5028 quiddam
2609 4957 2708 5011 tibi
2737 4959 2932 5014 exinde
2965 4974 3265 5030 suggerere
3296 4959 3413 5014 ausi
3434 4974 3544 5014 non
3575 4957 3813 5013 fuerunt.

2209 5045 2362 5100 Unde
2391 5045 2581 5100 beatus
2612 5046 2917 5119 Gregorius
2948 5063 2960 5101 :
2999 5069 3020 5096 ι
3055 5048 3249 5114 Nemo,
3281 5047 3472 5118 inquit,
3506 5047 3742 5118 amplius
3759 5047 3818 5102 in

2207 5133 2453 5188 Ecclesia
2479 5141 2657 5198 nocet,
2695 5150 2860 5206 quam
2893 5134 2986 5206 qui
3011 5151 3270 5206 perverse
3301 5150 3473 5207 agens
3495 5151 3694 5190 nomen
3725 5136 3816 5191 vel

2207 5221 2454 5276 ordinem
2509 5221 2809 5276 sanctitatis
2865 5223 3048 5277 habet.
3107 5223 3524 5293 Delinquentem
3573 5237 3818 5294 namque

2209 5309 2352 5364 hunc
2378 5309 2708 5383 redarguere
2737 5311 2918 5366 nullus
2945 5311 3240 5381 praesumit,
3293 5317 3346 5366 et
3394 5310 3450 5365 in
3495 5309 3816 5381 exemplum

2210 5397 2366 5469 culpa
2394 5399 2741 5454 vehementer
2768 5399 3094 5466 extenditur,
3127 5399 3346 5471 quando
3375 5412 3474 5469 pro
3508 5399 3822 5454 reverentia

2211 5495 2422 5552 ordinis
2449 5503 2710 5566 peccator
2737 5497 3056 5565 honoratur,
3089 5496 3286 5568 quibus
3333 5503 3416 5551 est
3455 5493 3666 5552 facilior
3712 5513 3822 5553 ve-
