4020 6182
180 249 277 304 481

897 245 1143 304 orasc.
1200 245 1292 302 ar
1340 200 1563 303 Epis'r.
1620 245 1695 301 1N
1741 243 1967 302 causa
2023 245 2366 304 meum
2418 246 2727 306 LAUDUN.

3387 252 3493 310 £8!

180 372 289 437 nia,
323 369 584 442 quoniam
614 370 755 426 inest
782 369 864 425 eis
891 377 946 427 et
971 369 1147 426 levior
1174 370 1349 443 culpa.
1380 392 1402 421 ι
1434 372 1574 427 Nam
1605 370 1673 426 de
1702 370 1789 426 his
1814 369 1869 431 A
1890 370 2020 442 quid
2048 371 2178 427 mali
2224 370 2443 439 faciant,
2474 372 2659 429 vident
2695 387 2806 429 non
2835 388 2961 429 esse
2988 373 3120 446 quid
3149 374 3373 431 omnino
3400 391 3497 431 re-

181 460 272 531 qui
302 475 408 530 per
454 459 821 532 ignorantiam
868 468 1239 530 peccaverunt
1282 460 1539 525 traducti,
1570 467 1792 514 sanctus

181 548 524 618 Augustinus
554 546 609 600 in
638 556 1104 617 supramemorato
1148 563 1312 617 opere
1352 548 1482 604 dicit
1524 548 1643 619 (lib.
1676 562 1696 601 ι
1724 547 1791 603 de

78 690 81 691 ν
183 638 372 708 Bapt.,
419 651 471 690 c.
506 638 563 703 2)
595 652 609 688 :
646 655 670 685 ι
708 635 764 690 Si
809 651 973 706 quem
1020 634 1179 703 forte,
1231 635 1502 707 inquiens,
1548 636 1791 708 coegerit

182 732 426 777 extrema
464 722 787 791 necessitas,
819 723 913 777 ubi
944 723 1270 778 catholicum
1307 739 1409 794 per
1450 739 1614 794 quem
1642 722 1791 779 acci-

179 811 291 882 piat
335 826 449 865 non
478 810 770 876 invenerit,
804 810 938 865 etin
967 810 1151 866 animo
1200 827 1331 882 pace
1379 811 1649 867 catholica
1691 826 1792 867 cu-

180 898 405 963 stodita,
439 914 540 969 per
569 898 807 969 aliquem
837 906 991 954 extra
1022 899 1282 954 unitatem
1331 899 1657 956 catholicam
1686 915 1793 969 po-

181 986 343 1041 situm
382 985 654 1056 acceperit
702 986 849 1056 quod
880 994 999 1040 erat
1028 986 1083 1040 in
1114 986 1235 1057 ipsa
1276 988 1545 1043 catholica
1587 987 1792 1042 unitate

179 1082 527 1145 accepturus,
562 1074 609 1129 si
640 1074 819 1129 statim
850 1074 1011 1129 etiam
1041 1074 1111 1129 de
1139 1076 1242 1130 hac
1271 1075 1380 1129 vita
1422 1075 1790 1148 emigraverit,

180 1178 289 1217 non
319 1178 451 1216 eum
481 1161 586 1217 nisi
627 1162 954 1218 catholicum
992 1162 1336 1233 deputamus.
1372 1163 1428 1218 Si
1456 1171 1639 1219 autem
1670 1162 1793 1218 fue-

182 1249 248 1305 rit
274 1266 306 1304 a
336 1250 613 1320 corporali
642 1258 817 1305 morte
847 1250 1128 1316 liberatus,
1177 1266 1300 1305 cum
1340 1252 1623 1307 catholica
1656 1266 1793 1307 con-

183 1338 496 1409 gregationi
552 1339 712 1393 etiam
770 1338 1064 1409 presentia
1120 1339 1392 1409 corporali
1457 1339 1790 1406 reddiderit,

182 1426 323 1481 unde
373 1442 655 1498 nunquam
702 1426 870 1482 corde
917 1426 1268 1491 discesserat,
1304 1441 1415 1483 non
1460 1426 1639 1482 solum
1684 1443 1795 1483 non

182 1514 559 1586 improbamus
588 1514 735 1585 quod
764 1512 910 1578 fecit,
943 1514 1041 1569 sed
1070 1515 1231 1569 etiam
1262 1515 1608 1571 securissime
1630 1516 1796 1571 veris-

184 1602 434 1674 simeque
479 1602 786 1668 laudamus,
818 1602 944 1673 quia
970 1612 1297 1674 praesentem
1345 1605 1522 1659 Deum
1568 1603 1797 1659 credidit

1891 460 2230 530 spondeant,
2282 460 2381 516 sed
2424 460 2651 518 nebulas
2692 460 2963 533 imperitis
3009 462 3329 531 ostendunt,
3376 478 3501 519 cum

1889 546 1994 617 ipsi
2039 547 2144 603 vivi
2192 548 2536 615 sorbeantur,
2570 549 2625 604 id
2653 557 2737 604 est
2765 550 3005 606 scientes
3033 558 3088 605 et
3131 558 3498 623 agnoscentes

1890 634 2178 690 intereant.
2213 636 2410 691 Vident
2452 638 2675 692 horrere
2712 637 2966 693 homines
2992 646 3047 693 et
3073 639 3314 710 graviter
3341 639 3501 694 dete-

1891 722 2044 788 stari,
2077 724 2225 795 quod
2254 724 2417 779 etiam
2447 740 2507 780 se
2535 724 2639 795 ipsi
2669 725 2723 779 in
2754 725 2927 780 multa
2972 726 3264 781 schismata
3291 727 3502 783 divise-

1891 818 2032 877 mnt,
2065 818 2121 865 et
2147 811 2381 867 maxime
2409 812 2465 866 in
2494 813 2671 884 capite
2713 812 2917 870 Africa
2946 822 3001 869 et
3030 814 3316 870 notissima
3363 815 3504 871 civi-

1890 904 1999 953 tate
2029 898 2377 972 Carthagine,
2410 900 2589 956 conati
2618 910 2745 955 sunt
2778 902 3050 958 resarcire
3093 902 3337 959 dedecus
3362 919 3504 974 pan-

1891 1002 2090 1042 norum
2118 1002 2361 1053 suorum,
2392 996 2645 1059 putantes
2692 990 2841 1061 quod
2882 998 3106 1061 possent
3152 991 3503 1047 maximiani-

1894 1082 2004 1129 stas
2050 1074 2286 1130 auferre.
2330 1095 2351 1126 ι
2388 1077 2455 1130 Et
2483 1084 2606 1146 post
2651 1077 2834 1149 aliqua
2881 1078 3060 1149 (ibid.,
3094 1094 3143 1133 c.
3179 1083 3245 1135 l2
3277 1087 3331 1134 et
3362 1080 3451 1149 13)
3484 1096 3500 1134 :

1897 1183 1920 1213 ι
1955 1163 2129 1233 Urget
2174 1178 2272 1218 eos
2319 1163 2559 1235 undique
2589 1165 2810 1232 veritas,
2849 1165 3034 1221 vident
3063 1182 3124 1221 se
3154 1182 3263 1222 non
3292 1167 3497 1223 habere

1846 1276 1853 1277 ν
1892 1249 2024 1321 quid
2072 1251 2471 1321 respondeant,
2523 1258 2575 1307 et
2622 1260 2811 1322 putant
2859 1268 2920 1307 se
2964 1269 3076 1309 non
3120 1255 3327 1310 habere
3372 1255 3504 1327 quid

1894 1336 2093 1393 faciant
2113 1355 2127 1393 :
2147 1338 2280 1409 quid
2296 1338 2590 1410 loquantur
2605 1354 2715 1395 non
2734 1340 3036 1413 inveniunt,
3060 1349 3244 1397 tacere
3258 1358 3368 1398 non
3384 1358 3506 1413 per-

1893 1426 2195 1491 mittuntur,
2249 1426 2457 1481 malunt
2501 1426 2780 1497 perversis
2825 1428 3052 1483 vocibus
3097 1430 3308 1485 veritati
3354 1430 3503 1485 relu-

1893 1514 2050 1578 ctari,
2085 1530 2249 1585 quam
2278 1513 2550 1570 confessis
2599 1516 2884 1571 erroribus
2930 1516 3052 1586 paci
3101 1517 3336 1572 restitui.
3369 1517 3504 1587 Quis

1893 1609 2077 1657 autem
2098 1617 2208 1656 non
2228 1601 2496 1673 intelligat
2517 1602 2648 1674 quid
2668 1602 2724 1657 in
2745 1604 2911 1659 corde
2932 1619 3035 1658 suo
3051 1604 3266 1675 possint
3280 1605 3504 1661 dicere?

183 1690 329 1746 cordi
370 1706 505 1778 suo,
555 1690 649 1744 ubi
696 1690 957 1744 unitatem
1005 1691 1273 1746 servabat.
1312 1713 1337 1778 s
1368 1692 1449 1747 De
1490 1691 1575 1746 his
1613 1698 1793 1748 autem
1822 1719 1875 1778 Β
1897 1688 2041 1758 Quid
2070 1705 2202 1760 ergo
2234 1688 2488 1755 facimus,
2518 1690 2788 1778 inquiunt,
2817 1691 2889 1746 de
2921 1692 3008 1746 his
3038 1707 3178 1764 quos
3200 1692 3311 1760 jam
3340 1693 3507 1749 reba-

184 1778 272 1849 qui
299 1777 565 1843 scienter,
606 1778 704 1833 sed
752 1793 919 1834 causa
966 1778 1173 1833 timoris
1200 1779 1288 1834 vel
1317 1777 1538 1845 favoris,
1570 1780 1624 1835 in
1652 1780 1789 1836 hanc

185 1861 685 1937 transgressionem
726 1865 918 1931 ierunt,
951 1866 1060 1922 Leo
1095 1865 1165 1921 ad
1207 1866 1546 1922 Pulcheriam
1593 1870 1789 1940 Augu-

185 1961 318 2008 stam
348 1953 547 2009 scribit
566 1956 754 2027 (epist.
780 1956 910 2024 53):
938 1975 960 2005 ι
986 1954 1075 2010 Sic
1094 1955 1296 2009 utimur
1317 1954 1526 2023 justitia
1555 1971 1791 2012 commo-

185 2041 363 2109 tionis,
396 2050 459 2096 ut
487 2057 599 2097 non
647 2043 954 2097 amittamus
1003 2042 1245 2098 remedia
1290 2043 1563 2098 charitatis
1597 2061 1611 2098 :
1645 2044 1789 2114 quod

185 2129 316 2186 sicut
346 2130 528 2201 pietas
558 2139 746 2185 vestra
775 2130 1058 2204 cognoscit
1077 2146 1189 2185 non
1208 2132 1393 2187 verbis
1412 2131 1543 2187 solis
1572 2134 1793 2203 promit-

184 2218 322 2284 titur,
354 2218 461 2273 sed
488 2218 649 2272 etiam
692 2217 850 2274 factis
890 2218 1136 2274 docetur.
1186 2218 1466 2291 Siquidem
1496 2235 1636 2291 pene
1665 2236 1790 2276 om-

183 2322 296 2373 nes,
340 2311 438 2379 qui
472 2307 531 2362 in
560 2322 890 2363 consensum
932 2307 1364 2378 prassidentium,
1394 2308 1450 2364 in
1480 2308 1573 2364 illo
1602 2310 1789 2380 Ephe-

182 2395 318 2461 sino,
348 2410 465 2450 nou
492 2394 701 2463 judicio
730 2395 828 2450 sed
856 2395 1159 2463 latrocinio,
1181 2403 1273 2450 aut
1302 2396 1535 2452 traducti
1554 2396 1788 2464 fuerant,

183 2490 269 2537 aut
316 2482 522 2548 coacti,
576 2483 939 2539 rescindendo
985 2484 1129 2555 quod
1176 2491 1505 2551 statuerant,
1554 2492 1608 2541 et
1653 2500 1790 2541 con-

185 2570 502 2626 demnando
531 2571 678 2642 quod
708 2572 1058 2642 scripserant,
1091 2580 1410 2643 perpetuam
1448 2572 1623 2643 culpa:
1651 2573 1792 2629 abo-

184 2657 425 2715 litionem
457 2666 516 2714 et
545 2659 863 2729 apostolicae
899 2659 1053 2730 pacis
1098 2661 1329 2732 gratiam
1373 2661 1479 2716 sint
1523 2662 1726 2732 adepti.
1764 2682 1786 2712 ι

180 2746 246 2801 Et
264 2748 320 2802 in
338 2747 578 2819 epistola
597 2748 668 2802 ad
686 2748 991 2803 Anatolium
1011 2748 1200 2820 (epist.
1236 2750 1325 2818 42)
1348 2765 1361 2802 :
1390 2771 1412 2800 ι
1438 2749 1626 2821 Neque
1645 2749 1791 2805 enim

183 2843 356 2905 potest
386 2836 444 2890 in
472 2835 660 2907 aliquo
699 2835 1009 2907 benignitas
1055 2844 1243 2891 nostra
1289 2837 1636 2907 reprehendi,
1669 2853 1790 2893 cum

182 2922 588 2979 satisfacientes
616 2923 929 2994 recipimus,
976 2939 1115 2995 quos
1156 2924 1429 2980 doluimus
1472 2940 1597 2982 esse
1624 2925 1791 2981 dece-

181 3017 319 3080 ptos.
353 3012 475 3067 Nec
504 3027 700 3082 aspere
736 3012 903 3084 igitur
932 3011 1328 3068 communionis
1371 3021 1571 3070 nostra:
1614 3014 1794 3085 gratia

1904 1777 2224 1848 ptizavimus
2239 1778 2268 1832 τ
2296 1778 2366 1832 Et
2393 1793 2493 1833 vos
2516 1795 2531 1832 :
2555 1776 2701 1846 Quid
2729 1794 2866 1850 ergo
2893 1778 3161 1835 faciemus
3178 1780 3248 1836 de
3268 1780 3353 1836 his
3371 1796 3510 1854 quos

1896 1865 2011 1934 jam
2054 1865 2409 1929 traduximus,
2440 1865 2529 1922 vel
2558 1866 2686 1937 quid
2729 1865 2994 1922 faciemus
3022 1869 3115 1940 qui
3143 1869 3369 1925 traducti
3417 1885 3502 1925 su-

1899 1953 2058 2009 mus?
2107 1954 2487 2025 Respondetur
2517 1971 2531 2008 :
2566 1954 2758 2010 Redite
2799 1971 2923 2010 cum
2952 1955 3032 2010 eis
3060 1956 3129 2011 ad
3173 1957 3501 2024 Ecclesium,

1900 2039 2153 2097 videlicet
2180 2043 2250 2097 ad
2278 2042 2688 2098 unanimitatem
2733 2042 3025 2098 fraternam
3058 2061 3073 2099 :
3105 2044 3504 2101 medicamento

1898 2129 2049 2200 pacis
2077 2129 2269 2185 oﬂ‘erte
2299 2131 2574 2187 curandos
2603 2147 2742 2202 quos
2769 2131 3098 2188 vulnerastis
3118 2175 3131 2199 ,
3164 2132 3288 2189 vita:
3316 2132 3502 2189 chari-

1898 2217 2022 2271 tatis
2050 2216 2243 2273 oﬂerte
2272 2219 2611 2274 suscitandos
2641 2235 2779 2291 quos
2816 2220 3112 2276 occidistis.
3146 2221 3372 2277 Multum
3403 2236 3505 2278 va-

1898 2304 1974 2360 let
2001 2307 2072 2361 ad
2120 2306 2527 2378 propitiandum
2574 2308 2749 2363 Deum
2793 2307 3038 2364 fraterna
3086 2309 3399 2365 concordia.
3445 2311 3506 2366 Si

1898 2392 2106 2450 duobus
2117 2411 2192 2450 ea:
2202 2395 2448 2463 vobis,ait
2458 2396 3071 2461 Dominus,convenerit
3082 2412 3251 2470 super
3268 2402 3501 2464 terram,

1897 2482 2167 2553 quidquid
2182 2484 2466 2554 petieritis
2483 2484 2583 2552 ﬁet
2598 2485 2746 2540 vobis
2764 2483 2985 2555 (Matth.
3008 2485 3195 2556 xvm).
3217 2485 3274 2541 Si
3292 2486 3506 2540 duobus

1897 2568 2227 2640 hominibus,
2258 2579 2460 2643 quanto
2480 2571 2659 2642 magis
2679 2572 2894 2627 duobus
2920 2572 3177 2642 papulis?
3207 2573 3378 2629 Simul
3400 2588 3503 2629 nos

1897 2658 2131 2713 Domino
2158 2667 2591 2729 prosternamus,
2620 2660 3020 2730 participamini
3048 2660 3338 2718 nobiscum
3365 2676 3502 2716 una-

1895 2744 2213 2811 nimitatem,
2247 2747 2641 2817 participemur
2666 2747 2951 2803 vobiscum
2987 2747 3256 2817 dolorem,
3288 2757 3344 2804 et
3369 2749 3500 2804 cha-

1894 2832 2025 2887 ritas
2052 2834 2327 2904 cooperiet
2370 2834 2769 2890 multitudinem
2814 2843 3180 2906 peccatorum.
3212 2837 3282 2891 Et
3310 2837 3501 2892 beatus

1896 2920 2199 2993 Gregorius
2219 2922 2272 2976 in
2292 2922 2514 2977 homilia
2528 2922 2833 2978 Ezechielis
2848 2923 2981 2979 dicit
2995 2925 3168 2996 (hom.
3189 2926 3242 2993 7,
3262 2924 3466 2997 inﬂue)
3483 2942 3498 2979 :

1898 3029 1921 3059 ι
1957 3008 2328 3065 Perfectorum
2374 3025 2594 3080 semper
2622 3019 2676 3066 et
2703 3010 2931 3067 virtutes
2960 3019 3015 3067 et
3050 3011 3327 3084 lacrymas
3374 3020 3502 3069 ante

182 3098 508 3171 deneganda
558 3108 660 3167 est,
709 3116 811 3155 nec
860 3108 1064 3156 temere
1105 3100 1390 3172 largienda
1424 3117 1436 3156 :
1485 3101 1610 3173 quia
1655 3102 1795 3158 sicut
1824 3067 2091 3152 Cmentis
2128 3106 2328 3155 nostrae
2363 3098 2551 3154 oculos
2569 3114 2858 3170 ponamus,
2880 3099 3155 3156 imitemur
3175 3117 3297 3172 qua:
3317 3101 3374 3156 in
3393 3101 3503 3157 illis

179 3186 405 3258 plenum
431 3187 657 3258 pietatis
686 3196 771 3244 est
796 3189 1074 3259 oppressis
1104 3190 1422 3245 charitatem
1450 3189 1792 3246 Dominicam

181 3266 501 3345 redhibere,
528 3275 604 3330 ita
623 3276 831 3345 justum
859 3284 942 3331 est
966 3276 1149 3332 omnia
1173 3277 1596 3348 perturbationis
1616 3287 1795 3334 aucto.

179 3362 331 3418 ribus
378 3364 664 3435 imputari.
703 3386 726 3414 ι
759 3364 956 3419 Audite
1004 3365 1169 3436 igitur
1212 3373 1266 3420 et
1304 3373 1361 3420 tu
1408 3374 1462 3420 et
1505 3366 1603 3431 illi,
1655 3381 1794 3437 quos

179 3451 505 3519 traduxisti,
557 3451 643 3507 vel
692 3453 764 3507 ad
811 3461 990 3509 tecum
1036 3453 1492 3509 subscribendum
1538 3453 1789 3526 coegisti,

179 3538 616 3596 admonitionem
661 3540 808 3596 beati
848 3541 1157 3614 Augustini,
1207 3558 1313 3614 qua
1344 3557 1441 3598 eos
1469 3542 1538 3597 de
1567 3541 1676 3597 illis
1706 3542 1791 3597 al-

176 3625 413 3700 loquens
444 3628 542 3699 qui
570 3644 630 3683 se
660 3629 728 3683 ab
757 3629 1106 3686 unanimitate
1149 3628 1388 3686 fraterna
1434 3629 1789 3697 disciderunt,

177 3715 469 3772 admonuit
499 3715 689 3772 dicens
719 3718 840 3789 (tib.
874 3733 914 3772 ιι
941 3718 1009 3774 de
1038 3720 1226 3790 Bapt.,
1257 3734 1307 3774 c.
1343 3719 1430 3785 10,
1464 3718 1552 3788 ll)
1584 3736 1598 3771 :
1635 3740 1659 3769 ι
1694 3718 1791 3774 Vi-

176 3803 361 3871 deant,
387 3803 592 3876 inquit,
622 3802 755 3860 nihil
786 3805 891 3859 sibi
920 3805 1253 3862 remansisse
1281 3806 1431 3878 quod
1460 3806 1661 3872 dicant,
1696 3807 1793 3862 sed

175 3898 355 3949 tamen
408 3893 752 3949 remansisse
802 3894 949 3965 quod
994 3893 1214 3961 faciant,
1245 3902 1304 3950 ut
1342 3910 1445 3966 pro
1486 3894 1645 3950 factis
1691 3910 1793 3951 eo-

176 3995 294 4034 rum
321 3980 628 4051 prmteritis
660 3979 989 4038 sacriﬁcium
1021 3982 1324 4038 dilectionis
1364 3980 1626 4038 offeratur
1671 3983 1792 4055 pla-

174 4068 330 4124 cabili
360 4071 512 4136 Deo,
543 4069 697 4138 cujus
743 4069 1004 4125 unitatem
1050 4069 1258 4127 nefario
1305 4070 1512 4127 scelere
1562 4071 1793 4144 dirupe-

176 4164 310 4223 runt,
341 4157 512 4227 cujus
542 4159 899 4215 sacramentis
929 4167 1039 4213 tam
1070 4159 1356 4214 diuturnas
1397 4159 1618 4229 injurias
1646 4159 1791 4217 irro-

173 4253 394 4315 garunt.
442 4244 760 4302 Misericors
806 4254 892 4302 est
920 4247 1065 4302 enim
1095 4254 1150 4302 et
1174 4247 1459 4303 miserator
1504 4248 1788 4315 Dominus,

171 4330 536 4403 longanimis,
570 4341 624 4389 et
662 4334 889 4390 multum
930 4335 1268 4404 misericors,
1319 4344 1375 4391 et
1418 4351 1602 4392 verax.
1653 4339 1790 4393 Am-

1892 3185 2209 3256 aspicimus,
2242 3194 2300 3241 ut
2326 3186 2455 3241 dum
2486 3187 2810 3259 ceperimus
2855 3203 2957 3258 per
3001 3189 3340 3244 incrementa
3379 3203 3502 3245 cre-

1893 3289 2069 3339 scere,
2101 3273 2374 3344 possimus
2400 3274 2470 3327 ab
2497 3275 2592 3329 illo
2621 3275 2877 3330 distincto
2908 3276 3155 3332 examine
3183 3276 3327 3332 mala
3376 3293 3500 3348 qum

1891 3359 2121 3417 fecimus
2161 3361 2363 3416 velare.
2395 3362 2456 3416 In
2482 3362 2720 3418 assiduis
2765 3363 2910 3418 enim
2950 3363 3188 3429 ﬂetibus,
3221 3364 3277 3418 in
3306 3363 3492 3433 quoti-

1892 3448 2055 3505 diana
2097 3457 2282 3505 nostra
2326 3450 2671 3521 poenitentia,
2724 3450 2993 3507 habemus
3047 3450 3392 3507 sacerdotem
3439 3451 3496 3506 in

1893 3536 2049 3593 caelis
2084 3537 2178 3608 qui
2220 3536 2529 3609 interpellat
2573 3554 2676 3608 pro
2715 3538 2893 3604 nobis,
2926 3538 2996 3593 de
3042 3554 3151 3610 quo
3196 3538 3360 3594 etiam
3399 3555 3501 3611 per

1891 3624 2156 3681 Joannem
2186 3624 2381 3681 dicitur
2403 3643 2416 3678 :
2438 3626 2499 3681 Si
2517 3626 2642 3698 quis
2669 3627 3373 3700 peccaverithadvocatum
3405 3626 3499 3697 ha-

1892 3713 2083 3769 bemus
2103 3714 2254 3786 apud
2274 3716 2505 3770 Patrem
2523 3716 2715 3771 Iesum
2736 3714 3027 3772 Christum
3038 3717 3284 3787 justum,
3304 3721 3362 3771 et
3379 3716 3498 3787 ipse

1893 3806 1980 3858 est
2013 3803 2293 3875 propiatio
2324 3819 2428 3874 pro
2460 3804 2707 3874 peccatis
2742 3804 2956 3859 nostris
2976 3803 3025 3873 (ι
3050 3805 3212 3860 Joan.
3235 3802 3318 3874 ιι).
3350 3804 3498 3859 Ecce

1894 3890 2126 3947 exsultat
2164 3890 2400 3957 animus,
2433 3906 2557 3946 cum
2606 3891 2856 3948 advocati
2885 3892 3057 3947 nostri
3082 3891 3377 3962 potentiam
3404 3907 3502 3946 au-

1893 3978 2073 4035 dimus
2104 3996 2119 4034 :
2153 3979 2251 4035 sed
2280 3978 2691 4035 exsultationem
2721 3987 2962 4036 nostram
2990 3980 3189 4035 iterum
3217 3980 3499 4036 remordet

1891 4066 2072 4133 timor,
2104 4067 2231 4140 quia
2255 4067 2374 4139 ipse
2406 4067 2499 4139 qui
2526 4068 2687 4125 nobis
2715 4068 3012 4125 advocatus
3054 4076 3139 4125 est
3185 4067 3384 4124 dicitur
3402 4068 3498 4137 ju-

1892 4163 2028 4212 stus.
2072 4155 2189 4212 Nos
2231 4155 2377 4211 enim
2422 4171 2615 4212 causas
2662 4156 2938 4225 injustitim
2980 4157 3266 4213 habemus.
3314 4157 3500 4214 Justus

1890 4258 2025 4301 vero
2052 4244 2349 4301 advocatus
2375 4244 2605 4313 injustas
2633 4260 2830 4301 causas
2858 4245 3007 4300 nullo
3034 4246 3201 4301 modo
3247 4245 3495 4315 suscipit,

1891 4348 1993 4389 nec
2021 4333 2191 4389 verba
2236 4333 2370 4388 dare
2418 4348 2519 4403 pro
2565 4333 2823 4401 injustitia
2869 4334 3155 4389 consentit.
3188 4332 3330 4402 Quid
3360 4349 3497 4404 ergo

169 4419 488 4491 plectantur
515 4420 574 4475 in
609 4423 867 4493 praesenti
910 4423 1018 4479 vita
1063 4423 1476 4480 misericordem
1508 4432 1562 4480 et
1589 4424 1789 4498 longa-
1817 4418 1871 4478 D
1891 4420 2127 4494 agimus,
2155 4419 2459 4477 charissimi
2495 4419 2691 4476 fratres
2732 4420 2885 4476 mei?
2929 4420 3039 4475 Sed
3083 4436 3211 4477 ecce
3257 4419 3495 4476 occurrit

168 4509 409 4577 nimem,
464 4516 523 4564 et
565 4509 789 4566 timeant
831 4511 889 4566 in
933 4511 1113 4567 futura
1167 4528 1443 4569 veracem.
1500 4513 1622 4569 Non
1678 4513 1791 4571 vult

169 4597 314 4653 enim
345 4604 587 4663 mortem
630 4598 802 4669 impii,
835 4608 1096 4671 quantum
1121 4608 1183 4655 ut
1211 4609 1515 4658 revertatur
1540 4609 1593 4657 et
1619 4602 1784 4669 vivat,

169 4686 289 4756 quia
319 4686 663 4742 sententiam
692 4686 915 4743 inﬂectit
940 4687 1205 4744 adversus
1242 4689 1469 4758 injurias
1497 4690 1785 4761 irrogatas.

166 4773 291 4830 Hec
321 4783 414 4830 est
445 4781 642 4830 nostra
673 4776 994 4831 exhortatio.
1030 4778 1262 4848 PrOpter
1280 4778 1387 4835 hoc
1406 4794 1502 4834 eos
1522 4778 1789 4834 habemus

166 4860 447 4928 inimicos,
483 4862 614 4934 quia
646 4878 779 4919 vera
808 4863 1060 4932 dicimus,
1096 4865 1225 4936 quia
1265 4874 1443 4922 tacere
1470 4867 1784 4936 metuimus,

168 4950 287 5021 quia
318 4966 553 5007 cessare
584 4950 653 5005 ab
683 4950 933 5008 instantia
962 4962 1160 5025 quanta
1199 4969 1493 5025 possumus
1522 4955 1786 5013 formida-

165 5053 305 5104 mus,
362 5039 499 5111 quia
546 5038 990 5111 obtemperamus
1037 5042 1299 5114 Apostolo
1348 5043 1593 5101 dicenti:
1628 5048 1787 5102 Prw-

164 5126 288 5183 dica
300 5129 567 5193 verbum,
582 5130 739 5184 insta
754 5134 1086 5202 Opportune,
1101 5131 1445 5204 importune,
1459 5142 1650 5204 argue,
1666 5133 1789 5190 hor-

164 5217 283 5272 tare
310 5219 565 5288 increpa
596 5216 675 5286 (II
704 5218 842 5273 Tim.
875 5219 977 5289 tv),
1010 5219 1108 5275 sed
1138 5219 1279 5276 sicut
1306 5220 1666 5293 Evangelium
1698 5221 1784 5278 lo-

161 5304 343 5373 quitur
367 5322 384 5358 :
422 5305 688 5377 Diligunt
706 5306 947 5376 gloriam
972 5307 1269 5364 hominum
1288 5310 1470 5380 magis
1497 5325 1666 5381 quam
1687 5310 1787 5366 Dei

158 5391 342 5458 (Joan.
397 5390 536 5462 xu),
567 5400 622 5447 et
652 5394 980 5464 reprehendi
1009 5394 1081 5450 ad
1124 5402 1337 5467 tempus
1380 5396 1591 5464 tirnent,
1625 5397 1785 5454 dam-

158 5492 272 5547 nari
300 5492 364 5547 in
396 5492 803 5565 sempiternum
846 5510 955 5552 non
998 5495 1206 5552 timent.
1242 5496 1437 5554 Vident
1465 5496 1631 5555 etiam
1679 5496 1784 5568 ipsi

1888 4510 2071 4565 animo
2100 4509 2232 4581 quid
2268 4523 2520 4580 agamus.
2568 4508 2708 4563 Mala
2752 4525 2873 4581 qua:
2909 4508 3156 4578 fecimus,
3188 4517 3241 4565 et
3269 4509 3495 4564 desera-

1887 4614 2011 4654 mus
2040 4605 2094 4654 et
2112 4613 2452 4653 accusemus.
2477 4596 2749 4669 Scriptum
2769 4605 2854 4654 est
2876 4616 2891 4653 :
2912 4599 3105 4654 Justus
3124 4599 3188 4653 in
3206 4596 3490 4669 principio

1888 4691 2186 4743 accusator
2204 4691 2289 4742 est
2309 4688 2400 4743 sui
2421 4687 2607 4757 (Prov.
2638 4689 2825 4757 xvm).
2857 4684 3095 4754 Quilibet
3123 4684 3266 4741 enim
3294 4698 3495 4755 pecca-

1888 4783 1975 4831 tor
2002 4789 2300 4832 conversus
2320 4774 2377 4830 in
2398 4773 2615 4831 ﬂetibus
2638 4774 2751 4843 jam
2772 4775 2953 4844 justus
2982 4788 3106 4829 esse
3134 4772 3353 4829 inchoat
3366 4786 3491 4828 cum

1888 4864 2115 4936 cmperit
2141 4878 2404 4920 accusare
2435 4863 2583 4935 quod
2612 4862 2756 4919 fecit.
2791 4862 2902 4917 Cur
2929 4862 3073 4916 enim
3095 4861 3271 4930 justus
3291 4875 3402 4917 non
3422 4859 3493 4916 sit

1888 4953 1981 5025 qui
2009 4960 2199 5011 contra
2224 4968 2378 5009 suam
2398 4951 2711 5021 injustitiam
2736 4951 2849 5020 jam
2877 4965 2976 5021 per
3001 4948 3268 5022 lacrymas
3293 4948 3491 5007 sevit?

1886 5041 2073 5097 Justus
2103 5041 2267 5113 igitur
2292 5041 2583 5097 advocatus
2609 5045 2799 5095 noster
2828 5039 3007 5107 justos
3036 5053 3138 5095 nos
3165 5037 3408 5095 defendit
3434 5037 3491 5092 in

1881 5129 2108 5199 judicio,
2153 5130 2279 5201 quia
2307 5136 2360 5185 et
2389 5126 2755 5197 nosmetipsos
2799 5133 2854 5182 et
2895 5126 3281 5198 cognoscimus
3311 5134 3369 5182 et
3395 5139 3489 5181 ac-

1885 5232 2143 5275 cusamus
2189 5217 2439 5286 injustas.
2470 5216 2594 5271 Non
2625 5230 2759 5285 ergo
2785 5213 2844 5270 in
2870 5214 3108 5281 ﬂetibus,
3139 5230 3248 5270 non
3274 5214 3330 5268 in
3358 5212 3490 5269 acti-

1884 5306 1987 5362 bus
2013 5305 2238 5372 nostris,
2270 5304 2368 5360 sed
2395 5304 2451 5360 in
2480 5303 2733 5359 advocati
2774 5302 2946 5359 nostri
2988 5302 3320 5375 allegatione
3358 5315 3492 5357 con-

1884 5393 2133 5451 ﬁdamus.
2167 5416 2189 5442 ιυ
2223 5392 2533 5449 Timeamus
2559 5392 2707 5465 quod
2734 5392 3000 5463 scriptum
3019 5398 3140 5447 est:
3163 5389 3333 5446 Filius
3361 5403 3491 5447 ma-

1883 5494 1970 5551 lus
2014 5494 2134 5566 ipse
2162 5508 2224 5550 se
2243 5492 2451 5562 justum
2496 5491 2645 5560 dicit,
2695 5491 2901 5549 exitum
2947 5498 3131 5549 autem
3172 5505 3333 5549 suum
3379 5504 3493 5547 non
