4054 6180
489 215 594 268 483

1518 205 1860 266 ΗΙΝΟΜΔΗΙ
1895 203 2294 264 RHEMENSIS
2329 203 2884 263 ARCHIEPISCOPI.

3675 209 3778 262 484

489 335 694 402 abluit,
725 335 830 392 hoc
855 342 959 404 est,
991 342 1050 390 ut
1077 333 1414 406 Augustinus
1459 332 1588 388 dicit
1607 373 1620 398 ,
1671 347 1782 388 non
1827 337 2082 398 excusat,
2113 330 2170 390 A
2189 331 2318 388 vita:
2345 347 2467 403 quae
2495 347 2649 388 nunc
2679 335 2784 400 est,
2817 335 2878 388 et
2903 333 3116 402 lutum
3143 331 3194 400 (Ι
3225 331 3362 386 Tim.
3395 345 3472 397 IV,
3501 331 3578 398 7).
3607 329 3784 386 Nemo

489 439 600 480 non
641 422 816 492 diluit,
863 437 974 478 non
1014 421 1272 490 defendit,
1301 421 1426 478 Noli
1455 435 1608 492 ergo,
1639 419 1826 489 frater,
1867 427 1922 476 te
1959 434 2093 476 con-

488 519 724 581 vertere,
757 519 880 582 post
923 511 1140 566 auditas
1171 519 1247 566 tot
1277 525 1464 568 sacras
1507 509 1876 574 auctoritates,
1909 516 1963 562 et
1992 507 2092 562 ad-

485 600 832 670 monitiones,
881 616 945 656 ac
991 599 1233 654 salubria
1279 599 1376 654 tibi
1421 605 1674 669 porrecta
1727 596 1974 662 consilia,
2023 595 2091 652 ad

488 689 830 746 excusandas
849 687 1230 744 excusationes
1249 687 1306 741 in
1325 687 1588 758 peccatis,
1609 693 1770 756 atque
1800 685 1870 741 ad
1899 691 2090 740 contu-

489 793 700 834 macem
728 777 1128 843 defensionem,
1152 791 1276 832 cum
1295 791 1457 831 nemo
1480 782 1688 846 quaerat
1709 781 1853 829 tuam
1873 773 2090 828 damna-

487 867 710 934 tionem,
733 866 832 922 sed
853 873 1003 920 tuam
1038 865 1453 929 correctionem,
1480 869 1534 920 et
1552 878 1736 920 coram
1757 863 1874 918 Deo
1909 869 1964 916 et
1991 862 2089 918 ho-

486 956 721 1011 minibus
749 955 1122 1010 salvationem.
1147 955 1216 1008 Et
1232 955 1349 1008 haec
1367 953 1579 1024 legens,
1605 967 1724 1023 quae
1745 951 1840 1006 tibi
1866 958 2090 1022 paterna

486 1043 774 1100 devotione
803 1043 986 1099 scribo
1005 1083 1021 1112 ,
1054 1059 1178 1098 cum
1209 1041 1292 1096 his
1321 1040 1482 1097 etiam
1513 1040 1658 1096 beati
1697 1039 1950 1110 Gregorii
1981 1054 2091 1094 non

485 1132 751 1204 prolixam
793 1132 1086 1188 verborum
1133 1145 1382 1198 numero,
1421 1129 1518 1184 sed
1545 1129 1838 1184 maximam
1864 1143 1928 1198 ac
1955 1142 2088 1198 pre-

485 1221 680 1276 tiosam
699 1219 1075 1291 intelligentia,
1101 1218 1158 1274 in
1176 1217 1375 1273 mentis
1397 1232 1597 1273 arcano
1619 1215 1856 1272 reconde
1876 1222 2090 1272 senten-

483 1309 614 1364 tiam
657 1325 765 1380 qua
809 1308 938 1364 dicit
969 1325 984 1362 :
1023 1328 1044 1358 ι
1081 1309 1143 1362 In
1187 1307 1370 1362 verbis
1389 1348 1404 1370 ,
1455 1305 1734 1377 inquiens,
1785 1305 1932 1361 sacri
1975 1303 2088 1360 elo-

484 1397 598 1468 quii
626 1397 729 1450 iste
759 1395 922 1450 debet
943 1393 1106 1449 studii
1127 1394 1300 1449 nostri
1321 1393 1456 1449 ordo
1483 1393 1708 1460 servari,
1733 1401 1791 1447 ut
1817 1394 1933 1448 haec
1961 1392 2088 1448 ideo

481 1493 894 1556 cngnoscamus,
947 1490 1212 1554 quatenus
1261 1482 1330 1537 de
1379 1481 1659 1553 iniquitate
1705 1489 1890 1536 nostra
1937 1495 2088 1536 com-

482 1572 688 1644 puncti,
720 1579 1120 1644 cngnoscentes
1149 1570 1296 1626 mala
1325 1587 1446 1642 quae
1473 1569 1724 1638 fecimus,
1757 1570 1986 1626 vitemus
2017 1583 2088 1625 ne

2189 419 2612 476 adolescentiam
2655 428 2804 475 tuam
2845 426 3174 484 contemnat,
3207 419 3304 475 sed
3333 417 3640 490 exemplum
3669 427 3786 474 esto

2191 507 2430 562 fidelium
2459 509 2514 564 in
2543 509 2738 574 verbo,
2770 509 2824 564 in
2853 508 3294 575 conversatione,
3327 507 3383 562 in
3411 507 3702 574 charitate,
3733 507 3787 562 in

2191 593 2320 664 fide,
2351 595 2406 651 in
2435 597 2702 652 castitate.
2733 596 2860 652 Noli
2905 597 3186 669 negligere
3233 596 3469 668 gratiam
3499 595 3618 667 qu‘aa
3649 595 3705 650 in
3733 603 3786 651 te

2190 691 2292 750 est,
2323 702 2445 756 quae
2473 685 2594 740 data
2623 693 2704 740 est
2733 684 2830 740 tibi
2875 701 2978 756 per
3018 685 3380 756 pr0phetiam,
3411 692 3464 738 et
3489 683 3788 754 impositio-

2190 789 2318 830 nem
2337 789 2596 829 manuum
2612 773 2940 846 presbyterii
2965 791 2978 828 :
3001 773 3104 828 hoc
3131 773 3277 828 enim
3305 771 3529 838 faciens,
3555 772 3787 844 teipsum

2191 861 2402 917 salvum
2449 861 2638 928 facies,
2672 869 2726 916 et
2755 877 2849 918 eos
2893 861 2986 932 qui
3027 869 3078 916 te
3121 860 3364 916 audiunt.
3405 881 3428 910 ι
3469 860 3563 915 Sin
3607 869 3790 916 autem

2189 950 2338 1018 time,
2383 950 2555 1006 frater
2579 965 2644 1006 ac
2675 950 2770 1016 fili,
2804 950 2950 1023 quod
2998 949 3308 1005 terribiliter
3349 949 3612 1004 Dominus
3661 949 3792 1005 dicit

2187 1038 2238 1094 ci
2265 1038 2359 1110 qui
2387 1055 2552 1094 unum
2598 1038 2860 1094 talentum
2902 1047 3202 1109 acceperat,
3235 1047 3288 1094 et
3317 1037 3507 1093 abiens
3549 1037 3684 1093 fodit
3731 1038 3786 1092 in

2189 1135 2418 1194 terram,
2459 1135 2514 1183 et
2562 1127 2844 1183 abscondit
2889 1127 3178 1198 pecuniam
3223 1125 3429 1182 domini
3473 1126 3594 1181 sui:
3623 1127 3788 1182 Serve

2189 1217 2340 1272 male
2378 1221 2434 1272 et
2467 1217 2648 1289 piger,
2691 1216 2902 1272 sciebas
2941 1218 3074 1287 quia
3101 1219 3252 1272 meto
3277 1215 3376 1270 ubi
3403 1230 3518 1272 non
3548 1217 3786 1282 semina,

2190 1309 2246 1360 et
2275 1321 2540 1376 congrego
2567 1306 2660 1360 ubi
2687 1321 2804 1361 non
2824 1321 3024 1376 spargo
3049 1305 3266 1375 (Matth.
3292 1304 3458 1374 xxv),
3477 1310 3530 1358 et
3551 1302 3786 1374 reliqua.

2187 1391 2472 1448 Talentum
2501 1392 2700 1464 quippe
2731 1393 2786 1447 in
2813 1399 2962 1450 terra
3001 1391 3358 1458 abscondere,
3389 1399 3474 1447 est
3501 1399 3788 1462 acceptum

2186 1481 2466 1553 ingenium
2497 1481 2554 1536 in
2581 1481 2814 1537 terrenis
2843 1481 3052 1538 actibus
3073 1480 3370 1551 implicare,
3395 1479 3604 1535 lucrum
3635 1480 3792 1552 spiri-

2189 1569 2292 1626 tale
2321 1585 2430 1625 non
2460 1585 2727 1641 quaerere,
2763 1585 2860 1626 cor
2880 1585 2914 1624 a
2933 1569 3162 1626 terrenis
3193 1569 3482 1626 desideriis
3513 1583 3790 1641 nunquam

480 1656 584 1712 alia
605 1655 888 1722 faciamus,
912 1663 964 1710 et
985 1655 1240 1723 cumjam
1259 1671 1326 1710 ex
1347 1669 1549 1726 magno
1569 1671 1672 1710 usu
1698 1654 2078 1725 lacrymarum,
2109 1682 2164 1744 Β
2187 1658 2391 1714 levare.
2430 1679 2452 1709 ι
2489 1659 2624 1714 Sunt
2669 1673 2928 1730 namque,
2975 1666 3032 1713 ut
3077 1658 3266 1713 beatus
3311 1658 3440 1712 dicit
3485 1657 3792 1730 Gregorius

481 1746 552 1801 de
579 1753 926 1815 peccatorum
955 1743 1280 1800 remissione
1310 1743 1538 1816 coeperit
1566 1759 1690 1798 esse
1732 1741 1950 1808 fiducia,
1980 1757 2082 1813 per

480 1834 652 1890 verba
678 1834 780 1889 Dei
809 1849 932 1905 quae
959 1832 1330 1905 intelligimus,
1355 1832 1425 1888 ad
1445 1833 1608 1888 vitam
1637 1847 1852 1904 quoque
1873 1839 1925 1886 et
1945 1830 2081 1886 alios

482 1923 776 1978 trahamus.
808 1921 894 1978 Ad
923 1921 1028 1978 hoc
1056 1922 1200 1976 enim
1242 1920 1596 1992 intelligenda
1635 1927 1782 1986 sunt,
1815 1927 1872 1974 ut
1897 1927 1949 1976 et
1975 1933 2081 1974 no—

479 2010 562 2066 bis
581 2011 813 2083 prosint,
835 2019 889 2068 et
907 2009 1206 2066 intentione
1227 2009 1496 2079 spirituali
1513 2009 1636 2066 aliis
1656 2007 2024 2066 conferantur.
2055 2031 2078 2054 ι»

1051 2116 1280 2172 CAPUT
1307 2115 1504 2171 XLIX.

474 2207 824 2264 Admonctur
841 2209 906 2262 ut
936 2207 1221 2261 talentum
1245 2205 1596 2272 intellectus,

763 2278 870 2334 sibi
897 2277 1148 2348 gratuito
1176 2276 1348 2342 dedit,
1384 2291 1502 2330 non
1521 2276 1792 2346 negligat.

549 2364 848 2421 Audimus
877 2373 930 2420 et
959 2363 1315 2420 obaudiamus
1361 2363 1578 2418 beatum
1629 2361 1949 2434 Apostolum
1993 2378 2084 2418 se-

475 2468 600 2510 cum
627 2468 730 2508 nos
757 2453 1142 2508 admonentem
1165 2467 1180 2506 :
1203 2453 1322 2508 Non
1344 2452 1658 2522 efﬁciamur
1677 2451 1872 2507 inanis
1891 2451 2083 2522 gloriae

395 2601 406 2612 ,
473 2541 690 2614 cupidi,
741 2542 984 2597 invicem
1031 2540 1374 2604 invidentes,
1424 2542 1670 2596 invicem
1718 2543 2082 2612 provocantes

474 2630 626 2700 (Gal.
650 2629 739 2702 v);
762 2637 816 2685 et
829 2629 1027 2685 iterum
1049 2629 1208 2684 nobis
1230 2628 1359 2684 dicit
1385 2645 1396 2683 :
1427 2629 1608 2684 Videte
1629 2627 1896 2700 quomodo
1915 2631 2082 2684 caute

476 2717 798 2786 ambuletis,
823 2735 938 2776 non
959 2722 1024 2774 ut
1043 2717 1400 2789 insipientes,
1418 2717 1513 2772 sed
1528 2720 1594 2774 ut
1605 2719 1890 2788 sapientes
1905 2736 1922 2771 :
1939 2715 2085 2772 redi-

473 2811 694 2864 mentes
719 2811 960 2878 tempus,
985 2807 1253 2878 quoniam
1272 2807 1391 2861 dies
1411 2806 1552 2860 mali
1589 2810 1728 2860 sunt
1748 2805 1971 2878 (Ephes.
1998 2805 2079 2872 v),

477 2901 530 2949 et
555 2912 568 2948 :
593 2895 836 2966 Subiecti
855 2897 1030 2949 estote
1051 2894 1294 2948 invicem
1314 2893 1378 2948 in
1402 2895 1602 2950 timore
1627 2893 1840 2949 Christi
1863 2891 2082 2962 (ibid.);

477 2989 568 3038 et:
591 2983 752 3037 Alter
777 2982 1018 3037 alterius
1043 2997 1216 3037 onera
1245 2985 1486 3053 portate,
1512 2985 1568 3036 et
1597 2981 1677 3038 sic
1702 2981 2080 3052 adimplebitis

476 3070 652 3142 legem
693 3070 901 3126 Christi
935 3069 1080 3138 (Gal.
1105 3068 1215 3140 vr);
1241 3077 1294 3124 et
1319 3085 1332 3124 :
1357 3071 1572 3125 Honore
1591 3069 1835 3124 invicem
1867 3083 2079 3140 prceve-

469 3159 695 3214 nientes
723 3157 901 3228 (Rom.
927 3157 1053 3228 xu).
1077 3157 1178 3212 Dic
1211 3157 1380 3212 frater
1405 3172 1470 3213 ac
1505 3157 1601 3224 fili,
1628 3156 1757 3228 quid
1792 3157 1936 3212 aliud
1965 3171 1998 3212 a
2025 3163 2076 3214 te

469 3245 649 3318 exegi,
673 3253 962 3318 postquam
983 3245 1274 3317 episcopus
1295 3245 1470 3302 factus
1493 3261 1573 3315 es,
1597 3253 1652 3300 et
1671 3244 1886 3300 divitias
1907 3253 2078 3301 terre-

1667 2203 1776 2260 uod
1805 2204 2082 2261 Dominus

473 3351 572 3390 nas
601 3334 832 3406 adeptus
863 3350 944 3402 es,
969 3333 1075 3390 nisi
1105 3341 1164 3389 ut
1193 3335 1366 3390 Deum
1395 3334 1628 3390 haberes
1657 3333 2000 3404 placabilem,
2023 3341 2076 3390 et

470 3422 857 3495 episcopaliter
913 3423 1121 3491 vivens,
1173 3431 1226 3479 et
1286 3422 1656 3495 episcOpalem
1709 3421 2074 3478 habitudinem

467 3525 684 3582 gerens,
715 3520 770 3567 te
814 3511 1126 3568 hominibus
1173 3511 1382 3568 faceres
1427 3509 1839 3567 venerabilem?
1885 3517 1938 3566 et
1975 3525 2074 3581 pro

465 3599 664 3672 quibus
693 3615 782 3656 me
811 3609 1002 3668 contra
1020 3608 1072 3655 te
1095 3599 1386 3666 commovi,
1419 3599 1526 3656 nisi
1556 3599 1684 3671 quia
1709 3597 1871 3654 talem
1891 3613 2074 3654 coram

463 3687 582 3745 Deo
611 3687 679 3744 ad
713 3688 963 3758 salutem,
997 3696 1050 3744 et
1077 3703 1262 3744 coram
1307 3687 1506 3744 saeculo
1551 3688 1620 3742 ad
1665 3687 1928 3744 honorem
1959 3687 2074 3758 epi-

463 3777 673 3850 scOpali
719 3778 973 3848 gravitati
1003 3784 1057 3832 et
1086 3775 1266 3832 ordini
1313 3775 1557 3830 debitum
1605 3789 1730 3830 esse
1759 3775 2067 3845 cupiebam,

463 3873 517 3920 et
547 3881 672 3921 esse
701 3865 1162 3920 commonebam?
1201 3871 1257 3920 et
1284 3863 1382 3918 tibi
1411 3865 1514 3920 hoc
1549 3878 1673 3919 esse
1712 3878 1882 3935 grave
1911 3863 2070 3919 vide-

463 3953 591 4009 bam
615 3970 630 4008 :
655 3961 709 4008 et
736 3953 840 4008 hoc
869 3952 1093 4024 quidem
1119 3951 1214 4006 tibi
1246 3965 1416 4024 grave
1444 3953 1709 4008 hactenus
1729 3967 1852 4009 esse
1871 3952 2065 4022 potuit,

461 4047 515 4096 et
544 4047 766 4112 propter
795 4048 1026 4106 aetatem,
1059 4047 1114 4096 et
1141 4041 1270 4111 quia
1300 4041 1484 4096 saeculi
1535 4041 1696 4110 hujus
1747 4041 2068 4096 instabilita-

461 4137 590 4196 tem,
624 4143 690 4185 ac
719 4143 881 4202 quam
929 4127 1192 4184 mutabile
1224 4137 1278 4186 et
1307 4128 1501 4202 fragile
1549 4129 1635 4198 sit,
1666 4129 1912 4200 ;eatenus
1957 4145 2066 4185 non

461 4217 786 4292 cognovisti.
819 4217 977 4274 Nunc
1006 4225 1184 4274 autem
1231 4219 1365 4273 hora
1395 4224 1478 4274 est
1502 4218 1614 4287 jam
1645 4233 1744 4274 nos
1773 4218 1842 4274 de
1873 4233 2066 4274 somno

457 4323 686 4378 surgere
717 4307 896 4378 (Rom.
930 4305 1078 4378 xm).
1111 4306 1180 4362 Et
1209 4321 1320 4362 non
1361 4306 1626 4362 debemus
1675 4321 1798 4362 esse
1845 4323 2066 4378 semper

2183 1747 2397 1818 (Greg.,
2435 1748 2582 1804 hom.
2608 1749 2672 1802 in
2693 1747 2949 1818 Evang.),
2973 1747 3238 1812 nonnulli,
3267 1746 3358 1818 qui
3377 1747 3584 1801 donum
3602 1745 3796 1802 intelli-

2184 1836 2382 1908 gentiae
2409 1843 2788 1906 perceperunt,
2825 1835 2922 1891 sed
2950 1843 3131 1890 tamen
3163 1834 3280 1890 sola
3311 1851 3434 1906 quae
3459 1835 3636 1890 carnis
3667 1844 3794 1891 sunt

2184 1923 2423 1994 sapiunt,
2454 1925 2521 1980 de
2553 1923 2752 1996 quibus
2783 1939 2884 1994 per
2912 1925 3230 1995 praphetam
3259 1921 3459 1979 dicitur
3486 1925 3621 1994 (Jer.
3661 1925 3742 1994 tv)
3775 1939 3790 1976 :

2184 2013 2468 2084 Sapientes
2497 2019 2622 2068 sunt
2651 2021 2709 2068 ut
2733 2012 2936 2068 faciant
2962 2013 3123 2078 mala,
3159 2012 3298 2068 bene
3329 2019 3509 2067 autem
3539 2011 3795 2068 nesciunt

2183 2101 2361 2158 facere
2397 2117 2410 2157 :
2443 2101 2542 2158 sed
2570 2100 2836 2158 Dominus
2867 2102 2958 2174 qui
2997 2101 3200 2156 talenta
3243 2100 3486 2168 contulit,
3519 2100 3792 2156 rationem

2181 2190 2456 2262 positurus
2482 2191 2644 2256 redit,
2677 2189 2802 2262 quia
2831 2189 2878 2244 is
2920 2190 3010 2261 qui
3039 2204 3185 2245 nunc
3231 2189 3496 2260 spiritalia
3525 2189 3670 2244 dona
3703 2189 3791 2244 di-

2183 2278 2414 2346 stribuit,
2467 2277 2712 2335 districte
2761 2278 2818 2332 in
2858 2278 3062 2346 judicio
3108 2277 3301 2333 merita
3345 2277 3608 2349 exquirit,
3661 2277 3794 2350 quid

2183 2366 2431 2440 quisquis
2461 2365 2669 2437 accepit
2701 2365 3028 2433 considerat,
3055 2365 3271 2437 etquod
3297 2365 3509 2422 lucrum
3539 2365 3611 2421 de
3639 2381 3788 2422 acce-

2181 2455 2288 2527 ptis
2317 2463 2580 2526 reportet,
2611 2462 2824 2526 pensat.
2857 2478 2878 2504 ι»
2914 2454 3212 2510 Considera
3243 2470 3379 2526 ergo
3409 2471 3528 2526 quae
3555 2453 3677 2509 sine
3697 2463 3792 2509 tuo

2179 2543 2375 2599 merito
2403 2543 2458 2600 in
2487 2543 2690 2599 talento
2733 2542 3106 2615 intelligentia:
3151 2541 3430 2613 accepisti,
3473 2550 3528 2598 et
3555 2541 3682 2597 vide
3719 2557 3792 2598 ne

2181 2631 2237 2686 in
2267 2639 2414 2686 terra
2441 2631 2574 2687 illud
2611 2631 2935 2698 abscondas,
2971 2639 3026 2687 et
3055 2631 3202 2704 quod
3239 2631 3389 2687 Deus
3425 2630 3588 2702 longe
3619 2629 3792 2686 faciat

2181 2737 2212 2775 a
2239 2727 2314 2789 te,
2353 2719 2482 2777 inde
2511 2719 2579 2776 ab
2611 2720 2706 2778 illo
2734 2719 3030 2778 damneris.

2179 2943 2256 2998 De
2272 2958 2346 3027 ‘eo
2377 2942 2518 3027 quod
2546 2941 2760 3027 dicitur
2797 2853 3450 3027 fg::_U:o:posse,_ut.
3485 2943 3787 3027 quisquam

2111 3038 2160 3101 α
2252 3013 2485 3101 dicatur
2522 3013 2575 3069 ei
2621 3013 2826 3070 bonum
2881 3013 3108 3086 aliquod
3154 3013 3288 3070 sine
3341 3013 3518 3086 ipsius
3577 3013 3786 3069 mer-ito

2253 3084 2592 3140 exhibuisse.

2242 3170 2490 3244 Denique
2538 3171 2736 3228 dicitur
2763 3187 2796 3227 a
2826 3171 3170 3244 quibusdam,
3224 3171 3370 3244 quod
3418 3178 3640 3242 portare
3689 3187 3790 3244 pa-

2178 3258 2370 3316 tienter
2405 3275 2516 3316 non
2556 3259 2756 3330 possis,
2785 3267 2844 3315 ut
2871 3261 2968 3315 tibi
2998 3277 3028 3314 a
3059 3275 3330 3332 quoquam
3373 3259 3598 3326 dicatur,
3635 3260 3790 3331 quod

2177 3347 2466 3420 quisquam
2493 3347 2588 3404 tibi
2617 3348 2821 3404 bonum
2852 3347 3074 3420 aliquod
3117 3349 3237 3404 sine
3264 3355 3357 3404 tuo
3385 3347 3578 3402 merito
3623 3349 3788 3403 exhi-

2175 3435 2372 3494 buerit.
2423 3437 2554 3494 Haec
2599 3453 2836 3509 namque
2885 3437 3116 3508 qualitas
3157 3437 3326 3492 animi
3367 3451 3478 3493 non
3505 3436 3575 3491 de
3605 3436 3790 3492 humi-

2173 3523 2342 3591 litate,
2370 3525 2469 3580 sed
2499 3525 2568 3580 de
2597 3525 2860 3596 superbia
2883 3525 3170 3581 manifeste
3199 3523 3504 3581 descendit.
3528 3523 3614 3579 Ait
3636 3525 3790 3580 enim

2173 3613 2504 3683 Apostolus:
2533 3613 2675 3680 Quid
2704 3616 2860 3670 enim
2889 3615 3054 3670 habes
3083 3613 3226 3686 quod
3257 3631 3372 3670 non
3403 3615 3676 3684 accepisti
3693 3617 3718 3668 .9
3737 3613 3791 3670 si

2173 3705 2366 3758 autem
2387 3702 2677 3774 accepisti,
2702 3701 2836 3774 quid
2854 3704 3120 3772 gloriaris
3141 3703 3304 3775 quasi
3323 3719 3436 3758 non
3459 3701 3791 3774 acceperis?

2172 3789 2224 3860 (Ι
2251 3791 2370 3846 Cor.
2395 3791 2496 3860 tv).
2523 3790 2650 3846 Haec
2680 3789 2826 3845 enim
2857 3798 2912 3844 et
2939 3790 3156 3846 Domini
3187 3789 3547 3858 consuetudo,
3581 3797 3636 3844 et
3666 3805 3790 3844 san-

2171 3885 2382 3934 ctorum
2413 3879 2530 3946 ejus
2559 3877 2616 3932 in
2647 3877 2937 3949 Scripturis
2985 3878 3188 3950 legitur
3227 3893 3378 3946 esse,
3419 3885 3478 3932 ut
3516 3894 3640 3932 cum
3671 3893 3790 3933 non

2171 3965 2617 4040 recognoscimus
2648 3981 2679 4022 a
2710 3981 2818 4038 quo
2861 3967 3003 4022 bona
3034 3967 3365 4040 accepimus,
3401 3975 3452 4022 et
3482 3974 3572 4021 aut
3621 3966 3790 4021 bonis

2169 4055 2324 4111 factis
2353 4055 2507 4110 malis
2538 4055 2798 4126 operibus
2844 4055 3259 4128 respondemus,
3307 4062 3400 4111 aut
3437 4055 3636 4126 ingrati
3667 4053 3791 4110 exi-

2170 4144 2381 4210 stimus,
2415 4143 2774 4200 ostendantur
2803 4144 2945 4200 bona
2974 4161 3094 4216 quae
3143 4145 3302 4200 nobis
3349 4144 3596 4215 impensa
3627 4153 3782 4210 sunt,

2169 4239 2437 4302 quatenus
2465 4231 2554 4288 illa
2583 4241 3069 4304 recognoscentes,
3103 4232 3172 4288 de
3201 4233 3362 4288 malis
3390 4231 3594 4286 nostris
3627 4239 3684 4286 et
3717 4232 3790 4287 de

2167 4319 2437 4376 bonorum
2494 4321 2881 4393 ingratitudine
2931 4321 3340 4388 erubescamus,
3403 4328 3454 4375 et
3511 4319 3578 4374 ad
3635 4319 3791 4375 bona

449 4395 680 4464 juvenes
699 4437 714 4466 ι
748 4395 887 4452 Sicut
915 4396 1016 4451 bos
1061 4395 1241 4451 malus
1269 4409 1486 4466 semper
1515 4402 1598 4452 εει
1625 4395 1844 4452 νίῑυιιιει
1885 4395 2066 4451 Debe'
2093 4391 2147 4452 D
2169 4411 2495 4481 reparanda,
2539 4391 2592 4464 et
2636 4409 2700 4464 ad
2753 4410 2962 4480 gratias
3009 4409 3326 4466 referendas
3371 4415 3788 4465 convertamur.

455 4499 578 4540 mus
625 4491 750 4540 ante
787 4484 976 4542 oculos
1021 4484 1222 4540 mentis
1268 4483 1523 4557 neglecta
1575 4484 1854 4552 reducere,
1903 4491 1954 4538 et
2000 4484 2070 4539 de

453 4573 704 4645 pristinis
735 4573 1083 4640 erubescere,
1131 4573 1268 4628 sicut
1309 4573 1570 4645 egregius
1613 4572 1938 4644 praedicator
1967 4587 2070 4628 nos

453 4662 754 4720 admonens
769 4661 900 4718 dicit
919 4679 932 4715 :
961 4661 1134 4728 Quem
1153 4665 1410 4732 fructum
1427 4662 1702 4718 habuistis
1722 4665 1856 4717 tunc
1874 4663 1937 4716 in
1953 4663 2072 4733 qui-

460 4749 560 4806 bus
603 4767 760 4806 nunc
797 4750 1127 4806 erubescitis
1175 4751 1354 4820 (Rom.
1385 4749 1506 4820 vr)?
1533 4750 1605 4805 Et
1639 4749 1904 4805 debemus
1941 4763 2066 4806 cer-

459 4845 598 4906 tare,
623 4842 690 4894 ut
719 4841 978 4909 fructum
1007 4842 1270 4894 nostrum
1308 4837 1612 4894 habeamus
1641 4839 1704 4892 in
1732 4839 2064 4906 sanctiﬁca-

455 4926 630 4992 tione,
653 4927 828 4994 ﬁnem
847 4943 978 4983 vero
999 4927 1176 4983 vitam
1203 4930 1500 4982 ceternam.
1525 4927 1590 4982 Et
1611 4925 1678 4992 si,
1698 4925 1868 4981 frater
1887 4933 1942 4982 et
1963 4925 2061 4992 fili,

449 5029 538 5071 me
571 5027 681 5070 non
714 5013 798 5070 vis
831 5023 925 5070 aut
957 5014 1276 5088 dedignaris
1309 5015 1500 5070 audire
1521 5057 1532 5081 ,
1556 5013 1682 5069 audi
1699 5021 1749 5068 et
1767 5013 1963 5069 obaudi
1980 5013 2064 5085 ip-

448 5117 572 5160 sum
586 5103 806 5159 beatum
837 5103 1058 5160 Paulum
1086 5103 1392 5176 apostolum
1407 5102 1749 5158 Timotheum
1760 5101 2063 5173 spiritalem

452 5189 624 5248 filium
653 5207 832 5262 suum,
865 5207 1030 5265 quem
1055 5193 1316 5262 juvenem
1347 5192 1664 5263 episcopum
1693 5191 2059 5262 ordinaverat,

449 5281 838 5338 admonentem
859 5299 873 5336 :
899 5283 1136 5350 Exerce,
1159 5281 1352 5352 inquit,
1378 5283 1624 5354 teipsum
1643 5279 1718 5336 ad
1745 5281 2020 5352 pietatem
2041 5299 2062 5337 :

445 5385 588 5424 nam
599 5371 908 5442 corporalis
925 5371 1264 5428 exercitatio
1277 5369 1350 5424 ad
1363 5369 1650 5428 modicum
1659 5369 1826 5426 utilis
1837 5373 1940 5438 est,
1947 5371 2062 5442 pie-

447 5467 536 5521 tas
549 5467 829 5526 autemad
849 5470 1042 5526 omnia
1063 5467 1232 5524 utilis
1251 5467 1357 5534 est,
1379 5468 1820 5538 promissionem
1847 5467 2060 5526 habens

2173 4497 2264 4554 Sic
2311 4499 2457 4555 enim
2505 4497 2774 4554 Dominus
2821 4513 2986 4569 agere
3031 4498 3087 4553 in
3134 4497 3428 4570 Scripturis
3475 4497 3792 4567 saepissime

2168 4585 2388 4660 legitur,
2411 4595 2468 4642 ut
2496 4585 2564 4642 de
2597 4586 2844 4659 pluribus
2873 4601 3048 4658 pauca
3075 4601 3305 4643 numero
3335 4585 3432 4641 sed
3451 4600 3562 4640 non
3583 4586 3792 4641 merito

2169 4676 2238 4730 ad
2269 4675 2511 4732 medium
2541 4675 2890 4732 devocemus.
2925 4675 3013 4730 Ait
3039 4675 3184 4730 enim
3213 4675 3280 4730 ad
3309 4672 3638 4745 peculiarem
3675 4689 3792 4744 po-

2167 4763 2351 4834 pulum
2383 4780 2542 4820 suum
2567 4781 2580 4819 :
2603 4765 2814 4836 Populo
2841 4779 3020 4830 meus,
3055 4763 3190 4836 quid
3213 4763 3486 4818 molestus
3517 4764 3607 4832 fui
3638 4763 3792 4818 tibi?

2169 4853 2408 4910 Ostende
2429 4853 2592 4908 mihi.
2607 4853 2838 4908 Adduxi
2853 4869 2942 4908 vos
2961 4867 3063 4924 per
3087 4853 3372 4907 desertum
3399 4850 3792 4924 quadraginta

2165 4942 2356 5010 annis,
2371 4957 2488 4998 non
2500 4945 2636 4997 sunt
2657 4941 2866 4996 attrita
2887 4943 3228 4997 vestimenta
3253 4943 3460 5006 vestra,
3477 4955 3704 4994 manna
3717 4939 3791 4995 de

2165 5031 2299 5086 caelo
2317 5031 2444 5102 plui
2473 5029 2639 5096 vobis,
2666 5033 2722 5086 et
2742 5029 2901 5087 obliti
2931 5031 3066 5085 estis
3095 5045 3186 5085 me
3210 5033 3232 5083 ?
3261 5029 3444 5098 (Mich.
3473 5028 3573 5098 vi).
3606 5025 3680 5082 Et
3715 5027 3792 5083 ad

2163 5117 2336 5174 David
2356 5116 2614 5174 dilectum
2633 5133 2855 5174 servum
2875 5133 3054 5184 suum,
3069 5117 3138 5173 de
3157 5131 3266 5189 quo
3283 5116 3443 5172 dicit:
3461 5116 3658 5171 Inveni
3675 5117 3794 5171 Da-

2163 5205 2257 5262 vid
2276 5222 2500 5262 servum
2519 5223 2732 5274 meum,
2756 5207 2854 5279 qui
2868 5208 3012 5278 facit
3033 5221 3227 5262 omnes
3249 5206 3571 5261 voluntates
3591 5219 3786 5259 meas.

2161 5296 2291 5366 Ego,
2331 5293 2523 5366 inquit,
2559 5299 2614 5352 te
2649 5295 2759 5351 tuli
2794 5293 2860 5350 de
2895 5295 3055 5351 domo
3083 5293 3269 5367 patris
3299 5295 3404 5358 tui,
3439 5297 3494 5348 et
3520 5295 3692 5364 posui
3727 5297 3790 5348 te

2161 5399 2390 5453 pascere
2417 5400 2638 5457 gregem
2653 5383 2846 5454 populi
2859 5384 2992 5451 mei,
3015 5387 3072 5440 et
3095 5383 3187 5454 fui
3215 5386 3403 5439 tecum
3421 5383 3486 5436 in
3505 5381 3784 5438 omnibus

2163 5473 2483 5546 ubicunque
2495 5473 2824 5540 ambulasti,
2841 5473 3082 5542 ﬁrmans
3096 5487 3338 5544 regnum
3357 5475 3519 5526 tuum
3533 5470 3596 5525 in
3615 5473 3794 5526 arter-
