4020 6182
197 276 306 330 485
920 271 1164 330 OPUSC.
1208 273 1299 328 ET
1354 271 1570 329 EPIST.
1620 271 1695 327 IN
1749 270 1977 328 CAUSA
2030 270 2376 328 HINCMARI
2431 270 2735 329 LAUDUN.
3402 258 3521 328 ηδ’

204 414 352 454 num
383 398 463 468 (II
491 400 623 469 Reg.
657 397 779 468 vn).
809 396 877 453 Et
920 395 1026 453 alia
1072 396 1309 469 plurima
1350 413 1473 469 qua:
1508 396 1587 452 illi
1614 396 1821 467 impro-
1848 394 1905 455 A
1929 396 2168 451 exterius
2189 396 2503 467 proticiunt,
2535 396 2662 451 inde
2691 396 2763 451 ab
2796 394 2999 477 intimis
3028 394 3249 451 cadunt.
3269 393 3515 450 Amultis

203 493 387 557 perat,
441 486 704 557 quoniam
747 493 870 555 post
915 484 1237 556 multiplicia
1283 486 1429 541 dona
1471 485 1714 558 graviter
1759 484 1814 539 in
1919 483 2065 539 enim
2089 484 2307 551 dicitur,
2340 484 2488 557 quod
2511 485 2602 540 vix
2639 484 2819 556 pauci,
2851 491 2945 540 aut
2975 483 3157 555 potius
3186 482 3322 538 nulli
3370 482 3518 554 apud

205 590 332 629 eum
365 573 489 628 sine
517 581 775 644 respectu
804 581 1144 643 peccaverat.
1194 574 1340 645 Lege
1382 574 1642 645 epistolas
1669 571 1819 627 Pauli

204 662 277 716 ad
309 661 629 717 Corinthios
657 668 711 716 et
738 661 810 715 ad
839 660 1081 727 Galatas,
1115 670 1169 716 et
1196 662 1324 718 hinc
1353 660 1685 718 sufﬁcienter
1729 660 1819 715 in-

207 750 423 806 venies.
455 749 596 804 Nam
625 757 855 820 quatuor
880 749 1118 819 legimus
1171 750 1384 821 species
1431 748 1816 820 arrogantium,

206 854 333 894 cum
365 845 461 892 aut
492 838 699 892 bonum
729 853 790 892 se
818 844 1008 907 putant
1036 852 1069 892 a
1098 854 1158 893 se
1189 838 1391 894 habere
1419 838 1564 909 quod
1590 837 1816 903 habent,

206 934 298 980 aut
329 941 439 996 pro
486 925 700 980 meritis
747 925 862 980 suis
907 942 968 982 se
1015 926 1218 982 habere
1264 926 1408 998 quod
1452 926 1671 992 habent,
1729 933 1821 980 aut

206 1004 563 1078 singulariter
582 1021 644 1060 se
674 1004 876 1060 habere
905 1005 1052 1077 quod
1080 1006 1302 1072 habent,
1334 1013 1427 1061 aut
1455 1021 1571 1077 prae
1605 1005 1820 1061 ceteris

206 1109 267 1148 se
294 1093 510 1148 habere
540 1092 686 1164 quod
717 1093 935 1147 habent.
956 1094 1042 1148 Ab
1058 1094 1145 1150 his
1159 1094 1414 1150 omnibus
1435 1109 1531 1150 cor
1549 1102 1701 1149 tuum
1717 1109 1818 1150 cu-

204 1179 537 1250 stodi,juxta
558 1181 707 1253 quod
735 1180 998 1252 scriptum
1028 1189 1111 1237 est
1144 1198 1158 1237 :
1193 1182 1360 1238 Omni
1384 1183 1639 1240 custodia
1661 1198 1821 1239 serva

218 1285 317 1325 cor
339 1273 530 1335 tuum,
565 1270 835 1342 quoniam
859 1285 935 1325 ea:
956 1270 1076 1342 ipso
1095 1270 1213 1327 vita
1235 1272 1491 1344 procedit
1518 1272 1701 1341 (Prov.
1716 1270 1817 1342 tv).

850 1420 1076 1478 CAPUT
1105 1422 1189 1477 LI.

192 1527 282 1583 'De
293 1528 549 1593 exeniis,
571 1543 695 1600 qua:
713 1543 750 1584 a
768 1528 991 1585 clericis
1012 1532 1070 1586 et
1091 1529 1258 1585 laicis
1269 1529 1493 1601 exigere
1507 1528 1817 1586 dicebatur.

278 1632 497 1690 Dicitur
524 1640 580 1687 et
606 1649 639 1687 a
668 1633 873 1703 multis,
906 1635 1053 1706 quod
1081 1642 1135 1690 et
1164 1633 1398 1691 clericos
1446 1643 1499 1689 et
1526 1635 1694 1690 laicos
1726 1634 1823 1690 tibi

212 1720 549 1777 commissos
577 1721 635 1776 in
662 1720 849 1778 multis
877 1723 1085 1778 exeniis
1107 1738 1208 1794 per
1238 1722 1483 1779 diversas
1506 1722 1822 1779 occasiones

208 1824 431 1880 graves,
482 1810 633 1880 quod
663 1817 882 1867 sanctus
913 1811 1021 1867 Leo
1049 1825 1192 1883 papa
1220 1826 1331 1867 non
1377 1810 1689 1867 christiana;
1717 1810 1821 1866 de-

207 1897 443 1963 votioni,
475 1897 702 1954 minime
735 1906 918 1954 autem
929 1898 1228 1969 episcopali
1256 1898 1509 1972 religioni
1525 1899 1822 1956 convenire

208 1980 537 2047 ostendens,
570 1980 703 2037 dicit
735 1997 748 2036 :
784 2004 808 2028 σ
840 1981 1006 2049 Sicut,
1030 1982 1201 2053 inquit
1229 1983 1417 2055 (epist.
1452 1985 1540 2049 84,
1563 1983 1637 2037 ad
1664 1984 1820 2039 Ana-

209 2068 403 2140 παι),
459 2069 723 2140 praelatus
766 2084 876 2125 non
923 2069 1037 2125 vult
1080 2069 1270 2141 gravis
1315 2071 1500 2127 oneris
1547 2071 1821 2128 sarcinam

206 2155 375 2223 ferre,
409 2157 491 2212 ita
520 2173 632 2213 non
660 2158 858 2214 audeat
885 2157 1005 2213 aliis
1066 2158 1413 2231 importabile
1460 2160 1675 2232 pondas
1719 2160 1822 2217 im-

206 2260 442 2317 ponere.
476 2245 743 2316 Discipuli
771 2246 918 2302 enim
946 2262 1135 2303 sumus
1162 2247 1386 2303 humilis
1413 2256 1465 2303 et
1500 2248 1646 2304 mitis
1702 2263 1820 2304 ma-

221 2332 384 2405 gistri
395 2333 666 2390 dicentis:
696 2337 904 2391 Discite
919 2352 1053 2391 ame
1064 2338 1198 2408 quia
1207 2337 1367 2392 mitis
1379 2354 1505 2393 sum
1517 2339 1821 2394 ethumilis

209 2422 466 2489 corde,et
484 2424 791 2479 invenietis
809 2426 1060 2496 requiem
1071 2426 1369 2482 animabus
1384 2427 1585 2483 vestris
1596 2427 1817 2497 (Matth.

205 2510 310 2582 ιι).
343 2508 457 2579 Qui
487 2510 711 2566 humilis
731 2519 786 2567 et
813 2512 960 2568 mitis
986 2512 1254 2586 magister
1296 2514 1496 2570 iterum
1544 2514 1614 2572 de
1662 2514 1821 2588 gravi

210 2606 263 2653 et
318 2598 664 2670 importabili
709 2600 939 2671 praelato
968 2601 1099 2657 dicit
1130 2619 1143 2656 :
1177 2602 1237 2657 Si
1278 2602 1515 2673 dixerit,
1547 2603 1817 2676 inquiens,

211 2688 401 2743 matus
415 2688 523 2744 ille
540 2703 736 2744 servus
748 2690 811 2744 in
831 2688 995 2746 corde
1004 2706 1125 2756 suo,
1140 2706 1361 2747 moram
1370 2694 1517 2762 facit
1547 2692 1821 2749 Dominus

1916 577 1969 623 te
1990 568 2249 640 quiddam
2279 567 2549 636 beneﬁcii,
2583 569 2688 624 nisi
2714 568 2924 640 praemii
2953 568 3176 624 datione
3221 567 3515 639 praevalent

1917 655 2160 712 obtinere
2193 672 2207 710 :
2237 656 2381 729 quod
2410 657 2544 712 satis
2573 673 2849 729 superque
2898 665 3213 713 sanctarum
3266 655 3514 727 Scriptu-

1918 758 2104 799 rarum
2135 744 2439 801 auctoritati
2467 744 2821 813 contrarium,
2856 752 2911 801 et
2966 759 3236 801 canonum
3289 751 3373 800 est
3420 758 3514 799 sa-

1917 848 2138 888 crorum
2206 832 2444 889 decretis
2497 833 2809 899 adversum,
2867 840 2926 888 ut
2976 848 3069 889 res
3127 841 3180 888 et
3234 831 3518 888 facultates

1917 919 2337 987 ecclesiasticas,
2388 937 2527 993 quas
2581 922 2637 977 in
2694 922 3033 978 ordinatione
3100 921 3399 993 episcopali
3445 921 3514 978 ad

1917 1009 2220 1082 regendum
2250 1017 2305 1065 et
2334 1010 2660 1082 regulariter
2696 1010 3124 1083 dispensandum
3184 1009 3303 1065 sine
3338 1011 3515 1081 pretio

1918 1097 2227 1169 suscepisti,
2287 1097 2359 1153 ad
2416 1099 2594 1169 turpis
2649 1098 2783 1154 lucri
2862 1099 3149 1171 praemium
3202 1099 3259 1154 in
3307 1097 3514 1155 beneﬁ-

1918 1185 2063 1243 cium
2139 1186 2335 1253 dones,
2408 1200 2534 1243 cum
2601 1184 2800 1242 Paulus
2883 1187 3164 1259 apostolus
3235 1186 3356 1243 Tito
3410 1187 3515 1242 de-

1920 1275 2166 1331 scribens
2235 1273 2417 1347 qualis
2484 1272 2682 1331 debeat
2755 1289 2879 1330 esse
2964 1276 3288 1348 episcopus,
3372 1274 3518 1331 inter

1921 1362 2032 1419 alia
2085 1363 2283 1419 dicat:
2320 1363 2566 1436 Oportet,
2657 1361 2936 1434 inquiens,
3003 1365 3321 1436 episcopum
3391 1366 3517 1420 sine

1920 1453 2161 1508 crimine
2172 1467 2292 1507 esse
2309 1454 2461 1507 sicut
2474 1451 2574 1507 Dei
2591 1452 3178 1523 dispensatorem,non
3189 1452 3485 1525 superbum
3497 1496 3510 1519 ,

1920 1556 2035 1595 non
2055 1540 2416 1607 iracundum,
2442 1555 2558 1595 non
2570 1540 2944 1605 vinolentum,
2968 1556 3084 1596 non
3105 1555 3514 1611 percussorem,

1920 1639 2036 1681 non
2058 1624 2243 1695 turpis
2269 1624 2415 1680 lucri
2453 1623 2725 1696 cupidum
2772 1624 2908 1694 (Tit.
2956 1623 3020 1695 ι).
3068 1624 3139 1678 Et
3193 1624 3326 1679 item
3371 1624 3518 1681 idem

1922 1719 2081 1777 dicit:
2103 1720 2358 1776 Avaritia
2387 1737 2509 1793 qua:
2531 1724 2619 1776 est
2644 1721 2926 1777 idolorum
2938 1722 3184 1777 servitus
3213 1721 3439 1794 (Ephes.
3457 1735 3512 1788 v,

1922 1804 1977 1876 5)
2002 1822 2017 1870 ;
2042 1804 2113 1859 Et
2141 1821 2153 1857 :
2180 1804 2365 1861 Radix
2386 1805 2645 1860 omnium
2664 1805 2948 1860 malorum
2968 1805 3249 1877 cupiditas
3270 1802 3325 1875 (ι
3376 1806 3514 1861 Tim.

1921 1908 1996 1959 γι,
2025 1892 2134 1963 10).
2182 1892 2253 1949 Et
2292 1892 2433 1949 sacri
2454 1893 2914 1964 Carthaginenses
2951 1898 3191 1949 canones
3234 1894 3385 1964 (can.
3409 1895 3467 1965 5)
3500 1909 3515 1949 :

1925 2003 1947 2032 ι
1981 1981 2238 2051 Omnino,
2271 1981 2538 2053 inquiunt,
2558 1982 2815 2053 cuiquam
2843 1981 3162 2037 clericorum
3190 1997 3302 2037 non
3355 1982 3517 2038 liceat

1920 2070 1989 2126 de
2012 2070 2249 2143 qualibet
2289 2087 2351 2126 re
2362 2071 2520 2126 fenus
2544 2070 2796 2142 accipere
2819 2089 2835 2138 ;
2860 2091 2882 2120 ι
2904 2077 2956 2126 et
2975 2068 3135 2141 paulo
3154 2077 3311 2141 post:
3334 2091 3357 2121 ι
3380 2071 3515 2127 Pro-

1920 2158 2050 2215 inde
2081 2159 2228 2231 quod
2259 2160 2317 2214 in
2345 2159 2498 2216 laicis
2526 2160 2962 2231 reprehenditur,
3013 2159 3068 2213 id
3116 2159 3284 2215 multo
3337 2159 3515 2233 magis
3550 2192 3551 2195 η

1920 2248 2082 2304 debet
2108 2247 2399 2305 inclericis
2427 2248 2812 2320 praedamnari.
2845 2248 3168 2305 Universum
3224 2246 3517 2304 concilium

1920 2336 2062 2392 dixit
2092 2355 2106 2391 :
2135 2337 2312 2394 Nemo
2332 2346 2519 2393 contra
2549 2338 2862 2409 prophetas,
2892 2351 3056 2393 nemo
3094 2344 3287 2392 contra
3331 2337 3517 2393 Evan-

1921 2424 2067 2498 gelia
2089 2425 2213 2482 facit
2239 2426 2359 2482 sine
2386 2426 2650 2498 periculo.
2688 2446 2712 2475 ι
2746 2426 2815 2483 Et
2864 2426 3147 2481 Nicmnum
3201 2425 3511 2496 concilium,

1922 2513 2067 2585 quod
2096 2529 2244 2587 saepe
2272 2521 2329 2571 et
2355 2514 2412 2570 in
2438 2513 2562 2571 aliis
2590 2512 2864 2570 invenitur
2891 2514 3207 2584 canonibus,
3230 2528 3386 2570 more
3415 2530 3516 2569 suo

1919 2602 2104 2673 plures
2146 2618 2343 2660 causas
2386 2618 2495 2659 uno
2548 2603 3020 2673 comprehendens
3075 2602 3333 2673 capitulo,
3390 2602 3519 2660 hinc

1921 2707 2044 2747 cum
2099 2691 2222 2747 aliis
2274 2691 2585 2748 conclusive
2641 2690 2772 2747 dicit
2828 2692 2979 2761 (can.
3012 2691 3103 2761 1⁵7)
3138 2708 3152 2744 :
3189 2712 3212 2741 α
3247 2690 3517 2759 Quoniam

210 2789 374 2831 meus
416 2777 636 2843 venire,
675 2781 735 2832 et
760 2780 993 2847 ceperit
1014 2783 1310 2850 percutere
1339 2795 1634 2837 conservos
1669 2796 1815 2848 suos,
1918 2787 2074 2844 multi
2104 2787 2207 2843 sub
2234 2788 2429 2860 regula
2456 2786 2734 2845 constituti
2786 2786 3069 2843 avaritiam
3110 2795 3163 2844 et
3192 2788 3368 2859 turpia
3422 2788 3505 2845 lu-

208 2865 528 2920 manducet
546 2868 743 2921 autem
762 2867 1122 2922 etbibatcum
1134 2868 1329 2933 ebriis,
1348 2871 1822 2926 venietDominus
1921 2891 2015 2933 cra
2042 2883 2341 2943 sectantur,
2370 2877 2516 2946 juste
2544 2875 2755 2933 censuit
2781 2882 2975 2932 sancta
3001 2882 3055 2931 et
3088 2891 3291 2949 magna
3344 2893 3516 2949 syno-

208 2955 360 3008 servi
379 2954 554 3010 illius
572 2954 639 3008 in
653 2954 744 3009 die
759 2970 869 3026 qua
878 2971 992 3011 non
1003 2960 1211 3028 sperat,
1230 2960 1287 3013 et
1300 2956 1436 3014 hora
1451 2975 1561 3030 qua
1570 2959 1817 3031 ignorat,

1922 2974 2045 3042 dus,
2076 2982 2134 3031 ut
2164 2973 2211 3030 si
2250 2974 2481 3046 quisque
2524 2974 2776 3031 inventus
2816 2974 2979 3031 fuerit
3023 2990 3089 3031 ex
3131 2974 3516 3033 adinventione

209 3041 508 3138 eidividet
524 3057 678 3138 eum,
699 3046 1030 3138 partemque
1041 3046 1166 3117 ejus
1171 3049 1346 3117 ponet
1363 3062 1496 3103 cum
1517 3047 1820 3120 hypocritis

1921 3041 2103 3135 aliqua
2131 3062 2221 3120 vel
2253 3041 2493 3135 quolibet
2520 3064 2687 3119 modo
2716 3064 3002 3138 negotium
3046 3065 3379 3137 trausigens,
3432 3065 3519 3123 vel

207 3129 434 3197 (latth.
458 3130 650 3233 xxiv).
663 3130 864 3233 '«Hinc
884 3113 1078 3188 beatus
1095 3113 1226 3189 dicit
1248 3113 1818 3207 Gregorius'(-Pastor.

1920 3113 2124 3225 aliquid
2152 3113 2288 3208 tale1
2299 3166 2529 3224 prorsus
2565 3113 2887 3225 excogitan
2928 3153 3103 3224 turpis
3145 3113 3283 3210 luc‘i-i
3322 3113 3515 3228 gratia,

205 3230 427 3315 n,.cap.
462 3217 526 3315 β)
559 3233 630 3320 τ’(
658 3218 1155 3320 lnterhypocritss
1181 3222 1328 3279 enim
1342 3222 1465 3291 jure
1509 3224 1819 3295 deputatur,

1920 3217 2205 3311 dejiciatur
2231 3254 2267 3296 a
2294 3217 2464 3307 clero,
2505 3249 2559 3297 et
2594 3217 2804 3297 alienus
2846 3217 3041 3297 existat
3072 3258 3102 3296 a
3150 3217 3356 3313 regula:
3393 3263 3416 3293 ι
3449 3217 3520 3298 Et

204 3305 781 3406 qni‘fx.31mumi°_n°
1146 3310 1511 3406 myﬁlerium
1534 3312 1822 3406 τεείωίξιίε
1919 3305 2030 3385 Ι.έο
2068 3328 2124 3384 in
2153 3328 2384 3400 epistola
2412 3305 2482 3384 ad
2501 3328 2785 3387 universos
2814 3329 3103 3400 episcOpos
3119 3305 3519 3400 per'uuiversas

201 3394 370 3450 vertit
399 3394 462 3449 in
493 3410 657 3450 usum
684 3394 1090 3452 dominationis.
1129 3416 1153 3447 ι
1184 3397 1253 3454 Et
1302 3398 1494 3454 beatus
1542 3398 1820 3471 apostolus

1920 3394 2230 3486 provincias
2290 3416 2659 3472 constitutos:
2696 3438 2719 3469 ς
2765 3394 2924 3485 una,
2970 3394 3148 3488 inquit
3189 3418 3376 3490 (epist.
3438 3419 3515 3489 1),

202 3490 411 3548 Paulus
427 3498 729 3562 vetat,non
734 3508 1126 3565 percussorem
1140 3496 1594 3569 esseepiscopum
1609 3496 1663 3569 (Ι
1680 3498 1820 3552 Tim.
1921 3502 2171 3560 duximus
2198 3505 2670 3575 pramonendum,
2703 3511 2759 3559 ut
2788 3504 2927 3560 sicut
2962 3518 3074 3561 non
3116 3520 3234 3572 suo,
3289 3506 3362 3561 ita
3408 3521 3518 3561 non

205 3594 307 3646 Ill;
348 3582 461 3636 Tit.
500 3581 561 3650 ι).
592 3580 717 3636 Νοιι
745 3580 966 3654 quidem
996 3582 1089 3653 qui
1142 3597 1254 3639 non
1296 3584 1567 3657 percutiat
1621 3584 1822 3658 pugnis
1921 3591 2102 3648 alieno
2158 3590 2401 3660 nomine,
2433 3592 2633 3663 aliquis
2663 3592 2988 3649 clericorum
3034 3606 3301 3649 exercere
3357 3592 3517 3649 fenus

203 3668 487 3735 subditos,
517 3667 615 3724 sed
645 3669 739 3741 qui
768 3682 880 3726 non
907 3671 1177 3742 percutiat
1222 3672 1360 3729 actis
1408 3682 1462 3731 et
1507 3672 1671 3731 dictis
1707 3673 1822 3731 suis
1922 3684 2164 3737 attentet.
2197 3679 2467 3738 lndecens
2493 3679 2641 3736 enim
2670 3689 2752 3736 est
2765 3680 2973 3737 crimen
3002 3696 3163 3736 suum
3209 3681 3515 3738 commodis

204 3756 617 3812 conscientiam
680 3757 1070 3827 subiectorum,
1129 3774 1268 3832 quos
1326 3776 1427 3834 per
1496 3763 1822 3836 prophetam
1921 3768 2115 3828 alienis
2146 3768 2488 3841 impendere.
2519 3768 2700 3825 Fenus
2728 3779 2909 3826 autem
2936 3770 3043 3826 hoc
3062 3769 3241 3825 solum
3266 3769 3515 3842 aspicere

205 3844 489 3902 Ποωὶηιιε
503 3845 811 3915 redarguit:
833 3845 941 3913 Qui
953 3850 1486 3922 ρετααίἰυηίριιθπο
1501 3852 1675 3924 impie
1687 3852 1818 3923 (Ita.
1921 3867 1975 3916 et
2004 3874 2264 3917 exercere
2300 3857 2588 3925 debemus,
2633 3866 2690 3913 ut
2746 3858 2891 3931 quod
2946 3858 3037 3915 hic
3086 3858 3517 3917 misericorditer

204 3934 386 4003 una).
424 3932 778 3989 Audiendum
806 3948 943 4006 ergo
971 3935 1131 3993 nobis
1159 3945 1245 3993 est
1270 3938 1510 4011 prelatis
1538 3941 1684 4013 quod
1725 3957 1825 4013 per
1920 3948 2229 4017 tribuimus,
2274 3947 2346 4005 ab
2393 3963 2460 4004 eo
2504 3946 2758 4017 Domino,
2801 3947 2895 4019 qui
2937 3946 3326 4019 multipliciter,
3380 3957 3434 4005 et
3462 3949 3519 4008 in

203 4021 510 4094 quemdam
536 4022 843 4093 sapientem
872 4022 1071 4080 dicitur
1101 4038 1117 4081 :
1154 4027 1366 4083 Ducem
1397 4032 1453 4084 te
1501 4031 1819 4086 constitue-
1919 4044 2244 4108 perpetuum
2285 4051 2547 4093 mansura
2586 4036 2863 4103 retribuet,
2911 4027 3160 4109 recipere
3218 4037 3515 4096 valeamus.

204 4110 529 4201 rangnoli
546 4111 770 4201 catelli,
794 4112 892 4168 sed
909 4115 1026 4170 esto
1045 4114 1113 4168 in
1127 4114 1248 4170 illis
1271 4116 1435 4187 quasi
1448 4132 1599 4172 unus
1612 4132 1686 4172 ex
1700 4118 1821 4173 illis
1923 4126 2038 4181 Hoc
2066 4126 2249 4198 itaque
2276 4125 2576 4182 admonitio
2604 4135 2788 4183 nostra
2816 4125 3112 4194 denuntiat,
3142 4126 3289 4199 quod
3319 4127 3366 4184 si
3397 4129 3519 4201 quis

207 4198 410 4267 (Beati.
430 4199 632 4269 xxxii)
658 4218 671 4265 ;
691 4206 745 4256 et
774 4216 790 4254 :
822 4202 1048 4258 Divitias
1067 4203 1117 4257 si
1132 4202 1393 4275 a/ﬂuant,
1416 4205 1593 4261 nolite
1612 4221 1709 4261 cor
1728 4222 1820 4278 ap-

1921 4212 2154 4269 fratrum
2182 4222 2368 4270 contra
2397 4213 2514 4270 haec
2542 4214 2833 4270 constituta
2874 4216 3064 4272 venire
3119 4198 3431 4285 tentaverit,
3465 4225 3519 4274 et

200 4302 417 4373 ponere
451 4286 637 4358 (Ρεαι.
660 4289 798 4360 LXI).
833 4288 1046 4347 Timere
1067 4290 1231 4347 etiam
1260 4291 1544 4359 debemm,
1574 4308 1645 4349 ne
1672 4309 1820 4366 prm-
1920 4301 2195 4373 prohibita
2221 4301 2385 4357 fuerit
2413 4317 2580 4357 ausus
2623 4302 2929 4369 admittere,
2978 4320 3008 4358 a
3052 4319 3152 4359 suo
3202 4320 3262 4360 se
3308 4306 3519 4362 noverit

206 4372 341 4430 latio
374 4383 433 4431 et
458 4376 723 4444 honores,
756 4392 895 4450 quos
922 4379 979 4434 in
1022 4379 1127 4435 isto
1174 4380 1377 4437 seculo
1429 4381 1714 4449 habemus,
1775 4381 1821 4438 si
1922 4372 2098 4446 oﬂicio
2128 4389 2582 4455 submovendum,
2610 4404 2713 4446 nec
2742 4406 2868 4446 eum
2895 4391 3291 4447 communionis
3318 4400 3519 4449 nostra

200 4463 416 4536 aliquid
446 4464 583 4520 boni
611 4481 818 4534 sumus,
850 4467 1134 4524 retributio
1162 4468 1323 4525 nobis
1352 4467 1467 4538 ﬁat,
1507 4477 1558 4526 et
1589 4484 1623 4525 a
1651 4469 1820 4527 retri-
1848 4466 1902 4528 D
1921 4475 2159 4534 futurum
2188 4493 2311 4535 esse
2338 4484 2673 4549 consortem,
2705 4478 2797 4551 qui
2834 4478 3013 4534 socius
3051 4479 3223 4535 noluit
3268 4496 3391 4536 esse
3435 4480 3518 4536 di-

200 4551 434 4610 Ῐιιιίίοηε
460 4554 738 4621 iustorum
770 4554 981 4612 alienos
1012 4555 1230 4614 eﬁiciat-
1255 4556 1413 4614 Unde
1434 4558 1667 4615 At)th
1686 4574 1823 4617 voce
1928 4565 2189 4638 sciplinm.
2224 4590 2245 4620 ι
2282 4567 2352 4622 Et
2380 4566 2646 4623 Dominus
2673 4567 2730 4623 in
2756 4566 3098 4641 Evangelio:
3130 4568 3374 4639 Esurivi,
3425 4568 3516 4624 in-

198 4642 420 4697 ardenti
452 4641 611 4697 diviti
638 4643 838 4699 dicitur
870 4662 883 4699 :
917 4646 1207 4713 Memento,
1231 4647 1337 4715 fili,
1380 4648 1514 4721 quia
1558 4650 1820 4721 recepisti

1927 4656 2059 4729 quit,
2092 4660 2151 4714 et
2168 4672 2285 4713 non
2305 4656 2543 4713 dedistis
2558 4658 2705 4713 mihi
2726 4656 3109 4726 manducare;
3128 4657 3301 4722 sitivi,
3328 4661 3383 4712 et
3405 4674 3517 4715 non

200 4729 348 4786 bona
366 4732 439 4786 in
470 4731 595 4785 vita
617 4734 717 4787 tua
738 4732 896 4802 (Luc-
924 4734 1069 4802 XVI).
1121 4734 1332 4791 Idcirco
1366 4736 1512 4792 enim
1558 4736 1701 4793 bona
1729 4737 1824 4795 hic
1926 4746 2157 4802 dedistis
2176 4746 2321 4803 mihi
2341 4747 2519 4803 bibere
2540 4766 2560 4814 ,-
2584 4746 2778 4819 hospes
2798 4762 2955 4802 eram
2984 4749 3041 4801 et
3069 4761 3184 4801 non
3213 4745 3519 4817 collegisti:

198 4819 412 4889 recepit
442 4825 504 4874 et
549 4818 750 4888 malus,
797 4828 857 4876 ut
900 4820 1009 4877 illic
1066 4821 1281 4893 plenius
1324 4824 1467 4881 mala
1536 4824 1819 4898 reciperet,

199 4906 471 4978 quoniam
505 4906 595 4962 hic
634 4906 810 4965 fuerat
848 4924 952 4966 nec
998 4925 1098 4981 per
1144 4911 1287 4968 bona
1315 4927 1616 4970 conversus
1648 4931 1661 4970 :
1695 4914 1825 4987 quia

196 5008 328 5051 cum
359 4994 700 5066 largientem
748 4996 923 5053 Deum
980 5000 1221 5055 humana
1256 5016 1414 5057 mens
1469 5001 1601 5059 boni
1637 5000 1839 5075 operis

192 5083 577 5155 responsione
603 5100 716 5141 non
738 5086 1000 5158 sequitur,
1032 5088 1178 5145 unde
1208 5089 1409 5146 nutrita
1436 5090 1526 5163 pie
1556 5092 1818 5160 creditur,

187 5170 402 5240 iustius
434 5171 569 5228 inde
598 5172 902 5231 damnatur.
937 5175 1079 5233 Hinc
1135 5177 1282 5234 enim
1326 5194 1428 5253 per
1476 5179 1822 5237 Psalmistam

193 5259 406 5317 dicitur
439 5277 455 5314 :
489 5262 1818 5338 Dejecistieosdumallevarentur(Psal.Lxxn).

193 5344 486 5417 Quoniam
513 5348 766 5407 videlicet
795 5353 1033 5424 reprobi,
1065 5370 1192 5412 eum
1226 5364 1374 5413 recta
1403 5371 1575 5428 opera
1620 5357 1822 5415 divinis

187 5436 528 5493 muneribus
558 5452 672 5494 non
699 5442 1025 5511 rependunt,
1062 5457 1192 5501 cum
1216 5452 1358 5503 totos
1406 5462 1468 5502 se
1515 5445 1604 5503 hic
1653 5447 1820 5504 dese-

193 5542 342 5603 runt,
379 5541 441 5592 et
467 5528 815 5594 inﬂuentibus
859 5542 1318 5615 prosperitatibus
1344 5543 1641 5614 dimittunt,
1673 5545 1820 5602 unde

1925 4851 2035 4902 me,
2053 4834 2244 4892 nudus
2262 4840 2322 4893 et
2337 4852 2451 4892 non
2464 4836 2829 4908 cooperuistis
2848 4850 2955 4901 me,
2974 4835 3241 4904 inﬁrmus
3253 4838 3309 4890 et
3319 4833 3383 4889 in
3403 4850 3523 4891 car-

1925 4940 2069 4991 cere,
2094 4925 2572 4982 etnonvisitastis
2598 4940 2687 4981 me
2705 4924 2925 4993 (Matth.
2948 4938 3088 4994 xxv,
3141 4921 3253 4996 42).
3310 4921 3520 4993 Quibus

1926 5013 2091 5069 etiam
2115 5012 2393 5084 praemittit
2420 5013 2610 5068 dicens
2642 5028 2656 5067 :
2687 5011 2967 5068 Discedite
2987 5029 3021 5068 a
3050 5028 3158 5079 me,
3202 5012 3517 5082 maledicti,

1924 5103 1991 5157 in
2022 5102 2211 5173 ignem
2248 5104 2546 5168 eternum,
2589 5101 2689 5173 qui
2719 5104 3079 5174 preparatus
3099 5105 3188 5157 est
3234 5102 3447 5157 diabolo
3464 5103 3522 5156 et

1925 5190 2146 5262 angelis
2192 5191 2315 5262 ejus
2343 5189 2523 5259 (ibid,
2582 5188 2693 5260 41).
2750 5188 2899 5245 Ecce
2927 5203 3271 5262 nequaquam
3299 5188 3523 5245 audium

1925 5278 2052 5351 quia
2080 5278 2298 5349 rapinas
2325 5276 2413 5334 vel
2428 5275 2682 5349 quaelibet
2708 5276 2815 5334 alia
2831 5278 3087 5334 violentia
3110 5278 3519 5347 commiserunt,
3570 5268 3577 5273 ’

1925 5375 1979 5423 et
2020 5375 2204 5423 tamen
2259 5363 2476 5422 aeternis
2531 5366 2799 5439 gehennae
2854 5366 3075 5439 ignibus
3120 5366 3518 5439 mancipantur.

1923 5456 2062 5512 Hinc
2091 5468 2224 5528 ergo
2254 5454 2623 5528 colligendum
2652 5463 2752 5523 est,
2788 5463 2989 5527 quanta
3019 5454 3368 5512 damnatione
3396 5456 3521 5530 ple—

1923 5555 2109 5614 ctendi
2140 5562 2266 5613 sunt
2296 5553 2389 5628 qui
2415 5553 2597 5611 aliena
2612 5554 2863 5627 rapiunt,
2893 5554 2940 5611 si
2971 5561 3121 5611 tanta
3176 5554 3522 5615 animadver-
