  <div class='ocr_page' id='page_1' title='image "/cluster/home/n/w/nwhite01/storage/ocr_20150623/126/hvd.32044052819513/249.png"; bbox 0 0 4054 6180; ppageno 0'>
   <div class='ocr_carea' id='block_1_1' title="bbox 491 237 594 292">
    <p class='ocr_par' dir='ltr' id='par_1_1' title="bbox 491 237 594 292">
     <span class='ocr_line' id='line_1_1' title="bbox 491 237 594 292; baseline 0.019 -2"><span class='ocrx_word' id='word_1_1' title='bbox 491 237 594 292; x_wconf 67' lang='grc'><strong>48³7</strong></span> 
     </span>
    </p>
   </div>
   <div class='ocr_carea' id='block_1_2' title="bbox 1515 241 2922 304">
    <p class='ocr_par' dir='ltr' id='par_1_2' title="bbox 1515 241 2922 304">
     <span class='ocr_line' id='line_1_2' title="bbox 1515 241 2922 304; baseline 0.004 -8"><span class='ocrx_word' id='word_1_2' title='bbox 1515 241 1857 298; x_wconf 78' lang='lat' dir='ltr'><strong>HINCMARI</strong></span> <span class='ocrx_word' id='word_1_3' title='bbox 1911 241 2315 298; x_wconf 83' lang='lat' dir='ltr'><strong>RHEMENSIS</strong></span> <span class='ocrx_word' id='word_1_4' title='bbox 2371 245 2922 304; x_wconf 78' lang='lat' dir='ltr'><strong>ARCHIEPISCOPI.</strong></span> 
     </span>
    </p>
   </div>
   <div class='ocr_carea' id='block_1_3' title="bbox 3663 239 3782 309">
    <p class='ocr_par' dir='ltr' id='par_1_3' title="bbox 3663 239 3782 309">
     <span class='ocr_line' id='line_1_3' title="bbox 3663 239 3782 309; baseline 0.017 -2"><span class='ocrx_word' id='word_1_5' title='bbox 3663 239 3782 309; x_wconf 75' lang='lat' dir='ltr'><strong>&#39;tss</strong></span> 
     </span>
    </p>
   </div>
   <div class='ocr_carea' id='block_1_4' title="bbox 486 359 3782 444">
    <p class='ocr_par' dir='ltr' id='par_1_4' title="bbox 486 359 3782 444">
     <span class='ocr_line' id='line_1_4' title="bbox 486 359 3782 444; baseline 0.005 -29"><span class='ocrx_word' id='word_1_6' title='bbox 486 359 640 416; x_wconf 86' lang='lat' dir='ltr'><strong>sione</strong></span> <span class='ocrx_word' id='word_1_7' title='bbox 667 359 948 430; x_wconf 84' lang='lat' dir='ltr'><strong>feriuntur,</strong></span> <span class='ocrx_word' id='word_1_8' title='bbox 983 363 1076 434; x_wconf 88' lang='lat' dir='ltr'><strong>qui</strong></span> <span class='ocrx_word' id='word_1_9' title='bbox 1105 378 1206 418; x_wconf 88' lang='lat' dir='ltr'><strong>sua</strong></span> <span class='ocrx_word' id='word_1_10' title='bbox 1249 363 1542 420; x_wconf 77' lang='lat' dir='ltr'><strong>indiscrete</strong></span> <span class='ocrx_word' id='word_1_11' title='bbox 1581 373 1891 422; x_wconf 89' lang='lat' dir='ltr'><strong>tenuerunt.</strong></span> <span class='ocrx_word' id='word_1_12' title='bbox 1941 368 2078 421; x_wconf 89' lang='lat' dir='ltr'><strong>Per-</strong></span> <span class='ocrx_word' id='word_1_13' title='bbox 2107 365 2164 428; x_wconf 80' lang='grc' dir='ltr'>Α</span> <span class='ocrx_word' id='word_1_14' title='bbox 2188 391 2210 421; x_wconf 76' lang='grc' dir='ltr'>ι</span> <span class='ocrx_word' id='word_1_15' title='bbox 2254 369 2548 440; x_wconf 90' lang='lat' dir='ltr'><strong>antiquitus</strong></span> <span class='ocrx_word' id='word_1_16' title='bbox 2577 370 2772 442; x_wconf 88' lang='lat' dir='ltr'><strong>fuerat,</strong></span> <span class='ocrx_word' id='word_1_17' title='bbox 2799 373 2992 429; x_wconf 82' lang='lat' dir='ltr'><strong>devote</strong></span> <span class='ocrx_word' id='word_1_18' title='bbox 3023 373 3323 444; x_wconf 88' lang='lat' dir='ltr'><strong>elegerunt,</strong></span> <span class='ocrx_word' id='word_1_19' title='bbox 3353 383 3408 430; x_wconf 90' lang='lat' dir='ltr'><strong>et</strong></span> <span class='ocrx_word' id='word_1_20' title='bbox 3435 376 3635 432; x_wconf 87' lang='lat' dir='ltr'><strong>obnixe</strong></span> <span class='ocrx_word' id='word_1_21' title='bbox 3675 377 3782 432; x_wconf 86' lang='lat' dir='ltr'><strong>sibi</strong></span> 
     </span>
    </p>
   </div>
   <div class='ocr_carea' id='block_1_5' title="bbox 485 449 2082 524">
    <p class='ocr_par' dir='ltr' id='par_1_5' title="bbox 485 449 2082 524">
     <span class='ocr_line' id='line_1_5' title="bbox 485 449 2082 524; baseline 0.005 -22"><span class='ocrx_word' id='word_1_22' title='bbox 485 449 726 519; x_wconf 82' lang='lat' dir='ltr'><strong>pendant</strong></span> <span class='ocrx_word' id='word_1_23' title='bbox 753 466 860 520; x_wconf 90' lang='lat' dir='ltr'><strong>quo</strong></span> <span class='ocrx_word' id='word_1_24' title='bbox 889 465 983 506; x_wconf 92' lang='lat' dir='ltr'><strong>eos</strong></span> <span class='ocrx_word' id='word_1_25' title='bbox 1013 451 1216 524; x_wconf 79' lang='lat' dir='ltr'><strong>obliget</strong></span> <span class='ocrx_word' id='word_1_26' title='bbox 1245 461 1398 508; x_wconf 83' lang='lat' dir='ltr'><strong>reatu</strong></span> <span class='ocrx_word' id='word_1_27' title='bbox 1429 468 1515 508; x_wconf 90' lang='lat' dir='ltr'><strong>res</strong></span> <span class='ocrx_word' id='word_1_28' title='bbox 1545 461 1721 524; x_wconf 89' lang='lat' dir='ltr'><strong>rapta,</strong></span> <span class='ocrx_word' id='word_1_29' title='bbox 1751 454 1798 510; x_wconf 92' lang='lat' dir='ltr'><strong>si</strong></span> <span class='ocrx_word' id='word_1_30' title='bbox 1827 455 1924 510; x_wconf 90' lang='lat' dir='ltr'><strong>tali</strong></span> <span class='ocrx_word' id='word_1_31' title='bbox 1953 456 2082 510; x_wconf 92' lang='lat' dir='ltr'><strong>sub-</strong></span> 
     </span>
    </p>
   </div>
   <div class='ocr_carea' id='block_1_6' title="bbox 478 536 2082 614">
    <p class='ocr_par' dir='ltr' id='par_1_6' title="bbox 478 536 2082 614">
     <span class='ocr_line' id='line_1_6' title="bbox 478 536 2082 614; baseline 0.006 -24"><span class='ocrx_word' id='word_1_32' title='bbox 478 536 596 604; x_wconf 88' lang='lat' dir='ltr'><strong>jicit</strong></span> <span class='ocrx_word' id='word_1_33' title='bbox 623 553 800 607; x_wconf 60' lang='lat' dir='ltr'><strong>paenae</strong></span> <span class='ocrx_word' id='word_1_34' title='bbox 829 553 937 592; x_wconf 90' lang='lat' dir='ltr'><strong>non</strong></span> <span class='ocrx_word' id='word_1_35' title='bbox 981 539 1189 594; x_wconf 88' lang='lat' dir='ltr'><strong>tradita.</strong></span> <span class='ocrx_word' id='word_1_36' title='bbox 1234 541 1580 611; x_wconf 88' lang='lat' dir='ltr'><strong>Perpendant</strong></span> <span class='ocrx_word' id='word_1_37' title='bbox 1633 543 1780 614; x_wconf 88' lang='lat' dir='ltr'><strong>quod</strong></span> <span class='ocrx_word' id='word_1_38' title='bbox 1835 553 2082 600; x_wconf 89' lang='lat' dir='ltr'><strong>meretur</strong></span> 
     </span>
    </p>
   </div>
   <div class='ocr_carea' id='block_1_7' title="bbox 483 624 2080 703">
    <p class='ocr_par' dir='ltr' id='par_1_7' title="bbox 483 624 2080 703">
     <span class='ocr_line' id='line_1_7' title="bbox 483 624 2080 703; baseline 0.005 -25"><span class='ocrx_word' id='word_1_39' title='bbox 483 624 742 693; x_wconf 85' lang='lat' dir='ltr'><strong>injustilia</strong></span> <span class='ocrx_word' id='word_1_40' title='bbox 772 626 934 694; x_wconf 85' lang='lat' dir='ltr'><strong>illata,</strong></span> <span class='ocrx_word' id='word_1_41' title='bbox 968 627 1014 680; x_wconf 92' lang='lat' dir='ltr'><strong>si</strong></span> <span class='ocrx_word' id='word_1_42' title='bbox 1046 635 1192 682; x_wconf 90' lang='lat' dir='ltr'><strong>tanta</strong></span> <span class='ocrx_word' id='word_1_43' title='bbox 1221 630 1576 699; x_wconf 81' lang='lat' dir='ltr'><strong>percussione</strong></span> <span class='ocrx_word' id='word_1_44' title='bbox 1607 629 1776 702; x_wconf 91' lang='lat' dir='ltr'><strong>digna</strong></span> <span class='ocrx_word' id='word_1_45' title='bbox 1805 640 1886 687; x_wconf 90' lang='lat' dir='ltr'><strong>est</strong></span> <span class='ocrx_word' id='word_1_46' title='bbox 1907 632 2080 703; x_wconf 88' lang='lat' dir='ltr'><strong>pietas</strong></span> 
     </span>
    </p>
   </div>
   <div class='ocr_carea' id='block_1_8' title="bbox 483 715 2078 789">
    <p class='ocr_par' dir='ltr' id='par_1_8' title="bbox 483 715 2078 789">
     <span class='ocr_line' id='line_1_8' title="bbox 483 715 2078 789; baseline 0.004 -21"><span class='ocrx_word' id='word_1_47' title='bbox 483 729 594 768; x_wconf 90' lang='lat' dir='ltr'><strong>non</strong></span> <span class='ocrx_word' id='word_1_48' title='bbox 639 715 906 784; x_wconf 88' lang='lat' dir='ltr'><strong>impensa.</strong></span> <span class='ocrx_word' id='word_1_49' title='bbox 957 715 1092 770; x_wconf 88' lang='lat' dir='ltr'><strong>Cum</strong></span> <span class='ocrx_word' id='word_1_50' title='bbox 1129 716 1309 772; x_wconf 89' lang='lat' dir='ltr'><strong>aliena</strong></span> <span class='ocrx_word' id='word_1_51' title='bbox 1365 733 1562 788; x_wconf 89' lang='lat' dir='ltr'><strong>rapere</strong></span> <span class='ocrx_word' id='word_1_52' title='bbox 1617 719 1920 789; x_wconf 88' lang='lat' dir='ltr'><strong>intendunt,</strong></span> <span class='ocrx_word' id='word_1_53' title='bbox 1982 736 2078 776; x_wconf 89' lang='lat' dir='ltr'><strong>au-</strong></span> 
     </span>
    </p>
   </div>
   <div class='ocr_carea' id='block_1_9' title="bbox 483 802 2078 880">
    <p class='ocr_par' dir='ltr' id='par_1_9' title="bbox 483 802 2078 880">
     <span class='ocr_line' id='line_1_9' title="bbox 483 802 2078 880; baseline 0.005 -24"><span class='ocrx_word' id='word_1_54' title='bbox 483 802 632 856; x_wconf 88' lang='lat' dir='ltr'><strong>diant</strong></span> <span class='ocrx_word' id='word_1_55' title='bbox 661 803 806 874; x_wconf 89' lang='lat' dir='ltr'><strong>quod</strong></span> <span class='ocrx_word' id='word_1_56' title='bbox 833 803 1094 874; x_wconf 90' lang='lat' dir='ltr'><strong>scriptum</strong></span> <span class='ocrx_word' id='word_1_57' title='bbox 1120 812 1200 859; x_wconf 91' lang='lat' dir='ltr'><strong>est</strong></span> <span class='ocrx_word' id='word_1_58' title='bbox 1231 825 1250 860; x_wconf 94' lang='lat'><strong><em>:</em></strong></span> <span class='ocrx_word' id='word_1_59' title='bbox 1293 807 1374 862; x_wconf 71' lang='lat' dir='ltr'><strong>Vae</strong></span> <span class='ocrx_word' id='word_1_60' title='bbox 1389 807 1550 878; x_wconf 75' lang='lat' dir='ltr'><strong>siqui</strong></span> <span class='ocrx_word' id='word_1_61' title='bbox 1579 809 1932 880; x_wconf 77' lang='lat' dir='ltr'><strong>multiplicat</strong></span> <span class='ocrx_word' id='word_1_62' title='bbox 1961 827 2078 866; x_wconf 87' lang='lat' dir='ltr'><strong>non</strong></span> 
     </span>
    </p>
   </div>
   <div class='ocr_carea' id='block_1_10' title="bbox 484 897 2080 964">
    <p class='ocr_par' dir='ltr' id='par_1_10' title="bbox 484 897 2080 964">
     <span class='ocr_line' id='line_1_10' title="bbox 484 897 2080 964; baseline 0.005 -19"><span class='ocrx_word' id='word_1_63' title='bbox 484 907 590 946; x_wconf 83' lang='lat' dir='ltr'><strong>sua</strong></span> <span class='ocrx_word' id='word_1_64' title='bbox 605 907 884 964; x_wconf 82' lang='lat' dir='ltr'><strong>usquequo</strong></span> <span class='ocrx_word' id='word_1_65' title='bbox 913 897 968 947; x_wconf 86' lang='lat' dir='ltr'><strong>et</strong></span> <span class='ocrx_word' id='word_1_66' title='bbox 989 898 1258 963; x_wconf 84' lang='lat' dir='ltr'><strong>aggravat</strong></span> <span class='ocrx_word' id='word_1_67' title='bbox 1285 899 1487 951; x_wconf 88' lang='lat' dir='ltr'><strong>contra</strong></span> <span class='ocrx_word' id='word_1_68' title='bbox 1515 911 1574 950; x_wconf 84' lang='lat' dir='ltr'><strong>se</strong></span> <span class='ocrx_word' id='word_1_69' title='bbox 1627 897 1865 952; x_wconf 79' lang='lat' dir='ltr'><strong>densum</strong></span> <span class='ocrx_word' id='word_1_70' title='bbox 1889 899 2080 954; x_wconf 85' lang='lat' dir='ltr'><strong>lutum</strong></span> 
     </span>
    </p>
   </div>
   <div class='ocr_carea' id='block_1_11' title="bbox 483 979 2078 1052">
    <p class='ocr_par' dir='ltr' id='par_1_11' title="bbox 483 979 2078 1052">
     <span class='ocr_line' id='line_1_11' title="bbox 483 979 2078 1052; baseline 0.005 -19"><span class='ocrx_word' id='word_1_71' title='bbox 483 979 784 1049; x_wconf 82' lang='lat' dir='ltr'><strong>(Habac.tt,</strong></span> <span class='ocrx_word' id='word_1_72' title='bbox 819 979 918 1047; x_wconf 83' lang='lat'><strong>6)?</strong></span> <span class='ocrx_word' id='word_1_73' title='bbox 945 981 1126 1036; x_wconf 80' lang='lat' dir='ltr'><strong>Avaro</strong></span> <span class='ocrx_word' id='word_1_74' title='bbox 1145 982 1347 1052; x_wconf 87' lang='lat' dir='ltr'><strong>quippe</strong></span> <span class='ocrx_word' id='word_1_75' title='bbox 1397 983 1630 1038; x_wconf 89' lang='lat' dir='ltr'><strong>densum</strong></span> <span class='ocrx_word' id='word_1_76' title='bbox 1673 984 1843 1039; x_wconf 90' lang='lat' dir='ltr'><strong>lutum</strong></span> <span class='ocrx_word' id='word_1_77' title='bbox 1891 995 2078 1042; x_wconf 91' lang='lat' dir='ltr'><strong>contra</strong></span> 
     </span>
    </p>
   </div>
   <div class='ocr_carea' id='block_1_12' title="bbox 482 1070 2081 1145">
    <p class='ocr_par' dir='ltr' id='par_1_12' title="bbox 482 1070 2081 1145">
     <span class='ocr_line' id='line_1_12' title="bbox 482 1070 2081 1145; baseline 0.006 -25"><span class='ocrx_word' id='word_1_78' title='bbox 482 1082 544 1122; x_wconf 91' lang='lat' dir='ltr'><strong>se</strong></span> <span class='ocrx_word' id='word_1_79' title='bbox 563 1083 890 1140; x_wconf 78' lang='lat' dir='ltr'><strong>aggravare,</strong></span> <span class='ocrx_word' id='word_1_80' title='bbox 925 1076 1010 1123; x_wconf 86' lang='lat' dir='ltr'><strong>est</strong></span> <span class='ocrx_word' id='word_1_81' title='bbox 1041 1077 1258 1124; x_wconf 89' lang='lat' dir='ltr'><strong>terrena</strong></span> <span class='ocrx_word' id='word_1_82' title='bbox 1287 1070 1438 1126; x_wconf 90' lang='lat' dir='ltr'><strong>lucra</strong></span> <span class='ocrx_word' id='word_1_83' title='bbox 1471 1086 1596 1126; x_wconf 89' lang='lat' dir='ltr'><strong>cum</strong></span> <span class='ocrx_word' id='word_1_84' title='bbox 1650 1073 1894 1142; x_wconf 89' lang='lat' dir='ltr'><strong>pondere</strong></span> <span class='ocrx_word' id='word_1_85' title='bbox 1951 1091 2081 1145; x_wconf 83' lang='lat' dir='ltr'><strong>pec-</strong></span> 
     </span>
    </p>
   </div>
   <div class='ocr_carea' id='block_1_13' title="bbox 481 1155 2079 1232">
    <p class='ocr_par' dir='ltr' id='par_1_13' title="bbox 481 1155 2079 1232">
     <span class='ocr_line' id='line_1_13' title="bbox 481 1155 2079 1232; baseline 0.005 -22"><span class='ocrx_word' id='word_1_86' title='bbox 481 1155 584 1210; x_wconf 88' lang='lat' dir='ltr'><strong>cati</strong></span> <span class='ocrx_word' id='word_1_87' title='bbox 614 1157 908 1211; x_wconf 90' lang='lat' dir='ltr'><strong>cumulare.</strong></span> <span class='ocrx_word' id='word_1_88' title='bbox 943 1158 1078 1211; x_wconf 89' lang='lat' dir='ltr'><strong>Cum</strong></span> <span class='ocrx_word' id='word_1_89' title='bbox 1109 1157 1462 1228; x_wconf 89' lang='lat' dir='ltr'><strong>multiplicare</strong></span> <span class='ocrx_word' id='word_1_90' title='bbox 1509 1158 1679 1232; x_wconf 66' lang='lat' dir='ltr'><strong>larga:</strong></span> <span class='ocrx_word' id='word_1_91' title='bbox 1732 1161 2079 1218; x_wconf 84' lang='lat' dir='ltr'><strong>habitationis</strong></span> 
     </span>
    </p>
   </div>
   <div class='ocr_carea' id='block_1_14' title="bbox 409 1243 2080 1324">
    <p class='ocr_par' dir='ltr' id='par_1_14' title="bbox 409 1243 2080 1324">
     <span class='ocr_line' id='line_1_14' title="bbox 409 1243 2080 1324; baseline 0.006 -27"><span class='ocrx_word' id='word_1_92' title='bbox 409 1271 426 1283; x_wconf 85' lang='lat'><strong><em>-</em></strong></span> <span class='ocrx_word' id='word_1_93' title='bbox 480 1243 654 1314; x_wconf 90' lang='lat' dir='ltr'><strong>spatia</strong></span> <span class='ocrx_word' id='word_1_94' title='bbox 683 1245 928 1315; x_wconf 90' lang='lat' dir='ltr'><strong>cupiunt,</strong></span> <span class='ocrx_word' id='word_1_95' title='bbox 961 1245 1178 1299; x_wconf 87' lang='lat' dir='ltr'><strong>audiant</strong></span> <span class='ocrx_word' id='word_1_96' title='bbox 1207 1247 1354 1315; x_wconf 90' lang='lat' dir='ltr'><strong>quod</strong></span> <span class='ocrx_word' id='word_1_97' title='bbox 1381 1246 1644 1316; x_wconf 89' lang='lat' dir='ltr'><strong>scriptum</strong></span> <span class='ocrx_word' id='word_1_98' title='bbox 1673 1255 1754 1304; x_wconf 90' lang='lat' dir='ltr'><strong>est</strong></span> <span class='ocrx_word' id='word_1_99' title='bbox 1785 1266 1800 1302; x_wconf 89' lang='lat'>:</span> <span class='ocrx_word' id='word_1_100' title='bbox 1865 1251 1946 1306; x_wconf 67' lang='lat' dir='ltr'><strong>Vae</strong></span> <span class='ocrx_word' id='word_1_101' title='bbox 1985 1253 2080 1324; x_wconf 87' lang='lat' dir='ltr'><strong>qui</strong></span> 
     </span>
    </p>
   </div>
   <div class='ocr_carea' id='block_1_15' title="bbox 480 1334 2080 1410">
    <p class='ocr_par' dir='ltr' id='par_1_15' title="bbox 480 1334 2080 1410">
     <span class='ocr_line' id='line_1_15' title="bbox 480 1334 2080 1410; baseline 0.005 -22"><span class='ocrx_word' id='word_1_102' title='bbox 480 1335 830 1404; x_wconf 82' lang='lat' dir='ltr'><strong>conjungitis</strong></span> <span class='ocrx_word' id='word_1_103' title='bbox 848 1334 1076 1388; x_wconf 87' lang='lat' dir='ltr'><strong>domum</strong></span> <span class='ocrx_word' id='word_1_104' title='bbox 1086 1334 1158 1388; x_wconf 84' lang='lat' dir='ltr'><strong>ad</strong></span> <span class='ocrx_word' id='word_1_105' title='bbox 1169 1334 1414 1399; x_wconf 87' lang='lat' dir='ltr'><strong>domum,</strong></span> <span class='ocrx_word' id='word_1_106' title='bbox 1433 1339 1489 1390; x_wconf 86' lang='lat' dir='ltr'><strong>et</strong></span> <span class='ocrx_word' id='word_1_107' title='bbox 1501 1353 1701 1406; x_wconf 83' lang='lat' dir='ltr'><strong>agrum</strong></span> <span class='ocrx_word' id='word_1_108' title='bbox 1713 1354 1844 1408; x_wconf 86' lang='lat' dir='ltr'><strong>agro</strong></span> <span class='ocrx_word' id='word_1_109' title='bbox 1857 1341 2080 1410; x_wconf 85' lang='lat' dir='ltr'><strong>copula-</strong></span> 
     </span>
    </p>
   </div>
   <div class='ocr_carea' id='block_1_16' title="bbox 480 1419 2080 1494">
    <p class='ocr_par' dir='ltr' id='par_1_16' title="bbox 480 1419 2080 1494">
     <span class='ocr_line' id='line_1_16' title="bbox 480 1419 2080 1494; baseline 0.007 -21"><span class='ocrx_word' id='word_1_110' title='bbox 480 1420 555 1474; x_wconf 76' lang='lat' dir='ltr'><strong>tis</strong></span> <span class='ocrx_word' id='word_1_111' title='bbox 569 1419 824 1492; x_wconf 77' lang='lat' dir='ltr'><strong>usquead</strong></span> <span class='ocrx_word' id='word_1_112' title='bbox 838 1421 1152 1476; x_wconf 81' lang='lat' dir='ltr'><strong>terminum</strong></span> <span class='ocrx_word' id='word_1_113' title='bbox 1175 1421 1282 1478; x_wconf 85' lang='lat' dir='ltr'><strong>loci</strong></span> <span class='ocrx_word' id='word_1_114' title='bbox 1296 1439 1308 1476; x_wconf 90' lang='lat'><strong>:</strong></span> <span class='ocrx_word' id='word_1_115' title='bbox 1323 1424 1584 1494; x_wconf 81' lang='lat' dir='ltr'><strong>nunquid</strong></span> <span class='ocrx_word' id='word_1_116' title='bbox 1610 1419 1932 1482; x_wconf 76' lang='lat' dir='ltr'><strong>habitabilis</strong></span> <span class='ocrx_word' id='word_1_117' title='bbox 1973 1431 2080 1484; x_wconf 80' lang='lat' dir='ltr'><strong>soli</strong></span> 
     </span>
    </p>
   </div>
   <div class='ocr_carea' id='block_1_17' title="bbox 475 1507 2074 1582">
    <p class='ocr_par' dir='ltr' id='par_1_17' title="bbox 475 1507 2074 1582">
     <span class='ocr_line' id='line_1_17' title="bbox 475 1507 2074 1582; baseline 0.006 -20"><span class='ocrx_word' id='word_1_118' title='bbox 475 1523 568 1562; x_wconf 83' lang='lat' dir='ltr'><strong>vos</strong></span> <span class='ocrx_word' id='word_1_119' title='bbox 589 1509 652 1562; x_wconf 87' lang='lat' dir='ltr'><strong>in</strong></span> <span class='ocrx_word' id='word_1_120' title='bbox 689 1507 870 1564; x_wconf 81' lang='lat' dir='ltr'><strong>medio</strong></span> <span class='ocrx_word' id='word_1_121' title='bbox 915 1513 1085 1564; x_wconf 78' lang='lat' dir='ltr'><strong>terra:</strong></span> <span class='ocrx_word' id='word_1_122' title='bbox 1115 1509 1246 1578; x_wconf 74' lang='lat' dir='ltr'><strong>(Ira.</strong></span> <span class='ocrx_word' id='word_1_123' title='bbox 1283 1511 1443 1580; x_wconf 78' lang='lat' dir='ltr'><strong>v,8)?</strong></span> <span class='ocrx_word' id='word_1_124' title='bbox 1463 1512 1600 1566; x_wconf 78' lang='lat' dir='ltr'><strong>Acsi</strong></span> <span class='ocrx_word' id='word_1_125' title='bbox 1621 1521 1806 1582; x_wconf 87' lang='lat' dir='ltr'><strong>aperte</strong></span> <span class='ocrx_word' id='word_1_126' title='bbox 1822 1515 2031 1572; x_wconf 86' lang='lat' dir='ltr'><strong>diceret</strong></span> <span class='ocrx_word' id='word_1_127' title='bbox 2061 1535 2074 1571; x_wconf 88' lang='lat'><strong>:</strong></span> 
     </span>
    </p>
   </div>
   <div class='ocr_carea' id='block_1_18' title="bbox 478 1593 2083 1668">
    <p class='ocr_par' dir='ltr' id='par_1_18' title="bbox 478 1593 2083 1668">
     <span class='ocr_line' id='line_1_18' title="bbox 478 1593 2083 1668; baseline 0.007 -20"><span class='ocrx_word' id='word_1_128' title='bbox 478 1593 773 1666; x_wconf 86' lang='lat' dir='ltr'><strong>Quousque</strong></span> <span class='ocrx_word' id='word_1_129' title='bbox 800 1611 898 1650; x_wconf 92' lang='lat' dir='ltr'><strong>vos</strong></span> <span class='ocrx_word' id='word_1_130' title='bbox 927 1597 1240 1662; x_wconf 79' lang='lat' dir='ltr'><strong>extenditis,</strong></span> <span class='ocrx_word' id='word_1_131' title='bbox 1275 1598 1366 1668; x_wconf 89' lang='lat' dir='ltr'><strong>qui</strong></span> <span class='ocrx_word' id='word_1_132' title='bbox 1425 1615 1534 1654; x_wconf 90' lang='lat' dir='ltr'><strong>non</strong></span> <span class='ocrx_word' id='word_1_133' title='bbox 1589 1600 1794 1656; x_wconf 84' lang='lat' dir='ltr'><strong>habere</strong></span> <span class='ocrx_word' id='word_1_134' title='bbox 1843 1603 1898 1657; x_wconf 90' lang='lat' dir='ltr'><strong>in</strong></span> <span class='ocrx_word' id='word_1_135' title='bbox 1929 1620 2083 1660; x_wconf 89' lang='lat' dir='ltr'><strong>com-</strong></span> 
     </span>
    </p>
   </div>
   <div class='ocr_carea' id='block_1_19' title="bbox 2180 461 3774 531">
    <p class='ocr_par' dir='ltr' id='par_1_19' title="bbox 2180 461 3774 531">
     <span class='ocr_line' id='line_1_19' title="bbox 2180 461 3774 531; baseline 0.008 -23"><span class='ocrx_word' id='word_1_136' title='bbox 2180 481 2202 508; x_wconf 75' lang='grc' dir='ltr'>ι</span> <span class='ocrx_word' id='word_1_137' title='bbox 2237 466 2516 530; x_wconf 86' lang='lat' dir='ltr'><strong>pastorem</strong></span> <span class='ocrx_word' id='word_1_138' title='bbox 2547 461 2788 515; x_wconf 89' lang='lat' dir='ltr'><strong>ordinari</strong></span> <span class='ocrx_word' id='word_1_139' title='bbox 2837 461 3129 531; x_wconf 87' lang='lat' dir='ltr'><strong>petierunt,</strong></span> <span class='ocrx_word' id='word_1_140' title='bbox 3164 462 3400 517; x_wconf 89' lang='lat' dir='ltr'><strong>debitam</strong></span> <span class='ocrx_word' id='word_1_141' title='bbox 3451 464 3530 517; x_wconf 90' lang='lat' dir='ltr'><strong>eis</strong></span> <span class='ocrx_word' id='word_1_142' title='bbox 3596 465 3774 520; x_wconf 85' lang='lat' dir='ltr'><strong>vicem</strong></span> 
     </span>
    </p>
   </div>
   <div class='ocr_carea' id='block_1_20' title="bbox 2181 547 3772 624">
    <p class='ocr_par' dir='ltr' id='par_1_20' title="bbox 2181 547 3772 624">
     <span class='ocr_line' id='line_1_20' title="bbox 2181 547 3772 624; baseline 0.006 -26"><span class='ocrx_word' id='word_1_143' title='bbox 2181 571 2206 596; x_wconf 72' lang='grc' dir='ltr'>ι</span> <span class='ocrx_word' id='word_1_144' title='bbox 2238 547 2568 617; x_wconf 88' lang='lat' dir='ltr'><strong>rependens,</strong></span> <span class='ocrx_word' id='word_1_145' title='bbox 2599 548 2968 621; x_wconf 87' lang='lat' dir='ltr'><strong>episcopalem</strong></span> <span class='ocrx_word' id='word_1_146' title='bbox 2995 565 3058 607; x_wconf 82' lang='lat' dir='ltr'><strong>ao</strong></span> <span class='ocrx_word' id='word_1_147' title='bbox 3077 550 3408 620; x_wconf 80' lang='lat' dir='ltr'><strong>pastoralem</strong></span> <span class='ocrx_word' id='word_1_148' title='bbox 3455 551 3772 624; x_wconf 86' lang='lat' dir='ltr'><strong>benignita-</strong></span> 
     </span>
    </p>
   </div>
   <div class='ocr_carea' id='block_1_21' title="bbox 2184 634 3774 706">
    <p class='ocr_par' dir='ltr' id='par_1_21' title="bbox 2184 634 3774 706">
     <span class='ocr_line' id='line_1_21' title="bbox 2184 634 3774 706; baseline 0.005 -20"><span class='ocrx_word' id='word_1_149' title='bbox 2184 657 2207 686; x_wconf 75' lang='grc' dir='ltr'>ι</span> <span class='ocrx_word' id='word_1_150' title='bbox 2253 642 2364 690; x_wconf 89' lang='lat' dir='ltr'><strong>tem</strong></span> <span class='ocrx_word' id='word_1_151' title='bbox 2389 634 2694 706; x_wconf 87' lang='lat' dir='ltr'><strong>impendas,</strong></span> <span class='ocrx_word' id='word_1_152' title='bbox 2727 644 2780 692; x_wconf 90' lang='lat' dir='ltr'><strong>et</strong></span> <span class='ocrx_word' id='word_1_153' title='bbox 2825 652 2936 692; x_wconf 91' lang='lat' dir='ltr'><strong>non</strong></span> <span class='ocrx_word' id='word_1_154' title='bbox 2993 651 3090 692; x_wconf 90' lang='lat' dir='ltr'><strong>eos</strong></span> <span class='ocrx_word' id='word_1_155' title='bbox 3137 645 3244 692; x_wconf 87' lang='lat' dir='ltr'><strong>tam</strong></span> <span class='ocrx_word' id='word_1_156' title='bbox 3301 637 3511 694; x_wconf 86' lang='lat' dir='ltr'><strong>duriter</strong></span> <span class='ocrx_word' id='word_1_157' title='bbox 3571 647 3774 696; x_wconf 84' lang='lat' dir='ltr'><strong>tractes</strong></span> 
     </span>
    </p>
   </div>
   <div class='ocr_carea' id='block_1_22' title="bbox 2184 723 3780 798">
    <p class='ocr_par' dir='ltr' id='par_1_22' title="bbox 2184 723 3780 798">
     <span class='ocr_line' id='line_1_22' title="bbox 2184 723 3780 798; baseline 0.003 -20"><span class='ocrx_word' id='word_1_158' title='bbox 2184 745 2206 772; x_wconf 77' lang='grc' dir='ltr'>ι</span> <span class='ocrx_word' id='word_1_159' title='bbox 2241 731 2406 794; x_wconf 90' lang='lat' dir='ltr'><strong>atque</strong></span> <span class='ocrx_word' id='word_1_160' title='bbox 2435 723 2662 796; x_wconf 81' lang='lat' dir='ltr'><strong>afﬂigas,</strong></span> <span class='ocrx_word' id='word_1_161' title='bbox 2723 741 2900 796; x_wconf 88' lang='lat' dir='ltr'><strong>neque</strong></span> <span class='ocrx_word' id='word_1_162' title='bbox 2943 724 3050 780; x_wconf 87' lang='lat' dir='ltr'><strong>illis</strong></span> <span class='ocrx_word' id='word_1_163' title='bbox 3103 726 3240 782; x_wconf 91' lang='lat' dir='ltr'><strong>alios</strong></span> <span class='ocrx_word' id='word_1_164' title='bbox 3296 743 3434 798; x_wconf 90' lang='lat' dir='ltr'><strong>quos</strong></span> <span class='ocrx_word' id='word_1_165' title='bbox 3489 735 3612 782; x_wconf 87' lang='lat' dir='ltr'><strong>ante</strong></span> <span class='ocrx_word' id='word_1_166' title='bbox 3667 743 3780 783; x_wconf 90' lang='lat' dir='ltr'><strong>non</strong></span> 
     </span>
    </p>
   </div>
   <div class='ocr_carea' id='block_1_23' title="bbox 2183 812 3780 887">
    <p class='ocr_par' dir='ltr' id='par_1_23' title="bbox 2183 812 3780 887">
     <span class='ocr_line' id='line_1_23' title="bbox 2183 812 3780 887; baseline 0.006 -25"><span class='ocrx_word' id='word_1_167' title='bbox 2183 833 2206 862; x_wconf 82' lang='grc'><strong>«</strong></span> <span class='ocrx_word' id='word_1_168' title='bbox 2239 812 2380 868; x_wconf 86' lang='lat' dir='ltr'><strong>nosti</strong></span> <span class='ocrx_word' id='word_1_169' title='bbox 2409 827 2698 883; x_wconf 71' lang='lat' dir='ltr'><strong>prmponas</strong></span> <span class='ocrx_word' id='word_1_170' title='bbox 2727 813 2814 868; x_wconf 88' lang='lat' dir='ltr'><strong>vel</strong></span> <span class='ocrx_word' id='word_1_171' title='bbox 2843 829 3198 884; x_wconf 88' lang='lat' dir='ltr'><strong>superponas,</strong></span> <span class='ocrx_word' id='word_1_172' title='bbox 3232 821 3284 870; x_wconf 90' lang='lat' dir='ltr'><strong>et</strong></span> <span class='ocrx_word' id='word_1_173' title='bbox 3315 815 3384 870; x_wconf 94' lang='lat' dir='ltr'><strong>de</strong></span> <span class='ocrx_word' id='word_1_174' title='bbox 3410 815 3620 887; x_wconf 87' lang='lat' dir='ltr'><strong>gremio</strong></span> <span class='ocrx_word' id='word_1_175' title='bbox 3667 817 3780 871; x_wconf 90' lang='lat' dir='ltr'><strong>Ec-</strong></span> 
     </span>
    </p>
   </div>
   <div class='ocr_carea' id='block_1_24' title="bbox 2183 899 3784 973">
    <p class='ocr_par' dir='ltr' id='par_1_24' title="bbox 2183 899 3784 973">
     <span class='ocr_line' id='line_1_24' title="bbox 2183 899 3784 973; baseline 0.004 -22"><span class='ocrx_word' id='word_1_176' title='bbox 2183 921 2206 951; x_wconf 79' lang='grc'><strong>«</strong></span> <span class='ocrx_word' id='word_1_177' title='bbox 2241 899 2424 956; x_wconf 66' lang='grc' dir='ltr'><strong>οιεδὶω</strong></span> <span class='ocrx_word' id='word_1_178' title='bbox 2455 900 2552 956; x_wconf 90' lang='lat' dir='ltr'><strong>tibi</strong></span> <span class='ocrx_word' id='word_1_179' title='bbox 2593 901 2917 966; x_wconf 71' lang='lat' dir='ltr'><strong>commissae,</strong></span> <span class='ocrx_word' id='word_1_180' title='bbox 2971 902 3026 957; x_wconf 88' lang='lat' dir='ltr'><strong>in</strong></span> <span class='ocrx_word' id='word_1_181' title='bbox 3075 917 3184 973; x_wconf 90' lang='lat' dir='ltr'><strong>qua</strong></span> <span class='ocrx_word' id='word_1_182' title='bbox 3237 903 3420 958; x_wconf 90' lang='lat' dir='ltr'><strong>nutriti</strong></span> <span class='ocrx_word' id='word_1_183' title='bbox 3453 910 3508 957; x_wconf 92' lang='lat' dir='ltr'><strong>et</strong></span> <span class='ocrx_word' id='word_1_184' title='bbox 3562 903 3784 959; x_wconf 88' lang='lat' dir='ltr'><strong>educati</strong></span> 
     </span>
    </p>
   </div>
   <div class='ocr_carea' id='block_1_25' title="bbox 2183 987 3788 1061">
    <p class='ocr_par' dir='ltr' id='par_1_25' title="bbox 2183 987 3788 1061">
     <span class='ocr_line' id='line_1_25' title="bbox 2183 987 3788 1061; baseline 0.004 -21"><span class='ocrx_word' id='word_1_185' title='bbox 2183 1009 2206 1039; x_wconf 71' lang='grc' dir='ltr'>κ</span> <span class='ocrx_word' id='word_1_186' title='bbox 2241 987 2476 1058; x_wconf 86' lang='lat' dir='ltr'><strong>fuerant,</strong></span> <span class='ocrx_word' id='word_1_187' title='bbox 2523 988 2668 1055; x_wconf 90' lang='lat' dir='ltr'><strong>illos,</strong></span> <span class='ocrx_word' id='word_1_188' title='bbox 2719 989 2860 1045; x_wconf 91' lang='lat' dir='ltr'><strong>sicut</strong></span> <span class='ocrx_word' id='word_1_189' title='bbox 2905 989 3170 1060; x_wconf 89' lang='lat' dir='ltr'><strong>quosdam</strong></span> <span class='ocrx_word' id='word_1_190' title='bbox 3196 992 3312 1058; x_wconf 85' lang='lat' dir='ltr'><strong>jam</strong></span> <span class='ocrx_word' id='word_1_191' title='bbox 3362 991 3632 1061; x_wconf 88' lang='lat' dir='ltr'><strong>expulisti,</strong></span> <span class='ocrx_word' id='word_1_192' title='bbox 3697 992 3788 1048; x_wconf 89' lang='lat' dir='ltr'><strong>vel</strong></span> 
     </span>
    </p>
   </div>
   <div class='ocr_carea' id='block_1_26' title="bbox 2183 1076 3788 1150">
    <p class='ocr_par' dir='ltr' id='par_1_26' title="bbox 2183 1076 3788 1150">
     <span class='ocr_line' id='line_1_26' title="bbox 2183 1076 3788 1150; baseline 0.004 -22"><span class='ocrx_word' id='word_1_193' title='bbox 2183 1098 2206 1128; x_wconf 73' lang='grc' dir='ltr'><strong>α</strong></span> <span class='ocrx_word' id='word_1_194' title='bbox 2241 1077 2542 1133; x_wconf 88' lang='lat' dir='ltr'><strong>abscedere</strong></span> <span class='ocrx_word' id='word_1_195' title='bbox 2571 1076 2902 1148; x_wconf 88' lang='lat' dir='ltr'><strong>compulisti,</strong></span> <span class='ocrx_word' id='word_1_196' title='bbox 2937 1093 3044 1133; x_wconf 89' lang='lat' dir='ltr'><strong>non</strong></span> <span class='ocrx_word' id='word_1_197' title='bbox 3067 1078 3342 1148; x_wconf 87' lang='lat' dir='ltr'><strong>projicias,</strong></span> <span class='ocrx_word' id='word_1_198' title='bbox 3371 1079 3459 1134; x_wconf 80' lang='lat' dir='ltr'><strong>vel</strong></span> <span class='ocrx_word' id='word_1_199' title='bbox 3489 1095 3614 1134; x_wconf 90' lang='lat' dir='ltr'><strong>cum</strong></span> <span class='ocrx_word' id='word_1_200' title='bbox 3679 1096 3788 1150; x_wconf 86' lang='lat' dir='ltr'><strong>ge-</strong></span> 
     </span>
    </p>
   </div>
   <div class='ocr_carea' id='block_1_27' title="bbox 2183 1165 3784 1239">
    <p class='ocr_par' dir='ltr' id='par_1_27' title="bbox 2183 1165 3784 1239">
     <span class='ocr_line' id='line_1_27' title="bbox 2183 1165 3784 1239; baseline 0.004 -23"><span class='ocrx_word' id='word_1_201' title='bbox 2183 1187 2204 1216; x_wconf 74' lang='grc' dir='ltr'>ι</span> <span class='ocrx_word' id='word_1_202' title='bbox 2231 1165 2365 1221; x_wconf 90' lang='lat' dir='ltr'><strong>mitu</strong></span> <span class='ocrx_word' id='word_1_203' title='bbox 2385 1165 2588 1222; x_wconf 90' lang='lat' dir='ltr'><strong>ibidem</strong></span> <span class='ocrx_word' id='word_1_204' title='bbox 2613 1165 2916 1222; x_wconf 89' lang='lat' dir='ltr'><strong>consistere</strong></span> <span class='ocrx_word' id='word_1_205' title='bbox 2937 1181 3124 1237; x_wconf 86' lang='lat' dir='ltr'><strong>cogas.</strong></span> <span class='ocrx_word' id='word_1_206' title='bbox 3165 1187 3188 1217; x_wconf 71' lang='grc' dir='ltr'><strong>ι</strong></span> <span class='ocrx_word' id='word_1_207' title='bbox 3219 1167 3367 1239; x_wconf 84' lang='lat' dir='ltr'><strong>Lege</strong></span> <span class='ocrx_word' id='word_1_208' title='bbox 3389 1166 3784 1238; x_wconf 86' lang='lat' dir='ltr'><strong>intelligenter,</strong></span> 
     </span>
    </p>
   </div>
   <div class='ocr_carea' id='block_1_28' title="bbox 2178 1253 3785 1328">
    <p class='ocr_par' dir='ltr' id='par_1_28' title="bbox 2178 1253 3785 1328">
     <span class='ocr_line' id='line_1_28' title="bbox 2178 1253 3785 1328; baseline -0.001 -18"><span class='ocrx_word' id='word_1_209' title='bbox 2178 1261 2232 1310; x_wconf 89' lang='lat' dir='ltr'><strong>et</strong></span> <span class='ocrx_word' id='word_1_210' title='bbox 2275 1253 2449 1309; x_wconf 87' lang='lat' dir='ltr'><strong>retine</strong></span> <span class='ocrx_word' id='word_1_211' title='bbox 2497 1253 2761 1310; x_wconf 88' lang='lat' dir='ltr'><strong>tenaciter</strong></span> <span class='ocrx_word' id='word_1_212' title='bbox 2809 1254 2951 1310; x_wconf 88' lang='lat' dir='ltr'><strong>hanc</strong></span> <span class='ocrx_word' id='word_1_213' title='bbox 2979 1253 3267 1326; x_wconf 87' lang='lat' dir='ltr'><strong>epistolam</strong></span> <span class='ocrx_word' id='word_1_214' title='bbox 3327 1254 3466 1310; x_wconf 89' lang='lat' dir='ltr'><strong>beati</strong></span> <span class='ocrx_word' id='word_1_215' title='bbox 3528 1255 3785 1328; x_wconf 84' lang='lat' dir='ltr'><strong>Gregorii</strong></span> 
     </span>
    </p>
   </div>
   <div class='ocr_carea' id='block_1_29' title="bbox 2179 1341 3782 1414">
    <p class='ocr_par' dir='ltr' id='par_1_29' title="bbox 2179 1341 3782 1414">
     <span class='ocr_line' id='line_1_29' title="bbox 2179 1341 3782 1414; baseline 0.001 -17"><span class='ocrx_word' id='word_1_216' title='bbox 2179 1341 2248 1397; x_wconf 88' lang='lat' dir='ltr'><strong>ad</strong></span> <span class='ocrx_word' id='word_1_217' title='bbox 2261 1341 2637 1396; x_wconf 86' lang='lat' dir='ltr'><strong>Constantium</strong></span> <span class='ocrx_word' id='word_1_218' title='bbox 2654 1341 3118 1398; x_wconf 88' lang='lat' dir='ltr'><strong>Mediolanensem</strong></span> <span class='ocrx_word' id='word_1_219' title='bbox 3137 1343 3452 1413; x_wconf 89' lang='lat' dir='ltr'><strong>episcopum</strong></span> <span class='ocrx_word' id='word_1_220' title='bbox 3487 1361 3502 1398; x_wconf 89' lang='lat'><strong>:</strong></span> <span class='ocrx_word' id='word_1_221' title='bbox 3527 1363 3548 1392; x_wconf 76' lang='grc' dir='ltr'><strong>α</strong></span> <span class='ocrx_word' id='word_1_222' title='bbox 3571 1343 3782 1414; x_wconf 89' lang='lat' dir='ltr'><strong>Scripta</strong></span> 
     </span>
    </p>
   </div>
   <div class='ocr_carea' id='block_1_30' title="bbox 2177 1429 3782 1502">
    <p class='ocr_par' dir='ltr' id='par_1_30' title="bbox 2177 1429 3782 1502">
     <span class='ocr_line' id='line_1_30' title="bbox 2177 1429 3782 1502; baseline 0.001 -17"><span class='ocrx_word' id='word_1_223' title='bbox 2177 1429 2350 1501; x_wconf 85' lang='lat' dir='ltr'><strong>inquit</strong></span> <span class='ocrx_word' id='word_1_224' title='bbox 2380 1431 2501 1500; x_wconf 90' lang='lat' dir='ltr'><strong>(lib.</strong></span> <span class='ocrx_word' id='word_1_225' title='bbox 2531 1445 2612 1496; x_wconf 77' lang='lat' dir='ltr'><strong>tu,</strong></span> <span class='ocrx_word' id='word_1_226' title='bbox 2667 1431 2926 1502; x_wconf 81' lang='lat' dir='ltr'><strong>epist.l),</strong></span> <span class='ocrx_word' id='word_1_227' title='bbox 2975 1430 3324 1486; x_wconf 78' lang='lat' dir='ltr'><strong>fraternitatis</strong></span> <span class='ocrx_word' id='word_1_228' title='bbox 3355 1438 3550 1486; x_wconf 63' lang='lat' dir='ltr'><strong>vestrae</strong></span> <span class='ocrx_word' id='word_1_229' title='bbox 3601 1432 3782 1486; x_wconf 90' lang='lat' dir='ltr'><strong>susci-</strong></span> 
     </span>
    </p>
   </div>
   <div class='ocr_carea' id='block_1_31' title="bbox 2177 1518 3784 1591">
    <p class='ocr_par' dir='ltr' id='par_1_31' title="bbox 2177 1518 3784 1591">
     <span class='ocr_line' id='line_1_31' title="bbox 2177 1518 3784 1591; baseline 0.001 -19"><span class='ocrx_word' id='word_1_230' title='bbox 2177 1518 2354 1588; x_wconf 89' lang='lat' dir='ltr'><strong>piens,</strong></span> <span class='ocrx_word' id='word_1_231' title='bbox 2369 1533 2601 1591; x_wconf 86' lang='lat' dir='ltr'><strong>magnas</strong></span> <span class='ocrx_word' id='word_1_232' title='bbox 2619 1518 2976 1590; x_wconf 84' lang='lat' dir='ltr'><strong>omnipotenti</strong></span> <span class='ocrx_word' id='word_1_233' title='bbox 2993 1519 3108 1574; x_wconf 91' lang='lat' dir='ltr'><strong>Deo</strong></span> <span class='ocrx_word' id='word_1_234' title='bbox 3121 1519 3330 1590; x_wconf 81' lang='lat' dir='ltr'><strong>gratias</strong></span> <span class='ocrx_word' id='word_1_235' title='bbox 3347 1518 3523 1584; x_wconf 88' lang='lat' dir='ltr'><strong>retuli,</strong></span> <span class='ocrx_word' id='word_1_236' title='bbox 3546 1519 3676 1590; x_wconf 86' lang='lat' dir='ltr'><strong>quia</strong></span> <span class='ocrx_word' id='word_1_237' title='bbox 3695 1535 3784 1575; x_wconf 83' lang='lat' dir='ltr'><strong>or-</strong></span> 
     </span>
    </p>
   </div>
   <div class='ocr_carea' id='block_1_32' title="bbox 2176 1605 3782 1676">
    <p class='ocr_par' dir='ltr' id='par_1_32' title="bbox 2176 1605 3782 1676">
     <span class='ocr_line' id='line_1_32' title="bbox 2176 1605 3782 1676; baseline 0.001 -15"><span class='ocrx_word' id='word_1_238' title='bbox 2176 1605 2467 1662; x_wconf 88' lang='lat' dir='ltr'><strong>diuationis</strong></span> <span class='ocrx_word' id='word_1_239' title='bbox 2495 1614 2694 1663; x_wconf 61' lang='lat' dir='ltr'><strong>vestra;</strong></span> <span class='ocrx_word' id='word_1_240' title='bbox 2713 1606 2889 1662; x_wconf 87' lang='lat' dir='ltr'><strong>merui</strong></span> <span class='ocrx_word' id='word_1_241' title='bbox 2918 1606 3288 1662; x_wconf 85' lang='lat' dir='ltr'><strong>celebratione</strong></span> <span class='ocrx_word' id='word_1_242' title='bbox 3317 1607 3568 1662; x_wconf 88' lang='lat' dir='ltr'><strong>relevari.</strong></span> <span class='ocrx_word' id='word_1_243' title='bbox 3619 1606 3782 1676; x_wconf 85' lang='lat' dir='ltr'><strong>Quod</strong></span> 
     </span>
    </p>
   </div>
   <div class='ocr_carea' id='block_1_33' title="bbox 476 1691 3783 1782">
    <p class='ocr_par' dir='ltr' id='par_1_33' title="bbox 476 1691 3783 1782">
     <span class='ocr_line' id='line_1_33' title="bbox 476 1691 3783 1782; baseline 0.002 -37"><span class='ocrx_word' id='word_1_244' title='bbox 476 1691 628 1746; x_wconf 88' lang='lat' dir='ltr'><strong>muni</strong></span> <span class='ocrx_word' id='word_1_245' title='bbox 655 1692 859 1747; x_wconf 89' lang='lat' dir='ltr'><strong>mundo</strong></span> <span class='ocrx_word' id='word_1_246' title='bbox 909 1701 1188 1750; x_wconf 88' lang='lat' dir='ltr'><strong>consortes</strong></span> <span class='ocrx_word' id='word_1_247' title='bbox 1243 1694 1468 1750; x_wconf 89' lang='lat' dir='ltr'><strong>minime</strong></span> <span class='ocrx_word' id='word_1_248' title='bbox 1515 1697 1784 1766; x_wconf 81' lang='lat' dir='ltr'><strong>potestis?</strong></span> <span class='ocrx_word' id='word_1_249' title='bbox 1840 1700 2073 1769; x_wconf 82' lang='lat' dir='ltr'><strong>Conjun—</strong></span> <span class='ocrx_word' id='word_1_250' title='bbox 2105 1722 2158 1782; x_wconf 78' lang='grc' dir='ltr'>Β</span> <span class='ocrx_word' id='word_1_251' title='bbox 2177 1709 2308 1750; x_wconf 89' lang='lat' dir='ltr'><strong>vero</strong></span> <span class='ocrx_word' id='word_1_252' title='bbox 2335 1709 2404 1750; x_wconf 87' lang='lat' dir='ltr'><strong>ex</strong></span> <span class='ocrx_word' id='word_1_253' title='bbox 2423 1709 2662 1765; x_wconf 89' lang='lat' dir='ltr'><strong>superno</strong></span> <span class='ocrx_word' id='word_1_254' title='bbox 2691 1711 2918 1750; x_wconf 89' lang='lat' dir='ltr'><strong>munere</strong></span> <span class='ocrx_word' id='word_1_255' title='bbox 2939 1695 2994 1750; x_wconf 92' lang='lat' dir='ltr'><strong>in</strong></span> <span class='ocrx_word' id='word_1_256' title='bbox 3023 1694 3348 1751; x_wconf 88' lang='lat' dir='ltr'><strong>electionem</strong></span> <span class='ocrx_word' id='word_1_257' title='bbox 3375 1703 3618 1750; x_wconf 85' lang='lat' dir='ltr'><strong>vestram</strong></span> <span class='ocrx_word' id='word_1_258' title='bbox 3647 1711 3783 1750; x_wconf 89' lang='lat' dir='ltr'><strong>con-</strong></span> 
     </span>
    </p>
   </div>
   <div class='ocr_carea' id='block_1_34' title="bbox 479 1779 2081 1854">
    <p class='ocr_par' dir='ltr' id='par_1_34' title="bbox 479 1779 2081 1854">
     <span class='ocr_line' id='line_1_34' title="bbox 479 1779 2081 1854; baseline 0.007 -20"><span class='ocrx_word' id='word_1_259' title='bbox 479 1786 600 1834; x_wconf 92' lang='lat' dir='ltr'><strong>ctos</strong></span> <span class='ocrx_word' id='word_1_260' title='bbox 631 1779 852 1850; x_wconf 84' lang='lat' dir='ltr'><strong>quidem</strong></span> <span class='ocrx_word' id='word_1_261' title='bbox 880 1781 1146 1851; x_wconf 87' lang='lat' dir='ltr'><strong>premitis,</strong></span> <span class='ocrx_word' id='word_1_262' title='bbox 1179 1783 1276 1837; x_wconf 92' lang='lat' dir='ltr'><strong>sed</strong></span> <span class='ocrx_word' id='word_1_263' title='bbox 1316 1791 1502 1838; x_wconf 89' lang='lat' dir='ltr'><strong>contra</strong></span> <span class='ocrx_word' id='word_1_264' title='bbox 1535 1801 1672 1854; x_wconf 89' lang='lat' dir='ltr'><strong>quos</strong></span> <span class='ocrx_word' id='word_1_265' title='bbox 1702 1802 1800 1841; x_wconf 90' lang='lat' dir='ltr'><strong>vos</strong></span> <span class='ocrx_word' id='word_1_266' title='bbox 1855 1789 2081 1847; x_wconf 87' lang='lat' dir='ltr'><strong>valeatis</strong></span> 
     </span>
    </p>
   </div>
   <div class='ocr_carea' id='block_1_35' title="bbox 477 1868 2081 1946">
    <p class='ocr_par' dir='ltr' id='par_1_35' title="bbox 477 1868 2081 1946">
     <span class='ocr_line' id='line_1_35' title="bbox 477 1868 2081 1946; baseline 0.007 -24"><span class='ocrx_word' id='word_1_267' title='bbox 477 1868 770 1925; x_wconf 80' lang='lat' dir='ltr'><strong>extendere</strong></span> <span class='ocrx_word' id='word_1_268' title='bbox 807 1885 1024 1940; x_wconf 89' lang='lat' dir='ltr'><strong>semper</strong></span> <span class='ocrx_word' id='word_1_269' title='bbox 1050 1870 1324 1926; x_wconf 88' lang='lat' dir='ltr'><strong>invenitis.</strong></span> <span class='ocrx_word' id='word_1_270' title='bbox 1358 1873 1492 1927; x_wconf 87' lang='lat' dir='ltr'><strong>Cum</strong></span> <span class='ocrx_word' id='word_1_271' title='bbox 1525 1875 1790 1944; x_wconf 88' lang='lat' dir='ltr'><strong>augendis</strong></span> <span class='ocrx_word' id='word_1_272' title='bbox 1835 1879 2081 1946; x_wconf 86' lang='lat' dir='ltr'><strong>pecuniis</strong></span> 
     </span>
    </p>
   </div>
   <div class='ocr_carea' id='block_1_36' title="bbox 475 1955 2080 2029">
    <p class='ocr_par' dir='ltr' id='par_1_36' title="bbox 475 1955 2080 2029">
     <span class='ocr_line' id='line_1_36' title="bbox 475 1955 2080 2029; baseline 0.009 -20"><span class='ocrx_word' id='word_1_273' title='bbox 475 1955 706 2021; x_wconf 86' lang='lat' dir='ltr'><strong>inhiant,</strong></span> <span class='ocrx_word' id='word_1_274' title='bbox 737 1957 957 2012; x_wconf 87' lang='lat' dir='ltr'><strong>audiant</strong></span> <span class='ocrx_word' id='word_1_275' title='bbox 977 1958 1120 2029; x_wconf 90' lang='lat' dir='ltr'><strong>quod</strong></span> <span class='ocrx_word' id='word_1_276' title='bbox 1153 1959 1414 2029; x_wconf 90' lang='lat' dir='ltr'><strong>scriptum</strong></span> <span class='ocrx_word' id='word_1_277' title='bbox 1437 1969 1520 2015; x_wconf 92' lang='lat' dir='ltr'><strong>est</strong></span> <span class='ocrx_word' id='word_1_278' title='bbox 1553 1979 1565 2014; x_wconf 92' lang='lat'><strong>:</strong></span> <span class='ocrx_word' id='word_1_279' title='bbox 1601 1963 1818 2020; x_wconf 80' lang='lat' dir='ltr'><strong>Avarus</strong></span> <span class='ocrx_word' id='word_1_280' title='bbox 1839 1981 1952 2021; x_wconf 88' lang='lat' dir='ltr'><strong>non</strong></span> <span class='ocrx_word' id='word_1_281' title='bbox 1971 1969 2080 2022; x_wconf 90' lang='lat' dir='ltr'><strong>i-m-</strong></span> 
     </span>
    </p>
   </div>
   <div class='ocr_carea' id='block_1_37' title="bbox 470 2045 2078 2123">
    <p class='ocr_par' dir='ltr' id='par_1_37' title="bbox 470 2045 2078 2123">
     <span class='ocr_line' id='line_1_37' title="bbox 470 2045 2078 2123; baseline 0.007 -24"><span class='ocrx_word' id='word_1_282' title='bbox 470 2045 726 2123; x_wconf 80' lang='lat' dir='ltr'><strong>plebitur</strong></span> <span class='ocrx_word' id='word_1_283' title='bbox 747 2048 1030 2116; x_wconf 78' lang='lat' dir='ltr'><strong>pecunia,</strong></span> <span class='ocrx_word' id='word_1_284' title='bbox 1065 2050 1231 2118; x_wconf 86' lang='lat' dir='ltr'><strong>etqui</strong></span> <span class='ocrx_word' id='word_1_285' title='bbox 1253 2053 1412 2104; x_wconf 86' lang='lat' dir='ltr'><strong>amat</strong></span> <span class='ocrx_word' id='word_1_286' title='bbox 1445 2049 1674 2107; x_wconf 86' lang='lat' dir='ltr'><strong>divitias</strong></span> <span class='ocrx_word' id='word_1_287' title='bbox 1707 2055 1934 2123; x_wconf 81' lang='lat' dir='ltr'><strong>fructus</strong></span> <span class='ocrx_word' id='word_1_288' title='bbox 1962 2073 2078 2112; x_wconf 89' lang='lat' dir='ltr'><strong>non</strong></span> 
     </span>
    </p>
   </div>
   <div class='ocr_carea' id='block_1_38' title="bbox 473 2121 2076 2214">
    <p class='ocr_par' dir='ltr' id='par_1_38' title="bbox 473 2121 2076 2214">
     <span class='ocr_line' id='line_1_38' title="bbox 473 2121 2076 2214; baseline 0.007 -26"><span class='ocrx_word' id='word_1_289' title='bbox 473 2134 662 2202; x_wconf 83' lang='lat' dir='ltr'><strong>capiet</strong></span> <span class='ocrx_word' id='word_1_290' title='bbox 691 2121 764 2189; x_wconf 64' lang='lat' dir='ltr'><strong>ea:</strong></span> <span class='ocrx_word' id='word_1_291' title='bbox 783 2137 862 2190; x_wconf 87' lang='lat' dir='ltr'><strong>eis</strong></span> <span class='ocrx_word' id='word_1_292' title='bbox 881 2135 1086 2206; x_wconf 70' lang='lat' dir='ltr'><strong>(Eccle.</strong></span> <span class='ocrx_word' id='word_1_293' title='bbox 1110 2135 1192 2208; x_wconf 92' lang='lat' dir='ltr'><strong>v).</strong></span> <span class='ocrx_word' id='word_1_294' title='bbox 1217 2137 1450 2192; x_wconf 83' lang='lat' dir='ltr'><strong>Fructus</strong></span> <span class='ocrx_word' id='word_1_295' title='bbox 1479 2138 1677 2209; x_wconf 90' lang='lat' dir='ltr'><strong>quippe</strong></span> <span class='ocrx_word' id='word_1_296' title='bbox 1708 2121 1774 2196; x_wconf 82' lang='lat' dir='ltr'><strong>ex</strong></span> <span class='ocrx_word' id='word_1_297' title='bbox 1793 2141 2076 2214; x_wconf 89' lang='lat' dir='ltr'><strong>illiscape-</strong></span> 
     </span>
    </p>
   </div>
   <div class='ocr_carea' id='block_1_39' title="bbox 469 2222 2070 2296">
    <p class='ocr_par' dir='ltr' id='par_1_39' title="bbox 469 2222 2070 2296">
     <span class='ocr_line' id='line_1_39' title="bbox 469 2222 2070 2296; baseline 0.008 -22"><span class='ocrx_word' id='word_1_298' title='bbox 469 2227 574 2286; x_wconf 90' lang='lat' dir='ltr'><strong>ret,</strong></span> <span class='ocrx_word' id='word_1_299' title='bbox 608 2222 656 2276; x_wconf 90' lang='lat' dir='ltr'><strong>si</strong></span> <span class='ocrx_word' id='word_1_300' title='bbox 703 2237 798 2278; x_wconf 88' lang='lat' dir='ltr'><strong>eas</strong></span> <span class='ocrx_word' id='word_1_301' title='bbox 837 2223 976 2278; x_wconf 87' lang='lat' dir='ltr'><strong>bene</strong></span> <span class='ocrx_word' id='word_1_302' title='bbox 1007 2239 1274 2296; x_wconf 86' lang='lat' dir='ltr'><strong>spargere</strong></span> <span class='ocrx_word' id='word_1_303' title='bbox 1329 2241 1438 2280; x_wconf 90' lang='lat' dir='ltr'><strong>non</strong></span> <span class='ocrx_word' id='word_1_304' title='bbox 1479 2229 1712 2282; x_wconf 89' lang='lat' dir='ltr'><strong>amando</strong></span> <span class='ocrx_word' id='word_1_305' title='bbox 1751 2229 2014 2287; x_wconf 90' lang='lat' dir='ltr'><strong>voluisset</strong></span> <span class='ocrx_word' id='word_1_306' title='bbox 2057 2251 2070 2286; x_wconf 94' lang='lat'>:</span> 
     </span>
    </p>
   </div>
   <div class='ocr_carea' id='block_1_40' title="bbox 471 2308 2076 2386">
    <p class='ocr_par' dir='ltr' id='par_1_40' title="bbox 471 2308 2076 2386">
     <span class='ocr_line' id='line_1_40' title="bbox 471 2308 2076 2386; baseline 0.008 -24"><span class='ocrx_word' id='word_1_307' title='bbox 471 2308 598 2378; x_wconf 81' lang='lat' dir='ltr'><strong>quia</strong></span> <span class='ocrx_word' id='word_1_308' title='bbox 622 2325 756 2363; x_wconf 90' lang='lat' dir='ltr'><strong>vero</strong></span> <span class='ocrx_word' id='word_1_309' title='bbox 785 2325 882 2364; x_wconf 87' lang='lat' dir='ltr'><strong>eas</strong></span> <span class='ocrx_word' id='word_1_310' title='bbox 909 2311 1190 2384; x_wconf 85' lang='lat' dir='ltr'><strong>diligendo</strong></span> <span class='ocrx_word' id='word_1_311' title='bbox 1233 2313 1448 2378; x_wconf 87' lang='lat' dir='ltr'><strong>retinet,</strong></span> <span class='ocrx_word' id='word_1_312' title='bbox 1481 2314 1571 2370; x_wconf 93' lang='lat' dir='ltr'><strong>hic</strong></span> <span class='ocrx_word' id='word_1_313' title='bbox 1601 2316 1786 2386; x_wconf 88' lang='lat' dir='ltr'><strong>utique</strong></span> <span class='ocrx_word' id='word_1_314' title='bbox 1814 2319 1932 2374; x_wconf 90' lang='lat' dir='ltr'><strong>sine</strong></span> <span class='ocrx_word' id='word_1_315' title='bbox 1962 2319 2076 2375; x_wconf 82' lang='lat' dir='ltr'><strong>fru-</strong></span> 
     </span>
    </p>
   </div>
   <div class='ocr_carea' id='block_1_41' title="bbox 469 2396 2074 2479">
    <p class='ocr_par' dir='ltr' id='par_1_41' title="bbox 469 2396 2074 2479">
     <span class='ocr_line' id='line_1_41' title="bbox 469 2396 2074 2479; baseline 0.008 -28"><span class='ocrx_word' id='word_1_316' title='bbox 469 2403 562 2451; x_wconf 92' lang='lat' dir='ltr'><strong>ctu</strong></span> <span class='ocrx_word' id='word_1_317' title='bbox 593 2396 956 2468; x_wconf 78' lang='lat' dir='ltr'><strong>derelinquat.</strong></span> <span class='ocrx_word' id='word_1_318' title='bbox 980 2399 1115 2454; x_wconf 90' lang='lat' dir='ltr'><strong>Cum</strong></span> <span class='ocrx_word' id='word_1_319' title='bbox 1151 2401 1354 2470; x_wconf 90' lang='lat' dir='ltr'><strong>repleri</strong></span> <span class='ocrx_word' id='word_1_320' title='bbox 1401 2403 1607 2458; x_wconf 91' lang='lat' dir='ltr'><strong>cunctis</strong></span> <span class='ocrx_word' id='word_1_321' title='bbox 1659 2405 1820 2461; x_wconf 88' lang='lat' dir='ltr'><strong>simul</strong></span> <span class='ocrx_word' id='word_1_322' title='bbox 1877 2408 2074 2479; x_wconf 89' lang='lat' dir='ltr'><strong>opibus</strong></span> 
     </span>
    </p>
   </div>
   <div class='ocr_carea' id='block_1_42' title="bbox 473 2482 2072 2566">
    <p class='ocr_par' dir='ltr' id='par_1_42' title="bbox 473 2482 2072 2566">
     <span class='ocr_line' id='line_1_42' title="bbox 473 2482 2072 2566; baseline 0.009 -29"><span class='ocrx_word' id='word_1_323' title='bbox 473 2482 844 2552; x_wconf 87' lang='lat' dir='ltr'><strong>inardescunt,</strong></span> <span class='ocrx_word' id='word_1_324' title='bbox 877 2487 1100 2542; x_wconf 87' lang='lat' dir='ltr'><strong>audiant</strong></span> <span class='ocrx_word' id='word_1_325' title='bbox 1129 2489 1276 2558; x_wconf 92' lang='lat' dir='ltr'><strong>quod</strong></span> <span class='ocrx_word' id='word_1_326' title='bbox 1297 2490 1554 2560; x_wconf 86' lang='lat' dir='ltr'><strong>scriptum</strong></span> <span class='ocrx_word' id='word_1_327' title='bbox 1581 2499 1664 2546; x_wconf 87' lang='lat' dir='ltr'><strong>est</strong></span> <span class='ocrx_word' id='word_1_328' title='bbox 1696 2509 1708 2548; x_wconf 93' lang='lat'>:</span> <span class='ocrx_word' id='word_1_329' title='bbox 1759 2495 1865 2562; x_wconf 84' lang='lat' dir='ltr'><strong>Qui</strong></span> <span class='ocrx_word' id='word_1_330' title='bbox 1903 2498 2072 2566; x_wconf 75' lang='lat' dir='ltr'><strong>festi-</strong></span> 
     </span>
    </p>
   </div>
   <div class='ocr_carea' id='block_1_43' title="bbox 470 2573 2072 2652">
    <p class='ocr_par' dir='ltr' id='par_1_43' title="bbox 470 2573 2072 2652">
     <span class='ocr_line' id='line_1_43' title="bbox 470 2573 2072 2652; baseline 0.008 -26"><span class='ocrx_word' id='word_1_331' title='bbox 470 2576 578 2626; x_wconf 86' lang='lat' dir='ltr'><strong>nat</strong></span> <span class='ocrx_word' id='word_1_332' title='bbox 593 2573 790 2640; x_wconf 85' lang='lat' dir='ltr'><strong>ditari,</strong></span> <span class='ocrx_word' id='word_1_333' title='bbox 812 2591 927 2630; x_wconf 85' lang='lat' dir='ltr'><strong>non</strong></span> <span class='ocrx_word' id='word_1_334' title='bbox 948 2577 1060 2630; x_wconf 82' lang='lat' dir='ltr'><strong>erit</strong></span> <span class='ocrx_word' id='word_1_335' title='bbox 1077 2578 1352 2632; x_wconf 84' lang='lat' dir='ltr'><strong>innocens</strong></span> <span class='ocrx_word' id='word_1_336' title='bbox 1365 2577 1548 2649; x_wconf 85' lang='lat' dir='ltr'><strong>(Prov.</strong></span> <span class='ocrx_word' id='word_1_337' title='bbox 1569 2581 1798 2652; x_wconf 85' lang='lat' dir='ltr'><strong>xxvm).</strong></span> <span class='ocrx_word' id='word_1_338' title='bbox 1821 2583 2072 2639; x_wconf 84' lang='lat' dir='ltr'><strong>Profecto</strong></span> 
     </span>
    </p>
   </div>
   <div class='ocr_carea' id='block_1_44' title="bbox 471 2659 2070 2740">
    <p class='ocr_par' dir='ltr' id='par_1_44' title="bbox 471 2659 2070 2740">
     <span class='ocr_line' id='line_1_44' title="bbox 471 2659 2070 2740; baseline 0.008 -27"><span class='ocrx_word' id='word_1_339' title='bbox 471 2659 618 2714; x_wconf 89' lang='lat' dir='ltr'><strong>enim</strong></span> <span class='ocrx_word' id='word_1_340' title='bbox 647 2663 899 2731; x_wconf 89' lang='lat' dir='ltr'><strong>quoniam</strong></span> <span class='ocrx_word' id='word_1_341' title='bbox 929 2679 1132 2734; x_wconf 85' lang='lat' dir='ltr'><strong>augere</strong></span> <span class='ocrx_word' id='word_1_342' title='bbox 1161 2680 1293 2734; x_wconf 89' lang='lat' dir='ltr'><strong>apes</strong></span> <span class='ocrx_word' id='word_1_343' title='bbox 1340 2666 1526 2732; x_wconf 90' lang='lat' dir='ltr'><strong>ambit,</strong></span> <span class='ocrx_word' id='word_1_344' title='bbox 1573 2667 1746 2724; x_wconf 89' lang='lat' dir='ltr'><strong>vitare</strong></span> <span class='ocrx_word' id='word_1_345' title='bbox 1785 2679 2070 2740; x_wconf 87' lang='lat' dir='ltr'><strong>peccatum</strong></span> 
     </span>
    </p>
   </div>
   <div class='ocr_carea' id='block_1_45' title="bbox 467 2748 2069 2824">
    <p class='ocr_par' dir='ltr' id='par_1_45' title="bbox 467 2748 2069 2824">
     <span class='ocr_line' id='line_1_45' title="bbox 467 2748 2069 2824; baseline 0.008 -22"><span class='ocrx_word' id='word_1_346' title='bbox 467 2748 717 2820; x_wconf 88' lang='lat' dir='ltr'><strong>negligit,</strong></span> <span class='ocrx_word' id='word_1_347' title='bbox 753 2759 804 2804; x_wconf 89' lang='lat' dir='ltr'><strong>et</strong></span> <span class='ocrx_word' id='word_1_348' title='bbox 833 2767 986 2806; x_wconf 89' lang='lat' dir='ltr'><strong>more</strong></span> <span class='ocrx_word' id='word_1_349' title='bbox 1013 2753 1194 2808; x_wconf 89' lang='lat' dir='ltr'><strong>avium</strong></span> <span class='ocrx_word' id='word_1_350' title='bbox 1220 2761 1430 2824; x_wconf 90' lang='lat' dir='ltr'><strong>captus,</strong></span> <span class='ocrx_word' id='word_1_351' title='bbox 1476 2771 1600 2810; x_wconf 91' lang='lat' dir='ltr'><strong>cum</strong></span> <span class='ocrx_word' id='word_1_352' title='bbox 1657 2773 1836 2812; x_wconf 90' lang='lat' dir='ltr'><strong>escam</strong></span> <span class='ocrx_word' id='word_1_353' title='bbox 1891 2767 2069 2816; x_wconf 90' lang='lat' dir='ltr'><strong>terre-</strong></span> 
     </span>
    </p>
   </div>
   <div class='ocr_carea' id='block_1_46' title="bbox 468 2839 2071 2918">
    <p class='ocr_par' dir='ltr' id='par_1_46' title="bbox 468 2839 2071 2918">
     <span class='ocr_line' id='line_1_46' title="bbox 468 2839 2071 2918; baseline 0.009 -30"><span class='ocrx_word' id='word_1_354' title='bbox 468 2849 664 2891; x_wconf 87' lang='lat' dir='ltr'><strong>narum</strong></span> <span class='ocrx_word' id='word_1_355' title='bbox 719 2855 904 2894; x_wconf 89' lang='lat' dir='ltr'><strong>rerum</strong></span> <span class='ocrx_word' id='word_1_356' title='bbox 947 2839 1137 2894; x_wconf 85' lang='lat' dir='ltr'><strong>avidus</strong></span> <span class='ocrx_word' id='word_1_357' title='bbox 1194 2843 1477 2912; x_wconf 88' lang='lat' dir='ltr'><strong>conspicit,</strong></span> <span class='ocrx_word' id='word_1_358' title='bbox 1509 2859 1648 2914; x_wconf 77' lang='lat' dir='ltr'><strong>quo</strong></span> <span class='ocrx_word' id='word_1_359' title='bbox 1697 2847 2071 2918; x_wconf 85' lang='lat' dir='ltr'><strong>stranguletur</strong></span> 
     </span>
    </p>
   </div>
   <div class='ocr_carea' id='block_1_47' title="bbox 465 2924 2068 3004">
    <p class='ocr_par' dir='ltr' id='par_1_47' title="bbox 465 2924 2068 3004">
     <span class='ocr_line' id='line_1_47' title="bbox 465 2924 2068 3004; baseline 0.008 -28"><span class='ocrx_word' id='word_1_360' title='bbox 465 2924 680 2992; x_wconf 89' lang='lat' dir='ltr'><strong>peccati</strong></span> <span class='ocrx_word' id='word_1_361' title='bbox 707 2924 907 2995; x_wconf 84' lang='lat' dir='ltr'><strong>laqueo</strong></span> <span class='ocrx_word' id='word_1_362' title='bbox 937 2941 1046 2980; x_wconf 90' lang='lat' dir='ltr'><strong>non</strong></span> <span class='ocrx_word' id='word_1_363' title='bbox 1071 2929 1349 2998; x_wconf 87' lang='lat' dir='ltr'><strong>agnoscit.</strong></span> <span class='ocrx_word' id='word_1_364' title='bbox 1390 2931 1524 2983; x_wconf 91' lang='lat' dir='ltr'><strong>Cum</strong></span> <span class='ocrx_word' id='word_1_365' title='bbox 1545 2931 1798 3002; x_wconf 75' lang='lat' dir='ltr'><strong>quaelibet</strong></span> <span class='ocrx_word' id='word_1_366' title='bbox 1825 2949 2068 3004; x_wconf 64' lang='lat' dir='ltr'><strong>praesen-</strong></span> 
     </span>
    </p>
   </div>
   <div class='ocr_carea' id='block_1_48' title="bbox 465 3008 2066 3090">
    <p class='ocr_par' dir='ltr' id='par_1_48' title="bbox 465 3008 2066 3090">
     <span class='ocr_line' id='line_1_48' title="bbox 465 3008 2066 3090; baseline 0.009 -28"><span class='ocrx_word' id='word_1_367' title='bbox 465 3008 536 3063; x_wconf 89' lang='lat' dir='ltr'><strong>tis</strong></span> <span class='ocrx_word' id='word_1_368' title='bbox 561 3011 747 3065; x_wconf 91' lang='lat' dir='ltr'><strong>mundi</strong></span> <span class='ocrx_word' id='word_1_369' title='bbox 789 3011 942 3067; x_wconf 89' lang='lat' dir='ltr'><strong>lucra</strong></span> <span class='ocrx_word' id='word_1_370' title='bbox 984 3013 1312 3080; x_wconf 88' lang='lat' dir='ltr'><strong>desiderant,</strong></span> <span class='ocrx_word' id='word_1_371' title='bbox 1365 3032 1538 3088; x_wconf 88' lang='lat' dir='ltr'><strong>eaque</strong></span> <span class='ocrx_word' id='word_1_372' title='bbox 1595 3035 1716 3090; x_wconf 82' lang='lat' dir='ltr'><strong>quae</strong></span> <span class='ocrx_word' id='word_1_373' title='bbox 1763 3021 1832 3075; x_wconf 93' lang='lat' dir='ltr'><strong>de</strong></span> <span class='ocrx_word' id='word_1_374' title='bbox 1888 3021 2066 3078; x_wconf 90' lang='lat' dir='ltr'><strong>futuro</strong></span> 
     </span>
    </p>
   </div>
   <div class='ocr_carea' id='block_1_49' title="bbox 465 3096 2062 3182">
    <p class='ocr_par' dir='ltr' id='par_1_49' title="bbox 465 3096 2062 3182">
     <span class='ocr_line' id='line_1_49' title="bbox 465 3096 2062 3182; baseline 0.009 -31"><span class='ocrx_word' id='word_1_375' title='bbox 465 3096 668 3153; x_wconf 90' lang='lat' dir='ltr'><strong>damna</strong></span> <span class='ocrx_word' id='word_1_376' title='bbox 709 3097 982 3170; x_wconf 89' lang='lat' dir='ltr'><strong>patiuntur</strong></span> <span class='ocrx_word' id='word_1_377' title='bbox 1025 3101 1298 3174; x_wconf 87' lang='lat' dir='ltr'><strong>ignorant,</strong></span> <span class='ocrx_word' id='word_1_378' title='bbox 1349 3105 1571 3158; x_wconf 90' lang='lat' dir='ltr'><strong>audiant</strong></span> <span class='ocrx_word' id='word_1_379' title='bbox 1601 3107 1746 3176; x_wconf 88' lang='lat' dir='ltr'><strong>quod</strong></span> <span class='ocrx_word' id='word_1_380' title='bbox 1800 3109 2062 3182; x_wconf 88' lang='lat' dir='ltr'><strong>scriptum</strong></span> 
     </span>
    </p>
   </div>
   <div class='ocr_carea' id='block_1_50' title="bbox 465 3187 2063 3269">
    <p class='ocr_par' dir='ltr' id='par_1_50' title="bbox 465 3187 2063 3269">
     <span class='ocr_line' id='line_1_50' title="bbox 465 3187 2063 3269; baseline 0.008 -28"><span class='ocrx_word' id='word_1_381' title='bbox 465 3193 548 3241; x_wconf 92' lang='lat' dir='ltr'><strong>est</strong></span> <span class='ocrx_word' id='word_1_382' title='bbox 585 3203 598 3239; x_wconf 93' lang='lat'>:</span> <span class='ocrx_word' id='word_1_383' title='bbox 631 3187 940 3244; x_wconf 68' lang='lat' dir='ltr'><strong>Ilaereditas</strong></span> <span class='ocrx_word' id='word_1_384' title='bbox 968 3189 1040 3244; x_wconf 88' lang='lat' dir='ltr'><strong>ad</strong></span> <span class='ocrx_word' id='word_1_385' title='bbox 1070 3208 1239 3262; x_wconf 85' lang='lat' dir='ltr'><strong>quam</strong></span> <span class='ocrx_word' id='word_1_386' title='bbox 1257 3194 1575 3262; x_wconf 78' lang='lat' dir='ltr'><strong>festinatur</strong></span> <span class='ocrx_word' id='word_1_387' title='bbox 1593 3197 1656 3250; x_wconf 91' lang='lat' dir='ltr'><strong>in</strong></span> <span class='ocrx_word' id='word_1_388' title='bbox 1671 3195 1975 3269; x_wconf 86' lang='lat' dir='ltr'><strong>principio,</strong></span> <span class='ocrx_word' id='word_1_389' title='bbox 2000 3199 2063 3253; x_wconf 91' lang='lat' dir='ltr'><strong>in</strong></span> 
     </span>
    </p>
   </div>
   <div class='ocr_carea' id='block_1_51' title="bbox 463 3275 2063 3354">
    <p class='ocr_par' dir='ltr' id='par_1_51' title="bbox 463 3275 2063 3354">
     <span class='ocr_line' id='line_1_51' title="bbox 463 3275 2063 3354; baseline 0.008 -26"><span class='ocrx_word' id='word_1_390' title='bbox 463 3275 764 3332; x_wconf 80' lang='lat' dir='ltr'><strong>novissimo</strong></span> <span class='ocrx_word' id='word_1_391' title='bbox 787 3277 1170 3335; x_wconf 77' lang='lat' dir='ltr'><strong>benedictione</strong></span> <span class='ocrx_word' id='word_1_392' title='bbox 1199 3281 1410 3336; x_wconf 84' lang='lat' dir='ltr'><strong>carebit</strong></span> <span class='ocrx_word' id='word_1_393' title='bbox 1432 3283 1616 3352; x_wconf 86' lang='lat' dir='ltr'><strong>(Prov.</strong></span> <span class='ocrx_word' id='word_1_394' title='bbox 1651 3283 1776 3354; x_wconf 76' lang='lat' dir='ltr'><strong>xx).</strong></span> <span class='ocrx_word' id='word_1_395' title='bbox 1827 3285 1914 3340; x_wconf 83' lang='lat' dir='ltr'><strong>Ex</strong></span> <span class='ocrx_word' id='word_1_396' title='bbox 1963 3287 2063 3341; x_wconf 90' lang='lat' dir='ltr'><strong>hac</strong></span> 
     </span>
    </p>
   </div>
   <div class='ocr_carea' id='block_1_52' title="bbox 461 3361 2060 3434">
    <p class='ocr_par' dir='ltr' id='par_1_52' title="bbox 461 3361 2060 3434">
     <span class='ocr_line' id='line_1_52' title="bbox 461 3361 2060 3434; baseline 0.008 -18"><span class='ocrx_word' id='word_1_397' title='bbox 461 3361 660 3434; x_wconf 89' lang='lat' dir='ltr'><strong>quippe</strong></span> <span class='ocrx_word' id='word_1_398' title='bbox 690 3364 798 3418; x_wconf 88' lang='lat' dir='ltr'><strong>vita</strong></span> <span class='ocrx_word' id='word_1_399' title='bbox 839 3365 1051 3421; x_wconf 88' lang='lat' dir='ltr'><strong>initium</strong></span> <span class='ocrx_word' id='word_1_400' title='bbox 1108 3367 1376 3434; x_wconf 91' lang='lat' dir='ltr'><strong>ducimus,</strong></span> <span class='ocrx_word' id='word_1_401' title='bbox 1425 3377 1484 3422; x_wconf 90' lang='lat' dir='ltr'><strong>ut</strong></span> <span class='ocrx_word' id='word_1_402' title='bbox 1541 3371 1608 3424; x_wconf 87' lang='lat' dir='ltr'><strong>ad</strong></span> <span class='ocrx_word' id='word_1_403' title='bbox 1663 3371 2060 3429; x_wconf 89' lang='lat' dir='ltr'><strong>benedictionis</strong></span> 
     </span>
    </p>
   </div>
   <div class='ocr_carea' id='block_1_53' title="bbox 461 3460 2062 3541">
    <p class='ocr_par' dir='ltr' id='par_1_53' title="bbox 461 3460 2062 3541">
     <span class='ocr_line' id='line_1_53' title="bbox 461 3460 2062 3541; baseline 0.009 -30"><span class='ocrx_word' id='word_1_404' title='bbox 461 3467 664 3514; x_wconf 88' lang='lat' dir='ltr'><strong>sortem</strong></span> <span class='ocrx_word' id='word_1_405' title='bbox 695 3460 750 3516; x_wconf 90' lang='lat' dir='ltr'><strong>in</strong></span> <span class='ocrx_word' id='word_1_406' title='bbox 783 3462 1082 3518; x_wconf 86' lang='lat' dir='ltr'><strong>novissimo</strong></span> <span class='ocrx_word' id='word_1_407' title='bbox 1115 3465 1416 3520; x_wconf 86' lang='lat' dir='ltr'><strong>veniamus.</strong></span> <span class='ocrx_word' id='word_1_408' title='bbox 1451 3465 1556 3534; x_wconf 88' lang='lat' dir='ltr'><strong>Qui</strong></span> <span class='ocrx_word' id='word_1_409' title='bbox 1605 3467 1788 3539; x_wconf 87' lang='lat' dir='ltr'><strong>itaque</strong></span> <span class='ocrx_word' id='word_1_410' title='bbox 1830 3469 1886 3523; x_wconf 91' lang='lat' dir='ltr'><strong>in</strong></span> <span class='ocrx_word' id='word_1_411' title='bbox 1913 3471 2062 3541; x_wconf 88' lang='lat' dir='ltr'><strong>prin-</strong></span> 
     </span>
    </p>
   </div>
   <div class='ocr_carea' id='block_1_54' title="bbox 459 3545 2060 3622">
    <p class='ocr_par' dir='ltr' id='par_1_54' title="bbox 459 3545 2060 3622">
     <span class='ocr_line' id='line_1_54' title="bbox 459 3545 2060 3622; baseline 0.01 -23"><span class='ocrx_word' id='word_1_412' title='bbox 459 3545 601 3617; x_wconf 91' lang='lat' dir='ltr'><strong>cipio</strong></span> <span class='ocrx_word' id='word_1_413' title='bbox 631 3549 944 3605; x_wconf 68' lang='lat' dir='ltr'><strong>hazreditari</strong></span> <span class='ocrx_word' id='word_1_414' title='bbox 972 3551 1245 3622; x_wconf 82' lang='lat' dir='ltr'><strong>festinant,</strong></span> <span class='ocrx_word' id='word_1_415' title='bbox 1279 3561 1480 3610; x_wconf 86' lang='lat' dir='ltr'><strong>sortem</strong></span> <span class='ocrx_word' id='word_1_416' title='bbox 1509 3555 1614 3610; x_wconf 91' lang='lat' dir='ltr'><strong>sibi</strong></span> <span class='ocrx_word' id='word_1_417' title='bbox 1659 3556 1714 3611; x_wconf 90' lang='lat' dir='ltr'><strong>in</strong></span> <span class='ocrx_word' id='word_1_418' title='bbox 1763 3559 2060 3615; x_wconf 90' lang='lat' dir='ltr'><strong>novissimo</strong></span> 
     </span>
    </p>
   </div>
   <div class='ocr_carea' id='block_1_55' title="bbox 457 3633 2059 3715">
    <p class='ocr_par' dir='ltr' id='par_1_55' title="bbox 457 3633 2059 3715">
     <span class='ocr_line' id='line_1_55' title="bbox 457 3633 2059 3715; baseline 0.011 -28"><span class='ocrx_word' id='word_1_419' title='bbox 457 3633 854 3694; x_wconf 90' lang='lat' dir='ltr'><strong>benedictionis</strong></span> <span class='ocrx_word' id='word_1_420' title='bbox 884 3649 1168 3711; x_wconf 88' lang='lat' dir='ltr'><strong>amputant</strong></span> <span class='ocrx_word' id='word_1_421' title='bbox 1199 3660 1211 3696; x_wconf 92' lang='lat'>:</span> <span class='ocrx_word' id='word_1_422' title='bbox 1242 3643 1496 3714; x_wconf 88' lang='lat' dir='ltr'><strong>quoniam</strong></span> <span class='ocrx_word' id='word_1_423' title='bbox 1527 3645 1658 3698; x_wconf 89' lang='lat' dir='ltr'><strong>dum</strong></span> <span class='ocrx_word' id='word_1_424' title='bbox 1689 3661 1790 3715; x_wconf 90' lang='lat' dir='ltr'><strong>per</strong></span> <span class='ocrx_word' id='word_1_425' title='bbox 1818 3648 2059 3704; x_wconf 66' lang='lat' dir='ltr'><strong>avaritia</strong></span> 
     </span>
    </p>
   </div>
   <div class='ocr_carea' id='block_1_56' title="bbox 456 3725 2060 3802">
    <p class='ocr_par' dir='ltr' id='par_1_56' title="bbox 456 3725 2060 3802">
     <span class='ocr_line' id='line_1_56' title="bbox 456 3725 2060 3802; baseline 0.009 -26"><span class='ocrx_word' id='word_1_426' title='bbox 456 3725 752 3794; x_wconf 90' lang='lat' dir='ltr'><strong>nequitiam</strong></span> <span class='ocrx_word' id='word_1_427' title='bbox 785 3726 872 3783; x_wconf 86' lang='lat' dir='ltr'><strong>hic</strong></span> <span class='ocrx_word' id='word_1_428' title='bbox 901 3728 1250 3799; x_wconf 89' lang='lat' dir='ltr'><strong>multiplicari</strong></span> <span class='ocrx_word' id='word_1_429' title='bbox 1280 3739 1559 3802; x_wconf 85' lang='lat' dir='ltr'><strong>appetunt,</strong></span> <span class='ocrx_word' id='word_1_430' title='bbox 1593 3732 1706 3788; x_wconf 91' lang='lat' dir='ltr'><strong>illic</strong></span> <span class='ocrx_word' id='word_1_431' title='bbox 1740 3734 1807 3788; x_wconf 90' lang='lat' dir='ltr'><strong>ab</strong></span> <span class='ocrx_word' id='word_1_432' title='bbox 1853 3743 2060 3791; x_wconf 72' lang='lat' dir='ltr'><strong>aeterno</strong></span> 
     </span>
    </p>
   </div>
   <div class='ocr_carea' id='block_1_57' title="bbox 454 3811 2059 3891">
    <p class='ocr_par' dir='ltr' id='par_1_57' title="bbox 454 3811 2059 3891">
     <span class='ocr_line' id='line_1_57' title="bbox 454 3811 2059 3891; baseline 0.009 -27"><span class='ocrx_word' id='word_1_433' title='bbox 454 3811 787 3880; x_wconf 89' lang='lat' dir='ltr'><strong>patrimonio</strong></span> <span class='ocrx_word' id='word_1_434' title='bbox 844 3817 1160 3870; x_wconf 63' lang='lat' dir='ltr'><strong>exheredes</strong></span> <span class='ocrx_word' id='word_1_435' title='bbox 1213 3817 1366 3872; x_wconf 83' lang='lat' dir='ltr'><strong>ﬁunt.</strong></span> <span class='ocrx_word' id='word_1_436' title='bbox 1416 3819 1550 3873; x_wconf 88' lang='lat' dir='ltr'><strong>Cum</strong></span> <span class='ocrx_word' id='word_1_437' title='bbox 1607 3821 1694 3875; x_wconf 90' lang='lat' dir='ltr'><strong>vel</strong></span> <span class='ocrx_word' id='word_1_438' title='bbox 1737 3821 1890 3891; x_wconf 88' lang='lat' dir='ltr'><strong>plura</strong></span> <span class='ocrx_word' id='word_1_439' title='bbox 1937 3839 2059 3878; x_wconf 89' lang='lat' dir='ltr'><strong>am-</strong></span> 
     </span>
    </p>
   </div>
   <div class='ocr_carea' id='block_1_58' title="bbox 455 3897 2055 3980">
    <p class='ocr_par' dir='ltr' id='par_1_58' title="bbox 455 3897 2055 3980">
     <span class='ocr_line' id='line_1_58' title="bbox 455 3897 2055 3980; baseline 0.009 -29"><span class='ocrx_word' id='word_1_440' title='bbox 455 3897 627 3965; x_wconf 90' lang='lat' dir='ltr'><strong>biunt,</strong></span> <span class='ocrx_word' id='word_1_441' title='bbox 661 3901 748 3955; x_wconf 89' lang='lat' dir='ltr'><strong>vel</strong></span> <span class='ocrx_word' id='word_1_442' title='bbox 775 3901 1021 3958; x_wconf 80' lang='lat' dir='ltr'><strong>obtinere</strong></span> <span class='ocrx_word' id='word_1_443' title='bbox 1059 3911 1256 3959; x_wconf 88' lang='lat' dir='ltr'><strong>cuncta</strong></span> <span class='ocrx_word' id='word_1_444' title='bbox 1303 3921 1426 3976; x_wconf 73' lang='lat' dir='ltr'><strong>quae</strong></span> <span class='ocrx_word' id='word_1_445' title='bbox 1466 3907 1760 3962; x_wconf 90' lang='lat' dir='ltr'><strong>ambierint</strong></span> <span class='ocrx_word' id='word_1_446' title='bbox 1805 3919 2055 3980; x_wconf 88' lang='lat' dir='ltr'><strong>possunt,</strong></span> 
     </span>
    </p>
   </div>
   <div class='ocr_carea' id='block_1_59' title="bbox 455 3985 2058 4066">
    <p class='ocr_par' dir='ltr' id='par_1_59' title="bbox 455 3985 2058 4066">
     <span class='ocr_line' id='line_1_59' title="bbox 455 3985 2058 4066; baseline 0.011 -28"><span class='ocrx_word' id='word_1_447' title='bbox 455 3985 678 4042; x_wconf 90' lang='lat' dir='ltr'><strong>audiant</strong></span> <span class='ocrx_word' id='word_1_448' title='bbox 709 3988 854 4058; x_wconf 91' lang='lat' dir='ltr'><strong>quod</strong></span> <span class='ocrx_word' id='word_1_449' title='bbox 887 3990 1144 4060; x_wconf 90' lang='lat' dir='ltr'><strong>scriptum</strong></span> <span class='ocrx_word' id='word_1_450' title='bbox 1173 3999 1254 4046; x_wconf 89' lang='lat' dir='ltr'><strong>est</strong></span> <span class='ocrx_word' id='word_1_451' title='bbox 1292 4008 1304 4046; x_wconf 92' lang='lat'><strong>:</strong></span> <span class='ocrx_word' id='word_1_452' title='bbox 1341 3993 1484 4058; x_wconf 84' lang='lat' dir='ltr'><strong>Quid</strong></span> <span class='ocrx_word' id='word_1_453' title='bbox 1501 3995 1732 4066; x_wconf 83' lang='lat' dir='ltr'><strong>prodest</strong></span> <span class='ocrx_word' id='word_1_454' title='bbox 1761 3998 1980 4054; x_wconf 82' lang='lat' dir='ltr'><strong>homini</strong></span> <span class='ocrx_word' id='word_1_455' title='bbox 2006 4001 2058 4055; x_wconf 87' lang='lat' dir='ltr'><strong>si</strong></span> 
     </span>
    </p>
   </div>
   <div class='ocr_carea' id='block_1_60' title="bbox 457 4076 2058 4146">
    <p class='ocr_par' dir='ltr' id='par_1_60' title="bbox 457 4076 2058 4146">
     <span class='ocr_line' id='line_1_60' title="bbox 457 4076 2058 4146; baseline 0.01 -19"><span class='ocrx_word' id='word_1_456' title='bbox 457 4077 642 4129; x_wconf 85' lang='lat' dir='ltr'><strong>totum</strong></span> <span class='ocrx_word' id='word_1_457' title='bbox 655 4076 932 4132; x_wconf 86' lang='lat' dir='ltr'><strong>mundum</strong></span> <span class='ocrx_word' id='word_1_458' title='bbox 947 4079 1221 4146; x_wconf 83' lang='lat' dir='ltr'><strong>lucretur,</strong></span> <span class='ocrx_word' id='word_1_459' title='bbox 1243 4082 1452 4136; x_wconf 80' lang='lat' dir='ltr'><strong>anima:</strong></span> <span class='ocrx_word' id='word_1_460' title='bbox 1463 4098 1590 4139; x_wconf 83' lang='lat' dir='ltr'><strong>vero</strong></span> <span class='ocrx_word' id='word_1_461' title='bbox 1603 4099 1719 4138; x_wconf 65' lang='lat' dir='ltr'><strong>sua</strong></span> <span class='ocrx_word' id='word_1_462' title='bbox 1749 4084 1841 4140; x_wconf 84' lang='lat' dir='ltr'><strong>det</strong></span> <span class='ocrx_word' id='word_1_463' title='bbox 1848 4087 2058 4143; x_wconf 85' lang='lat' dir='ltr'><strong>rimen-</strong></span> 
     </span>
    </p>
   </div>
   <div class='ocr_carea' id='block_1_61' title="bbox 455 4162 2058 4243">
    <p class='ocr_par' dir='ltr' id='par_1_61' title="bbox 455 4162 2058 4243">
     <span class='ocr_line' id='line_1_61' title="bbox 455 4162 2058 4243; baseline 0.009 -28"><span class='ocrx_word' id='word_1_464' title='bbox 455 4163 580 4216; x_wconf 88' lang='lat' dir='ltr'><strong>tum</strong></span> <span class='ocrx_word' id='word_1_465' title='bbox 598 4162 702 4230; x_wconf 69' lang='grc' dir='ltr'><strong>βαι</strong></span> <span class='ocrx_word' id='word_1_466' title='bbox 729 4165 920 4233; x_wconf 81' lang='lat' dir='ltr'><strong>?(Luc.</strong></span> <span class='ocrx_word' id='word_1_467' title='bbox 943 4167 1086 4238; x_wconf 83' lang='lat' dir='ltr'><strong>vni.)</strong></span> <span class='ocrx_word' id='word_1_468' title='bbox 1105 4171 1182 4224; x_wconf 80' lang='lat' dir='ltr'><strong>Ac</strong></span> <span class='ocrx_word' id='word_1_469' title='bbox 1198 4168 1244 4221; x_wconf 89' lang='lat' dir='ltr'><strong>si</strong></span> <span class='ocrx_word' id='word_1_470' title='bbox 1265 4177 1454 4240; x_wconf 89' lang='lat' dir='ltr'><strong>aperte</strong></span> <span class='ocrx_word' id='word_1_471' title='bbox 1479 4171 1692 4226; x_wconf 85' lang='lat' dir='ltr'><strong>Veritas</strong></span> <span class='ocrx_word' id='word_1_472' title='bbox 1713 4172 1892 4228; x_wconf 90' lang='lat' dir='ltr'><strong>dicat:</strong></span> <span class='ocrx_word' id='word_1_473' title='bbox 1913 4174 2058 4243; x_wconf 89' lang='lat' dir='ltr'><strong>Quid</strong></span> 
     </span>
    </p>
   </div>
   <div class='ocr_carea' id='block_1_62' title="bbox 449 4251 2057 4334">
    <p class='ocr_par' dir='ltr' id='par_1_62' title="bbox 449 4251 2057 4334">
     <span class='ocr_line' id='line_1_62' title="bbox 449 4251 2057 4334; baseline 0.01 -31"><span class='ocrx_word' id='word_1_474' title='bbox 449 4251 680 4320; x_wconf 89' lang='lat' dir='ltr'><strong>prodest</strong></span> <span class='ocrx_word' id='word_1_475' title='bbox 707 4253 914 4308; x_wconf 89' lang='lat' dir='ltr'><strong>homini</strong></span> <span class='ocrx_word' id='word_1_476' title='bbox 945 4255 990 4310; x_wconf 93' lang='lat' dir='ltr'><strong>si</strong></span> <span class='ocrx_word' id='word_1_477' title='bbox 1022 4263 1210 4322; x_wconf 90' lang='lat' dir='ltr'><strong>totum,</strong></span> <span class='ocrx_word' id='word_1_478' title='bbox 1245 4258 1394 4328; x_wconf 91' lang='lat' dir='ltr'><strong>quod</strong></span> <span class='ocrx_word' id='word_1_479' title='bbox 1424 4269 1576 4313; x_wconf 89' lang='lat' dir='ltr'><strong>extra</strong></span> <span class='ocrx_word' id='word_1_480' title='bbox 1615 4276 1674 4315; x_wconf 92' lang='lat' dir='ltr'><strong>se</strong></span> <span class='ocrx_word' id='word_1_481' title='bbox 1705 4269 1788 4316; x_wconf 91' lang='lat' dir='ltr'><strong>est</strong></span> <span class='ocrx_word' id='word_1_482' title='bbox 1821 4278 2057 4334; x_wconf 85' lang='lat' dir='ltr'><strong>congre-</strong></span> 
     </span>
    </p>
   </div>
   <div class='ocr_carea' id='block_1_63' title="bbox 449 4339 2056 4424">
    <p class='ocr_par' dir='ltr' id='par_1_63' title="bbox 449 4339 2056 4424">
     <span class='ocr_line' id='line_1_63' title="bbox 449 4339 2056 4424; baseline 0.011 -34"><span class='ocrx_word' id='word_1_483' title='bbox 449 4345 560 4408; x_wconf 86' lang='lat' dir='ltr'><strong>gat,</strong></span> <span class='ocrx_word' id='word_1_484' title='bbox 595 4339 644 4394; x_wconf 91' lang='lat' dir='ltr'><strong>si</strong></span> <span class='ocrx_word' id='word_1_485' title='bbox 675 4339 780 4397; x_wconf 88' lang='lat' dir='ltr'><strong>hoc</strong></span> <span class='ocrx_word' id='word_1_486' title='bbox 806 4342 982 4398; x_wconf 91' lang='lat' dir='ltr'><strong>solum</strong></span> <span class='ocrx_word' id='word_1_487' title='bbox 1015 4346 1160 4416; x_wconf 89' lang='lat' dir='ltr'><strong>quod</strong></span> <span class='ocrx_word' id='word_1_488' title='bbox 1179 4345 1297 4416; x_wconf 90' lang='lat' dir='ltr'><strong>ipse</strong></span> <span class='ocrx_word' id='word_1_489' title='bbox 1330 4353 1415 4402; x_wconf 89' lang='lat' dir='ltr'><strong>est</strong></span> <span class='ocrx_word' id='word_1_490' title='bbox 1443 4347 1660 4402; x_wconf 88' lang='lat' dir='ltr'><strong>damnat</strong></span> <span class='ocrx_word' id='word_1_491' title='bbox 1687 4351 1714 4404; x_wconf 64' lang='grc' dir='ltr'><em>Ὺ</em></span> <span class='ocrx_word' id='word_1_492' title='bbox 1753 4350 1890 4406; x_wconf 84' lang='lat' dir='ltr'><strong>Hinc</strong></span> <span class='ocrx_word' id='word_1_493' title='bbox 1921 4368 2056 4424; x_wconf 84' lang='lat' dir='ltr'><strong>quo-</strong></span> 
     </span>
    </p>
   </div>
   <div class='ocr_carea' id='block_1_64' title="bbox 2184 1783 3786 1848">
    <p class='ocr_par' dir='ltr' id='par_1_64' title="bbox 2184 1783 3786 1848">
     <span class='ocr_line' id='line_1_64' title="bbox 2184 1783 3786 1848; baseline 0.001 -10"><span class='ocrx_word' id='word_1_494' title='bbox 2184 1783 2424 1839; x_wconf 89' lang='lat' dir='ltr'><strong>corditer</strong></span> <span class='ocrx_word' id='word_1_495' title='bbox 2435 1784 2676 1840; x_wconf 88' lang='lat' dir='ltr'><strong>omnium</strong></span> <span class='ocrx_word' id='word_1_496' title='bbox 2690 1784 2942 1839; x_wconf 89' lang='lat' dir='ltr'><strong>convenit</strong></span> <span class='ocrx_word' id='word_1_497' title='bbox 2955 1799 3236 1848; x_wconf 88' lang='lat' dir='ltr'><strong>assensus,</strong></span> <span class='ocrx_word' id='word_1_498' title='bbox 3251 1785 3356 1840; x_wconf 90' lang='lat' dir='ltr'><strong>hoc</strong></span> <span class='ocrx_word' id='word_1_499' title='bbox 3369 1783 3676 1840; x_wconf 89' lang='lat' dir='ltr'><strong>fraternitas</strong></span> <span class='ocrx_word' id='word_1_500' title='bbox 3687 1792 3786 1839; x_wconf 87' lang='lat' dir='ltr'><strong>tua</strong></span> 
     </span>
    </p>
   </div>
   <div class='ocr_carea' id='block_1_65' title="bbox 2182 1871 3784 1944">
    <p class='ocr_par' dir='ltr' id='par_1_65' title="bbox 2182 1871 3784 1944">
     <span class='ocr_line' id='line_1_65' title="bbox 2182 1871 3784 1944; baseline -0.001 -17"><span class='ocrx_word' id='word_1_501' title='bbox 2182 1885 2308 1928; x_wconf 89' lang='lat' dir='ltr'><strong>cum</strong></span> <span class='ocrx_word' id='word_1_502' title='bbox 2357 1886 2572 1927; x_wconf 89' lang='lat' dir='ltr'><strong>summa</strong></span> <span class='ocrx_word' id='word_1_503' title='bbox 2618 1871 2779 1927; x_wconf 91' lang='lat' dir='ltr'><strong>debet</strong></span> <span class='ocrx_word' id='word_1_504' title='bbox 2835 1871 3274 1928; x_wconf 89' lang='lat' dir='ltr'><strong>consideratione</strong></span> <span class='ocrx_word' id='word_1_505' title='bbox 3332 1887 3590 1944; x_wconf 88' lang='lat' dir='ltr'><strong>pensare,</strong></span> <span class='ocrx_word' id='word_1_506' title='bbox 3651 1873 3784 1944; x_wconf 86' lang='lat' dir='ltr'><strong>quia</strong></span> 
     </span>
    </p>
   </div>
   <div class='ocr_carea' id='block_1_66' title="bbox 2183 1957 3782 2031">
    <p class='ocr_par' dir='ltr' id='par_1_66' title="bbox 2183 1957 3782 2031">
     <span class='ocr_line' id='line_1_66' title="bbox 2183 1957 3782 2031; baseline 0.001 -17"><span class='ocrx_word' id='word_1_507' title='bbox 2183 1967 2306 2030; x_wconf 90' lang='lat' dir='ltr'><strong>post</strong></span> <span class='ocrx_word' id='word_1_508' title='bbox 2337 1961 2510 2016; x_wconf 90' lang='lat' dir='ltr'><strong>Deum</strong></span> <span class='ocrx_word' id='word_1_509' title='bbox 2541 1957 2702 2014; x_wconf 89' lang='lat' dir='ltr'><strong>valde</strong></span> <span class='ocrx_word' id='word_1_510' title='bbox 2731 1967 2816 2014; x_wconf 90' lang='lat' dir='ltr'><strong>est</strong></span> <span class='ocrx_word' id='word_1_511' title='bbox 2845 1959 3082 2014; x_wconf 84' lang='lat' dir='ltr'><strong>debitrix</strong></span> <span class='ocrx_word' id='word_1_512' title='bbox 3110 1959 3190 2015; x_wconf 91' lang='lat' dir='ltr'><strong>eis</strong></span> <span class='ocrx_word' id='word_1_513' title='bbox 3222 1959 3315 2031; x_wconf 90' lang='lat' dir='ltr'><strong>qui</strong></span> <span class='ocrx_word' id='word_1_514' title='bbox 3345 1959 3449 2015; x_wconf 91' lang='lat' dir='ltr'><strong>sibi</strong></span> <span class='ocrx_word' id='word_1_515' title='bbox 3479 1975 3578 2015; x_wconf 86' lang='lat' dir='ltr'><strong>vos</strong></span> <span class='ocrx_word' id='word_1_516' title='bbox 3633 1975 3782 2031; x_wconf 67' lang='lat' dir='ltr'><strong>prae-</strong></span> 
     </span>
    </p>
   </div>
   <div class='ocr_carea' id='block_1_67' title="bbox 2177 2046 3784 2119">
    <p class='ocr_par' dir='ltr' id='par_1_67' title="bbox 2177 2046 3784 2119">
     <span class='ocr_line' id='line_1_67' title="bbox 2177 2046 3784 2119; baseline 0.002 -18"><span class='ocrx_word' id='word_1_517' title='bbox 2177 2046 2308 2102; x_wconf 85' lang='lat' dir='ltr'><strong>ferri</strong></span> <span class='ocrx_word' id='word_1_518' title='bbox 2337 2055 2446 2102; x_wconf 88' lang='lat' dir='ltr'><strong>tam</strong></span> <span class='ocrx_word' id='word_1_519' title='bbox 2478 2047 2696 2102; x_wconf 90' lang='lat' dir='ltr'><strong>subdita</strong></span> <span class='ocrx_word' id='word_1_520' title='bbox 2725 2055 2907 2104; x_wconf 88' lang='lat' dir='ltr'><strong>mente</strong></span> <span class='ocrx_word' id='word_1_521' title='bbox 2937 2047 3250 2103; x_wconf 89' lang='lat' dir='ltr'><strong>voluerunt.</strong></span> <span class='ocrx_word' id='word_1_522' title='bbox 3291 2049 3458 2104; x_wconf 90' lang='lat' dir='ltr'><strong>Decet</strong></span> <span class='ocrx_word' id='word_1_523' title='bbox 3487 2049 3656 2119; x_wconf 87' lang='lat' dir='ltr'><strong>igitur</strong></span> <span class='ocrx_word' id='word_1_524' title='bbox 3679 2064 3784 2104; x_wconf 92' lang='lat' dir='ltr'><strong>vos</strong></span> 
     </span>
    </p>
   </div>
   <div class='ocr_carea' id='block_1_68' title="bbox 2177 2135 3784 2208">
    <p class='ocr_par' dir='ltr' id='par_1_68' title="bbox 2177 2135 3784 2208">
     <span class='ocr_line' id='line_1_68' title="bbox 2177 2135 3784 2208; baseline 0.001 -18"><span class='ocrx_word' id='word_1_525' title='bbox 2177 2135 2506 2192; x_wconf 85' lang='lat' dir='ltr'><strong>sacerdotali</strong></span> <span class='ocrx_word' id='word_1_526' title='bbox 2527 2135 2858 2208; x_wconf 86' lang='lat' dir='ltr'><strong>benignitate</strong></span> <span class='ocrx_word' id='word_1_527' title='bbox 2885 2152 3076 2192; x_wconf 88' lang='lat' dir='ltr'><strong>eorum</strong></span> <span class='ocrx_word' id='word_1_528' title='bbox 3125 2136 3368 2192; x_wconf 91' lang='lat' dir='ltr'><strong>moribus</strong></span> <span class='ocrx_word' id='word_1_529' title='bbox 3413 2136 3470 2190; x_wconf 90' lang='lat' dir='ltr'><strong>in</strong></span> <span class='ocrx_word' id='word_1_530' title='bbox 3527 2137 3784 2192; x_wconf 89' lang='lat' dir='ltr'><strong>omnibus</strong></span> 
     </span>
    </p>
   </div>
   <div class='ocr_carea' id='block_1_69' title="bbox 2175 2223 3782 2296">
    <p class='ocr_par' dir='ltr' id='par_1_69' title="bbox 2175 2223 3782 2296">
     <span class='ocr_line' id='line_1_69' title="bbox 2175 2223 3782 2296; baseline -0.001 -17"><span class='ocrx_word' id='word_1_531' title='bbox 2175 2225 2528 2295; x_wconf 84' lang='lat' dir='ltr'><strong>respondere,</strong></span> <span class='ocrx_word' id='word_1_532' title='bbox 2563 2239 2862 2295; x_wconf 87' lang='lat' dir='ltr'><strong>eorumque</strong></span> <span class='ocrx_word' id='word_1_533' title='bbox 2891 2225 3306 2281; x_wconf 88' lang='lat' dir='ltr'><strong>necessitatibus</strong></span> <span class='ocrx_word' id='word_1_534' title='bbox 3363 2223 3456 2295; x_wconf 90' lang='lat' dir='ltr'><strong>pia</strong></span> <span class='ocrx_word' id='word_1_535' title='bbox 3517 2239 3782 2296; x_wconf 86' lang='lat' dir='ltr'><strong>compas-</strong></span> 
     </span>
    </p>
   </div>
   <div class='ocr_carea' id='block_1_70' title="bbox 2175 2311 3780 2384">
    <p class='ocr_par' dir='ltr' id='par_1_70' title="bbox 2175 2311 3780 2384">
     <span class='ocr_line' id='line_1_70' title="bbox 2175 2311 3780 2384; baseline 0 -17"><span class='ocrx_word' id='word_1_536' title='bbox 2175 2311 2329 2369; x_wconf 90' lang='lat' dir='ltr'><strong>sione</strong></span> <span class='ocrx_word' id='word_1_537' title='bbox 2381 2327 2730 2368; x_wconf 88' lang='lat' dir='ltr'><strong>concurrere.</strong></span> <span class='ocrx_word' id='word_1_538' title='bbox 2779 2313 2836 2367; x_wconf 91' lang='lat' dir='ltr'><strong>Si</strong></span> <span class='ocrx_word' id='word_1_539' title='bbox 2883 2328 3113 2384; x_wconf 87' lang='lat' dir='ltr'><strong>quorum</strong></span> <span class='ocrx_word' id='word_1_540' title='bbox 3159 2311 3395 2368; x_wconf 82' lang='lat' dir='ltr'><strong>fortasse</strong></span> <span class='ocrx_word' id='word_1_541' title='bbox 3451 2321 3578 2368; x_wconf 88' lang='lat' dir='ltr'><strong>sunt</strong></span> <span class='ocrx_word' id='word_1_542' title='bbox 3633 2312 3780 2382; x_wconf 89' lang='lat' dir='ltr'><strong>vitia,</strong></span> 
     </span>
    </p>
   </div>
   <div class='ocr_carea' id='block_1_71' title="bbox 2173 2400 3782 2472">
    <p class='ocr_par' dir='ltr' id='par_1_71' title="bbox 2173 2400 3782 2472">
     <span class='ocr_line' id='line_1_71' title="bbox 2173 2400 3782 2472; baseline 0 -18"><span class='ocrx_word' id='word_1_543' title='bbox 2173 2400 2291 2458; x_wconf 66' lang='lat' dir='ltr'><strong>haec</strong></span> <span class='ocrx_word' id='word_1_544' title='bbox 2345 2401 2572 2456; x_wconf 88' lang='lat' dir='ltr'><strong>maturis</strong></span> <span class='ocrx_word' id='word_1_545' title='bbox 2637 2401 3106 2471; x_wconf 85' lang='lat' dir='ltr'><strong>objurgationibus</strong></span> <span class='ocrx_word' id='word_1_546' title='bbox 3159 2401 3470 2472; x_wconf 87' lang='lat' dir='ltr'><strong>increpare,</strong></span> <span class='ocrx_word' id='word_1_547' title='bbox 3547 2409 3604 2456; x_wconf 90' lang='lat' dir='ltr'><strong>ut</strong></span> <span class='ocrx_word' id='word_1_548' title='bbox 3663 2401 3782 2472; x_wconf 86' lang='lat' dir='ltr'><strong>ipsa</strong></span> 
     </span>
    </p>
   </div>
   <div class='ocr_carea' id='block_1_72' title="bbox 2174 2487 3780 2561">
    <p class='ocr_par' dir='ltr' id='par_1_72' title="bbox 2174 2487 3780 2561">
     <span class='ocr_line' id='line_1_72' title="bbox 2174 2487 3780 2561; baseline -0.001 -17"><span class='ocrx_word' id='word_1_549' title='bbox 2174 2505 2392 2560; x_wconf 90' lang='lat' dir='ltr'><strong>quoque</strong></span> <span class='ocrx_word' id='word_1_550' title='bbox 2439 2487 2796 2546; x_wconf 87' lang='lat' dir='ltr'><strong>sacerdotalis</strong></span> <span class='ocrx_word' id='word_1_551' title='bbox 2823 2488 3148 2561; x_wconf 86' lang='lat' dir='ltr'><strong>indignatio,</strong></span> <span class='ocrx_word' id='word_1_552' title='bbox 3181 2487 3380 2545; x_wconf 90' lang='lat' dir='ltr'><strong>virtute</strong></span> <span class='ocrx_word' id='word_1_553' title='bbox 3429 2488 3499 2544; x_wconf 91' lang='lat' dir='ltr'><strong>sit</strong></span> <span class='ocrx_word' id='word_1_554' title='bbox 3547 2489 3780 2544; x_wconf 89' lang='lat' dir='ltr'><strong>admista</strong></span> 
     </span>
    </p>
   </div>
   <div class='ocr_carea' id='block_1_73' title="bbox 2172 2577 3780 2650">
    <p class='ocr_par' dir='ltr' id='par_1_73' title="bbox 2172 2577 3780 2650">
     <span class='ocr_line' id='line_1_73' title="bbox 2172 2577 3780 2650; baseline 0.001 -18"><span class='ocrx_word' id='word_1_555' title='bbox 2172 2577 2495 2642; x_wconf 89' lang='lat' dir='ltr'><strong>dulcedinis,</strong></span> <span class='ocrx_word' id='word_1_556' title='bbox 2527 2585 2794 2650; x_wconf 90' lang='lat' dir='ltr'><strong>quatenus</strong></span> <span class='ocrx_word' id='word_1_557' title='bbox 2823 2585 2874 2632; x_wconf 91' lang='lat' dir='ltr'><strong>et</strong></span> <span class='ocrx_word' id='word_1_558' title='bbox 2897 2585 3024 2632; x_wconf 90' lang='lat' dir='ltr'><strong>tunc</strong></span> <span class='ocrx_word' id='word_1_559' title='bbox 3053 2593 3085 2632; x_wconf 90' lang='lat' dir='ltr'><strong>a</strong></span> <span class='ocrx_word' id='word_1_560' title='bbox 3131 2578 3389 2646; x_wconf 86' lang='lat' dir='ltr'><strong>subjectis</strong></span> <span class='ocrx_word' id='word_1_561' title='bbox 3437 2577 3618 2632; x_wconf 89' lang='lat' dir='ltr'><strong>amari</strong></span> <span class='ocrx_word' id='word_1_562' title='bbox 3675 2577 3780 2633; x_wconf 87' lang='lat' dir='ltr'><strong>de-</strong></span> 
     </span>
    </p>
   </div>
   <div class='ocr_carea' id='block_1_74' title="bbox 2171 2663 3777 2738">
    <p class='ocr_par' dir='ltr' id='par_1_74' title="bbox 2171 2663 3777 2738">
     <span class='ocr_line' id='line_1_74' title="bbox 2171 2663 3777 2738; baseline 0.001 -20"><span class='ocrx_word' id='word_1_563' title='bbox 2171 2664 2314 2730; x_wconf 88' lang='lat' dir='ltr'><strong>beat,</strong></span> <span class='ocrx_word' id='word_1_564' title='bbox 2349 2665 2512 2720; x_wconf 90' lang='lat' dir='ltr'><strong>etiam</strong></span> <span class='ocrx_word' id='word_1_565' title='bbox 2541 2681 2663 2720; x_wconf 90' lang='lat' dir='ltr'><strong>cum</strong></span> <span class='ocrx_word' id='word_1_566' title='bbox 2687 2666 2932 2738; x_wconf 86' lang='lat' dir='ltr'><strong>graviter</strong></span> <span class='ocrx_word' id='word_1_567' title='bbox 2953 2665 3190 2720; x_wconf 90' lang='lat' dir='ltr'><strong>timetur.</strong></span> <span class='ocrx_word' id='word_1_568' title='bbox 3218 2663 3456 2732; x_wconf 68' lang='lat' dir='ltr'><strong>Quaeres</strong></span> <span class='ocrx_word' id='word_1_569' title='bbox 3479 2679 3777 2736; x_wconf 86' lang='lat' dir='ltr'><strong>personam</strong></span> 
     </span>
    </p>
   </div>
   <div class='ocr_carea' id='block_1_75' title="bbox 2170 2752 3774 2824">
    <p class='ocr_par' dir='ltr' id='par_1_75' title="bbox 2170 2752 3774 2824">
     <span class='ocr_line' id='line_1_75' title="bbox 2170 2752 3774 2824; baseline 0 -15"><span class='ocrx_word' id='word_1_570' title='bbox 2170 2760 2411 2810; x_wconf 89' lang='lat' dir='ltr'><strong>vestram</strong></span> <span class='ocrx_word' id='word_1_571' title='bbox 2439 2754 2588 2824; x_wconf 87' lang='lat' dir='ltr'><strong>apud</strong></span> <span class='ocrx_word' id='word_1_572' title='bbox 2619 2769 2810 2809; x_wconf 90' lang='lat' dir='ltr'><strong>eorum</strong></span> <span class='ocrx_word' id='word_1_573' title='bbox 2831 2752 3101 2822; x_wconf 90' lang='lat' dir='ltr'><strong>judicium</strong></span> <span class='ocrx_word' id='word_1_574' title='bbox 3141 2753 3199 2808; x_wconf 92' lang='lat' dir='ltr'><strong>in</strong></span> <span class='ocrx_word' id='word_1_575' title='bbox 3241 2768 3496 2824; x_wconf 88' lang='lat' dir='ltr'><strong>magnam</strong></span> <span class='ocrx_word' id='word_1_576' title='bbox 3555 2768 3774 2824; x_wconf 89' lang='lat' dir='ltr'><strong>quoque</strong></span> 
     </span>
    </p>
   </div>
   <div class='ocr_carea' id='block_1_76' title="bbox 2169 2841 3777 2914">
    <p class='ocr_par' dir='ltr' id='par_1_76' title="bbox 2169 2841 3777 2914">
     <span class='ocr_line' id='line_1_76' title="bbox 2169 2841 3777 2914; baseline -0.001 -18"><span class='ocrx_word' id='word_1_577' title='bbox 2169 2841 2532 2898; x_wconf 86' lang='lat' dir='ltr'><strong>reverentiam</strong></span> <span class='ocrx_word' id='word_1_578' title='bbox 2563 2841 2784 2898; x_wconf 90' lang='lat' dir='ltr'><strong>adducit</strong></span> <span class='ocrx_word' id='word_1_579' title='bbox 2817 2859 2830 2896; x_wconf 93' lang='lat'>:</span> <span class='ocrx_word' id='word_1_580' title='bbox 2865 2841 3008 2914; x_wconf 87' lang='lat' dir='ltr'><strong>quia,</strong></span> <span class='ocrx_word' id='word_1_581' title='bbox 3031 2841 3170 2898; x_wconf 91' lang='lat' dir='ltr'><strong>sicut</strong></span> <span class='ocrx_word' id='word_1_582' title='bbox 3194 2857 3463 2913; x_wconf 83' lang='lat' dir='ltr'><strong>praeceps,</strong></span> <span class='ocrx_word' id='word_1_583' title='bbox 3491 2841 3644 2897; x_wconf 88' lang='lat' dir='ltr'><strong>furor</strong></span> <span class='ocrx_word' id='word_1_584' title='bbox 3661 2841 3777 2897; x_wconf 84' lang='lat' dir='ltr'><strong>usi—</strong></span> 
     </span>
    </p>
   </div>
   <div class='ocr_carea' id='block_1_77' title="bbox 2169 2929 3771 3002">
    <p class='ocr_par' dir='ltr' id='par_1_77' title="bbox 2169 2929 3771 3002">
     <span class='ocr_line' id='line_1_77' title="bbox 2169 2929 3771 3002; baseline -0.001 -18"><span class='ocrx_word' id='word_1_585' title='bbox 2169 2936 2424 3001; x_wconf 89' lang='lat' dir='ltr'><strong>tatusque</strong></span> <span class='ocrx_word' id='word_1_586' title='bbox 2455 2929 2771 3002; x_wconf 90' lang='lat' dir='ltr'><strong>despicitur,</strong></span> <span class='ocrx_word' id='word_1_587' title='bbox 2805 2931 2880 2986; x_wconf 92' lang='lat' dir='ltr'><strong>ita</strong></span> <span class='ocrx_word' id='word_1_588' title='bbox 2927 2938 3122 2986; x_wconf 88' lang='lat' dir='ltr'><strong>contra</strong></span> <span class='ocrx_word' id='word_1_589' title='bbox 3175 2931 3361 3002; x_wconf 90' lang='lat' dir='ltr'><strong>culpas</strong></span> <span class='ocrx_word' id='word_1_590' title='bbox 3415 2930 3656 2986; x_wconf 89' lang='lat' dir='ltr'><strong>discreta</strong></span> <span class='ocrx_word' id='word_1_591' title='bbox 3685 2929 3771 2984; x_wconf 90' lang='lat' dir='ltr'><strong>in-</strong></span> 
     </span>
    </p>
   </div>
   <div class='ocr_carea' id='block_1_78' title="bbox 2169 3017 3782 3091">
    <p class='ocr_par' dir='ltr' id='par_1_78' title="bbox 2169 3017 3782 3091">
     <span class='ocr_line' id='line_1_78' title="bbox 2169 3017 3782 3091; baseline 0.001 -19"><span class='ocrx_word' id='word_1_592' title='bbox 2169 3017 2416 3090; x_wconf 88' lang='lat' dir='ltr'><strong>dignatio</strong></span> <span class='ocrx_word' id='word_1_593' title='bbox 2445 3018 2771 3091; x_wconf 90' lang='lat' dir='ltr'><strong>plerumque</strong></span> <span class='ocrx_word' id='word_1_594' title='bbox 2800 3035 2907 3091; x_wconf 92' lang='lat' dir='ltr'><strong>quo</strong></span> <span class='ocrx_word' id='word_1_595' title='bbox 2938 3019 3094 3074; x_wconf 88' lang='lat' dir='ltr'><strong>tarda</strong></span> <span class='ocrx_word' id='word_1_596' title='bbox 3121 3017 3306 3088; x_wconf 89' lang='lat' dir='ltr'><strong>fuerit,</strong></span> <span class='ocrx_word' id='word_1_597' title='bbox 3337 3033 3404 3075; x_wconf 88' lang='lat' dir='ltr'><strong>eo</strong></span> <span class='ocrx_word' id='word_1_598' title='bbox 3439 3017 3678 3091; x_wconf 89' lang='lat' dir='ltr'><strong>amplius</strong></span> <span class='ocrx_word' id='word_1_599' title='bbox 3703 3017 3782 3073; x_wconf 91' lang='lat' dir='ltr'><strong>sit</strong></span> 
     </span>
    </p>
   </div>
   <div class='ocr_carea' id='block_1_79' title="bbox 2169 3105 3776 3179">
    <p class='ocr_par' dir='ltr' id='par_1_79' title="bbox 2169 3105 3776 3179">
     <span class='ocr_line' id='line_1_79' title="bbox 2169 3105 3776 3179; baseline 0.001 -19"><span class='ocrx_word' id='word_1_600' title='bbox 2169 3105 2431 3162; x_wconf 86' lang='lat' dir='ltr'><strong>timenda.</strong></span> <span class='ocrx_word' id='word_1_601' title='bbox 2470 3127 2492 3156; x_wconf 70' lang='grc' dir='ltr'><strong>ι</strong></span> <span class='ocrx_word' id='word_1_602' title='bbox 2534 3107 2834 3179; x_wconf 82' lang='lat' dir='ltr'><strong>Diligenter</strong></span> <span class='ocrx_word' id='word_1_603' title='bbox 2863 3108 3028 3162; x_wconf 91' lang='lat' dir='ltr'><strong>etiam</strong></span> <span class='ocrx_word' id='word_1_604' title='bbox 3057 3107 3228 3164; x_wconf 91' lang='lat' dir='ltr'><strong>debes</strong></span> <span class='ocrx_word' id='word_1_605' title='bbox 3273 3107 3576 3170; x_wconf 86' lang='lat' dir='ltr'><strong>attendere,</strong></span> <span class='ocrx_word' id='word_1_606' title='bbox 3625 3107 3776 3178; x_wconf 89' lang='lat' dir='ltr'><strong>quod</strong></span> 
     </span>
    </p>
   </div>
   <div class='ocr_carea' id='block_1_80' title="bbox 2177 3193 3773 3266">
    <p class='ocr_par' dir='ltr' id='par_1_80' title="bbox 2177 3193 3773 3266">
     <span class='ocr_line' id='line_1_80' title="bbox 2177 3193 3773 3266; baseline 0.001 -17"><span class='ocrx_word' id='word_1_607' title='bbox 2177 3208 2288 3250; x_wconf 92' lang='lat' dir='ltr'><strong>non</strong></span> <span class='ocrx_word' id='word_1_608' title='bbox 2315 3193 2372 3250; x_wconf 92' lang='lat' dir='ltr'><strong>in</strong></span> <span class='ocrx_word' id='word_1_609' title='bbox 2393 3209 2535 3262; x_wconf 88' lang='lat' dir='ltr'><strong>mea,</strong></span> <span class='ocrx_word' id='word_1_610' title='bbox 2571 3195 2669 3251; x_wconf 90' lang='lat' dir='ltr'><strong>sed</strong></span> <span class='ocrx_word' id='word_1_611' title='bbox 2697 3195 2754 3250; x_wconf 91' lang='lat' dir='ltr'><strong>in</strong></span> <span class='ocrx_word' id='word_1_612' title='bbox 2781 3195 2882 3252; x_wconf 87' lang='lat' dir='ltr'><strong>Dei</strong></span> <span class='ocrx_word' id='word_1_613' title='bbox 2911 3195 3071 3252; x_wconf 90' lang='lat' dir='ltr'><strong>laude</strong></span> <span class='ocrx_word' id='word_1_614' title='bbox 3101 3196 3257 3266; x_wconf 86' lang='lat' dir='ltr'><strong>cujus</strong></span> <span class='ocrx_word' id='word_1_615' title='bbox 3285 3201 3368 3252; x_wconf 91' lang='lat' dir='ltr'><strong>est</strong></span> <span class='ocrx_word' id='word_1_616' title='bbox 3395 3196 3648 3264; x_wconf 79' lang='lat' dir='ltr'><strong>donum,‘</strong></span> <span class='ocrx_word' id='word_1_617' title='bbox 3671 3210 3773 3266; x_wconf 89' lang='lat' dir='ltr'><strong>pro</strong></span> 
     </span>
    </p>
   </div>
   <div class='ocr_carea' id='block_1_81' title="bbox 2165 3281 3774 3356">
    <p class='ocr_par' dir='ltr' id='par_1_81' title="bbox 2165 3281 3774 3356">
     <span class='ocr_line' id='line_1_81' title="bbox 2165 3281 3774 3356; baseline 0.001 -20"><span class='ocrx_word' id='word_1_618' title='bbox 2165 3289 2256 3338; x_wconf 91' lang='lat' dir='ltr'><strong>tua</strong></span> <span class='ocrx_word' id='word_1_619' title='bbox 2285 3281 2515 3339; x_wconf 85' lang='lat' dir='ltr'><strong>utilitate</strong></span> <span class='ocrx_word' id='word_1_620' title='bbox 2545 3283 2690 3348; x_wconf 91' lang='lat' dir='ltr'><strong>dico,</strong></span> <span class='ocrx_word' id='word_1_621' title='bbox 2721 3283 2850 3355; x_wconf 89' lang='lat' dir='ltr'><strong>quia</strong></span> <span class='ocrx_word' id='word_1_622' title='bbox 2895 3291 2948 3339; x_wconf 91' lang='lat' dir='ltr'><strong>et</strong></span> <span class='ocrx_word' id='word_1_623' title='bbox 2985 3299 3090 3356; x_wconf 88' lang='lat' dir='ltr'><strong>ego</strong></span> <span class='ocrx_word' id='word_1_624' title='bbox 3137 3283 3369 3339; x_wconf 86' lang='lat' dir='ltr'><strong>nutritor</strong></span> <span class='ocrx_word' id='word_1_625' title='bbox 3418 3291 3562 3350; x_wconf 89' lang='lat' dir='ltr'><strong>tuus,</strong></span> <span class='ocrx_word' id='word_1_626' title='bbox 3623 3283 3774 3354; x_wconf 90' lang='lat' dir='ltr'><strong>apud</strong></span> 
     </span>
    </p>
   </div>
   <div class='ocr_carea' id='block_1_82' title="bbox 2163 3370 3775 3443">
    <p class='ocr_par' dir='ltr' id='par_1_82' title="bbox 2163 3370 3775 3443">
     <span class='ocr_line' id='line_1_82' title="bbox 2163 3370 3775 3443; baseline 0 -18"><span class='ocrx_word' id='word_1_627' title='bbox 2163 3385 2326 3442; x_wconf 90' lang='lat' dir='ltr'><strong>quem</strong></span> <span class='ocrx_word' id='word_1_628' title='bbox 2354 3387 2384 3425; x_wconf 92' lang='lat' dir='ltr'><strong>a</strong></span> <span class='ocrx_word' id='word_1_629' title='bbox 2417 3370 2644 3442; x_wconf 87' lang='lat' dir='ltr'><strong>pueritia</strong></span> <span class='ocrx_word' id='word_1_630' title='bbox 2673 3387 2846 3443; x_wconf 89' lang='lat' dir='ltr'><strong>usque</strong></span> <span class='ocrx_word' id='word_1_631' title='bbox 2877 3371 2944 3426; x_wconf 89' lang='lat' dir='ltr'><strong>ad</strong></span> <span class='ocrx_word' id='word_1_632' title='bbox 2969 3373 3308 3440; x_wconf 88' lang='lat' dir='ltr'><strong>juventutem</strong></span> <span class='ocrx_word' id='word_1_633' title='bbox 3337 3380 3484 3427; x_wconf 87' lang='lat' dir='ltr'><strong>tuam</strong></span> <span class='ocrx_word' id='word_1_634' title='bbox 3541 3371 3775 3441; x_wconf 85' lang='lat' dir='ltr'><strong>exegiin</strong></span> 
     </span>
    </p>
   </div>
   <div class='ocr_carea' id='block_1_83' title="bbox 2162 3459 3772 3531">
    <p class='ocr_par' dir='ltr' id='par_1_83' title="bbox 2162 3459 3772 3531">
     <span class='ocr_line' id='line_1_83' title="bbox 2162 3459 3772 3531; baseline 0 -17"><span class='ocrx_word' id='word_1_635' title='bbox 2162 3465 2394 3528; x_wconf 63' lang='lat' dir='ltr'><strong>etatem,</strong></span> <span class='ocrx_word' id='word_1_636' title='bbox 2427 3459 2564 3516; x_wconf 86' lang='lat' dir='ltr'><strong>sicut</strong></span> <span class='ocrx_word' id='word_1_637' title='bbox 2589 3459 2770 3516; x_wconf 91' lang='lat' dir='ltr'><strong>vidisti</strong></span> <span class='ocrx_word' id='word_1_638' title='bbox 2799 3467 2854 3515; x_wconf 92' lang='lat' dir='ltr'><strong>et</strong></span> <span class='ocrx_word' id='word_1_639' title='bbox 2899 3459 3114 3529; x_wconf 88' lang='lat' dir='ltr'><strong>audisti,</strong></span> <span class='ocrx_word' id='word_1_640' title='bbox 3161 3475 3269 3516; x_wconf 90' lang='lat' dir='ltr'><strong>non</strong></span> <span class='ocrx_word' id='word_1_641' title='bbox 3317 3473 3418 3530; x_wconf 91' lang='lat' dir='ltr'><strong>pro</strong></span> <span class='ocrx_word' id='word_1_642' title='bbox 3475 3459 3772 3531; x_wconf 89' lang='lat' dir='ltr'><strong>largitione</strong></span> 
     </span>
    </p>
   </div>
   <div class='ocr_carea' id='block_1_84' title="bbox 2161 3545 3774 3618">
    <p class='ocr_par' dir='ltr' id='par_1_84' title="bbox 2161 3545 3774 3618">
     <span class='ocr_line' id='line_1_84' title="bbox 2161 3545 3774 3618; baseline 0.001 -18"><span class='ocrx_word' id='word_1_643' title='bbox 2161 3545 2572 3616; x_wconf 87' lang='lat' dir='ltr'><strong>beneficiorum,</strong></span> <span class='ocrx_word' id='word_1_644' title='bbox 2603 3563 2713 3604; x_wconf 88' lang='lat' dir='ltr'><strong>non</strong></span> <span class='ocrx_word' id='word_1_645' title='bbox 2741 3563 2844 3618; x_wconf 90' lang='lat' dir='ltr'><strong>pro</strong></span> <span class='ocrx_word' id='word_1_646' title='bbox 2899 3548 3374 3604; x_wconf 88' lang='lat' dir='ltr'><strong>commendatione</strong></span> <span class='ocrx_word' id='word_1_647' title='bbox 3431 3547 3774 3602; x_wconf 87' lang='lat' dir='ltr'><strong>ministerio-</strong></span> 
     </span>
    </p>
   </div>
   <div class='ocr_carea' id='block_1_85' title="bbox 2161 3635 3764 3708">
    <p class='ocr_par' dir='ltr' id='par_1_85' title="bbox 2161 3635 3764 3708">
     <span class='ocr_line' id='line_1_85' title="bbox 2161 3635 3764 3708; baseline 0.001 -19"><span class='ocrx_word' id='word_1_648' title='bbox 2161 3651 2304 3701; x_wconf 89' lang='lat' dir='ltr'><strong>rum,</strong></span> <span class='ocrx_word' id='word_1_649' title='bbox 2337 3651 2448 3690; x_wconf 90' lang='lat' dir='ltr'><strong>non</strong></span> <span class='ocrx_word' id='word_1_650' title='bbox 2477 3651 2576 3707; x_wconf 89' lang='lat' dir='ltr'><strong>pro</strong></span> <span class='ocrx_word' id='word_1_651' title='bbox 2605 3635 2925 3708; x_wconf 89' lang='lat' dir='ltr'><strong>receptione</strong></span> <span class='ocrx_word' id='word_1_652' title='bbox 2955 3636 3276 3692; x_wconf 89' lang='lat' dir='ltr'><strong>eorumdem</strong></span> <span class='ocrx_word' id='word_1_653' title='bbox 3305 3635 3764 3703; x_wconf 87' lang='lat' dir='ltr'><strong>ministeriorum,</strong></span> 
     </span>
    </p>
   </div>
   <div class='ocr_carea' id='block_1_86' title="bbox 2161 3721 3768 3796">
    <p class='ocr_par' dir='ltr' id='par_1_86' title="bbox 2161 3721 3768 3796">
     <span class='ocr_line' id='line_1_86' title="bbox 2161 3721 3768 3796; baseline 0.001 -19"><span class='ocrx_word' id='word_1_654' title='bbox 2161 3737 2270 3778; x_wconf 90' lang='lat' dir='ltr'><strong>non</strong></span> <span class='ocrx_word' id='word_1_655' title='bbox 2299 3739 2396 3794; x_wconf 89' lang='lat' dir='ltr'><strong>pro</strong></span> <span class='ocrx_word' id='word_1_656' title='bbox 2427 3723 2764 3780; x_wconf 89' lang='lat' dir='ltr'><strong>redhibenda</strong></span> <span class='ocrx_word' id='word_1_657' title='bbox 2791 3723 2969 3796; x_wconf 89' lang='lat' dir='ltr'><strong>gratia</strong></span> <span class='ocrx_word' id='word_1_658' title='bbox 2998 3739 3124 3781; x_wconf 87' lang='lat' dir='ltr'><strong>mea</strong></span> <span class='ocrx_word' id='word_1_659' title='bbox 3151 3724 3238 3779; x_wconf 90' lang='lat' dir='ltr'><strong>bis</strong></span> <span class='ocrx_word' id='word_1_660' title='bbox 3263 3724 3355 3796; x_wconf 88' lang='lat' dir='ltr'><strong>qui</strong></span> <span class='ocrx_word' id='word_1_661' title='bbox 3382 3724 3437 3779; x_wconf 90' lang='lat' dir='ltr'><strong>in</strong></span> <span class='ocrx_word' id='word_1_662' title='bbox 3466 3739 3556 3778; x_wconf 90' lang='lat' dir='ltr'><strong>me</strong></span> <span class='ocrx_word' id='word_1_663' title='bbox 3587 3721 3768 3778; x_wconf 74' lang='lat' dir='ltr'><strong>offen-</strong></span> 
     </span>
    </p>
   </div>
   <div class='ocr_carea' id='block_1_87' title="bbox 2160 3809 3762 3884">
    <p class='ocr_par' dir='ltr' id='par_1_87' title="bbox 2160 3809 3762 3884">
     <span class='ocr_line' id='line_1_87' title="bbox 2160 3809 3762 3884; baseline 0.001 -19"><span class='ocrx_word' id='word_1_664' title='bbox 2160 3809 2374 3876; x_wconf 91' lang='lat' dir='ltr'><strong>derant,</strong></span> <span class='ocrx_word' id='word_1_665' title='bbox 2403 3825 2514 3868; x_wconf 91' lang='lat' dir='ltr'><strong>non</strong></span> <span class='ocrx_word' id='word_1_666' title='bbox 2543 3827 2642 3883; x_wconf 89' lang='lat' dir='ltr'><strong>per</strong></span> <span class='ocrx_word' id='word_1_667' title='bbox 2671 3827 3054 3884; x_wconf 88' lang='lat' dir='ltr'><strong>quamcunque</strong></span> <span class='ocrx_word' id='word_1_668' title='bbox 3093 3811 3414 3884; x_wconf 88' lang='lat' dir='ltr'><strong>petitionem</strong></span> <span class='ocrx_word' id='word_1_669' title='bbox 3471 3811 3762 3880; x_wconf 84' lang='lat' dir='ltr'><strong>cujuscun-</strong></span> 
     </span>
    </p>
   </div>
   <div class='ocr_carea' id='block_1_88' title="bbox 2160 3891 3774 3973">
    <p class='ocr_par' dir='ltr' id='par_1_88' title="bbox 2160 3891 3774 3973">
     <span class='ocr_line' id='line_1_88' title="bbox 2160 3891 3774 3973; baseline 0.001 -19"><span class='ocrx_word' id='word_1_670' title='bbox 2160 3915 2266 3971; x_wconf 89' lang='lat' dir='ltr'><strong>que</strong></span> <span class='ocrx_word' id='word_1_671' title='bbox 2293 3898 2568 3968; x_wconf 89' lang='lat' dir='ltr'><strong>adjutorii,</strong></span> <span class='ocrx_word' id='word_1_672' title='bbox 2600 3916 2710 3956; x_wconf 89' lang='lat' dir='ltr'><strong>non</strong></span> <span class='ocrx_word' id='word_1_673' title='bbox 2737 3915 2834 3973; x_wconf 89' lang='lat' dir='ltr'><strong>per</strong></span> <span class='ocrx_word' id='word_1_674' title='bbox 2863 3916 3218 3973; x_wconf 88' lang='lat' dir='ltr'><strong>quascunque</strong></span> <span class='ocrx_word' id='word_1_675' title='bbox 3265 3891 3648 3956; x_wconf 84' lang='lat' dir='ltr'><strong>adiuventitias</strong></span> <span class='ocrx_word' id='word_1_676' title='bbox 3675 3913 3774 3956; x_wconf 88' lang='lat' dir='ltr'><strong>oc-</strong></span> 
     </span>
    </p>
   </div>
   <div class='ocr_carea' id='block_1_89' title="bbox 2159 3987 3774 4058">
    <p class='ocr_par' dir='ltr' id='par_1_89' title="bbox 2159 3987 3774 4058">
     <span class='ocr_line' id='line_1_89' title="bbox 2159 3987 3774 4058; baseline -0.001 -16"><span class='ocrx_word' id='word_1_677' title='bbox 2159 3987 2432 4054; x_wconf 89' lang='lat' dir='ltr'><strong>casiones,</strong></span> <span class='ocrx_word' id='word_1_678' title='bbox 2467 3995 2556 4044; x_wconf 88' lang='lat' dir='ltr'><strong>aut</strong></span> <span class='ocrx_word' id='word_1_679' title='bbox 2584 4003 2618 4044; x_wconf 90' lang='lat' dir='ltr'><strong>a</strong></span> <span class='ocrx_word' id='word_1_680' title='bbox 2647 3988 2881 4056; x_wconf 87' lang='lat' dir='ltr'><strong>clericis,</strong></span> <span class='ocrx_word' id='word_1_681' title='bbox 2917 3997 3008 4044; x_wconf 90' lang='lat' dir='ltr'><strong>aut</strong></span> <span class='ocrx_word' id='word_1_682' title='bbox 3037 4005 3068 4044; x_wconf 87' lang='lat' dir='ltr'><strong>a</strong></span> <span class='ocrx_word' id='word_1_683' title='bbox 3097 3988 3272 4058; x_wconf 89' lang='lat' dir='ltr'><strong>laicis,</strong></span> <span class='ocrx_word' id='word_1_684' title='bbox 3303 3996 3394 4044; x_wconf 91' lang='lat' dir='ltr'><strong>aut</strong></span> <span class='ocrx_word' id='word_1_685' title='bbox 3421 4003 3450 4042; x_wconf 87' lang='lat' dir='ltr'><strong>a</strong></span> <span class='ocrx_word' id='word_1_686' title='bbox 3481 3987 3774 4058; x_wconf 86' lang='lat' dir='ltr'><strong>parochia-</strong></span> 
     </span>
    </p>
   </div>
   <div class='ocr_carea' id='block_1_90' title="bbox 2159 4075 3772 4149">
    <p class='ocr_par' dir='ltr' id='par_1_90' title="bbox 2159 4075 3772 4149">
     <span class='ocr_line' id='line_1_90' title="bbox 2159 4075 3772 4149; baseline 0.001 -18"><span class='ocrx_word' id='word_1_687' title='bbox 2159 4075 2244 4131; x_wconf 93' lang='lat' dir='ltr'><strong>nis</strong></span> <span class='ocrx_word' id='word_1_688' title='bbox 2272 4076 2628 4148; x_wconf 79' lang='lat' dir='ltr'><strong>presbyteris,</strong></span> <span class='ocrx_word' id='word_1_689' title='bbox 2661 4093 3000 4149; x_wconf 70' lang='lat' dir='ltr'><strong>quaecunque</strong></span> <span class='ocrx_word' id='word_1_690' title='bbox 3029 4077 3220 4148; x_wconf 86' lang='lat' dir='ltr'><strong>pretia,</strong></span> <span class='ocrx_word' id='word_1_691' title='bbox 3274 4077 3360 4133; x_wconf 90' lang='lat' dir='ltr'><strong>vel</strong></span> <span class='ocrx_word' id='word_1_692' title='bbox 3403 4075 3616 4143; x_wconf 87' lang='lat' dir='ltr'><strong>exenia,</strong></span> <span class='ocrx_word' id='word_1_693' title='bbox 3666 4091 3772 4132; x_wconf 88' lang='lat' dir='ltr'><strong>seu</strong></span> 
     </span>
    </p>
   </div>
   <div class='ocr_carea' id='block_1_91' title="bbox 2159 4164 3766 4238">
    <p class='ocr_par' dir='ltr' id='par_1_91' title="bbox 2159 4164 3766 4238">
     <span class='ocr_line' id='line_1_91' title="bbox 2159 4164 3766 4238; baseline -0.001 -18"><span class='ocrx_word' id='word_1_694' title='bbox 2159 4164 2521 4220; x_wconf 88' lang='lat' dir='ltr'><strong>emolumenta</strong></span> <span class='ocrx_word' id='word_1_695' title='bbox 2552 4165 2732 4238; x_wconf 88' lang='lat' dir='ltr'><strong>exegi,</strong></span> <span class='ocrx_word' id='word_1_696' title='bbox 2765 4165 2852 4222; x_wconf 87' lang='lat' dir='ltr'><strong>vel</strong></span> <span class='ocrx_word' id='word_1_697' title='bbox 2883 4165 3122 4238; x_wconf 88' lang='lat' dir='ltr'><strong>quolibet</strong></span> <span class='ocrx_word' id='word_1_698' title='bbox 3149 4165 3314 4221; x_wconf 89' lang='lat' dir='ltr'><strong>modo</strong></span> <span class='ocrx_word' id='word_1_699' title='bbox 3363 4164 3608 4236; x_wconf 64' lang='lat' dir='ltr'><strong>quaesivi,</strong></span> <span class='ocrx_word' id='word_1_700' title='bbox 3661 4165 3766 4220; x_wconf 91' lang='lat' dir='ltr'><strong>sed</strong></span> 
     </span>
    </p>
   </div>
   <div class='ocr_carea' id='block_1_92' title="bbox 2156 4250 3772 4325">
    <p class='ocr_par' dir='ltr' id='par_1_92' title="bbox 2156 4250 3772 4325">
     <span class='ocr_line' id='line_1_92' title="bbox 2156 4250 3772 4325; baseline -0.001 -18"><span class='ocrx_word' id='word_1_701' title='bbox 2156 4250 2213 4307; x_wconf 90' lang='lat' dir='ltr'><strong>in</strong></span> <span class='ocrx_word' id='word_1_702' title='bbox 2242 4253 2497 4308; x_wconf 89' lang='lat' dir='ltr'><strong>omnibus</strong></span> <span class='ocrx_word' id='word_1_703' title='bbox 2518 4268 2712 4309; x_wconf 89' lang='lat' dir='ltr'><strong>eorum</strong></span> <span class='ocrx_word' id='word_1_704' title='bbox 2739 4253 3066 4325; x_wconf 87' lang='lat' dir='ltr'><strong>profectum,</strong></span> <span class='ocrx_word' id='word_1_705' title='bbox 3099 4262 3153 4310; x_wconf 89' lang='lat' dir='ltr'><strong>et</strong></span> <span class='ocrx_word' id='word_1_706' title='bbox 3183 4253 3290 4310; x_wconf 90' lang='lat' dir='ltr'><strong>loci</strong></span> <span class='ocrx_word' id='word_1_707' title='bbox 3319 4253 3454 4308; x_wconf 90' lang='lat' dir='ltr'><strong>mihi</strong></span> <span class='ocrx_word' id='word_1_708' title='bbox 3487 4252 3772 4308; x_wconf 89' lang='lat' dir='ltr'><strong>commissi</strong></span> 
     </span>
    </p>
   </div>
   <div class='ocr_carea' id='block_1_93' title="bbox 2155 4339 3772 4412">
    <p class='ocr_par' dir='ltr' id='par_1_93' title="bbox 2155 4339 3772 4412">
     <span class='ocr_line' id='line_1_93' title="bbox 2155 4339 3772 4412; baseline 0.001 -19"><span class='ocrx_word' id='word_1_709' title='bbox 2155 4339 2440 4397; x_wconf 89' lang='lat' dir='ltr'><strong>utilitatem</strong></span> <span class='ocrx_word' id='word_1_710' title='bbox 2497 4341 2720 4398; x_wconf 91' lang='lat' dir='ltr'><strong>attendi.</strong></span> <span class='ocrx_word' id='word_1_711' title='bbox 2766 4341 2922 4398; x_wconf 92' lang='lat' dir='ltr'><strong>Unde</strong></span> <span class='ocrx_word' id='word_1_712' title='bbox 2967 4349 3021 4398; x_wconf 91' lang='lat' dir='ltr'><strong>et</strong></span> <span class='ocrx_word' id='word_1_713' title='bbox 3069 4341 3344 4398; x_wconf 86' lang='lat' dir='ltr'><strong>reminisci</strong></span> <span class='ocrx_word' id='word_1_714' title='bbox 3393 4341 3584 4406; x_wconf 88' lang='lat' dir='ltr'><strong>debes,</strong></span> <span class='ocrx_word' id='word_1_715' title='bbox 3639 4340 3772 4412; x_wconf 89' lang='lat' dir='ltr'><strong>quia</strong></span> 
     </span>
    </p>
   </div>
   <div class='ocr_carea' id='block_1_94' title="bbox 453 4428 2066 4519">
    <p class='ocr_par' dir='ltr' id='par_1_94' title="bbox 453 4437 2054 4519">
     <span class='ocr_line' id='line_1_94' title="bbox 453 4437 2054 4519; baseline 0.009 -30"><span class='ocrx_word' id='word_1_716' title='bbox 453 4451 561 4506; x_wconf 92' lang='lat' dir='ltr'><strong>que</strong></span> <span class='ocrx_word' id='word_1_717' title='bbox 589 4443 642 4491; x_wconf 91' lang='lat' dir='ltr'><strong>te</strong></span> <span class='ocrx_word' id='word_1_718' title='bbox 675 4437 1119 4511; x_wconf 84' lang='lat' dir='ltr'><strong>frequentissime</strong></span> <span class='ocrx_word' id='word_1_719' title='bbox 1149 4444 1354 4508; x_wconf 90' lang='lat' dir='ltr'><strong>monui,</strong></span> <span class='ocrx_word' id='word_1_720' title='bbox 1389 4451 1440 4500; x_wconf 89' lang='lat' dir='ltr'><strong>et</strong></span> <span class='ocrx_word' id='word_1_721' title='bbox 1489 4446 1631 4502; x_wconf 88' lang='lat' dir='ltr'><strong>adeo</strong></span> <span class='ocrx_word' id='word_1_722' title='bbox 1683 4447 1944 4519; x_wconf 88' lang='lat' dir='ltr'><strong>corripui,</strong></span> <span class='ocrx_word' id='word_1_723' title='bbox 1997 4457 2054 4506; x_wconf 90' lang='lat' dir='ltr'><strong>ut</strong></span> 
     </span>
    </p>
   </div>
   <div class='ocr_carea' id='block_1_95' title="bbox 2168 4428 3768 4519">
    <p class='ocr_par' dir='ltr' id='par_1_95' title="bbox 2168 4429 3768 4501">
     <span class='ocr_line' id='line_1_95' title="bbox 2168 4429 3768 4501; baseline 0 -18"><span class='ocrx_word' id='word_1_724' title='bbox 2168 4429 2357 4500; x_wconf 67' lang='lat' dir='ltr'><strong>saepius</strong></span> <span class='ocrx_word' id='word_1_725' title='bbox 2387 4437 2440 4485; x_wconf 92' lang='lat' dir='ltr'><strong>te</strong></span> <span class='ocrx_word' id='word_1_726' title='bbox 2469 4429 2802 4497; x_wconf 88' lang='lat' dir='ltr'><strong>commonui,</strong></span> <span class='ocrx_word' id='word_1_727' title='bbox 2831 4437 2889 4486; x_wconf 89' lang='lat' dir='ltr'><strong>ut</strong></span> <span class='ocrx_word' id='word_1_728' title='bbox 2919 4430 3016 4486; x_wconf 90' lang='lat' dir='ltr'><strong>tibi</strong></span> <span class='ocrx_word' id='word_1_729' title='bbox 3065 4429 3396 4496; x_wconf 89' lang='lat' dir='ltr'><strong>commissis,</strong></span> <span class='ocrx_word' id='word_1_730' title='bbox 3453 4429 3546 4501; x_wconf 92' lang='lat' dir='ltr'><strong>qui</strong></span> <span class='ocrx_word' id='word_1_731' title='bbox 3591 4437 3648 4484; x_wconf 91' lang='lat' dir='ltr'><strong>te</strong></span> <span class='ocrx_word' id='word_1_732' title='bbox 3697 4429 3768 4483; x_wconf 89' lang='lat' dir='ltr'><strong>li-</strong></span> 
     </span>
    </p>
   </div>
   <div class='ocr_carea' id='block_1_96' title="bbox 451 4517 2066 4592">
    <p class='ocr_par' dir='ltr' id='par_1_96' title="bbox 451 4517 2058 4592">
     <span class='ocr_line' id='line_1_96' title="bbox 451 4517 2058 4592; baseline 0.009 -14"><span class='ocrx_word' id='word_1_733' title='bbox 451 4523 615 4580; x_wconf 88' lang='lat' dir='ltr'><strong>etiam</strong></span> <span class='ocrx_word' id='word_1_734' title='bbox 656 4535 848 4584; x_wconf 91' lang='lat' dir='ltr'><strong>contra</strong></span> <span class='ocrx_word' id='word_1_735' title='bbox 877 4545 964 4585; x_wconf 89' lang='lat' dir='ltr'><strong>me</strong></span> <span class='ocrx_word' id='word_1_736' title='bbox 1020 4539 1074 4586; x_wconf 90' lang='lat' dir='ltr'><strong>et</strong></span> <span class='ocrx_word' id='word_1_737' title='bbox 1130 4531 1262 4586; x_wconf 89' lang='lat' dir='ltr'><strong>mihi</strong></span> <span class='ocrx_word' id='word_1_738' title='bbox 1319 4531 1510 4588; x_wconf 83' lang='lat' dir='ltr'><strong>ﬁdeles</strong></span> <span class='ocrx_word' id='word_1_739' title='bbox 1557 4535 1683 4590; x_wconf 90' lang='lat' dir='ltr'><strong>inde</strong></span> <span class='ocrx_word' id='word_1_740' title='bbox 1745 4517 2058 4592; x_wconf 79' lang='lat' dir='ltr'><strong>scandalum</strong></span> 
     </span>
    </p>
   </div>
   <div class='ocr_carea' id='block_1_97' title="bbox 2168 4517 3774 4592">
    <p class='ocr_par' dir='ltr' id='par_1_97' title="bbox 2168 4517 3774 4591">
     <span class='ocr_line' id='line_1_97' title="bbox 2168 4517 3774 4591; baseline -0.001 -19"><span class='ocrx_word' id='word_1_741' title='bbox 2168 4517 2350 4574; x_wconf 83' lang='lat' dir='ltr'><strong>benter</strong></span> <span class='ocrx_word' id='word_1_742' title='bbox 2379 4517 2682 4591; x_wconf 85' lang='lat' dir='ltr'><strong>elegerunt,</strong></span> <span class='ocrx_word' id='word_1_743' title='bbox 2716 4533 2826 4574; x_wconf 92' lang='lat' dir='ltr'><strong>non</strong></span> <span class='ocrx_word' id='word_1_744' title='bbox 2857 4533 3145 4586; x_wconf 89' lang='lat' dir='ltr'><strong>onerosus,</strong></span> <span class='ocrx_word' id='word_1_745' title='bbox 3191 4518 3289 4575; x_wconf 88' lang='lat' dir='ltr'><strong>sed</strong></span> <span class='ocrx_word' id='word_1_746' title='bbox 3319 4517 3594 4590; x_wconf 86' lang='lat' dir='ltr'><strong>gratiosus</strong></span> <span class='ocrx_word' id='word_1_747' title='bbox 3649 4517 3774 4572; x_wconf 88' lang='lat' dir='ltr'><strong>exi-</strong></span> 
     </span>
    </p>
   </div>
   <div class='ocr_carea' id='block_1_98' title="bbox 447 4605 3764 4693">
    <p class='ocr_par' dir='ltr' id='par_1_98' title="bbox 447 4605 3764 4693">
     <span class='ocr_line' id='line_1_98' title="bbox 447 4605 3764 4693; baseline -0.002 -27"><span class='ocrx_word' id='word_1_748' title='bbox 447 4615 776 4684; x_wconf 90' lang='lat' dir='ltr'><strong>sumpseris,</strong></span> <span class='ocrx_word' id='word_1_749' title='bbox 838 4625 891 4672; x_wconf 87' lang='lat' dir='ltr'><strong>et</strong></span> <span class='ocrx_word' id='word_1_750' title='bbox 947 4633 1084 4689; x_wconf 89' lang='lat' dir='ltr'><strong>quas</strong></span> <span class='ocrx_word' id='word_1_751' title='bbox 1142 4619 1228 4674; x_wconf 91' lang='lat' dir='ltr'><strong>vel</strong></span> <span class='ocrx_word' id='word_1_752' title='bbox 1267 4629 1500 4690; x_wconf 88' lang='lat' dir='ltr'><strong>quantas</strong></span> <span class='ocrx_word' id='word_1_753' title='bbox 1559 4623 1782 4693; x_wconf 84' lang='lat' dir='ltr'><strong>potuisti</strong></span> <span class='ocrx_word' id='word_1_754' title='bbox 1827 4625 2056 4681; x_wconf 70' lang='lat' dir='ltr'><strong>insidias</strong></span> <span class='ocrx_word' id='word_1_755' title='bbox 2159 4613 2353 4662; x_wconf 89' lang='lat' dir='ltr'><strong>steres.</strong></span> <span class='ocrx_word' id='word_1_756' title='bbox 2385 4608 2453 4663; x_wconf 88' lang='lat' dir='ltr'><strong>Et</strong></span> <span class='ocrx_word' id='word_1_757' title='bbox 2479 4607 2524 4662; x_wconf 91' lang='lat' dir='ltr'><strong>si</strong></span> <span class='ocrx_word' id='word_1_758' title='bbox 2569 4623 2707 4664; x_wconf 65' lang='lat' dir='ltr'><strong>mea;</strong></span> <span class='ocrx_word' id='word_1_759' title='bbox 2753 4606 3154 4662; x_wconf 88' lang='lat' dir='ltr'><strong>admonitiones</strong></span> <span class='ocrx_word' id='word_1_760' title='bbox 3211 4621 3322 4662; x_wconf 91' lang='lat' dir='ltr'><strong>non</strong></span> <span class='ocrx_word' id='word_1_761' title='bbox 3369 4605 3466 4661; x_wconf 87' lang='lat' dir='ltr'><strong>tibi</strong></span> <span class='ocrx_word' id='word_1_762' title='bbox 3519 4605 3764 4676; x_wconf 87' lang='lat' dir='ltr'><strong>placent,</strong></span> 
     </span>
    </p>
   </div>
   <div class='ocr_carea' id='block_1_99' title="bbox 447 4700 2056 4769">
    <p class='ocr_par' dir='ltr' id='par_1_99' title="bbox 447 4700 2056 4769">
     <span class='ocr_line' id='line_1_99' title="bbox 447 4700 2056 4769; baseline 0.01 -16"><span class='ocrx_word' id='word_1_763' title='bbox 447 4700 624 4756; x_wconf 90' lang='lat' dir='ltr'><strong>moliri</strong></span> <span class='ocrx_word' id='word_1_764' title='bbox 647 4704 943 4760; x_wconf 89' lang='lat' dir='ltr'><strong>studueris.</strong></span> <span class='ocrx_word' id='word_1_765' title='bbox 977 4706 1086 4762; x_wconf 90' lang='lat' dir='ltr'><strong>Sed</strong></span> <span class='ocrx_word' id='word_1_766' title='bbox 1123 4715 1176 4762; x_wconf 93' lang='lat' dir='ltr'><strong>et</strong></span> <span class='ocrx_word' id='word_1_767' title='bbox 1209 4707 1442 4763; x_wconf 89' lang='lat' dir='ltr'><strong>domnus</strong></span> <span class='ocrx_word' id='word_1_768' title='bbox 1471 4726 1566 4764; x_wconf 88' lang='lat' dir='ltr'><strong>rex</strong></span> <span class='ocrx_word' id='word_1_769' title='bbox 1597 4711 1652 4765; x_wconf 92' lang='lat' dir='ltr'><strong>in</strong></span> <span class='ocrx_word' id='word_1_770' title='bbox 1687 4711 1802 4768; x_wconf 91' lang='lat' dir='ltr'><strong>suis</strong></span> <span class='ocrx_word' id='word_1_771' title='bbox 1857 4713 2056 4769; x_wconf 90' lang='lat' dir='ltr'><strong>litteris</strong></span> 
     </span>
    </p>
   </div>
   <div class='ocr_carea' id='block_1_100' title="bbox 447 4793 2050 4868">
    <p class='ocr_par' dir='ltr' id='par_1_100' title="bbox 447 4793 2050 4868">
     <span class='ocr_line' id='line_1_100' title="bbox 447 4793 2050 4868; baseline 0.007 -21"><span class='ocrx_word' id='word_1_772' title='bbox 447 4793 546 4848; x_wconf 91' lang='lat' dir='ltr'><strong>tibi</strong></span> <span class='ocrx_word' id='word_1_773' title='bbox 574 4793 715 4848; x_wconf 90' lang='lat' dir='ltr'><strong>datis</strong></span> <span class='ocrx_word' id='word_1_774' title='bbox 751 4809 818 4848; x_wconf 86' lang='lat' dir='ltr'><strong>ex</strong></span> <span class='ocrx_word' id='word_1_775' title='bbox 843 4795 947 4850; x_wconf 90' lang='lat' dir='ltr'><strong>hac</strong></span> <span class='ocrx_word' id='word_1_776' title='bbox 973 4809 1140 4850; x_wconf 88' lang='lat' dir='ltr'><strong>causa</strong></span> <span class='ocrx_word' id='word_1_777' title='bbox 1168 4797 1376 4850; x_wconf 91' lang='lat' dir='ltr'><strong>monuit</strong></span> <span class='ocrx_word' id='word_1_778' title='bbox 1404 4797 1511 4852; x_wconf 90' lang='lat' dir='ltr'><strong>hoc</strong></span> <span class='ocrx_word' id='word_1_779' title='bbox 1533 4799 1696 4854; x_wconf 91' lang='lat' dir='ltr'><strong>modo</strong></span> <span class='ocrx_word' id='word_1_780' title='bbox 1731 4818 1743 4854; x_wconf 95' lang='lat'>:</span> <span class='ocrx_word' id='word_1_781' title='bbox 1781 4821 1804 4850; x_wconf 78' lang='grc' dir='ltr'>ι</span> <span class='ocrx_word' id='word_1_782' title='bbox 1831 4801 2050 4868; x_wconf 88' lang='lat' dir='ltr'><strong>Verum,</strong></span> 
     </span>
    </p>
   </div>
   <div class='ocr_carea' id='block_1_101' title="bbox 453 4881 2052 4956">
    <p class='ocr_par' dir='ltr' id='par_1_101' title="bbox 453 4881 2052 4956">
     <span class='ocr_line' id='line_1_101' title="bbox 453 4881 2052 4956; baseline 0.009 -26"><span class='ocrx_word' id='word_1_783' title='bbox 453 4901 476 4930; x_wconf 73' lang='grc' dir='ltr'><strong>α</strong></span> <span class='ocrx_word' id='word_1_784' title='bbox 510 4881 780 4952; x_wconf 90' lang='lat' dir='ltr'><strong>inquiens,</strong></span> <span class='ocrx_word' id='word_1_785' title='bbox 813 4882 966 4952; x_wconf 90' lang='lat' dir='ltr'><strong>prius</strong></span> <span class='ocrx_word' id='word_1_786' title='bbox 997 4891 1048 4938; x_wconf 91' lang='lat' dir='ltr'><strong>te</strong></span> <span class='ocrx_word' id='word_1_787' title='bbox 1079 4883 1307 4956; x_wconf 88' lang='lat' dir='ltr'><strong>dignum</strong></span> <span class='ocrx_word' id='word_1_788' title='bbox 1337 4885 1478 4940; x_wconf 92' lang='lat' dir='ltr'><strong>duco</strong></span> <span class='ocrx_word' id='word_1_789' title='bbox 1497 4901 1740 4952; x_wconf 91' lang='lat' dir='ltr'><strong>monere,</strong></span> <span class='ocrx_word' id='word_1_790' title='bbox 1765 4895 1824 4942; x_wconf 87' lang='lat' dir='ltr'><strong>ut</strong></span> <span class='ocrx_word' id='word_1_791' title='bbox 1844 4888 2052 4946; x_wconf 89' lang='lat' dir='ltr'><strong>clerum</strong></span> 
     </span>
    </p>
   </div>
   <div class='ocr_carea' id='block_1_102' title="bbox 452 4969 2046 5050">
    <p class='ocr_par' dir='ltr' id='par_1_102' title="bbox 452 4969 2046 5050">
     <span class='ocr_line' id='line_1_102' title="bbox 452 4969 2046 5050; baseline 0.011 -31"><span class='ocrx_word' id='word_1_792' title='bbox 452 4989 476 5019; x_wconf 75' lang='grc' dir='ltr'><strong><em>ι</em></strong></span> <span class='ocrx_word' id='word_1_793' title='bbox 511 4977 566 5024; x_wconf 90' lang='lat' dir='ltr'><strong>et</strong></span> <span class='ocrx_word' id='word_1_794' title='bbox 593 4969 812 5040; x_wconf 86' lang='lat' dir='ltr'><strong>plebem</strong></span> <span class='ocrx_word' id='word_1_795' title='bbox 844 4970 940 5024; x_wconf 90' lang='lat' dir='ltr'><strong>tibi</strong></span> <span class='ocrx_word' id='word_1_796' title='bbox 969 4973 1340 5042; x_wconf 88' lang='lat' dir='ltr'><strong>commissam,</strong></span> <span class='ocrx_word' id='word_1_797' title='bbox 1373 4973 1466 5045; x_wconf 92' lang='lat' dir='ltr'><strong>qui</strong></span> <span class='ocrx_word' id='word_1_798' title='bbox 1505 4983 1577 5044; x_wconf 91' lang='lat' dir='ltr'><strong>te,</strong></span> <span class='ocrx_word' id='word_1_799' title='bbox 1613 4975 1762 5032; x_wconf 88' lang='lat' dir='ltr'><strong>nullo</strong></span> <span class='ocrx_word' id='word_1_800' title='bbox 1791 4987 2046 5050; x_wconf 87' lang='lat' dir='ltr'><strong>cogente,</strong></span> 
     </span>
    </p>
   </div>
   <div class='ocr_carea' id='block_1_103' title="bbox 451 5052 2049 5134">
    <p class='ocr_par' dir='ltr' id='par_1_103' title="bbox 451 5052 2049 5134">
     <span class='ocr_line' id='line_1_103' title="bbox 451 5052 2049 5134; baseline 0.009 -30"><span class='ocrx_word' id='word_1_801' title='bbox 451 5073 474 5104; x_wconf 74' lang='grc' dir='ltr'><strong>α</strong></span> <span class='ocrx_word' id='word_1_802' title='bbox 510 5052 610 5108; x_wconf 90' lang='lat' dir='ltr'><strong>sed</strong></span> <span class='ocrx_word' id='word_1_803' title='bbox 633 5068 731 5124; x_wconf 91' lang='lat' dir='ltr'><strong>spe</strong></span> <span class='ocrx_word' id='word_1_804' title='bbox 758 5053 926 5120; x_wconf 90' lang='lat' dir='ltr'><strong>ducti,</strong></span> <span class='ocrx_word' id='word_1_805' title='bbox 963 5055 1090 5126; x_wconf 85' lang='lat' dir='ltr'><strong>quia</strong></span> <span class='ocrx_word' id='word_1_806' title='bbox 1133 5072 1235 5128; x_wconf 88' lang='lat' dir='ltr'><strong>pro</strong></span> <span class='ocrx_word' id='word_1_807' title='bbox 1280 5073 1469 5114; x_wconf 91' lang='lat' dir='ltr'><strong>amore</strong></span> <span class='ocrx_word' id='word_1_808' title='bbox 1515 5059 1590 5114; x_wconf 91' lang='lat' dir='ltr'><strong>tui</strong></span> <span class='ocrx_word' id='word_1_809' title='bbox 1635 5062 1910 5128; x_wconf 89' lang='lat' dir='ltr'><strong>avunculi,</strong></span> <span class='ocrx_word' id='word_1_810' title='bbox 1957 5064 2049 5134; x_wconf 89' lang='lat' dir='ltr'><strong>qui</strong></span> 
     </span>
    </p>
   </div>
   <div class='ocr_carea' id='block_1_104' title="bbox 450 5141 2048 5221">
    <p class='ocr_par' dir='ltr' id='par_1_104' title="bbox 450 5141 2048 5221">
     <span class='ocr_line' id='line_1_104' title="bbox 450 5141 2048 5221; baseline 0.008 -27"><span class='ocrx_word' id='word_1_811' title='bbox 450 5162 474 5194; x_wconf 77' lang='grc' dir='ltr'>ι</span> <span class='ocrx_word' id='word_1_812' title='bbox 509 5149 562 5198; x_wconf 91' lang='lat' dir='ltr'><strong>et</strong></span> <span class='ocrx_word' id='word_1_813' title='bbox 591 5141 770 5208; x_wconf 90' lang='lat' dir='ltr'><strong>nobis,</strong></span> <span class='ocrx_word' id='word_1_814' title='bbox 824 5150 878 5198; x_wconf 92' lang='lat' dir='ltr'><strong>et</strong></span> <span class='ocrx_word' id='word_1_815' title='bbox 933 5159 1122 5216; x_wconf 88' lang='lat' dir='ltr'><strong>regno,</strong></span> <span class='ocrx_word' id='word_1_816' title='bbox 1171 5160 1237 5200; x_wconf 89' lang='lat' dir='ltr'><strong>ac</strong></span> <span class='ocrx_word' id='word_1_817' title='bbox 1291 5145 1556 5202; x_wconf 71' lang='lat' dir='ltr'><strong>Ecclesia:</strong></span> <span class='ocrx_word' id='word_1_818' title='bbox 1607 5149 1764 5221; x_wconf 87' lang='lat' dir='ltr'><strong>regni</strong></span> <span class='ocrx_word' id='word_1_819' title='bbox 1793 5151 1964 5206; x_wconf 89' lang='lat' dir='ltr'><strong>nostri</strong></span> <span class='ocrx_word' id='word_1_820' title='bbox 1991 5151 2048 5206; x_wconf 92' lang='lat' dir='ltr'><strong>in</strong></span> 
     </span>
    </p>
   </div>
   <div class='ocr_carea' id='block_1_105' title="bbox 449 5229 2048 5310">
    <p class='ocr_par' dir='ltr' id='par_1_105' title="bbox 449 5229 2048 5310">
     <span class='ocr_line' id='line_1_105' title="bbox 449 5229 2048 5310; baseline 0.008 -29"><span class='ocrx_word' id='word_1_821' title='bbox 449 5250 474 5281; x_wconf 73' lang='grc' dir='ltr'>ι</span> <span class='ocrx_word' id='word_1_822' title='bbox 507 5231 690 5287; x_wconf 89' lang='lat' dir='ltr'><strong>multis</strong></span> <span class='ocrx_word' id='word_1_823' title='bbox 717 5229 935 5302; x_wconf 86' lang='lat' dir='ltr'><strong>profuit,</strong></span> <span class='ocrx_word' id='word_1_824' title='bbox 985 5248 1072 5286; x_wconf 91' lang='lat' dir='ltr'><strong>me</strong></span> <span class='ocrx_word' id='word_1_825' title='bbox 1115 5231 1368 5288; x_wconf 88' lang='lat' dir='ltr'><strong>videbant</strong></span> <span class='ocrx_word' id='word_1_826' title='bbox 1413 5243 1463 5291; x_wconf 91' lang='lat' dir='ltr'><strong>te</strong></span> <span class='ocrx_word' id='word_1_827' title='bbox 1515 5236 1770 5308; x_wconf 91' lang='lat' dir='ltr'><strong>diligere,</strong></span> <span class='ocrx_word' id='word_1_828' title='bbox 1822 5246 1876 5292; x_wconf 91' lang='lat' dir='ltr'><strong>et</strong></span> <span class='ocrx_word' id='word_1_829' title='bbox 1921 5240 2048 5310; x_wconf 88' lang='lat' dir='ltr'><strong>quia</strong></span> 
     </span>
    </p>
   </div>
   <div class='ocr_carea' id='block_1_106' title="bbox 447 5319 2045 5391">
    <p class='ocr_par' dir='ltr' id='par_1_106' title="bbox 447 5319 2045 5391">
     <span class='ocr_line' id='line_1_106' title="bbox 447 5319 2045 5391; baseline 0.009 -23"><span class='ocrx_word' id='word_1_830' title='bbox 447 5338 470 5368; x_wconf 72' lang='grc' dir='ltr'><strong>α</strong></span> <span class='ocrx_word' id='word_1_831' title='bbox 503 5319 764 5388; x_wconf 89' lang='lat' dir='ltr'><strong>putabant</strong></span> <span class='ocrx_word' id='word_1_832' title='bbox 794 5327 844 5374; x_wconf 89' lang='lat' dir='ltr'><strong>te</strong></span> <span class='ocrx_word' id='word_1_833' title='bbox 875 5319 1020 5376; x_wconf 88' lang='lat' dir='ltr'><strong>illius</strong></span> <span class='ocrx_word' id='word_1_834' title='bbox 1050 5320 1282 5391; x_wconf 87' lang='lat' dir='ltr'><strong>vestigia</strong></span> <span class='ocrx_word' id='word_1_835' title='bbox 1313 5331 1645 5390; x_wconf 88' lang='lat' dir='ltr'><strong>secuturum,</strong></span> <span class='ocrx_word' id='word_1_836' title='bbox 1698 5333 1752 5379; x_wconf 91' lang='lat' dir='ltr'><strong>et</strong></span> <span class='ocrx_word' id='word_1_837' title='bbox 1801 5327 2045 5382; x_wconf 91' lang='lat' dir='ltr'><strong>consiliis</strong></span> 
     </span>
    </p>
   </div>
   <div class='ocr_carea' id='block_1_107' title="bbox 447 5405 2042 5486">
    <p class='ocr_par' dir='ltr' id='par_1_107' title="bbox 447 5405 2042 5486">
     <span class='ocr_line' id='line_1_107' title="bbox 447 5405 2042 5486; baseline 0.009 -31"><span class='ocrx_word' id='word_1_838' title='bbox 447 5425 471 5455; x_wconf 76' lang='grc' dir='ltr'>ι</span> <span class='ocrx_word' id='word_1_839' title='bbox 504 5405 866 5470; x_wconf 87' lang='lat' dir='ltr'><strong>obediturum,</strong></span> <span class='ocrx_word' id='word_1_840' title='bbox 902 5416 956 5464; x_wconf 91' lang='lat' dir='ltr'><strong>et</strong></span> <span class='ocrx_word' id='word_1_841' title='bbox 1003 5409 1260 5479; x_wconf 87' lang='lat' dir='ltr'><strong>quoniam</strong></span> <span class='ocrx_word' id='word_1_842' title='bbox 1291 5409 1648 5468; x_wconf 86' lang='lat' dir='ltr'><strong>Laudunense</strong></span> <span class='ocrx_word' id='word_1_843' title='bbox 1689 5413 2042 5486; x_wconf 89' lang='lat' dir='ltr'><strong>municipium</strong></span> 
     </span>
    </p>
   </div>
   <div class='ocr_carea' id='block_1_108' title="bbox 449 5493 2040 5580">
    <p class='ocr_par' dir='ltr' id='par_1_108' title="bbox 449 5493 2040 5580">
     <span class='ocr_line' id='line_1_108' title="bbox 449 5493 2040 5580; baseline 0.01 -35"><span class='ocrx_word' id='word_1_844' title='bbox 449 5515 473 5545; x_wconf 73' lang='grc' dir='ltr'>ι</span> <span class='ocrx_word' id='word_1_845' title='bbox 499 5493 793 5551; x_wconf 82' lang='lat' dir='ltr'><strong>Rhemensi</strong></span> <span class='ocrx_word' id='word_1_846' title='bbox 814 5496 1096 5564; x_wconf 70' lang='lat' dir='ltr'><strong>Ecclesiae,</strong></span> <span class='ocrx_word' id='word_1_847' title='bbox 1129 5497 1186 5554; x_wconf 90' lang='lat' dir='ltr'><strong>in</strong></span> <span class='ocrx_word' id='word_1_848' title='bbox 1215 5515 1321 5570; x_wconf 89' lang='lat' dir='ltr'><strong>qua</strong></span> <span class='ocrx_word' id='word_1_849' title='bbox 1357 5499 1586 5580; x_wconf 70' lang='lat' dir='ltr'><strong>nutritus</strong></span> <span class='ocrx_word' id='word_1_850' title='bbox 1615 5499 1784 5568; x_wconf 90' lang='lat' dir='ltr'><strong>fuisti,</strong></span> <span class='ocrx_word' id='word_1_851' title='bbox 1833 5503 2040 5560; x_wconf 89' lang='lat' dir='ltr'><strong>unitum</strong></span> 
     </span>
    </p>
   </div>
   <div class='ocr_carea' id='block_1_109' title="bbox 2155 4693 3760 4768">
    <p class='ocr_par' dir='ltr' id='par_1_109' title="bbox 2155 4693 3760 4768">
     <span class='ocr_line' id='line_1_109' title="bbox 2155 4693 3760 4768; baseline -0.001 -19"><span class='ocrx_word' id='word_1_852' title='bbox 2155 4693 2280 4768; x_wconf 88' lang='lat' dir='ltr'><strong>lege</strong></span> <span class='ocrx_word' id='word_1_853' title='bbox 2309 4709 2432 4750; x_wconf 83' lang='lat' dir='ltr'><strong>cum</strong></span> <span class='ocrx_word' id='word_1_854' title='bbox 2477 4694 2597 4750; x_wconf 91' lang='lat' dir='ltr'><strong>aliis</strong></span> <span class='ocrx_word' id='word_1_855' title='bbox 2613 4694 2893 4768; x_wconf 82' lang='lat' dir='ltr'><strong>homiliam</strong></span> <span class='ocrx_word' id='word_1_856' title='bbox 2907 4695 3056 4750; x_wconf 89' lang='lat' dir='ltr'><strong>beati</strong></span> <span class='ocrx_word' id='word_1_857' title='bbox 3077 4695 3332 4765; x_wconf 89' lang='lat' dir='ltr'><strong>Gregorii</strong></span> <span class='ocrx_word' id='word_1_858' title='bbox 3357 4694 3414 4750; x_wconf 91' lang='lat' dir='ltr'><strong>in</strong></span> <span class='ocrx_word' id='word_1_859' title='bbox 3433 4693 3760 4765; x_wconf 83' lang='lat' dir='ltr'><strong>Evangelia,</strong></span> 
     </span>
    </p>
   </div>
   <div class='ocr_carea' id='block_1_110' title="bbox 2153 4784 3765 4856">
    <p class='ocr_par' dir='ltr' id='par_1_110' title="bbox 2153 4784 3765 4856">
     <span class='ocr_line' id='line_1_110' title="bbox 2153 4784 3765 4856; baseline -0.001 -19"><span class='ocrx_word' id='word_1_860' title='bbox 2153 4784 2262 4854; x_wconf 79' lang='lat' dir='ltr'><strong>Ego</strong></span> <span class='ocrx_word' id='word_1_861' title='bbox 2289 4801 2418 4841; x_wconf 86' lang='lat' dir='ltr'><strong>sum</strong></span> <span class='ocrx_word' id='word_1_862' title='bbox 2439 4788 2634 4856; x_wconf 81' lang='lat' dir='ltr'><strong>pastor</strong></span> <span class='ocrx_word' id='word_1_863' title='bbox 2654 4784 2830 4840; x_wconf 81' lang='lat' dir='ltr'><strong>bonus</strong></span> <span class='ocrx_word' id='word_1_864' title='bbox 2877 4785 3060 4854; x_wconf 85' lang='lat' dir='ltr'><strong>(Joan.</strong></span> <span class='ocrx_word' id='word_1_865' title='bbox 3085 4785 3183 4852; x_wconf 83' lang='lat' dir='ltr'><strong>x);</strong></span> <span class='ocrx_word' id='word_1_866' title='bbox 3217 4790 3272 4838; x_wconf 90' lang='lat' dir='ltr'><strong>et</strong></span> <span class='ocrx_word' id='word_1_867' title='bbox 3307 4798 3424 4838; x_wconf 88' lang='lat' dir='ltr'><strong>eam</strong></span> <span class='ocrx_word' id='word_1_868' title='bbox 3448 4789 3634 4837; x_wconf 88' lang='lat' dir='ltr'><strong>mente</strong></span> <span class='ocrx_word' id='word_1_869' title='bbox 3663 4797 3765 4836; x_wconf 89' lang='lat' dir='ltr'><strong>re-</strong></span> 
     </span>
    </p>
   </div>
   <div class='ocr_carea' id='block_1_111' title="bbox 2153 4869 3764 4943">
    <p class='ocr_par' dir='ltr' id='par_1_111' title="bbox 2153 4869 3764 4943">
     <span class='ocr_line' id='line_1_111' title="bbox 2153 4869 3764 4943; baseline -0.002 -15"><span class='ocrx_word' id='word_1_870' title='bbox 2153 4870 2347 4938; x_wconf 88' lang='lat' dir='ltr'><strong>conde,</strong></span> <span class='ocrx_word' id='word_1_871' title='bbox 2379 4871 2438 4928; x_wconf 91' lang='lat' dir='ltr'><strong>in</strong></span> <span class='ocrx_word' id='word_1_872' title='bbox 2458 4887 2566 4943; x_wconf 90' lang='lat' dir='ltr'><strong>qua</strong></span> <span class='ocrx_word' id='word_1_873' title='bbox 2593 4872 2736 4928; x_wconf 89' lang='lat' dir='ltr'><strong>inter</strong></span> <span class='ocrx_word' id='word_1_874' title='bbox 2763 4871 2866 4928; x_wconf 90' lang='lat' dir='ltr'><strong>alia</strong></span> <span class='ocrx_word' id='word_1_875' title='bbox 2896 4871 3028 4928; x_wconf 90' lang='lat' dir='ltr'><strong>dicit</strong></span> <span class='ocrx_word' id='word_1_876' title='bbox 3055 4871 3126 4926; x_wconf 91' lang='lat' dir='ltr'><strong>de</strong></span> <span class='ocrx_word' id='word_1_877' title='bbox 3147 4887 3360 4926; x_wconf 89' lang='lat' dir='ltr'><strong>summe</strong></span> <span class='ocrx_word' id='word_1_878' title='bbox 3389 4879 3444 4925; x_wconf 91' lang='lat' dir='ltr'><strong>et</strong></span> <span class='ocrx_word' id='word_1_879' title='bbox 3484 4869 3764 4926; x_wconf 86' lang='lat' dir='ltr'><strong>essentia-</strong></span> 
     </span>
    </p>
   </div>
   <div class='ocr_carea' id='block_1_112' title="bbox 2151 4957 3760 5033">
    <p class='ocr_par' dir='ltr' id='par_1_112' title="bbox 2151 4957 3760 5033">
     <span class='ocr_line' id='line_1_112' title="bbox 2151 4957 3760 5033; baseline -0.002 -19"><span class='ocrx_word' id='word_1_880' title='bbox 2151 4959 2279 5016; x_wconf 91' lang='lat' dir='ltr'><strong>liter</strong></span> <span class='ocrx_word' id='word_1_881' title='bbox 2317 4967 2534 5033; x_wconf 88' lang='lat' dir='ltr'><strong>pastore</strong></span> <span class='ocrx_word' id='word_1_882' title='bbox 2582 4960 2748 5028; x_wconf 93' lang='lat' dir='ltr'><strong>bono,</strong></span> <span class='ocrx_word' id='word_1_883' title='bbox 2794 4961 2947 5030; x_wconf 88' lang='lat' dir='ltr'><strong>cujus</strong></span> <span class='ocrx_word' id='word_1_884' title='bbox 2991 4959 3181 5016; x_wconf 73' lang='lat' dir='ltr'><strong>formae</strong></span> <span class='ocrx_word' id='word_1_885' title='bbox 3237 4959 3504 5015; x_wconf 89' lang='lat' dir='ltr'><strong>debemus</strong></span> <span class='ocrx_word' id='word_1_886' title='bbox 3549 4957 3710 5012; x_wconf 90' lang='lat' dir='ltr'><strong>inniti</strong></span> <span class='ocrx_word' id='word_1_887' title='bbox 3745 4975 3760 5011; x_wconf 92' lang='lat'>:</span> 
     </span>
    </p>
   </div>
   <div class='ocr_carea' id='block_1_113' title="bbox 2156 5047 3760 5122">
    <p class='ocr_par' dir='ltr' id='par_1_113' title="bbox 2156 5047 3760 5122">
     <span class='ocr_line' id='line_1_113' title="bbox 2156 5047 3760 5122; baseline -0.002 -18"><span class='ocrx_word' id='word_1_888' title='bbox 2156 5069 2178 5098; x_wconf 74' lang='grc' dir='ltr'><strong>ε</strong></span> <span class='ocrx_word' id='word_1_889' title='bbox 2212 5049 2518 5122; x_wconf 84' lang='lat' dir='ltr'><strong>Cognoseo,</strong></span> <span class='ocrx_word' id='word_1_890' title='bbox 2535 5049 2707 5120; x_wconf 89' lang='lat' dir='ltr'><strong>inquit</strong></span> <span class='ocrx_word' id='word_1_891' title='bbox 2722 5049 2940 5120; x_wconf 85' lang='lat' dir='ltr'><strong>(homil.</strong></span> <span class='ocrx_word' id='word_1_892' title='bbox 2967 5049 3035 5104; x_wconf 69' lang='grc'><strong>14</strong></span> <span class='ocrx_word' id='word_1_893' title='bbox 3065 5051 3130 5106; x_wconf 89' lang='lat' dir='ltr'><strong>in</strong></span> <span class='ocrx_word' id='word_1_894' title='bbox 3149 5047 3406 5120; x_wconf 83' lang='lat' dir='ltr'><strong>Evang.),</strong></span> <span class='ocrx_word' id='word_1_895' title='bbox 3425 5063 3560 5102; x_wconf 89' lang='lat' dir='ltr'><strong>oves</strong></span> <span class='ocrx_word' id='word_1_896' title='bbox 3577 5061 3760 5108; x_wconf 87' lang='lat' dir='ltr'><strong>meas,</strong></span> 
     </span>
    </p>
   </div>
   <div class='ocr_carea' id='block_1_114' title="bbox 2147 5133 3762 5210">
    <p class='ocr_par' dir='ltr' id='par_1_114' title="bbox 2147 5133 3762 5210">
     <span class='ocr_line' id='line_1_114' title="bbox 2147 5133 3762 5210; baseline -0.002 -18"><span class='ocrx_word' id='word_1_897' title='bbox 2147 5135 2205 5192; x_wconf 89' lang='lat' dir='ltr'><strong>id</strong></span> <span class='ocrx_word' id='word_1_898' title='bbox 2235 5145 2318 5194; x_wconf 89' lang='lat' dir='ltr'><strong>est</strong></span> <span class='ocrx_word' id='word_1_899' title='bbox 2345 5137 2535 5210; x_wconf 85' lang='lat' dir='ltr'><strong>diligo,</strong></span> <span class='ocrx_word' id='word_1_900' title='bbox 2569 5146 2622 5194; x_wconf 93' lang='lat' dir='ltr'><strong>et</strong></span> <span class='ocrx_word' id='word_1_901' title='bbox 2651 5146 2993 5210; x_wconf 86' lang='lat' dir='ltr'><strong>cognoscunt</strong></span> <span class='ocrx_word' id='word_1_902' title='bbox 3025 5153 3112 5194; x_wconf 89' lang='lat' dir='ltr'><strong>me</strong></span> <span class='ocrx_word' id='word_1_903' title='bbox 3159 5152 3316 5202; x_wconf 76' lang='lat' dir='ltr'><strong>mete,</strong></span> <span class='ocrx_word' id='word_1_904' title='bbox 3365 5135 3424 5191; x_wconf 88' lang='lat' dir='ltr'><strong>id</strong></span> <span class='ocrx_word' id='word_1_905' title='bbox 3481 5142 3566 5190; x_wconf 90' lang='lat' dir='ltr'><strong>est</strong></span> <span class='ocrx_word' id='word_1_906' title='bbox 3621 5133 3762 5189; x_wconf 83' lang='lat' dir='ltr'><strong>dili-</strong></span> 
     </span>
    </p>
   </div>
   <div class='ocr_carea' id='block_1_115' title="bbox 2147 5222 3760 5298">
    <p class='ocr_par' dir='ltr' id='par_1_115' title="bbox 2147 5222 3760 5298">
     <span class='ocr_line' id='line_1_115' title="bbox 2147 5222 3760 5298; baseline -0.003 -17"><span class='ocrx_word' id='word_1_907' title='bbox 2147 5233 2340 5298; x_wconf 85' lang='lat' dir='ltr'><strong>gentes</strong></span> <span class='ocrx_word' id='word_1_908' title='bbox 2369 5226 2777 5298; x_wconf 87' lang='lat' dir='ltr'><strong>obsequuntur:</strong></span> <span class='ocrx_word' id='word_1_909' title='bbox 2813 5226 2944 5298; x_wconf 89' lang='lat' dir='ltr'><strong>quia</strong></span> <span class='ocrx_word' id='word_1_910' title='bbox 2971 5233 3188 5297; x_wconf 92' lang='lat' dir='ltr'><strong>oportet</strong></span> <span class='ocrx_word' id='word_1_911' title='bbox 3215 5233 3272 5280; x_wconf 92' lang='lat' dir='ltr'><strong>ut</strong></span> <span class='ocrx_word' id='word_1_912' title='bbox 3293 5223 3452 5280; x_wconf 90' lang='lat' dir='ltr'><strong>nobis</strong></span> <span class='ocrx_word' id='word_1_913' title='bbox 3469 5222 3760 5278; x_wconf 90' lang='lat' dir='ltr'><strong>commissi</strong></span> 
     </span>
    </p>
   </div>
   <div class='ocr_carea' id='block_1_116' title="bbox 2147 5309 3762 5388">
    <p class='ocr_par' dir='ltr' id='par_1_116' title="bbox 2147 5309 3762 5388">
     <span class='ocr_line' id='line_1_116' title="bbox 2147 5309 3762 5388; baseline -0.002 -20"><span class='ocrx_word' id='word_1_914' title='bbox 2147 5314 2324 5388; x_wconf 89' lang='lat' dir='ltr'><strong>magis</strong></span> <span class='ocrx_word' id='word_1_915' title='bbox 2353 5315 2644 5373; x_wconf 85' lang='lat' dir='ltr'><strong>dilectione</strong></span> <span class='ocrx_word' id='word_1_916' title='bbox 2673 5315 2730 5370; x_wconf 90' lang='lat' dir='ltr'><strong>in</strong></span> <span class='ocrx_word' id='word_1_917' title='bbox 2759 5314 2975 5370; x_wconf 87' lang='lat' dir='ltr'><strong>Christo</strong></span> <span class='ocrx_word' id='word_1_918' title='bbox 3007 5313 3287 5378; x_wconf 87' lang='lat' dir='ltr'><strong>obediant,</strong></span> <span class='ocrx_word' id='word_1_919' title='bbox 3351 5327 3514 5383; x_wconf 91' lang='lat' dir='ltr'><strong>quam</strong></span> <span class='ocrx_word' id='word_1_920' title='bbox 3561 5309 3762 5366; x_wconf 86' lang='lat' dir='ltr'><strong>servili</strong></span> 
     </span>
    </p>
   </div>
   <div class='ocr_carea' id='block_1_117' title="bbox 2145 5397 3758 5476">
    <p class='ocr_par' dir='ltr' id='par_1_117' title="bbox 2145 5397 3758 5476">
     <span class='ocr_line' id='line_1_117' title="bbox 2145 5397 3758 5476; baseline -0.002 -18"><span class='ocrx_word' id='word_1_921' title='bbox 2145 5403 2342 5459; x_wconf 87' lang='lat' dir='ltr'><strong>timore</strong></span> <span class='ocrx_word' id='word_1_922' title='bbox 2397 5403 2572 5460; x_wconf 88' lang='lat' dir='ltr'><strong>coacti</strong></span> <span class='ocrx_word' id='word_1_923' title='bbox 2625 5411 3018 5476; x_wconf 88' lang='lat' dir='ltr'><strong>gementesque</strong></span> <span class='ocrx_word' id='word_1_924' title='bbox 3075 5400 3406 5458; x_wconf 90' lang='lat' dir='ltr'><strong>deserviant.</strong></span> <span class='ocrx_word' id='word_1_925' title='bbox 3445 5421 3469 5449; x_wconf 71' lang='grc' dir='ltr'><strong>ι</strong></span> <span class='ocrx_word' id='word_1_926' title='bbox 3501 5400 3644 5454; x_wconf 84' lang='lat' dir='ltr'><strong>Nam</strong></span> <span class='ocrx_word' id='word_1_927' title='bbox 3679 5397 3758 5455; x_wconf 88' lang='lat' dir='ltr'><strong>de</strong></span> 
     </span>
    </p>
   </div>
   <div class='ocr_carea' id='block_1_118' title="bbox 2145 5495 3754 5572">
    <p class='ocr_par' dir='ltr' id='par_1_118' title="bbox 2145 5495 3754 5572">
     <span class='ocr_line' id='line_1_118' title="bbox 2145 5495 3754 5572; baseline -0.001 -18"><span class='ocrx_word' id='word_1_928' title='bbox 2145 5499 2454 5570; x_wconf 88' lang='lat' dir='ltr'><strong>hujusmodi</strong></span> <span class='ocrx_word' id='word_1_929' title='bbox 2507 5498 2936 5572; x_wconf 65' lang='lat' dir='ltr'><strong>pralationibus,</strong></span> <span class='ocrx_word' id='word_1_930' title='bbox 2987 5499 3074 5558; x_wconf 88' lang='lat' dir='ltr'><strong>vel</strong></span> <span class='ocrx_word' id='word_1_931' title='bbox 3129 5497 3430 5571; x_wconf 65' lang='lat' dir='ltr'><strong>praemissis</strong></span> <span class='ocrx_word' id='word_1_932' title='bbox 3485 5495 3754 5568; x_wconf 85' lang='lat' dir='ltr'><strong>negotiis,</strong></span> 
     </span>
    </p>
   </div>
  </div>
