4020 6182
212 268 305 322 L89

922 236 1166 322 o'pnsc.
1206 263 1296 319 ET
1350 264 1568 320 EPIST.
1620 263 1695 319 IN
1748 262 1974 319 causa
2028 263 2371 320 HINCMARI
2409 264 2716 322 LAUDUN.

3407 255 3514 327 £90

213 389 628 462 quibuscunqne
685 388 1159 446 adinventionibus
1214 389 1442 460 praemia
1496 388 1585 445 vel
1625 388 1814 444 exenia
1844 388 1895 448 A
1918 397 2041 443 cent
2072 406 2085 443 :
2120 404 2335 460 semper
2365 388 2541 443 aliena
2570 405 2735 459 opera
2764 389 3014 460 despicit,
3046 406 3265 461 semper
3293 391 3517 447 miratur

212 493 552 550 quascunque
595 478 868 550 accipere,
916 478 1273 534 simoniacum
1304 485 1357 533 et
1385 485 1571 534 contra
1598 484 1811 532 sanctas

211 566 546 638 Scripturas,
592 574 775 638 atque,
808 574 866 621 ut
914 582 1081 638 supra
1135 565 1368 631 ostendi,
1401 573 1591 622 contra
1619 580 1810 621 sacros

211 664 286 711 est
314 670 588 711 canones.
648 655 803 711 Unde
831 654 993 711 etiam
1021 655 1195 726 leges,
1257 654 1455 726 quibus
1483 654 1679 710 debite
1707 654 1810 709 ob-

210 744 537 800 servationis
564 743 920 799 reverentiam
962 750 1155 799 sancta
1194 741 1441 799 Ecclesia
1486 741 1723 810 exhibet,
1756 742 1813 796 in

213 831 605 888 constitutione
634 834 759 898 11⁸7,
790 831 1027 904 capitulo
1053 835 1158 888 352
1214 830 1613 887 constitutionis
1641 829 1811 885 Justi-

209 920 374 987 niani,
405 920 600 976 dicunt
628 936 643 975 :
685 941 708 971 ι
746 921 813 976 Ut
841 919 1089 976 locorum
1116 919 1515 976 venerabilium
1543 918 1811 974 adminis-

209 1016 436 1065 tratores
456 1008 580 1064 sine
607 1008 837 1080 pecunia
862 1009 1016 1064 ﬁant.
1048 1007 1244 1064 Nullus
1272 1022 1450 1080 neque
1481 1023 1548 1063 ex
1579 1006 1815 1062 xenodo-

209 1096 342 1152 cbiis
358 1140 372 1163 ,
406 1112 593 1168 neque
633 1096 1086 1168 ptochotrophiis,
1118 1112 1296 1168 neque
1325 1095 1677 1163 nosocomiis,
1709 1110 1813 1151 ne-

209 1201 310 1256 que
335 1184 577 1254 alicujus
601 1184 879 1258 religiosae
923 1185 1121 1265 domus
1148 1183 1575 1250 administrator,
1606 1182 1695 1239 vel
1714 1198 1815 1241 cu-

200 1271 513 1344 juscunque
541 1289 687 1329 cura:
714 1273 1103 1329 ecclesiasticae
1132 1281 1340 1345 gestor,
1374 1278 1597 1344 praestet
1612 1270 1817 1342 aliquid

208 1360 254 1416 ei
280 1377 312 1415 a
342 1377 458 1433 quo
496 1361 835 1433 praeponitur
854 1404 869 1427 ,
901 1361 988 1417 vel
1036 1362 1338 1433 cuicunque
1394 1374 1646 1431 personae
1670 1402 1683 1424 ,
1712 1373 1817 1431 pro

208 1449 505 1505 commissa
532 1450 638 1505 sibi
688 1450 1177 1506 administratione.
1226 1449 1330 1518 Qui
1388 1455 1565 1503 autem
1616 1455 1818 1519 preter

204 1537 319 1593 hac
352 1553 479 1608 qua:
510 1537 890 1608 disposuimus
918 1537 1130 1593 dederit
1152 1536 1375 1608 aliquid,
1409 1534 1497 1590 vel
1524 1534 1813 1606 acceperit,

206 1626 290 1680 vel
317 1625 597 1681 mediator
624 1624 792 1682 iactus
811 1625 989 1686 fuerit,
1029 1623 1339 1681 sacerdotio
1368 1624 1456 1679 vel
1504 1625 1673 1690 clero,
1731 1622 1817 1679 vel

1913 476 2057 549 quod
2088 476 2236 542 facit,
2269 477 2397 549 quia
2426 485 2479 532 et
2506 476 2768 548 quidquid
2800 478 2990 550 egerit,
3019 478 3203 551 egisse
3230 495 3291 535 se
3321 480 3515 554 singu-

1910 572 2099 628 lariter
2126 574 2318 640 credit,
2367 582 2528 647 atque
2556 574 2613 628 in
2660 590 2725 630 eo
2754 574 2899 645 quod
2947 574 3166 631 exhibet
3191 592 3293 647 per
3320 576 3514 650 gloria

1912 668 2282 740 cupiditatem,
2317 669 2638 741 sibimetipsi
2667 686 2768 741 per
2804 671 3188 742 cogitationem
3215 671 3381 739 favet,
3412 689 3517 729 nec

1913 757 2226 813 considerat
2262 757 2393 830 quid
2429 758 2566 812 alter
2596 758 2724 814 boni
2771 759 3003 830 amplius
3033 775 3199 832 quam
3241 759 3380 831 ipse,
3414 760 3513 816 sed

1915 845 2047 918 quid
2078 845 2206 901 boni
2236 845 2355 916 ipse
2411 845 2645 917 amplius
2674 861 2838 918 quam
2896 846 3035 903 alter
3062 847 3284 903 habeat.
3320 849 3516 919 Neque

1914 932 2060 988 enim
2112 940 2305 1003 pensat
2362 950 2483 1005 qua:
2514 933 2658 989 bona
2686 933 2910 1005 spiritus
2942 935 3081 990 alter
3115 935 3430 1006 acceperit,
3462 942 3517 991 et

1915 1019 2019 1092 ipsi
2049 1020 2247 1091 desint,
2302 1021 2399 1076 sed
2426 1038 2548 1093 quae
2601 1020 2747 1077 bona
2776 1021 2900 1094 ipsi,
2933 1030 2987 1079 et
3030 1038 3152 1095 quae
3204 1023 3350 1079 mala
3405 1022 3516 1079 sint

1916 1107 2073 1164 alteri
2106 1125 2122 1163 :
2153 1116 2206 1164 et
2233 1123 2358 1165 cum
2387 1124 2448 1165 se
2494 1108 2551 1163 in
2580 1108 2787 1165 cunctis
2842 1110 3251 1179 transcendere,
3284 1117 3515 1169 ceteros

1915 1195 2169 1263 aestimat,
2199 1212 2301 1267 per
2326 1195 2436 1251 lata
2478 1195 2868 1270 cogitationum
2902 1198 3075 1269 spatia
3104 1214 3289 1257 secum
3319 1199 3515 1255 deam-

1916 1282 2131 1351 bulans,
2178 1282 2369 1340 laudes
2427 1300 2555 1341 suas
2610 1285 2807 1341 tacitus
2853 1285 3073 1342 clamat.
3111 1287 3517 1361 Nonnunquam

1916 1387 2050 1428 vero
2111 1371 2182 1426 ad
2229 1379 2431 1427 tantam
2480 1372 2771 1429 elationem
2798 1388 2956 1429 mens
2996 1373 3230 1442 ducitur,
3262 1382 3322 1431 ut
3366 1374 3421 1431 in
3450 1391 3517 1433 eo

1919 1458 2064 1531 quod
2094 1466 2277 1526 tumet,
2303 1460 2463 1515 etiam
2492 1477 2591 1532 per
2608 1461 3025 1517 ostentationem
3053 1461 3341 1519 locutionis
3357 1462 3517 1519 eﬁ're-

1917 1555 2078 1603 netur
2105 1554 2159 1603 et
2188 1555 2338 1604 tanto
2368 1548 2541 1604 facilis
2597 1548 2758 1605 ruina
2800 1549 3068 1622 sequitur,
3118 1558 3318 1624 quanto
3375 1550 3521 1624 apud

1919 1650 1979 1691 se
2006 1635 2237 1708 quisque
2267 1636 2634 1708 impudentius
2681 1636 2974 1693 exaltatur.
3015 1637 3154 1694 Hinc
3188 1637 3332 1694 enim
3375 1638 3520 1696 scri-

204 1713 508 1770 commissa
564 1714 669 1768 sibi
718 1714 1185 1769 administratione
1238 1713 1547 1779 nudabitur,
1581 1711 1666 1767 his
1695 1727 1816 1782 qua

1919 1731 2071 1795 ptum
2102 1731 2183 1779 est
2216 1741 2229 1778 :
2264 1724 2410 1780 Ante
2424 1726 2659 1781 ruinam
2680 1726 3041 1782 excitabitur
3059 1743 3154 1784 cor
3168 1726 3350 1797 (Prov.
3372 1727 3519 1801 xvr),

209 1802 330 1858 data
360 1809 493 1856 sunt
522 1801 867 1858 vindicandis
896 1801 1158 1875 religioso
1185 1800 1329 1868 loco,
1360 1801 1513 1870 cujus
1541 1799 1668 1855 talis
1697 1815 1818 1870 per-

205 1906 335 1947 sona
365 1891 866 1956 consecrationem,
900 1889 989 1946 vel
1029 1905 1239 1955 curam,
1274 1889 1360 1945 vel
1387 1887 1816 1944 administratio-

206 1994 329 2035 nem
359 1978 584 2050 accepit
616 1995 629 2033 :
660 1978 746 2034 sin
772 1986 957 2034 autem
986 1978 1159 2034 laicus
1180 1978 1251 2033 sit
1279 1977 1372 2049 qui
1402 1976 1698 2048 acceperit,
1730 1974 1818 2032 vel

205 2066 482 2123 mediator
508 2065 685 2122 factus
715 2073 817 2134 est,
849 2066 1076 2138 duplum
1105 2066 1175 2120 ab
1205 2080 1273 2122 eo
1294 2064 1566 2138 exigatur,
1599 2070 1655 2120 et
1683 2062 1817 2119 reli-

206 2154 364 2227 gioso
392 2154 545 2222 loco,
575 2154 632 2209 in
661 2170 772 2226 quo
817 2155 942 2210 talis
969 2169 1228 2226 persona,
1261 2153 1350 2210 vel
1380 2152 1818 2209 administratio-

206 2259 350 2310 nem,
384 2242 481 2299 vel
525 2242 1010 2309 consecrationem,
1043 2242 1132 2298 vel
1160 2257 1348 2299 curam
1398 2240 1627 2313 accepit,
1678 2255 1821 2312 prae-

205 2340 398 2388 stetur.
439 2352 464 2382 ι
526 2332 678 2386 Iuste
703 2331 870 2402 igitur
909 2340 963 2386 et
1002 2330 1395 2387 rationabiliter
1428 2331 1587 2404 leges
1616 2328 1820 2385 sanctis

202 2419 511 2491 Scripturis
538 2426 591 2474 et
612 2419 913 2475 canonibus
964 2420 1369 2476 concordantes
1400 2418 1529 2475 talia
1564 2418 1821 2474 decreve-

205 2516 350 2575 runt,
387 2507 525 2579 quia
552 2516 611 2562 ut
640 2513 858 2563 sanctus
877 2507 985 2564 Leo
1013 2507 1143 2563 dicit
1172 2508 1363 2579 (serm.
1394 2510 1427 2562 9
1460 2506 1526 2563 de
1554 2506 1819 2563 Passione

204 2596 457 2667 Domini)
494 2614 511 2650 :
547 2616 572 2647 α
605 2596 905 2652 Avaritiam
979 2596 1176 2652 merito
1228 2596 1522 2667 Apostolus
1575 2595 1819 2650 radicem

203 2700 325 2740 esse
353 2683 637 2739 malorum
670 2684 913 2740 omnium
957 2683 1223 2740 difﬁnivit.
1265 2684 1487 2739 Nullum
1519 2683 1663 2738 enim
1690 2696 1820 2754 pec-

201 2781 387 2830 catum
418 2773 546 2828 sine
591 2771 885 2845 cupiditate
915 2772 1293 2840 committitur,
1318 2779 1373 2827 et
1391 2771 1570 2827 omnis
1598 2770 1819 2827 illicitus

200 2862 483 2933 appetitus
513 2861 670 2916 istius
724 2861 995 2917 aviditatis
1023 2869 1110 2917 est
1139 2860 1390 2917 morbus.
1432 2859 1620 2916 Amori
1658 2874 1818 2931 pecu-

197 2950 303 3006 nia:
345 2950 479 3006 vilis
512 2958 596 3006 est
630 2951 807 3007 omnis
853 2949 1072 3007 affectio
1094 2990 1109 3019 ,
1143 2957 1197 3006 et
1227 2950 1413 3005 anima
1457 2948 1595 3005 lucri
1620 2946 1820 3019 cupida

200 3038 370 3096 etiam
399 3055 510 3112 pro
536 3038 734 3111 exiguo
762 3037 947 3112 perire
996 3054 1106 3097 non
1128 3038 1337 3106 metuit,
1370 3038 1688 3111 nullumque
1733 3045 1817 3093 est

190 3125 428 3197 justitiaa
446 3129 508 3183 in
534 3127 628 3184 illo
662 3129 831 3186 corde
860 3129 1169 3203 vestigium,
1200 3129 1258 3184 in
1297 3144 1404 3201 quo
1453 3127 1558 3185 sibi
1590 3125 1819 3182 avaritia

195 3216 327 3273 fecit
361 3216 760 3273 habitaculum.
823 3218 941 3274 Hoc
1010 3218 1252 3289 perﬁdus
1305 3216 1475 3271 Judas
1518 3214 1818 3272 inebriatus

194 3320 443 3373 veneno,
473 3306 606 3362 dum
635 3306 745 3362 sitit
772 3303 1009 3374 lucrum,
1030 3306 1279 3378 pervenit
1306 3305 1378 3363 ad
1404 3305 1688 3377 laqueum.
1718 3323 1742 3354 ι

191 3537 271 3595 De
296 3537 580 3612 superbia
606 3538 728 3607 eius
747 3538 804 3594 et
828 3540 1178 3610 arrogantia,
1203 3539 1607 3611 jactantiaque
1626 3537 1822 3607 inepta

785 3629 843 3683 et
870 3627 1180 3683 indecenti.

278 3735 327 3789 A
359 3730 561 3787 multis
592 3731 754 3787 etiam
782 3731 1079 3800 denotaris,
1112 3730 1257 3805 quod
1286 3730 1540 3803 superbia
1559 3728 1820 3797 eﬂ'eraris,

216 3830 272 3877 et
302 3835 455 3877 vana
487 3820 666 3893 gloria
680 3820 963 3890 jaetiteris,
993 3828 1156 3893 atque
1184 3820 1494 3893 arrogantia
1526 3818 1824 3890 superaris.

205 3908 381 3966 Unde
421 3924 534 3981 ego
562 3916 616 3964 et
642 3917 717 3975 tu,
768 3909 923 3981 quasi
951 3908 1007 3963 in
1051 3907 1272 3981 speculo
1296 3950 1311 3974 ,
1331 3907 1387 3963 in
1425 3906 1610 3963 verbis
1683 3905 1827 3962 beati

219 3996 505 4071 Gregorii
557 4010 658 4052 nos
694 4004 1023 4068 nostrasque
1067 4004 1280 4052 mentes
1324 3995 1745 4066 conspiciamus,
1777 4002 1831 4050 et

213 4101 325 4142 nos
382 4098 580 4141 coram
621 4084 817 4140 divinis
864 4084 1037 4141 oculis
1092 4099 1504 4156 componamus.
1567 4082 1655 4139 Ait
1684 4082 1828 4139 enim

201 4175 331 4246 (lib.
368 4188 566 4228 xxxrv
598 4173 811 4240 Horal.,
846 4188 894 4229 c.
953 4174 1041 4244 18)
1072 4189 1086 4228 :
1123 4194 1146 4225 ι
1208 4172 1495 4244 Superbia,
1554 4171 1828 4243 inquiens,

206 4277 391 4336 quam
419 4260 677 4317 vitiorum
740 4261 981 4317 radicem
1007 4260 1263 4329 diximus,
1307 4276 1652 4334 nequaquam
1671 4260 1830 4315 unius

1846 3086 1894 3149 C

1918 1820 1971 1867 et
1986 1812 2103 1867 haec
2120 1810 2281 1868 elatio
2299 1811 2435 1867 alios
2456 1828 2522 1867 ex
2543 1812 2708 1869 rebus
2725 1812 3101 1881 sacularibus,
3134 1814 3271 1871 alios
3300 1831 3433 1872 vero
3454 1831 3522 1873 ex

1918 1898 2251 1971 spiritalibus
2291 1900 2553 1972 possidet.
2587 1900 2740 1957 Alter
2795 1916 3032 1973 namque
3061 1902 3309 1959 tumescit
3362 1919 3518 1973 auro,

1916 1988 2052 2043 alter
2105 1988 2343 2060 eloquio,
2405 1987 2545 2045 alter
2574 1987 2773 2044 inﬁmis
2804 1997 2859 2045 et
2904 1990 3134 2046 terrenis
3162 1991 3347 2059 rebus,
3380 1990 3521 2048 alter

1918 2075 2145 2132 summis
2173 2075 2597 2149 caelestibusque
2623 2077 2941 2146 virtutibus,
2972 2093 3083 2134 una
3096 2085 3279 2135 tamen
3298 2079 3518 2135 eadem-

1918 2181 2024 2236 que
2052 2162 2315 2236 superbia
2368 2172 2495 2221 ante
2551 2164 2651 2221 Dei
2680 2164 2870 2222 oculos
2922 2166 3120 2240 agitur,
3172 2166 3419 2239 quamvis
3446 2167 3521 2225 ad

1917 2253 2151 2308 humana
2179 2252 2353 2309 corda
2376 2252 2604 2309 veniens
2658 2252 2716 2309 in
2763 2267 2951 2310 eorum
2996 2254 3271 2311 obtutibus
3296 2255 3517 2313 diverso

1918 2340 2120 2398 amictu
2148 2340 2422 2412 pallietur.
2455 2341 2625 2398 Aliter
2652 2350 2833 2399 autem
2876 2343 3200 2415 praepositos
3225 2351 3386 2417 atque
3414 2343 3518 2399 ali-

1916 2437 2002 2486 ter
2023 2429 2270 2485 subditos
2298 2437 2492 2487 tentat.
2536 2429 2769 2487 Praelata
2797 2447 3031 2504 namque
3058 2431 3116 2487 in
3170 2431 3517 2505 cogitationi-

1917 2517 2020 2572 bus
2077 2517 2347 2591 suggerit,
2407 2517 2536 2591 quia
2564 2518 2681 2575 solo
2731 2518 2853 2575 vitae
2882 2519 3076 2575 merito
3097 2535 3263 2591 super
3290 2528 3516 2577 caeteros

1918 2604 2155 2663 excrevit
2183 2647 2198 2674 ,
2232 2614 2283 2663 et
2311 2605 2357 2661 si
2385 2622 2488 2679 qua
2515 2607 2584 2661 ab
2605 2622 2670 2662 eo
2690 2605 2985 2687 aliquando
3013 2607 3154 2664 bene
3181 2614 3339 2682 gesta
3367 2616 3512 2679 sunt,

1916 2693 2037 2751 haec
2060 2694 2369 2765 importune
2399 2695 2517 2763 ejus
2544 2694 2727 2749 animo
2747 2693 2954 2765 objicit,
2987 2701 3041 2751 et
3067 2710 3191 2752 cum
3219 2696 3364 2754 hunc
3396 2697 3514 2755 Deo

1918 2781 2263 2854 singulariter
2307 2780 2581 2853 placuisse
2626 2780 2878 2849 insinuat,
2927 2798 3036 2855 quo
3064 2782 3225 2840 facile
3253 2774 3519 2857 suggesta

1916 2870 2263 2942 persuadeat,
2296 2869 2474 2941 ipsam
2503 2868 2573 2925 ad
2599 2869 2967 2926 testimonium
2995 2872 3277 2943 potestatis
3304 2873 3516 2931 tradita:

1916 2958 2328 3016 retributionem
2382 2952 2558 3026 vocat,
2589 2958 2778 3015 dicens
2812 2977 2825 3015 :
2858 2958 2997 3029 Quia
3040 2959 3147 3015 nisi
3173 2961 3516 3034 omnipotens

1916 3047 2063 3103 Deus
2093 3055 2147 3103 te
2173 3046 2258 3103 bis
2289 3046 2542 3103 omnibus
2580 3046 2866 3104 meliorem
2894 3055 3163 3117 cerneret,
3196 3064 3388 3106 omnes
3413 3051 3517 3107 hos

1919 3136 2020 3192 sub
2046 3143 2138 3192 tuo
2166 3135 2429 3208 regimine
2457 3151 2568 3191 non
2596 3135 2838 3192 dedisset
2869 3153 2883 3190 :
2932 3136 3159 3209 ejusque
3198 3153 3325 3194 mox
3355 3154 3516 3195 men-

1918 3228 2027 3276 tem
2083 3219 2262 3293 erigit,
2295 3228 2349 3276 et
2393 3219 2530 3276 viles
2575 3226 2739 3291 atque
2768 3218 2987 3274 inutiles
3030 3235 3127 3275 eos
3156 3220 3393 3276 ostendit
3421 3221 3517 3294 qui

1919 3308 2149 3377 subjecti
2178 3314 2322 3374 sunt,
2339 3307 2412 3363 ita
2439 3316 2497 3362 ut
2526 3306 2734 3363 nullum
2749 3307 2865 3377 jam
2894 3305 3054 3379 quasi
3081 3307 3307 3379 dignum
3335 3308 3519 3380 reapi-

1920 3404 2044 3470 ciat,
2077 3404 2164 3460 cui
2189 3402 2567 3475 aequanimiter
2592 3402 2864 3474 loquatur.
2905 3402 3060 3459 Unde
3087 3410 3143 3459 et
3168 3419 3296 3460 mox
3323 3403 3523 3462 mentis

1920 3492 2284 3563 tranquillitas
2338 3492 2395 3546 in
2451 3492 2592 3546 iram
2647 3491 2904 3558 vertitur,
2939 3490 3067 3563 quia
3118 3490 3250 3547 dum
3295 3500 3523 3551 cunctos

1921 3579 2169 3651 despicit,
2203 3579 2333 3635 dum
2359 3594 2581 3636 sensum
2600 3579 2871 3652 vitamque
2899 3579 3140 3635 omnium
3175 3579 3294 3637 sine
3326 3580 3523 3638 mode—

1922 3668 2130 3724 ratione
2158 3666 2523 3739 reprehendit,
2555 3673 2707 3722 tanto
2736 3666 3106 3723 irrefrenatius
3135 3667 3271 3737 sein
3300 3668 3525 3727 iracun-

1923 3756 2069 3812 diam
2115 3755 2318 3826 dilatat,
2350 3762 2549 3827 quanto
2592 3770 2708 3822 eos,
2738 3755 2833 3828 qui
2888 3755 2992 3811 sibi
3044 3755 3323 3813 commissi
3379 3766 3526 3828 sunt,

1926 3861 2050 3901 esse
2095 3843 2313 3900 sibimet
2340 3843 2597 3917 indignos
2627 3851 2797 3915 putat.
2828 3844 2897 3899 Et
2927 3844 2975 3901 si
3002 3844 3108 3916 ipsi
3144 3844 3377 3916 subjecti
3403 3853 3530 3902 sunt

1926 3932 2066 4000 aliis,
2089 3948 2284 3988 eorum
2311 3947 2408 3989 cor
2435 3932 2692 4003 superbia
2710 3932 2956 4007 instigat,
2986 3940 3047 3988 ut
3072 3949 3169 3989 sua
3197 3942 3320 3991 acta
3349 3935 3531 3991 consi-

1927 4021 2120 4077 derare
2148 4020 2390 4077 funditus
2418 4020 2719 4094 negligant,
2751 4028 2806 4077 et
2851 4037 3072 4092 semper
3102 4019 3281 4078 tacitis
3310 4022 3529 4096 cogita-

1927 4109 2167 4166 tionibus
2209 4109 2436 4166 rectoris
2483 4108 2567 4164 sui
2591 4108 2805 4178 judices
2835 4108 2965 4167 ﬁant
2998 4127 3013 4165 :
3046 4107 3141 4182 qui
3172 4110 3303 4166 dum
3346 4110 3404 4166 in
3433 4110 3528 4167 illo

1930 4197 2076 4270 quod
2103 4196 2503 4269 reprehendere
2530 4196 2767 4252 debeant
2794 4197 3101 4269 importune
3129 4197 3442 4269 respiciunt,
3473 4197 3533 4255 in

1927 4284 2235 4356 semetipsis
2266 4285 2412 4356 quod
2468 4284 2751 4355 corrigant
2791 4299 3068 4356 nunquam
3098 4284 3325 4353 vident;
3373 4284 3521 4342 unde

199 4348 436 4443 virtutis
475 4349 837 4443 exstinctione
867 4358 1123 4443 contenta
1144 4358 1378 4443 ,_contra
1407 4358 1600 4443 cuncta
1630 4349 1831 4443 anima"
1933 4382 1986 4429 et
2014 4348 2162 4429 tanto
2195 4348 2433 4428 atrocius
2458 4348 2709 4443 pereunt,
2740 4348 2942 4442 quantd
2983 4384 3018 4426 a
3044 4387 3105 4427 se
3139 4348 3330 4428 oculos
3357 4386 3522 4429 aver-

188 4438 466 4495 membra
494 4453 557 4493 se
586 4437 763 4510 erigit,
789 4438 948 4511 quasi
966 4438 1237 4511 generalis
1258 4454 1324 4495 ac
1344 4437 1568 4511 pestifer
1595 4440 1819 4494 morbus
1847 4443 1899 4502 D
1923 4470 2056 4518 tum.
2091 4460 2396 4533 Aliquando
2453 4437 2637 4515 iugem
2690 4437 2829 4514 {al-es
2876 4458 3076 4514 subditi
3113 4466 3373 4531 proterva
3397 4475 3520 4532 qua

189 4550 417 4609 corpus
460 4549 626 4590 omne
664 4535 984 4606 corrumpit,
1019 4541 1077 4589 ut
1118 4534 1379 4606 quidquid
1407 4534 1496 4591 illa
1524 4534 1815 4591 invadente

183 4626 409 4698 agitur,
442 4623 612 4679 etiam
639 4622 686 4678 si
714 4638 838 4678 esse
866 4623 1037 4679 virtus
1082 4622 1405 4689 ostenditur,
1444 4639 1552 4678 non
1586 4616 1686 4693 per
1712 4623 1817 4677 hoc

180 4714 332 4782 Deo,
368 4712 477 4768 sed
508 4710 612 4767 soli
642 4727 798 4768 vanae
825 4711 1017 4783 gloria
1045 4711 1300 4767 servitur.
1353 4711 1522 4780 Quasi
1551 4708 1697 4766 enim
1722 4717 1813 4780 ty-

179 4818 413 4859 rannus
468 4800 694 4874 quidam
735 4801 1021 4856 obsessam
1068 4800 1340 4857 civitatem
1371 4798 1659 4870 intercipit,
1692 4813 1816 4854 cum

179 4899 445 4947 mentem
476 4890 740 4961 superbia
767 4890 1034 4961 irrumpit,
1070 4896 1122 4945 et
1141 4904 1248 4960 quo
1277 4887 1528 4943 ditiorem
1548 4902 1815 4960 quemque

179 4987 433 5060 ceperit,
494 5000 563 5040 eo
591 4985 647 5041 in
701 4985 944 5042 dominio
998 4984 1187 5041 durior
1240 4984 1506 5057 exsurgit,
1555 4984 1679 5056 quia
1708 4997 1816 5054 quo

177 5075 443 5146 amplius
473 5088 568 5128 res
601 5073 813 5129 virtutis
842 5074 961 5129 sine
1003 5072 1301 5128 humilitate
1329 5071 1527 5146 agitur,
1561 5087 1628 5128 eo
1655 5071 1815 5126 latius

174 5163 295 5220 ista.
321 5162 669 5218 dominatur.
706 5160 967 5234 Quisquis
994 5176 1129 5218 vero
1159 5161 1276 5230 ejus
1303 5162 1360 5216 in
1388 5178 1449 5217 se
1467 5159 1817 5232 tyrannidem

174 5252 420 5325 captiva
447 5257 637 5305 mente
662 5249 987 5320 susceperit,
1018 5249 1126 5306 hoc
1152 5249 1388 5321 primum
1430 5249 1689 5304 damnum
1716 5263 1816 5320 pa-

168 5343 337 5407 titur,
381 5338 539 5411 quod
582 5337 772 5393 clauso
826 5336 1008 5393 cordis
1052 5337 1212 5394 oculo
1252 5336 1443 5407 judicii
1498 5336 1816 5409 aequitatem

172 5428 407 5501 perdit.
440 5424 590 5482 Nam
618 5433 813 5482 cuncta
842 5442 963 5497 qua;
990 5425 1060 5480 ab
1099 5425 1220 5481 aliis
1257 5425 1345 5482 vel
1382 5425 1522 5482 bene
1558 5433 1819 5496 geruntur

176 5517 523 5590 displicent,
556 5522 613 5570 et
640 5514 757 5570 sola
785 5514 835 5569 ei
864 5530 987 5585 qua
1018 5513 1138 5587 ipse
1163 5513 1251 5571 vel
1293 5528 1463 5587 prave
1493 5511 1669 5586 egerit
1697 5511 1817 5584 pla-

443 5622 690 5677 PA'rnoL.
720 5618 965 5677 CXXVI.

1915 4550 2151 4607 sentiunt
2178 4563 2533 4620 nequaquam
2570 4545 2829 4620 produnt,
2861 4554 2915 4603 et
2953 4544 3293 4619 hi,'quorum
3320 4545 3517 4619 loqua-

1916 4639 2052 4695 citas
2082 4636 2171 4693 vix
2202 4637 2586 4707 compescitur,
2621 4651 3010 4707 nonnunquam
3037 4651 3104 4692 ex
3132 4633 3251 4691 sola
3307 4634 3516 4692 amari-

1915 4726 2101 4781 tudine
2143 4724 2319 4780 intimi
2376 4724 2622 4782 rancoris
2650 4725 3027 4782 obmutescunt
3056 4740 3070 4778 :
3117 4720 3209 4795 qui
3237 4739 3337 4795 per
3363 4724 3519 4781 dolo«-

1915 4830 2032 4869 rem
2086 4813 2286 4870 mentis
2322 4813 2669 4885 procacitatis
2723 4830 2838 4869 suae
2892 4811 3057 4868 verba
3098 4811 3506 4882 subtrahentes,

1916 4918 2040 4958 cum
2066 4901 2207 4957 male
2236 4901 2387 4973 loqui
2406 4902 2635 4970 soleant,
2669 4900 2823 4972 pejus
2852 4907 3049 4967 tacent,
3072 4898 3200 4972 quia
3229 4916 3354 4957 cum
3379 4917 3513 4972 pec-

1917 4999 2103 5048 cantes
2128 4989 2334 5061 aliquid
2390 4990 2460 5045 de
2505 4988 2844 5045 correctione
2885 4987 3131 5054 audiunt,
3161 4987 3510 5061 indignantes

1916 5080 2081 5135 etiam
2154 5076 2530 5149 responsionis
2586 5075 2758 5132 verba
2815 5073 3173 5147 suspendunt.
3234 5076 3370 5133 Cum
3424 5077 3512 5132 bis

1917 5168 2136 5241 quando
2156 5182 2352 5236 aspere
2377 5164 2571 5236 agitur,
2604 5178 2750 5235 saepe
2769 5163 2837 5219 ad
2867 5161 3107 5235 querela
3126 5180 3291 5221 voces
3313 5164 3382 5220 de
3401 5164 3507 5221 hac

1917 5258 2034 5329 ipsa
2061 5254 2351 5326 asperitate
2379 5251 2701 5324 prosiliunt;
2732 5267 2860 5307 cum
2886 5268 3019 5308 vero
3036 5268 3133 5308 eos
3148 5250 3398 5325 magistri
3427 5250 3513 5307 sui

1918 5343 2117 5399 blande
2138 5340 2492 5413 praveniunt,
2527 5340 2597 5396 de
2623 5338 2741 5412 ipsa
2762 5338 3082 5409 humilitate,
3109 5354 3218 5411 qua
3248 5335 3514 5411 praeventi

1919 5439 2077 5495 sunt,
2126 5429 2345 5501 gravius
2402 5427 2770 5502 indignantur,
2804 5436 2855 5483 et
2909 5435 3057 5483 tanto
3113 5443 3302 5483 eorum
3358 5442 3516 5483 mens

1918 5517 2122 5577 vastius
2176 5514 2492 5575 accenditur
2520 5561 2537 5585 ,
2571 5525 2774 5589 quanto
2854 5515 3253 5572 consideratius
3299 5513 3518 5572 inﬁrma

3100 5625 3167 5677 16
