4054 6180
535 237 632 298 491
1491 225 1831 287 HINCMARI
1860 221 2260 283 RHEMENSIS
2288 217 2840 277 ARCHIEPISCOPI.
3711 209 3831 268 ’492

532 365 826 435 iudicatur.
860 361 1078 418 Cunctis
1104 375 1340 432 namque
1371 357 1604 428 superba
1654 353 1798 425 apud
1830 369 1888 406 se
1921 350 2132 422 cogita—
2153 347 2208 408 A
2238 347 2395 402 valeo
2449 344 2802 415 respondere,
2837 341 3048 398 faceres
3079 340 3264 412 utique
3324 337 3460 435 sicut
3501 335 3750 434 patr-ioue
3777 342 3829 390 et

537 423 682 508 tione
714 450 1044 505 tumentibus
1087 449 1228 502 inest
1253 423 1479 502 -clamo-r
1508 445 1562 498 in
1607 423 1895 508 locutione,
1929 437 2134 493 amari—
2235 433 2528 506 propinqui
2558 431 2636 488 tui
2683 431 2812 487 laici
2861 429 3084 499 faciunt,
3120 427 3324 484 scilicet
3351 424 3654 482 voluntarie
3682 423 3830 478 vive-

537 540 668 596 tudo
722 539 778 592 in
831 537 1064 602 silentio,
1098 535 1379 590 dissolutio
1437 533 1491 586 in
1548 529 1814 586 hilaritate
1845 569 1859 596 ,
1892 527 2042 582 furor
2079 525 2135 579 in
2235 539 2323 578 res
2351 523 2490 577 inter
2529 530 2649 576 tuos
2704 527 3092 575 conterraneos
3137 524 3298 588 atque
3342 514 3550 570 vicinos
3575 509 3826 584 paciﬁca,

539 627 774 692 tristitia,
803 625 1114 680 inhonestas
1143 623 1198 678 in
1223 623 1434 677 actione
1465 663 1476 686 ,
1511 621 1771 674 honestas
1791 616 1846 671 in
1875 613 2130 684 imagine,

539 714 738 771 erectio
785 713 840 767 in
893 712 1131 776 incessu,
1166 726 1356 765 rancor
1411 708 1464 762 in
1517 705 1895 776 responsione.
1930 703 2134 757 Horum

539 818 694 859 mens
722 816 938 871 semper
967 808 1049 854 est
1076 799 1142 853 ad
1172 795 1497 869 irrogandas
1542 792 1898 850 contumelias
1929 789 2129 855 valida,

537 891 608 947 ad
664 888 973 944 tolerandas
1026 885 1258 952 inﬁrma,
1290 884 1362 939 ad
1407 881 1773 938 obediendum
1827 879 1984 951 pigra
2017 919 2029 943 ,
2063 877 2133 932 ad

539 976 893 1033 lacessendos
922 989 1054 1030 vero
1083 973 1221 1028 alios
1261 972 1586 1042 importuna,
1620 969 1686 1024 ad
1711 984 1774 1024 ea
1805 983 1926 1038 quas
1953 965 2132 1020 facere

537 1073 590 1121 et
617 1065 778 1120 debet
807 1071 860 1118 et
886 1061 1144 1134 praevalet
1186 1061 1400 1132 ignava,
1433 1059 1503 1114 ad
1532 1073 1598 1112 ea
1656 1072 1778 1128 quae
1806 1054 1982 1110 facere
2031 1067 2133 1108 nec

539 1153 702 1209 debet
740 1167 840 1207 nec
871 1149 1130 1222 praevalet
1158 1157 1366 1219 parata."
1397 1148 1524 1202 ΙΙωο
1555 1146 1610 1198 in
1658 1159 1724 1199 eo
1761 1142 1908 1215 quod
1939 1149 2131 1213 sponte

537 1257 647 1298 non
677 1239 878 1312 appetit
906 1238 1068 1293 nullis
1124 1233 1583 1291 exhortationibus
1639 1231 1895 1297 flectitur,
1928 1229 1996 1284 ad
2025 1231 2131 1284 hoc

541 1337 721 1384 autem
752 1327 898 1398 quod
935 1326 1162 1380 latenter
1212 1323 1508 1386 desiderat,
1558 1319 1746 1392 quaerit
1771 1327 1830 1373 ut
1881 1325 2125 1388 cogatur,

537 1418 667 1489 quia
714 1416 841 1469 dum
877 1413 1068 1467 metuit
1114 1428 1179 1467 ex
1235 1409 1508 1465 desiderio
1539 1424 1638 1463 suo
1667 1407 1949 1472 vilescere,
1981 1411 2132 1476 optat

537 1505 649 1560 vim
670 1503 725 1557 in
753 1502 870 1572 ipsa
899 1500 1173 1557 voluntate
1203 1498 1456 1554 tolerare.
1478 1495 1826 1566 Quapropter
1853 1495 1958 1549 hoc
1977 1492 2126 1558 vitio,

539 1589 912 1646 laborantibus
945 1588 1205 1642 Dominus
1235 1587 1404 1641 dicit:
1437 1588 1584 1641 Deus
1608 1583 1858 1656 superbis
1887 1581 2124 1646 resistit,

2236 611 2490 682 quoniam
2521 609 2568 664 si
2597 609 2754 664 aliter
2781 621 3162 680 praasumeres,
3203 603 3454 660 fortiores
3485 608 3540 657 et
3567 599 3822 670 superio-

2235 714 2322 754 res
2352 697 2443 770 qui
2471 697 2567 753 tibi
2594 695 2932 764 resisterent,
2952 701 3112 766 teque
3133 691 3510 764 reprimerent,
3535 687 3825 744 invenires.

2835 888 3061 944 CAPUT
3089 886 3229 942 LIII.

2231 1025 2308 1080 De
2348 1021 2592 1078 motibus
2637 1021 2885 1094 corporis
2933 1019 3296 1084 inordinatis,
3342 1016 3590 1089 qualiter
3633 1027 3828 1070 cavere

2869 1107 3082 1164 debeat.

2299 1234 2368 1288 Et
2411 1232 2668 1305 quoniam
2719 1230 3141 1304 reprehenderis
3191 1230 3258 1285 de
3303 1228 3541 1284 motibus
3589 1225 3830 1297 corporis

2229 1320 2567 1390 inordinatis,
2616 1321 3006 1376 attendendum
3045 1319 3174 1373 mihi
3203 1325 3256 1374 et
3285 1316 3382 1372 tibi
3411 1324 3494 1372 est
3522 1314 3666 1386 quod
3695 1313 3830 1369 bea-

2229 1417 2314 1464 tus
2359 1409 2659 1480 Gregorius
2689 1408 2839 1474 dicit,
2865 1407 3131 1480 quoniam
3189 1405 3417 1461 interius
3447 1411 3528 1459 est
3557 1401 3827 1468 custodia,

2230 1514 2350 1568 quae
2375 1497 2640 1552 "ordinata
2696 1504 2878 1552 servat
2943 1495 3180 1550 exterius
3237 1493 3497 1548 membra.
3577 1491 3648 1545 Et
3706 1505 3832 1543 san-

2229 1593 2347 1640 ctus
2379 1584 2679 1658 Gregorius
2721 1585 3096 1639 Nazianzenus
3164 1581 3409 1637 habitum
3449 1578 3645 1634 Iuliani
3679 1581 3830 1650 Apo-

543 1679 850 1734 humilibus
890 1681 1085 1732 autem
1115 1676 1212 1730 dat
1254 1675 1502 1746 gratiam
1541 1675 1681 1741 (Jac.
1715 1672 1832 1742 Iv);
1865 1677 1920 1725 et
1947 1669 2075 1725 item
2107 1685 2122 1722 :
2153 1695 2209 1756 B
2231 1681 2384 1729 statas
2412 1673 2673 1728 describit
2701 1673 2888 1728 dicens
2919 1675 3088 1744 (orat.
3113 1675 3163 1725 1.
3190 1672 3254 1726 in
3274 1669 3592 1738 Iulianum)
3627 1684 3641 1722 :
3677 1690 3701 1714 ιι
3729 1667 3830 1721 Fa-

536 1766 869 1822 Immundus
903 1768 988 1821 est
1033 1763 1186 1835 apud
1221 1764 1400 1818 Deum
1443 1763 1625 1817 omnis
1657 1761 1754 1832 qui
1781 1760 2008 1814 exultat
2033 1773 2127 1814 cor
2155 1754 2196 1756 _
2229 1760 2406 1816 ciebat
2461 1777 2549 1816 me
2605 1768 2820 1815 cautum
2857 1759 2993 1814 adeo
3038 1757 3398 1816 inconstantia
3425 1771 3636 1811 morum
3691 1754 3827 1822 ejus,

535 1855 730 1926 (Eccli.
749 1853 926 1923 xvu);
960 1859 1013 1908 et
1031 1851 1158 1906 item
1193 1865 1210 1906 :
1245 1850 1386 1917 Quid
1399 1850 1648 1921 superbit
1671 1851 1824 1903 terra
1853 1851 1909 1902 et
1937 1846 2084 1902 cinis
2108 1849 2130 1900 ?

533 1943 731 2015 (Eceli.
763 1941 848 2012 x.)
880 1939 1019 2009 Quia
1048 1938 1216 2012 igitur
1237 1939 1570 2008 Redemptor
1590 1943 1778 1992 noster
1798 1934 1968 1992 corda
1987 1933 2130 2005 regit

531 2029 846 2096 humilium,
887 2035 942 2084 et
995 2027 1294 2082 Leviathan
1347 2043 1456 2082 rex
1507 2025 1705 2080 dicitur
1742 2023 2124 2096 superborum,

526 2125 716 2191 aperte
744 2116 1130 2189 cognoscimus
1163 2114 1308 2186 quod
1330 2112 1797 2170 evidentissimum
1855 2110 2128 2181 reprobo-

529 2223 647 2262 rum
677 2206 894 2278 signum
926 2203 1182 2275 superbia
1197 2209 1298 2268 est,
1323 2201 1394 2256 ad
1424 2209 1615 2257 contra
1635 2199 1914 2254 humilitas
1933 2198 2130 2254 electo-

527 2309 667 2350 rum.
702 2295 838 2348 Cum
880 2307 1012 2364 ergo
1056 2305 1218 2362 quam
1250 2289 1478 2360 quisque
1504 2289 1702 2343 habeat
1753 2285 2123 2360 cognoscitur,

525 2381 624 2437 ub
657 2397 764 2452 quo
820 2395 951 2452 rege
979 2379 1171 2433 militet
1217 2377 1506 2432 invenitur.
1567 2374 1952 2448 Unusquisque
1982 2373 2128 2430 enim

525 2468 684 2542 quasi
741 2467 1032 2538 quemdam
1085 2465 1293 2521 titulum
1332 2471 1509 2537 portat
1537 2463 1764 2536 operis,
1807 2478 1925 2534 quo
1967 2461 2126 2518 facile

522 2556 773 2613 ostendat
795 2555 893 2610 sub
923 2555 1074 2624 cujus
1119 2554 1316 2610 serviat
1371 2560 1640 2624 potestate
1697 2551 1950 2607 rectoris.
1990 2571 2011 2600 ι
2045 2551 2126 2606 De

521 2643 628 2702 hoc
666 2645 864 2718 quippe
894 2643 1023 2699 vitio
1069 2641 1338 2714 superbiae
1365 2639 1646 2697 descendit
1671 2680 1684 2709 ,
1716 2639 1861 2712 quod
1890 2637 2044 2694 multi
2073 2647 2125 2694 te

517 2732 664 2804 apud
691 2733 955 2804 plurimos
979 2731 1166 2787 dicunt
1194 2731 1263 2786 de
1317 2729 1634 2785 fortitudine
1665 2735 1718 2785 et
1772 2727 2015 2800 agilitate
2047 2726 2124 2782 tui

521 2821 770 2892 corporis
791 2819 1036 2894 gloriari,
1071 2826 1125 2874 et
1152 2819 1222 2874 de
1252 2817 1488 2888 praaliis,
1522 2826 1686 2889 atque
1713 2824 1770 2870 ut
1799 2815 2124 2871 nostratium

521 2908 707 2980 lingua
754 2908 968 2974 dicitur,
1001 2907 1069 2961 de
1098 2907 1393 2962 vassaticis
1441 2905 1753 2975 frequenter
1785 2917 1850 2959 ac
1894 2902 2124 2959 libenter

521 3011 829 3051 sermonem
857 2994 1080 3062 habere,
1119 3001 1172 3049 et
1201 2993 1435 3065 qualiter
1453 3007 1646 3064 ageres
1675 2991 1724 3046 si
1741 2991 1908 3047 laicus
1924 2990 2121 3047 fuisses

519 3082 886 3140 irreverenter
939 3080 1160 3148 referre,
1209 3087 1262 3135 et
1304 3079 1410 3134 alia
1465 3079 1636 3134 multa
1689 3095 1812 3151 quae
1867 3079 1964 3133 tibi
2010 3095 2120 3135 non

522 3171 849 3228 conveniunt
890 3169 1072 3226 dicere
1118 3177 1172 3225 et
1221 3183 1407 3240 agere,
1468 3182 1572 3224 nec
1617 3167 1750 3222 mihi
1814 3167 2118 3224 enuntiare.

525 3259 708 3316 Debes
738 3259 884 3315 enim
933 3257 1215 3314 attendere
1244 3256 1391 3329 quod
1419 3255 1680 3327 scriptum
1709 3262 1794 3312 est
1849 3271 1864 3310 :
1909 3256 2030 3312 Non
2060 3256 2124 3310 in

518 3349 858 3420 fortitudine
907 3363 1014 3403 sua
1041 3346 1391 3404 roborabitur
1406 3347 1492 3401 vir
1509 3345 1558 3416 (Ι
1581 3347 1709 3416 Reg.
1749 3345 1852 3416 n);
1885 3351 1939 3400 et
1970 3344 2122 3399 :Non

523 3437 781 3492 salvatur
795 3451 902 3492 rex
915 3451 1016 3508 per
1026 3435 1271 3491 multam
1282 3435 1639 3502 virtutem,et
1652 3437 1808 3505 gigas
1820 3448 1935 3489 non
1947 3433 2124 3488 salva-

526 3521 678 3581 bitur
695 3526 760 3580 in
773 3523 1148 3580 multitudine
1173 3522 1538 3594 fortitudinis
1559 3537 1677 3578 sua
1711 3522 1883 3590 (Psal.
1908 3521 2117 3590 χχχιι).

520 3612 678 3670 Unde
707 3612 854 3684 apud
883 3629 942 3667 se
969 3611 1146 3667 David
1173 3625 1340 3666 manu
1359 3610 1534 3679 fortis,
1554 3609 1831 3665 humiliter
1855 3607 2120 3678 infirmus,

519 3708 573 3757 et
593 3701 715 3758 ideo
745 3700 1008 3770 veraciter
1037 3699 1222 3768 fortis,
1257 3698 1348 3770 qui
1377 3698 1654 3770 gigantem
1679 3697 1859 3752 multae
1908 3695 2122 3751 fortitu-

519 3786 660 3845 dinis
689 3787 908 3852 occidit,
941 3793 998 3841 et
1023 3801 1213 3858 regem
1245 3800 1310 3840 ac
1337 3785 1590 3840 virtutem
1619 3785 1890 3841 exercitus
1910 3783 2026 3852 ejus
2054 3781 2123 3838 ab

521 3875 812 3947 opprobrio
867 3873 1134 3938 liberavit,
1198 3872 1431 3928 Domino
1479 3873 1655 3928 dicit:
1705 3873 2123 3928 Fortitudinem

521 3979 711 4019 meum
741 3962 813 4017 ad
841 3966 896 4018 te
925 3961 1237 4018 custodiam
1259 3960 1433 4032 (Psal.
1464 3961 1638 4030 Lvm).
1685 3960 1754 4016 Et
1781 3959 2000 4025 Paulus,
2032 3959 2125 4032 qui

526 4047 730 4106 audivit
757 4065 788 4103 a
816 4049 1048 4104 Domino
1078 4065 1091 4102 :
1146 4050 1330 4104 Virtus
1354 4049 1418 4102 in
1461 4047 1804 4117 infirmitate
1827 4047 2124 4120 perﬁcitur

527 4138 732 4208 (IICor.
751 4135 1160 4208 xu),gloriatur
1189 4136 1244 4192 in
1273 4135 1678 4191 infirmitatibus
1710 4135 1846 4202 suis,
1883 4136 2074 4191 dicens
2105 4153 2119 4190 :

529 4225 762 4293 Quando
783 4225 1059 4295 inﬁrmor,
1085 4229 1223 4281 tunc
1243 4226 1448 4296 fortior
1466 4241 1595 4280 sum
1606 4229 1662 4281 et
1675 4228 1875 4298 potens
1903 4225 1983 4295 (II
2001 4225 2119 4283 Cor.

525 4313 634 4386 xu)
661 4332 674 4379 ;
698 4322 777 4370 et:
805 4315 1024 4385 Castigo
1052 4329 1254 4385 corpus
1271 4330 1481 4380 meum,
1507 4317 1563 4370 et
1577 4315 1842 4370 servituti
1865 4313 2120 4384 subjicio,

2150 3044 2198 3106 Ο

2231 1855 2282 1904 et
2337 1864 2594 1904 excessus
2659 1847 2899 1903 uberior.
2961 1847 3127 1903 Vates
3197 1845 3340 1904 enim
3418 1843 3678 1915 egregius
3723 1849 3824 1906 est,

2231 1936 2322 2008 qui
2379 1937 2519 1991 bene
2566 1935 2890 1992 considerat.
2947 1935 3168 1990 Nullum
3217 1935 3364 1988 enim
3421 1931 3638 2002 signum
3697 1927 3828 1983 mihi

2227 2023 2286 2078 in
2320 2040 2384 2080 eo
2427 2024 2559 2080 utile
2615 2024 2939 2090 videbatur,
2973 2023 3158 2080 cervix
3239 2019 3549 2076 inflexibilis
3573 2062 3586 2086 ,
3617 2016 3830 2074 humeri

2225 2113 2528 2181 jactabiles,
2585 2113 2726 2170 oculi
2775 2119 3056 2168 currentes
3083 2153 3097 2178 ,
3191 2111 3299 2165 huc
3346 2107 3584 2180 illucque
3637 2105 3830 2163 directi

2231 2209 2283 2257 et
2337 2201 2542 2256 furiose
2599 2199 2974 2272 respicientes,
3033 2198 3204 2270 pedes
3253 2195 3616 2269 irnpatientes,
3669 2209 3828 2251 nares

2229 2289 2502 2361 spirantes
2557 2287 2782 2357 injurias
2851 2295 3016 2359 atque
3097 2292 3444 2357 contemptun
3475 2327 3492 2352 ,
3551 2284 3829 2340 schemata

2229 2377 2478 2447 risibilia,
2536 2384 2590 2432 et
2661 2377 2767 2432 hoc
2811 2377 2991 2448 ipsum
3069 2391 3289 2446 semper
3347 2372 3604 2428 habentia
3635 2412 3650 2442 ,
3683 2372 3827 2428 risus

2227 2465 2569 2522 incontinens
2600 2471 2652 2521 et
2694 2465 2852 2537 quasi
2907 2462 3263 2530 subbulliens,
3320 2476 3619 2518 consensus
3650 2467 3706 2516 et
3735 2476 3826 2516 ne-

2227 2553 2374 2625 gatio
2403 2552 2583 2620 simul,
2618 2553 2758 2608 ratio
2806 2551 2954 2607 nulla
3011 2551 3222 2607 ratione
3275 2549 3579 2607 consistens
3605 2592 3618 2616 ,
3650 2549 3826 2604 inter-

2225 2641 2437 2714 rogatio
2466 2641 2793 2708 inordinata,
2817 2649 2980 2713 atque
3011 2639 3297 2712 responsio
3325 2637 3472 2694 nulla
3501 2635 3828 2694 convenien-

2225 2729 2300 2784 tia
2337 2729 2441 2785 sibi
2488 2729 2841 2785 conveniens.
2881 2749 2902 2778 ι
2935 2729 3006 2783 Et
3053 2735 3273 2784 sanctus
3329 2741 3471 2798 papa
3527 2724 3826 2798 Gregorius

2224 2817 2510 2890 quemdam
2541 2817 2858 2874 describens
2899 2816 3186 2888 potiusque
3213 2815 3516 2887 depingens
3539 2813 3820 2883 juvenem,

2223 2906 2291 2961 de
2322 2921 2386 2961 eo
2417 2905 2544 2962 dicit
2576 2921 2588 2961 :
2626 2926 2650 2956 α
2687 2905 2827 2974 Quia
2855 2913 2973 2960 erat
2994 2904 3263 2976 superbus
3285 2911 3337 2960 et
3357 2902 3616 2970 lubricus,
3639 2901 3827 2958 verbis

2223 2993 2360 3050 levis
2393 3036 2406 3060 ,
2437 2994 2657 3048 nutibus
2712 2993 2979 3048 instabilis
3013 3037 3026 3060 ,
3081 3001 3264 3048 mente
3346 2991 3586 3047 tumidus
3619 3033 3633 3058 ,
3675 2995 3830 3046 veste

2223 3082 2576 3153 compositus,
2602 3082 2814 3139 actione
2835 3081 3157 3154 dissipatus.
3202 3101 3224 3131 κ
3259 3079 3414 3136 Unde
3434 3077 3830 3135 attendendum

2221 3177 2304 3226 est
2331 3170 2509 3240 nobis,
2544 3170 2672 3242 quia
2701 3171 2748 3226 si
2775 3171 2860 3226 hae
2916 3169 3374 3242 reprehensiones
3420 3167 3664 3236 in_laicis
3697 3165 3824 3240 qui-

2223 3257 2537 3330 buscunque
2619 3258 2979 3330 potestatibus
3037 3257 3282 3330 praeditis
3337 3256 3411 3312 ita
3465 3257 3818 3324 denotantur,

2223 3361 2387 3418 quam
2433 3347 2774 3403 damnabiles
2801 3348 2857 3402 in
2885 3346 3044 3402 nobis
3075 3345 3348 3418 episcopis
3375 3345 3699 3412 habeantur,
3735 3341 3828 3416 qui

2220 3435 2312 3491 lux
2339 3436 2548 3502 mundi,
2581 3443 2634 3491 et
2663 3435 2888 3492 lucerna
2935 3451 3097 3507 super
3123 3433 3513 3492 candelabrum
3535 3433 3738 3504 posita,
3771 3439 3829 3486 ut

2221 3523 2502 3580 luceamus
2533 3523 2783 3580 omnibus
2813 3523 2907 3596 qui
2937 3524 2992 3579 in
3023 3523 3186 3581 domo
3214 3521 3336 3588 Dei,
3368 3521 3424 3577 id
3452 3529 3534 3577 est
3575 3520 3826 3577 Ecclesia

2223 3619 2346 3668 sunt
2371 3612 2554 3684 positi,
2605 3629 2728 3668 esse
2769 3611 3066 3668 videmur?
3095 3613 3224 3668 Haec
3269 3610 3387 3678 tibi,
3421 3609 3593 3666 frater
3619 3624 3687 3665 ac
3725 3607 3825 3675 ﬁli,

2222 3700 2405 3757 scribo
2432 3701 2601 3757 multo
2630 3701 2822 3757 dolore
2849 3715 2914 3756 ac
2942 3699 3260 3756 confusione
3289 3706 3662 3770 compunctus,
3695 3696 3828 3753 hor-

2221 3795 2340 3844 tans
2370 3797 2428 3844 ut
2454 3789 2510 3843 in
2556 3788 2746 3856 lutere,
2781 3805 2948 3861 quem
2981 3789 3198 3859 Moyses
3239 3787 3437 3858 (Exod.
3469 3786 3724 3856 xxxvm)
3756 3785 3827 3842 de

2223 3877 2458 3948 speculis
2485 3877 2776 3932 mulierum
2805 3884 2931 3934 ante
2960 3875 3372 3933 tabernaculum
3399 3875 3618 3931 Domini
3648 3889 3828 3930 excu—

2221 3965 2464 4020 bantium
2493 3964 2734 4035 fecerat,
2769 3965 2824 4020 in
2853 3981 2962 4038 quo
3019 3965 3329 4022 sacerdotes
3386 3963 3742 4020 ministraturi
3771 3962 3830 4018 in

2222 4053 2418 4110 eadem
2443 4053 2606 4109 domo
2636 4052 2853 4109 Domini
2887 4069 3080 4109 manus
3110 4061 3162 4109 et
3203 4052 3374 4124 pedes
3403 4053 3665 4118 levarent,
3701 4066 3830 4106 me-

2222 4157 2346 4197 cum
2385 4149 2437 4196 te
2483 4141 2791 4212 conspicias
2809 4180 2824 4210 ,
2860 4149 2911 4198 et
2955 4141 3184 4198 interius
3215 4150 3378 4214 atque
3433 4139 3671 4196 exterius
3729 4137 3832 4194 ibi-

2222 4230 2366 4296 dem,
2397 4229 2450 4284 id
2480 4238 2563 4286 est
2593 4230 2650 4285 in
2688 4244 2860 4286 sacrae
2909 4230 3197 4302 Scriptum
3238 4229 3528 4301 praceptis
3557 4244 3659 4301 per
3691 4244 3830 4284 san-

2222 4325 2338 4374 ctos
2368 4317 2468 4372 Dei
2497 4318 2654 4374 nobis
2685 4318 3024 4389 explanaris,
3060 4327 3114 4375 et
3140 4319 3196 4374 in
3225 4317 3542 4375 eorumdem
3599 4325 3830 4374 sancto-

520 4419 594 4459 ne
623 4403 755 4459 aliis
781 4403 1102 4475 praedicans
1129 4403 1248 4474 ipse
1275 4404 1538 4475 reprobus
1568 4401 1982 4473 e/ﬁciar(ICor.
2007 4401 2110 4471 ιχ).
2144 4393 2195 4454 D
2217 4421 2338 4460 rum
2368 4405 2630 4477 exemplis
2650 4448 2664 4472 ,
2695 4413 2882 4461 nostra
2936 4406 3388 4478 reprehensibilia
3428 4405 3746 4476 abluamus,
3775 4411 3832 4460 et

523 4491 634 4548 Sed
655 4497 709 4547 et
735 4507 858 4547 cum
889 4490 944 4544 in
973 4491 1078 4556 his,
1109 4489 1166 4544 in
1196 4489 1394 4562 quibus
1422 4489 1828 4562 infatigabiliter
1855 4504 2114 4561 pugnan-

521 4579 611 4646 do,
644 4594 754 4634 non
785 4578 937 4651 quasi
967 4593 1147 4633 aerem
1185 4577 1562 4648 verberantes,
1594 4577 1692 4633 sed
1723 4584 1910 4632 contra
1939 4577 2115 4631 aerias

516 4674 924 4739 potestates,et
952 4665 1132 4722 carnis
1188 4665 1494 4732 illecebras,
1555 4681 1616 4722 ac
1669 4665 1857 4720 mundi
1905 4679 2112 4721 concu-

515 4755 807 4825 piscentias
851 4755 1204 4828 agonizantes
1261 4753 1738 4823 decertaverimus,
1771 4753 1916 4824 quod
1955 4751 2114 4808 nobis

511 4857 545 4896 a
574 4843 806 4897 Domino
833 4843 1140 4913 praecipitur
1160 4857 1225 4896 ex
1255 4840 1444 4897 intimo
1475 4840 1659 4897 cordis
1715 4839 1909 4898 affectu
1930 4841 2114 4898 dicere

509 4927 773 4984 debemus
789 4947 802 4983 :
821 4931 977 4985 Servi
991 4931 1228 4986 inutiles
1240 4945 1584 5002 sumus,quaz
1595 4929 1885 4986 debuimus
1901 4931 2111 5000 facere,

507 5017 751 5088 fecimus
790 5018 946 5086 (Luc.
985 5019 1160 5094 xvu)._
1190 5019 1328 5086 Quia
1351 5035 1467 5074 non
1493 5035 1688 5074 sumus
1706 5018 2050 5088 sufﬁcientes
2079 5034 2114 5073 α

505 5107 663 5162 nobis
693 5107 855 5178 quasi
876 5121 949 5161 ea:
984 5107 1160 5172 nobis,
1190 5107 1286 5162 sed
1308 5107 1650 5177 suﬁcientia
1688 5109 1888 5162 nostra
1909 5121 1982 5160 ea:
2003 5107 2112 5161 Deo

506 5197 612 5260 est,
640 5195 738 5266 qui
766 5194 920 5249 dedit
949 5195 1089 5250 velle
1119 5197 1176 5250 et
1208 5194 1478 5266 perficere
1503 5209 1606 5266 pro
1643 5193 1784 5250 bona
1818 5195 2112 5250 voluntate

503 5282 580 5349 (II
609 5283 729 5338 Cor.
761 5281 879 5353 Ill);
914 5281 1114 5353 quique
1162 5281 1274 5336 suis
1319 5281 1454 5336 dixit
1485 5298 1498 5334 :
1528 5281 1661 5337 Sine
1709 5297 1800 5337 me
1829 5281 1979 5336 nihil
2003 5296 2109 5352 po-

507 5370 670 5424 testis
701 5372 890 5439 facere
919 5369 1154 5440 (Philip.
1187 5367 1270 5438 u).
1322 5369 1402 5423 De
1431 5368 1667 5424 vanitate
1707 5375 1885 5424 autem
1917 5381 2026 5438 qua
2055 5374 2108 5421 te

497 5454 695 5523 jactas,
739 5457 969 5528 qualiter
996 5455 1206 5512 faceres
1235 5455 1283 5511 si
1315 5455 1490 5511 laicus
1539 5471 1712 5524 esses,
1743 5455 1981 5512 breviter
2011 5453 2108 5510 tibi

2216 4493 2416 4568 dignos
2441 4510 2542 4550 nos
2563 4493 2776 4549 ﬂetibus
2821 4503 2874 4549 et
2894 4495 3095 4551 sanctis
3115 4495 3545 4566 operationibus,
3572 4502 3630 4548 ut
3651 4493 3832 4568 digne

2215 4581 2292 4637 illi
2347 4583 2660 4638 ministrare
2713 4582 3022 4654 possimus,
3056 4582 3426 4640 exhibeamus.
3485 4582 3624 4638 Hinc
3673 4582 3830 4638 enim

2215 4670 2571 4741 omnipotenti
2611 4670 2844 4727 Domino
2900 4687 3003 4743 per
3049 4669 3392 4726 Psalmistam
3447 4669 3648 4725 dicitur
3698 4686 3715 4724 :
3763 4669 3832 4726 In

2215 4762 2492 4815 aeternum
2519 4775 2636 4815 non
2655 4759 2951 4816 obliviscar
2961 4759 3402 4831 justiﬁcationes
3427 4761 3572 4825 tuas,
3598 4759 3740 4830 quia
3761 4759 3828 4813 in

2214 4847 2353 4919 ipsis
2411 4847 2710 4915 viviﬁcasti
2755 4864 2845 4903 me
2875 4848 3051 4919 (Psal.
3111 4847 3328 4918 cxvm).
3391 4845 3830 4903 Justificationes

2215 4933 2356 4990 enim
2401 4942 2669 5006 praecepta
2701 4935 2803 4991 Dei
2851 4935 3123 5002 dicuntur,
3155 4935 3210 4990 in
3253 4935 3447 5007 quibus
3493 4949 3595 4991 nos
3640 4933 3832 4990 corri-

2213 5022 2393 5092 gendo
2417 5021 2688 5092 justificat,
2727 5023 2797 5080 de
2829 5023 3025 5096 quibus
3063 5021 3208 5079 idem
3239 5023 3527 5078 Psalmista
3577 5021 3832 5094 apertius

2212 5109 2342 5166 dicit
2363 5126 2376 5166 :
2395 5113 2458 5167 In
2479 5113 2593 5167 tuis
2607 5113 3108 5182 iustiﬁcativnibus
3128 5112 3458 5182 meditabor,
3478 5127 3594 5168 non
3617 5111 3829 5168 oblivi-

2211 5215 2340 5254 scar
2367 5215 2650 5256 sermones
2683 5205 2805 5257 tuos
2837 5201 3013 5272 (Psal.
3073 5202 3260 5270 xvm).
3293 5200 3354 5255 In
3385 5199 3464 5256 eis
3495 5201 3682 5272 itaque
3715 5215 3831 5257 nos

2209 5285 2464 5357 vivificat,
2500 5287 2628 5360 quia
2671 5305 2772 5360 per
2811 5289 2929 5346 hac
2974 5287 3132 5345 nobis
3188 5288 3482 5361 spiritalem
3511 5287 3684 5344 vitam
3715 5287 3830 5345 de-

2208 5383 2503 5446 monstrat,
2535 5392 2762 5448 eamque
2818 5394 2920 5450 per
2965 5375 3290 5435 aﬂlationem
3346 5376 3568 5450 spiritus
3608 5377 3832 5434 nostris

2207 5463 2480 5520 mentibus
2509 5463 2761 5522 infundit.
