4054 6180
248 300 349 354 L93

851 417 1080 475 CAPUT
1115 419 1250 475 LIV.

301 510 364 567 Ut
393 525 510 565 non
539 524 598 564 se
621 507 924 581 permittat
952 508 1137 579 decipi
1165 525 1200 563 a
1225 508 1363 576 ﬂore
1386 506 1710 579 juventutis
1740 509 1798 561 et

454 598 705 653 sanitate
734 597 1006 669 corporis,
1039 600 1099 652 et
1116 595 1316 651 mundi
1343 596 1641 651 illecebris.

321 684 566 741 Tandem
594 686 784 741 hortor
822 692 895 751 te,
930 683 1102 739 frater
1128 700 1193 740 ac
1221 683 1317 753 ﬁli,
1350 690 1404 739 et
1433 698 1629 739 moneo
1655 689 1714 737 ut
1739 697 1850 737 non

253 782 306 829 te
348 772 631 845 permittas
678 772 858 844 decipi
901 788 935 828 a
976 771 1111 827 flore
1160 772 1476 842 juventutis,
1530 779 1583 826 et
1618 770 1849 826 sanitate

255 861 519 933 corporis,
553 870 605 918 et
632 861 822 917 mundi
865 860 1161 928 illecebris,
1212 860 1421 915 habens
1465 875 1681 931 semper
1727 866 1849 914 ante

255 950 448 1006 mentis
495 948 683 1006 oculos
727 950 873 1021 quod
917 949 1045 1005 hinc
1076 956 1296 1004 sanctus
1327 948 1559 1020 Spiritus
1590 963 1688 1019 per
1715 948 1850 1002 bea-

254 1047 366 1094 tum
393 1037 497 1094 Job
529 1038 660 1094 dicit
682 1055 696 1092 :
718 1039 886 1095 Homo
914 1042 1088 1093 natus
1104 1037 1171 1093 de
1189 1038 1449 1103 muliere,
1481 1037 1631 1092 brevi
1660 1037 1850 1091 vivens

260 1131 523 1199 tempore,
544 1127 800 1199 repletur
812 1126 1013 1181 multis
1032 1126 1279 1182 miseriis
1296 1144 1314 1181 :
1332 1125 1495 1197 quasi
1512 1124 1614 1194 ﬂos
1634 1124 1853 1196 egredi-

259 1218 370 1281 tur,
390 1218 450 1271 et
470 1216 808 1280 conteritur,
828 1214 1045 1286 etfugit
1063 1214 1218 1270 velut
1239 1215 1455 1281 umbra,
1480 1217 1537 1268 et
1557 1229 1851 1285 nunquam

256 1305 318 1359 in
350 1303 542 1360 eodem
560 1306 719 1358 statu
733 1305 1053 1375 permanet.
1072 1303 1270 1358 Breves
1291 1301 1407 1357 dies
1429 1303 1672 1357 hominis
1692 1304 1848 1368 sunt,

257 1406 532 1447 numerus
552 1392 836 1446 mensium
852 1392 972 1463 ejus
993 1390 1145 1463 apud
1167 1394 1222 1446 te
1241 1394 1346 1456 est,
1372 1390 1724 1447 constituisti
1742 1393 1854 1445 ter-

259 1482 442 1536 minos
462 1482 604 1550 cius,
627 1480 724 1552 qui
743 1479 1026 1551 praeteriri
1045 1496 1160 1535 non
1171 1482 1442 1551 poterunt
1463 1479 1597 1547 (Job.
1616 1479 1759 1548 xxv).
1784 1477 1855 1532 Et

258 1584 357 1640 per
371 1567 742 1622 Psalmistam:
765 1569 1159 1623 Verumtamen
1179 1567 1243 1622 in
1263 1567 1513 1639 imagine
1536 1567 1855 1639 pertransit

260 1657 438 1722 homo,
481 1656 577 1712 sed
610 1659 666 1711 et
701 1658 923 1726 frustra
962 1655 1355 1712 conturbatur.
1405 1655 1768 1711 Thesaurizat
1799 1656 1855 1709 et

258 1746 481 1817 ignorat
529 1744 626 1799 cui
671 1746 1026 1816 congregavit
1068 1761 1135 1799 ea
1171 1743 1347 1815 (Psal.
1379 1742 1648 1814 xxxvm).
1701 1742 1850 1797 Habe
1878 1770 1931 1831 B

259 1848 476 1905 semper
522 1839 646 1887 ante
691 1832 889 1887 mentis
930 1831 1138 1900 oculos,
1186 1848 1351 1903 quam
1392 1831 1651 1887 terribilis
1682 1831 1851 1900 judex

259 1929 445 1977 noster
475 1921 543 1975 sit
571 1921 627 1975 in
655 1919 895 1976 consiliis
924 1936 1088 1991 super
1115 1919 1256 1975 ﬁlios
1284 1920 1583 1986 hominum,
1607 1926 1660 1975 et
1688 1935 1851 1991 quam

260 2010 534 2066 districtus
576 2008 645 2064 ad
673 2008 1022 2078 iudicandum
1069 2008 1269 2076 veniet,
1305 2008 1459 2064 caelis
1488 2016 1540 2063 et
1569 2007 1724 2064 terris
1754 2022 1850 2063 ar-

258 2097 531 2164 dentibus,
591 2105 645 2152 et
691 2097 959 2153 universis
1002 2095 1264 2153 caelorum
1321 2096 1631 2163 virtutibus,
1692 2104 1852 2168 atque

260 2186 510 2243 omnibus
553 2186 818 2241 creaturis
844 2185 899 2239 in
929 2183 1249 2257 obsequium
1292 2185 1375 2240 sui
1422 2184 1651 2240 terroris
1696 2199 1852 2240 com-

259 2275 438 2330 motis.
490 2272 720 2343 Quando
764 2272 908 2345 ignis
955 2281 1078 2329 ante
1124 2272 1303 2345 ipsum
1349 2273 1641 2345 prmcedet,
1685 2279 1737 2328 et
1764 2272 1854 2327 in-

260 2360 560 2420 ﬂammabit
587 2362 645 2417 in
671 2361 897 2419 circuitu
918 2361 1163 2418 inimicos
1185 2362 1301 2431 ejus
1327 2377 1339 2417 :
1362 2363 1636 2419 advocans
1657 2361 1854 2417 coelum

262 2451 573 2519 desursum,
631 2458 684 2507 et
738 2458 939 2507 terram
994 2451 1307 2507 discernere
1361 2451 1616 2523 pepulum
1673 2466 1851 2518 suum,

264 2539 479 2613 quando
529 2538 710 2595 veniet
756 2555 857 2595 nos
897 2538 1233 2608 judicaturus
1286 2539 1356 2595 de
1412 2539 1852 2613 cogitationibus,

263 2629 464 2699 verbis,
522 2635 576 2683 et
634 2628 837 2683 actibus
901 2627 1146 2683 nostris:
1180 2644 1344 2700 quem
1414 2627 1858 2700 prmveniendum

265 2716 419 2773 nobis
450 2720 534 2771 es’t
575 2716 631 2770 in
679 2716 1041 2787 confessione,
1092 2723 1146 2772 et
1188 2715 1515 2788 plorandum
1562 2724 1688 2772 ante
1735 2731 1859 2771 eum

269 2805 357 2879 qui
384 2804 515 2861 fecit
558 2820 660 2861 nos
688 2805 863 2876 (Psal.
894 2805 1072 2876 xcrv).
1104 2805 1503 2861 Attendendum
1547 2812 1629 2860 est
1674 2804 1855 2871 etiam,

268 2910 385 2967 quae
428 2892 589 2948 nobis
632 2893 965 2949 verecundia
1004 2900 1131 2948 tunc
1157 2894 1257 2949 erit
1285 2893 1341 2948 in
1372 2900 1669 2965 conspectu
1699 2891 1861 2947 totius

268 2981 488 3038 humani
542 2981 780 3055 generis,
841 2980 1191 3054 omniumque
1248 2981 1507 3038 virtutum
1561 2980 1862 3037 ccelestium

271 3069 545 3138 confundi,
577 3078 631 3125 et
658 3076 783 3143 post
827 3068 1203 3126 confusionem
1249 3087 1369 3142 quae
1417 3085 1518 3126 nos
1559 3085 1724 3141 paena
1769 3085 1862 3125 se-

271 3168 481 3232 quetur,
525 3174 651 3215 cum
693 3158 929 3214 animam
971 3158 1346 3214 immortaliter
1387 3159 1710 3215 morientem
1739 3173 1867 3214 rea-

271 3256 354 3303 tus
395 3246 653 3315 involvet,
704 3256 759 3302 et
804 3246 1175 3304 indeﬁcienter
1238 3246 1582 3305 deﬁcientem
1644 3263 1871 3304 carnem

273 3337 525 3408 gehenna
570 3344 874 3403 consumet,
919 3336 964 3391 si
1011 3337 1221 3392 radices
1267 3338 1450 3393 cordis
1502 3336 1630 3394 huic
1671 3335 1870 3392 saeculo

273 3433 687 3496 perseveranter
715 3422 909 3480 inﬁxas
938 3424 1323 3480 habuerimus:
1345 3426 1473 3497 quia
1488 3441 1648 3481 nemo
1669 3431 1870 3496 potest,

273 3522 329 3569 ut
348 3514 611 3584 scriptum
646 3520 747 3580 est,
774 3514 863 3569 hic
892 3513 1134 3584 gaudere
1155 3531 1285 3569 cum
1305 3516 1526 3581 saeculo,
1548 3518 1606 3570 et
1625 3515 1747 3570 illic
1776 3529 1871 3569 re-

273 3618 445 3673 gnare
484 3618 615 3658 cum
648 3604 902 3659 Domino.
937 3601 1115 3657 Simus
1143 3601 1329 3676 igitur,
1361 3609 1419 3656 ut
1448 3604 1608 3657 docet
1634 3604 1873 3672 Aposto-

273 3687 377 3756 lus,
401 3692 563 3763 quasi
582 3690 906 3757 morientes,
928 3696 984 3746 et
1004 3707 1129 3747 ecce
1145 3691 1381 3747 vivimus
1398 3695 1494 3746 :ut
1512 3692 1796 3762 castigati,
1818 3694 1875 3746 et

276 3795 391 3835 non
402 3779 736 3848 mortiﬁcati
756 3799 774 3834 :
786 3779 949 3851 quasi
961 3779 1173 3846 tristes,
1189 3796 1411 3853 semper
1425 3782 1618 3835 autem
1629 3779 1875 3850 gauden-

278 3871 392 3923 tes:
408 3869 560 3925 sicut
580 3871 821 3940 egentes,
846 3869 1056 3925 multos
1077 3872 1270 3924 autem
1290 3870 1701 3940 locupletantes
1716 3886 1733 3923 :
1751 3871 1877 3922 tan-

275 3973 443 4028 quam
464 3957 617 4012 nihil
636 3957 921 4023 habentes,
958 3961 1015 4013 et
1048 3959 1243 4013 omnia
1276 3957 1626 4029 possidentes
1646 3955 1724 4027 (II
1752 3955 1872 4012 Cor.

277 4046 378 4114 γι).
408 4044 698 4099 Momentis
742 4045 853 4100 suis
896 4046 1045 4101 horae
1090 4044 1322 4118 fugiunt,
1358 4052 1411 4100 et
1440 4052 1687 4117 tempore
1732 4042 1876 4099 dila-

276 4132 496 4187 buntur.
549 4133 873 4206 Satagamus
916 4148 1052 4205 ergo
1107 4141 1167 4188 ut
1204 4133 1260 4188 in
1305 4133 1465 4189 bonis
1512 4140 1565 4188 et
1606 4130 1880 4189 continuis

277 4219 539 4291 operibus
585 4227 874 4277 teneantur
903 4237 920 4276 :
952 4221 1076 4294 quia
1121 4221 1383 4292 scriptum
1435 4228 1517 4276 est
1552 4237 1564 4276 :
1596 4220 1755 4276 Beati
1785 4221 1881 4292 qui

995 294 1243 353 OPUSC.
1305 294 1396 351 ET
1448 293 1671 350 EPIST.
1738 292 1812 348 IN
1866 291 2092 349 CAUSA
2147 291 2491 349 HINCMARI
2546 292 2856 356 LAUDUNe

3427 292 3534 349 496

1873 414 2198 487 Axxxvu),
2231 424 2285 471 et
2311 416 2484 473 cauda
2528 416 2745 487 pecoris
2780 414 2837 471 in
2874 413 3145 472 sacriﬁcio
3191 414 3423 471 Domino
3452 414 3541 471 of-

1948 503 2077 561 ferri
2103 504 2432 576 prascipitur,
2485 505 2612 576 quia
2653 507 2749 578 qui
2797 506 3238 577 perseveraverit
3280 519 3451 576 usque
3477 504 3543 559 in

1946 593 2141 662 ﬁnem,
2190 594 2280 650 hic
2336 595 2526 649 salvus
2575 596 2689 650 erit
2726 594 2943 664 (Matth.
2977 594 3059 656 χ).
3091 593 3161 646 Et
3189 592 3541 647 obaudiamus

1949 680 2095 752 quod
2130 681 2402 752 Sapientia
2431 698 2529 753 per
2557 682 2904 738 Salomonem
2932 697 3034 736 nos
3064 680 3311 752 singulos
3338 681 3539 736 exhor-

1949 777 2070 824 tans
2091 768 2258 825 dicit:
2289 771 2659 843 Quodcunque
2679 774 2866 844 potest
2882 787 3088 826 manus
3113 773 3210 825 tua
3230 772 3419 840 facere
3445 770 3540 824 in-

1950 862 2173 914 stanter
2188 874 2416 930 operare
2437 879 2455 915 :
2472 860 2603 931 quia
2618 875 2721 914 nec
2740 876 2893 931 opus,
2919 875 3021 915 nec
3041 860 3210 924 ratio,
3233 874 3337 913 nec
3363 858 3541 914 scien-

1952 947 2054 1013 tia,
2086 962 2192 1002 nec
2220 949 2504 1019 sapientia
2551 951 2723 1005 erunt
2761 947 2911 1020 apud
2937 948 3152 1017 inferos
3181 961 3286 1018 quo
3316 949 3381 1002 tu
3401 962 3539 1019 pro-

1950 1051 2115 1108 peras
2144 1034 2349 1105 (Eccle.
2380 1037 2485 1106 xx).

2564 1158 2788 1215 CAPUT
2826 1159 2934 1215 LV.

1954 1264 2246 1321 Conclusio
2300 1263 2549 1337 epistola:
2584 1264 2790 1389 υῗέἕὺῑ.
2798 1265 2964 1388 1ξνξιτίιιξε,
3015 1263 3175 1334 Quod
3215 1280 3399 1324 meum
3442 1264 3541 1323 fuit

2703 1352 2720 1389 ι
2779 1352 2796 1388 ι
2835 1352 2872 1389 ι.

2638 1350 2720 1390 BC!
2756 1350 2872 1389 ῑιῡι.

2022 1442 2085 1496 In
2111 1440 2459 1497 conclusione
2507 1447 2684 1496 autem
2724 1440 2924 1496 horum
2970 1440 3210 1496 omnium
3232 1441 3329 1497 tibi
3356 1443 3539 1500 scribo

1952 1528 2099 1600 quod
2124 1528 2316 1584 beatus
2358 1527 2506 1582 Elias
2552 1527 2755 1598 Spiritu
2801 1535 2987 1584 sancto
3033 1529 3274 1599 repletus
3320 1530 3391 1584 ad
3427 1531 3541 1587 Eli-

1952 1632 2106 1672 seum
2134 1616 2329 1672 eodem
2361 1616 2564 1687 Spiritu
2593 1622 2782 1673 sancto
2828 1615 3145 1686 replendum
3179 1615 3312 1672 dixit
3343 1634 3358 1672 :
3393 1618 3546 1685 Quod

1950 1721 2142 1762 meum
2166 1707 2284 1777 fuit
2310 1705 2424 1776 feci
2456 1706 2558 1761 tibi
2585 1705 2687 1775 (III
2705 1707 2835 1776 Reg.
2859 1705 3005 1775 xxx).
3038 1705 3213 1761 Credo
3241 1705 3385 1761 enim
3414 1706 3546 1777 quia

1954 1793 2167 1850 etiamsi
2212 1793 2356 1865 quod
2383 1792 2525 1847 absit
2551 1808 2641 1848 me
2685 1808 2797 1848 non
2825 1792 3155 1860 obaudieris,
3192 1792 3349 1849 labor
3388 1810 3547 1851 meus

1949 1898 2059 1938 non
2104 1881 2207 1937 erit
2249 1882 2306 1935 in
2363 1888 2415 1936 te
2455 1881 2600 1951 apud
2642 1882 2817 1937 Deum
2859 1880 3037 1936 inanis
3082 1889 3134 1937 et
3172 1896 3396 1938 vacuus.
3428 1882 3546 1938 Etsi

1949 1970 2095 2026 enim
2131 1968 2375 2041 [Ethiops
2421 1968 2580 2041 niger
2608 1968 2663 2023 in
2699 1967 2956 2024 balneum
2992 1968 3173 2034 intrat,
3207 1976 3258 2024 et
3287 1970 3449 2041 niger
3474 1970 3545 2026 de

1949 2058 2145 2114 balneo
2173 2058 2282 2113 exit
2313 2075 2326 2111 :
2358 2072 2468 2113 non
2496 2064 2678 2113 tamen
2724 2056 3005 2112 balneator
3040 2056 3344 2125 denarium,
3374 2057 3432 2111 id
3463 2065 3549 2113 est

1950 2146 2185 2218 pretium
2232 2145 2317 2201 sui
2361 2144 2545 2200 balnei
2580 2143 2776 2216 perdit.
2808 2145 2925 2200 Nos
2972 2151 3150 2200 autem
3180 2151 3233 2199 et
3259 2159 3545 2201 sermones

1949 2234 2122 2291 nostri
2150 2234 2210 2289 in
2235 2250 2399 2289 manu
2427 2233 2529 2289 Dei
2557 2250 2767 2300 sumus,
2801 2232 2895 2304 qui
2923 2232 3054 2289 dicit
3087 2248 3100 2288 :
3130 2233 3336 2289 Pluam
3375 2249 3546 2305 super

1952 2340 2131 2380 unam
2151 2324 2462 2389 civitatem,
2477 2327 2535 2379 et
2548 2338 2716 2394 super
2733 2323 2978 2378 alteram
2997 2336 3113 2377 non
3122 2321 3323 2393 pluam
3335 2321 3548 2391 (Amos,

1952 2414 2072 2483 1v);
2107 2420 2161 2468 et
2186 2411 2511 2483 quibusdam
2559 2409 2796 2483 loquitur
2842 2426 2945 2480 per
2969 2424 3182 2475 vocem,
3215 2416 3271 2465 et
3297 2408 3549 2481 exigente

1953 2500 2131 2571 culpa,
2164 2499 2379 2557 occulto
2424 2506 2585 2571 atque
2619 2498 2767 2567 justo
2789 2496 3015 2567 judicio,
3045 2512 3155 2554 non
3182 2496 3423 2569 loquitur
3444 2513 3544 2569 per

1954 2588 2267 2644 unctionem
2300 2604 2313 2643 :
2344 2587 2671 2659 quibusdam
2734 2601 2867 2643 vero
2909 2585 3096 2658 gratia;
3153 2585 3392 2656 loquitur
3445 2601 3554 2641 un-

1957 2676 2156 2744 ctione,
2188 2676 2245 2730 id
2273 2683 2356 2731 est
2399 2674 2570 2731 sancti
2613 2673 2843 2745 Spiritus
2871 2672 3227 2744 inspiratione
3246 2688 3370 2729 cum
3394 2687 3551 2731 voce.

1957 2765 2062 2820 Det
2106 2764 2370 2820 Dominus
2411 2780 2520 2829 me,
2566 2768 2622 2818 et
2664 2761 2825 2827 velle,
2872 2768 2927 2822 et
2955 2760 3118 2827 scire,
3165 2767 3219 2816 et
3263 2761 3468 2829 dicere,
3499 2767 3557 2820 et

1958 2868 2128 2926 agere
2172 2868 2293 2923 quae
2330 2851 2534 2921 jussit:
2567 2858 2622 2905 et
2649 2858 2703 2905 te
2749 2849 2958 2915 audire,
3011 2856 3067 2904 et
3109 2849 3364 2906 exaudire
3410 2848 3561 2921 quod

1960 2940 2195 3013 expedit,
2228 2948 2283 2996 et
2309 2939 2470 2996 nobis
2516 2938 2782 2994 ambobus
2812 2953 2876 2994 ea
2904 2936 3047 2995 velle
3075 2945 3129 2994 et
3156 2937 3393 3009 operari,
3424 2944 3480 2994 et
3505 2937 3566 2993 in

1958 3028 2046 3083 his
2083 3043 2437 3099 perseverare
2483 3043 2605 3099 quae
2650 3026 2914 3099 praecipit,
2964 3033 3024 3083 ut
3067 3041 3377 3085 mereamur
3420 3025 3565 3083 dona

1899 3122 1949 3187 Ο
1969 3117 2254 3190 percipere
2283 3133 2404 3191 quae
2429 3114 2712 3188 promittit.

2185 3387 2526 3445 EPISTOLA
2563 3388 2907 3444 HINCMARI
2952 3386 3355 3444 RHEMENSIS

2304 3507 2377 3548 AD
2415 3508 2748 3549 HINCMARUM
2792 3506 3227 3549 ιΑυυυΝΕΝεευ.

1973 3589 2208 3661 Accepto
2238 3589 2359 3659 ejus
2388 3590 2679 3673 missatico
2706 3602 2811 3713 per
2857 3587 3177 3671 Heddonem
3200 3588 3568 3661 praepositum

2419 3659 2670 3713 ecclesia:
2752 3658 3123 3713 audunensis.

2419 3659 2670 3715 ecclesiw
2706 3658 3123 3715 Laudunensis.

1975 3764 2137 3822 (Apud
2154 3762 2424 3819 Sirmond.,
2458 3773 2520 3810 ex
2539 3762 2697 3842 veteri
2734 3762 2905 3811 codice
2943 3762 3270 3810 bibliotheca
3309 3763 3581 3820 Tbuanm.)

2046 3873 2396 3941 Hmcmaus,
2429 3871 2764 3927 Rhemorum
2801 3870 3109 3942 episcopus,
3176 3869 3372 3927 dilecto
3417 3869 3578 3925 fratri

1976 3960 2289 4028 Hincmaro,
2318 3959 2581 4017 Ecclesiae
2608 3959 2986 4015 Laudunensis
3017 3957 3295 4031 episcopo,
3321 3957 3569 4014 salutem.

2048 4050 2274 4106 Decimo
2306 4049 2492 4120 quinto
2520 4047 2795 4104 Kalendas
2823 4048 3058 4120 Augusti
3089 4046 3374 4119 praesentis
3404 4046 3578 4106 tertia

1979 4136 2308 4204 indictionis,
2336 4137 2451 4206 jam
2492 4137 2709 4208 vesperi
2737 4136 2885 4194 venit
2912 4136 2980 4191 ad
3008 4151 3097 4192 me
3127 4135 3431 4192 communis
3459 4134 3575 4191 fra-

1980 4234 2064 4281 ter
2092 4233 2147 4281 et
2172 4224 2543 4281 comminister
2587 4231 2773 4279 noster
2810 4224 3023 4287 Heddo,
3064 4224 3391 4296 praepositus
3421 4237 3579 4279 com-

278 4308 611 4365 custodiunt
640 4309 947 4381 judicium,
980 4315 1037 4365 et
1054 4310 1283 4381 faciunt
1316 4311 1604 4379 iustitiam
1634 4311 1697 4364 in
1726 4309 1884 4364 omni
1980 4312 2165 4369 missae
2193 4313 2288 4367 tibi
2318 4312 2582 4378 ecclesiae,
2618 4312 2808 4367 dicens
2855 4310 2987 4365 mihi
3016 4326 3082 4366 ex
3111 4319 3199 4366 tua
3227 4318 3379 4381 parte
3406 4310 3579 4367 missa

282 4400 531 4468 tempore
558 4396 733 4467 (Psal.
766 4399 877 4469 cv).
911 4398 980 4453 Et
1026 4397 1311 4469 descriptis
1337 4397 1439 4454 viri
1484 4397 1659 4453 sancti
1703 4395 1881 4452 conti-

1982 4401 2167 4469 ticum,
2202 4400 2340 4455 sicut
2371 4400 2457 4455 hic
2486 4399 2714 4454 habetur
2743 4399 3066 4453 subnexum.

278 4483 400 4539 nuis
426 4483 587 4539 bonis
617 4485 894 4556 operibus,
928 4486 1191 4557 scriptum
1220 4494 1303 4541 est
1335 4503 1350 4541 :
1383 4487 1473 4543 Sic
1505 4485 1750 4557 faciebat
1779 4485 1873 4541 Job
1902 4474 1960 4539 D
2058 4512 2080 4541 ι
2116 4491 2157 4545 Ι.
2189 4490 2341 4544 Meus
2390 4488 2574 4544 senior
2614 4486 2771 4543 vobis
2812 4486 3037 4542 mandat
3079 4484 3282 4542 salutes
3311 4492 3364 4541 et
3390 4482 3580 4541 fideles

281 4574 505 4629 cunctis
531 4573 722 4629 diebus
750 4575 867 4646 (Job
895 4575 957 4647 ι).
993 4574 1141 4631 Sicut
1170 4590 1305 4646 ergo
1334 4574 1670 4646 quotidianae
1700 4581 1753 4627 et
1783 4589 1873 4628 ne-

281 4660 547 4717 cessarias
588 4662 882 4732 pensiones
912 4662 1132 4735 corpori
1160 4662 1462 4729 reddimus,
1495 4661 1570 4717 ita
1600 4660 1876 4733 quotidia-

284 4765 378 4804 nas
447 4757 610 4821 atque
680 4750 965 4806 continuas
1035 4752 1299 4807 bonorum
1364 4765 1610 4822 Operum,
1672 4748 1879 4804 scilicet

282 4837 649 4904 continentiae,
694 4837 1009 4910 lectionum,
1053 4838 1383 4911 vigiliarum,
1442 4846 1496 4894 et
1550 4837 1874 4905 orationum,

283 4933 448 4998 atque
489 4925 877 4998 lacrymarum,
910 4934 964 4981 et
989 4926 1477 5000 eleemosynarum,
1520 4935 1679 4999 atque
1709 4941 1880 4982 sacrae

282 5014 475 5070 hostia:
503 5013 860 5084 oblationum,
893 5015 1192 5088 gemituum
1232 5031 1446 5087 quoque
1476 5032 1542 5070 ex
1570 5014 1879 5087 praterito-

284 5118 408 5158 rum
467 5102 805 5174 paenitentia,
863 5111 917 5159 et
970 5112 1156 5161 sancto
1215 5103 1514 5159 futurorum
1587 5102 1878 5170 desiderio,

281 5191 578 5262 pensiones
626 5191 909 5246 animabus
939 5192 1142 5248 nostris
1173 5190 1509 5248 eﬁ‘undentes
1539 5207 1631 5246 eas
1658 5190 1716 5244 in
1745 5206 1882 5246 con-

284 5287 475 5350 spectu
522 5277 741 5335 Domini
786 5278 1013 5337 reddere
1057 5281 1390 5348 Studeamus,
1442 5287 1495 5335 et
1539 5279 1594 5334 in
1622 5279 1709 5333 his
1761 5294 1883 5336 cum

283 5366 391 5423 ﬁde
420 5374 588 5433 recta,
620 5383 719 5439 spe
744 5365 915 5437 firma,
950 5377 1003 5425 et
1032 5370 1293 5425 charitate
1331 5366 1588 5440 perfecta,
1623 5382 1885 5438 perseve-

282 5455 599 5511 rantissime
643 5456 953 5530 vigilemus,
1011 5457 1246 5515 scientes
1294 5456 1422 5530 quia
1474 5455 1677 5526 Ioseph
1736 5455 1885 5510 solus

284 5542 429 5600 inter
484 5542 685 5600 fratres
737 5544 897 5602 talari
953 5546 1133 5603 tunica
1180 5545 1402 5603 indutus
1471 5542 1670 5616 legitur
1724 5542 1885 5614 (Gen.

1977 4576 2272 4635 orationes.

2054 4690 2075 4714 α
2102 4667 2168 4721 Π.
2201 4664 2417 4719 Mandat
2445 4663 2621 4733 vobis,
2654 4662 2782 4736 quia
2809 4678 2909 4720 vos
2937 4662 3121 4735 sapitis
3150 4661 3298 4735 quod
3324 4659 3402 4716 illi
3431 4674 3578 4717 nunc

1980 4752 2175 4811 factum
2203 4753 2303 4809 fuit
2328 4753 2386 4809 in
2413 4752 2696 4819 Attiniaco,
2729 4760 2953 4823 propter
2997 4750 3141 4824 quod
3171 4750 3298 4805 inde
3323 4748 3576 4805 ambula-

1978 4842 2071 4909 vit,
2114 4841 2250 4897 sicut
2290 4840 2446 4897 vobis
2494 4857 2592 4912 per
2633 4839 2993 4896 Teutlandum
3035 4837 3332 4903 mandavit,
3379 4844 3432 4893 et
3478 4852 3578 4893 vos

1980 4930 2165 5001 sapitis
2212 4944 2320 5001 quo
2367 4929 2529 4984 modo
2577 4927 2656 4983 illi
2698 4927 2815 4997 jam
2861 4927 3034 4982 altera
3080 4926 3200 4983 vice
3227 4924 3427 4982 factum
3453 4922 3576 4994 fuit,

1981 5017 2197 5090 quando
2228 5034 2323 5072 rex
2351 5016 2504 5071 illum
2533 5014 2779 5070 detinuit.

2058 5129 2080 5157 ι
2110 5107 2201 5160 Ill.
2237 5104 2454 5159 Mandat
2480 5103 2654 5169 vobis,
2691 5102 2819 5174 quia
2864 5118 2955 5159 res
2986 5102 3054 5159 de
3094 5119 3190 5158 sua
3237 5099 3473 5159 ecclesia
3500 5098 3579 5154 illi

1983 5194 2186 5250 tollutae
2213 5200 2355 5259 sunt,
2390 5199 2443 5247 et
2461 5190 2761 5246 Flotharius
2790 5190 2941 5263 regis
2968 5191 3167 5246 missus
3188 5207 3280 5245 eas
3296 5188 3581 5261 consigna-

1983 5282 2059 5339 vit
2086 5279 2405 5337 Nortmanni
2435 5278 2658 5345 homini,
2694 5286 2747 5334 et
2774 5279 2880 5335 hoc
2907 5296 3065 5335 meus
3093 5277 3277 5334 senior
3299 5277 3412 5345 jam
3440 5274 3583 5332 scie-

1986 5371 2097 5435 bat,
2130 5367 2344 5441 quando
2374 5367 2443 5423 de
2474 5366 2740 5423 Attiniaco
2790 5365 3101 5433 ambulavit,
3144 5363 3272 5437 quia
3299 5363 3378 5420 sic
3406 5364 3580 5420 deve-o

1983 5458 2139 5524 niret,
2173 5457 2297 5529 quia
2319 5456 2482 5510 homo
2507 5454 2835 5510 Nortmanni
2854 5453 3222 5510 Herimundus
3243 5453 3349 5510 hoc
3367 5452 3523 5510 senio
3535 5449 3585 5509 ri

1988 5561 2113 5602 meo
2140 5544 2292 5613 dixit,
2325 5542 2543 5616 quando
2570 5559 2669 5600 rex
2695 5543 2764 5600 de
2794 5542 3117 5600 Silvanectis
3142 5541 3372 5599 revenit.
