4020 6182
511 255 618 316 595

1511 255 1849 316 HINCMABI
1877 254 2278 316 RHEMENSIS
2332 259 2882 316 ARCHIEPISCOPI.

3713 265 3810 317 L96

588 407 611 434 ι
647 384 736 440 IV.
769 385 838 438 Et
863 381 1086 440 mandat
1132 381 1306 450 vobis,
1352 385 1480 456 quia
1526 392 1579 440 et
1623 385 1758 440 alias
1787 400 1878 440 res
1907 384 1976 438 de
2005 396 2104 436 sua
2127 379 2184 439 A
2217 397 2350 450 pore
2379 383 2446 436 ab
2477 383 2710 439 ecclesia
2741 383 3084 438 Laudunensi
3105 383 3395 439 subtracta:
3419 383 3656 450 fuerant,
3681 401 3816 454 pra:-

513 479 746 534 ecclesia
791 487 974 534 tenent
1021 479 1104 532 sui
1149 479 1398 533 homines
1447 495 1543 549 per
1571 487 1896 549 potestatem
1925 485 1979 533 et
2009 493 2108 548 per

512 567 742 622 verbum
801 567 969 638 regis,
1019 575 1072 620 et
1123 567 1394 622 mandavit
1444 582 1572 622 suos
1637 567 1887 622 homines
1933 567 2003 622 ad
2048 582 2108 620 se

509 654 697 710 venire
739 655 1012 724 praeterita
1055 655 1143 708 die
1193 655 1421 718 sabbati,
1456 663 1508 708 et
1547 655 1716 708 voluit
1759 654 2107 710 considerare

510 742 578 798 de
609 743 830 797 servitio
861 742 1029 814 regis,
1055 750 1106 796 et
1137 742 1204 796 de
1227 743 1319 796 illa
1341 757 1510 811 Opera
1531 743 1598 796 ad
1621 759 1771 796 suam
1795 742 2104 807 ecclesiam,

509 838 562 884 et
589 829 666 883 illi
696 845 804 884 non
834 837 1118 897 venerunt,
1152 837 1204 882 et
1237 845 1332 884 rex
1363 829 1440 884 illi
1471 847 1570 900 per
1601 831 1932 884 Berlharium
1962 844 2107 884 nunc

505 917 796 982 mandavit,
849 925 906 970 ut
951 917 1128 990 Eligio
1177 935 1334 971 suum
1381 917 1706 972 beneficium
1743 919 2018 982 redderet,
2054 925 2108 972 et

504 1004 714 1076 Eligius
755 1005 884 1060 inde
925 1006 1070 1076 regis
1117 1005 1412 1060 indiculum
1458 1006 1782 1075 apportavit,
1843 1013 1900 1058 ut
1949 1021 2103 1058 suum

505 1091 825 1146 beneficium
849 1092 926 1145 illi
949 1093 1222 1158 redderet,
1249 1102 1302 1147 et
1323 1109 1476 1147 meus
1499 1093 1681 1146 senior
1701 1093 1777 1146 illi
1799 1093 2100 1162 respondit,

503 1187 558 1234 ut
591 1179 860 1234 reveniret
885 1180 974 1234 die
1003 1181 1188 1248 Lunis,
1221 1188 1270 1234 et
1303 1180 1428 1234 inde
1449 1181 1828 1234 consideraret
1848 1197 1968 1234 cum
1992 1179 2104 1233 suis

501 1266 772 1332 fidelibus,
807 1276 860 1322 et
891 1275 1016 1322 tunc
1046 1267 1122 1320 illi
1153 1268 1512 1336 responderet
1543 1285 1557 1322 :
1587 1269 1702 1338 ipse
1732 1277 1910 1321 autem
1949 1267 2102 1335 dixit,

505 1355 650 1424 quod
681 1356 783 1410 hoc
815 1363 1131 1424 exspectare
1161 1371 1271 1408 non
1291 1355 1587 1420 debuisset,
1615 1355 1738 1424 quia
1759 1371 1858 1409 rex
1881 1355 1958 1408 illi
1977 1371 2102 1409 eum

503 1440 828 1496 beneficium
857 1441 1112 1504 reddidit,
1147 1449 1199 1495 et
1229 1442 1444 1496 intravit
1471 1443 1566 1508 ibi,
1599 1451 1652 1498 et
1683 1451 1828 1498 tenet
1857 1443 2026 1496 illum.

579 1549 602 1578 α
637 1529 701 1582 ν.
745 1529 814 1582 Ει
866 1529 990 1599 quia
1035 1544 1131 1584 vos
1175 1530 1304 1583 estis
1353 1547 1482 1584 suus
1528 1531 1825 1586 avunculus
1869 1539 1922 1584 et
1971 1546 2100 1584 suus

502 1616 964 1686 archiepiscopus,
1019 1617 1064 1670 si
1109 1633 1206 1671 vos
1267 1617 1344 1670 illi
1397 1618 1623 1686 potestis
1679 1618 1976 1688 impetrare
2030 1617 2099 1672 ad

2211 469 2489 525 sentaliter
2521 471 2816 542 reciperes,
2847 481 2900 526 et
2927 472 3047 525 illas
3091 472 3229 526 alias
3257 473 3325 526 de
3355 473 3554 543 quibus
3585 473 3654 526 ad
3691 489 3812 526 eum

2209 557 2521 612 reclamatio
2551 559 2716 624 venit,
2751 559 2966 613 interim
2999 576 3106 614 non
3143 561 3438 630 reciperes,
3473 561 3572 615 sed
3603 569 3811 614 tantum

2207 645 2334 699 inde
2355 655 2721 716 exspectares,
2745 647 2920 702 donec
2956 647 3088 700 illud
3109 656 3444 718 praeceptum
3463 657 3810 718 apportares,

2209 740 2261 786 et
2290 749 2418 787 suus
2449 749 2514 788 ac
2545 751 2697 788 meus
2725 735 2927 788 missus
2957 734 3012 788 in
3039 735 3214 805 ipsum
3249 752 3454 807 pagum
3487 736 3654 802 irent,
3677 745 3736 790 et
3751 753 3814 790 ex

2207 820 2291 872 his
2321 821 2398 874 rei
2427 821 2708 876 veritatem
2755 821 3152 894 investigarent
3185 840 3198 876 :
3232 831 3284 878 et
3317 823 3584 894 quidquid
3614 824 3814 878 inven-

2207 915 2320 962 tum
2351 908 2530 974 fuerit,
2563 909 2708 980 quod
2740 926 2802 964 ex
2835 911 3042 964 eisdem
3073 911 3233 964 rebus
3256 911 3400 980 juste
3433 919 3488 965 et
3517 911 3814 966 rationabi-

2207 995 2328 1050 liter
2344 997 2412 1050 ad
2435 997 2847 1052 Laudunensem
2861 997 3148 1053 ecclesiam
3169 998 3487 1068 pertineret,
3505 1016 3616 1054 non
3638 1000 3815 1054 solum

2205 1099 2314 1136 non
2331 1084 2660 1154 discuperet,
2677 1101 2863 1139 verum
2881 1093 2932 1140 et
2949 1086 3179 1140 libenter
3191 1103 3284 1140 eas
3301 1087 3402 1157 ipsi
3417 1087 3676 1142 ecclesia:
3696 1104 3816 1143 con-

2205 1171 2402 1226 cedere
2433 1173 2614 1238 vellet,
2647 1181 2698 1228 et
2729 1181 2784 1227 tu
2817 1190 2880 1228 ex
2903 1173 2987 1226 his
3011 1174 3142 1228 nihil
3163 1182 3289 1230 tunc
3311 1175 3716 1230 contradixisti.
3739 1177 3813 1232 De

2205 1257 2484 1314 beneficiis
2513 1269 2692 1314 autem
2715 1261 2994 1315 hominum
3019 1269 3250 1328 tuorum,
3277 1263 3344 1317 de
3367 1263 3564 1334 quibus
3587 1264 3808 1318 manda-

2205 1347 2290 1410 sti,
2325 1349 2629 1418 respondeo
2661 1348 2788 1418 quia
2817 1349 2890 1402 tui
2921 1349 3170 1404 homines
3197 1367 3256 1405 se
3284 1353 3354 1406 ad
3384 1368 3508 1406 eum
3539 1352 3812 1406 reclama-

2204 1443 2412 1500 verunt,
2448 1436 2592 1505 quod
2623 1437 2693 1490 ab
2725 1437 2804 1492 eis
2833 1453 2932 1492 sua
2973 1436 3256 1504 beneficia,
3307 1457 3428 1509 quae
3471 1441 3618 1510 apud
3649 1449 3810 1495 ante-

2203 1537 2456 1578 cessores
2505 1532 2646 1592 tuos,
2677 1534 2728 1578 et
2753 1525 2896 1594 apud
2944 1533 2997 1580 te
3039 1525 3471 1596 proservierunt,
3523 1527 3732 1595 injuste
3761 1537 3811 1582 et

2201 1609 2644 1666 irrationabiliter
2692 1613 3031 1668 abstulisses.
3081 1615 3236 1668 Unde
3282 1615 3580 1670 secundum
3613 1632 3808 1671 sacros

501 1717 712 1774 regem,
745 1711 802 1756 ut
831 1703 920 1758 ille
967 1703 1140 1773 possit
1187 1721 1276 1759 res
1307 1705 1373 1759 de
1408 1721 1508 1759 sua
1535 1705 1767 1760 ecclesia
1816 1705 2094 1768 ordinare,
2127 1729 2180 1788 Β
2203 1713 2463 1765 canones},
2487 1707 2548 1788 ret
2577 1699 2813 1788 decreta,
2843 1709 3044 1756 sancta:
3089 1701 3234 1756 sedis
3279 1703 3537 1758 Romanae
3577 1705 3807 1774 pontiﬁ-

499 1799 554 1845 et
597 1791 674 1843 illi
721 1806 816 1846 eas
857 1791 1014 1846 liceat
1065 1793 1200 1846 sicut
1247 1801 1298 1847 et
1345 1793 1676 1847 simulaverit
1717 1793 2006 1863 disponere
2045 1800 2100 1848 et

499 1879 854 1950 gubernare:
888 1880 1011 1950 quia
1061 1881 1206 1950 quod
1253 1881 1342 1935 ille
1385 1879 1528 1946 facit,
1581 1881 1720 1936 alter
1763 1881 2014 1946 disfacit;
2048 1889 2100 1936 et

496 1966 641 2036 quod
687 1965 776 2021 ille
825 1966 1080 2037 disponit,
1135 1968 1276 2022 alter
1323 1969 1602 2038 pervertit.
1657 1969 1806 2024 Tunc
1853 1969 1967 2024 vult
2007 1969 2100 2024 ille

494 2054 650 2110 vobis
693 2053 938 2120 obedire,
991 2063 1044 2110 et
1091 2056 1158 2110 ad
1201 2071 1299 2111 vos
1344 2057 1554 2124 venire,
1601 2065 1654 2112 et
1701 2074 1802 2127 per
1857 2065 2098 2112 vestrum

496 2143 784 2198 consilium
829 2142 1012 2198 facere
1047 2159 1060 2198 :
1094 2145 1222 2215 quia
1268 2143 1532 2216 quidquid
1563 2146 1632 2200 de
1661 2147 1825 2200 rebus
1857 2161 1970 2200 suae
1997 2161 2096 2200 ec-

498 2230 680 2286 clesiae
725 2231 852 2286 fecit
896 2239 950 2286 et
991 2231 1282 2298 ordinavit,
1333 2247 1440 2287 non
1489 2249 1590 2302 per
1647 2249 1790 2300 scaz,
1853 2233 1940 2288 vel
1997 2249 2098 2302 per

493 2318 728 2388 aliquam
773 2319 1228 2388 prepinquitatem
1280 2328 1372 2374 aut
1421 2321 1718 2375 amicitiam
1773 2320 1900 2375 inde
1947 2320 2092 2386 fecit,

489 2405 590 2460 sed
627 2406 764 2460 sicut
792 2405 988 2460 melius
1017 2406 1108 2460 ille
1141 2407 1428 2472 intellexit,
1463 2408 1506 2462 si
1529 2407 1654 2463 inde
1672 2407 1816 2463 fecit.
1839 2409 1908 2462 Et
1929 2408 1974 2462 si
1991 2409 2095 2463 hoc

489 2507 588 2548 vos
631 2507 740 2548 non
789 2495 1015 2563 potestis
1044 2495 1110 2550 ad
1141 2511 1330 2567 regem
1367 2495 1565 2560 facere,
1601 2505 1728 2552 tunc
1777 2512 1888 2551 non
1913 2504 2094 2566 potest

485 2581 576 2636 ille
605 2581 726 2653 regi
774 2581 1014 2646 obedire,
1063 2598 1165 2637 nec
1197 2583 1276 2636 illi
1303 2584 1524 2650 servire,
1558 2601 1661 2640 nec
1705 2584 1928 2654 aliquod
1958 2593 2092 2638 tem-

481 2669 670 2740 porale
713 2669 1036 2740 obsequium
1083 2670 1284 2736 facere,
1335 2688 1436 2726 nec
1481 2673 1549 2726 ad
1599 2672 1748 2726 illum
1797 2672 2005 2737 venire,
2039 2679 2093 2728 et

482 2771 592 2812 non
623 2766 801 2828 potest
829 2757 1120 2828 dimittere,
1155 2767 1212 2813 ut
1243 2759 1322 2814 sic
1350 2761 1514 2830 longe
1539 2760 1666 2814 inde
1695 2775 1756 2815 se
1785 2775 1894 2815 non
1917 2760 2090 2815 recla-

481 2853 592 2898 met
619 2845 664 2899 si
693 2845 816 2914 plus
844 2845 950 2900 alte
979 2854 1176 2916 potest,
1202 2847 1256 2900 id
1285 2855 1368 2902 est
1399 2849 1469 2902 ad
1495 2848 1684 2902 sedem
1710 2849 2086 2918 apostolicam.

479 2931 550 2986 Et
579 2947 690 2986 non
731 2933 982 3002 dimittet,
1013 2941 1071 2987 ut
1099 2934 1226 2988 inde
1257 2951 1410 2988 suum
1459 2935 1816 2990 ministerium
1865 2951 1972 2990 non
2003 2935 2088 2989 fa-

482 3019 605 3084 ciat,
649 3020 704 3073 id
752 3027 834 3074 est
881 3022 1370 3077 excommunicabit
1419 3023 1540 3077 illos
1598 3024 1736 3079 sicut
1785 3024 1873 3078 hic
1925 3024 2086 3078 habet

482 3107 627 3178 quod
667 3106 744 3160 illi
775 3107 1015 3178 episcOpi
1062 3108 1413 3176 diﬂinierunt,
1460 3111 1582 3181 quia
1631 3127 1740 3166 non
1785 3119 1964 3181 potest
1991 3111 2080 3165 di-

477 3193 692 3248 mittere
723 3201 778 3248 ut
811 3195 932 3249 illos
970 3211 1079 3250 non
1123 3197 1576 3265 excommunicet,
1609 3199 1866 3269 quoniam
1907 3199 2084 3254 altera

477 3282 614 3348 vice,
649 3283 866 3353 quando
913 3284 1114 3340 domno
1157 3285 1459 3356 apostolico
1505 3287 1785 3342 mandavit
1814 3287 1884 3342 de
1910 3289 2080 3342 Nort-

479 3386 696 3436 manno,
749 3373 854 3427 hoc
885 3371 936 3426 ei
965 3373 1310 3429 remandavit
1355 3374 1589 3429 domnus
1638 3375 1990 3446 apostolicus,
2023 3385 2084 3430 ut

475 3459 627 3528 prius
653 3460 779 3516 inde
831 3459 1049 3516 fecisset
1089 3479 1246 3517 suum
1275 3462 1656 3532 ministerium,
1681 3472 1734 3518 et
1755 3472 1882 3518 tunc
1911 3479 1970 3518 se
2003 3479 2080 3518 re-

473 3547 783 3604 clamasset.
816 3550 886 3602 Et
913 3550 1018 3605 hoc
1047 3551 1171 3606 ideo
1221 3568 1394 3622 usque
1435 3552 1600 3607 modo
1646 3551 1873 3620 dimisit,
1905 3553 2078 3606 donec

470 3635 626 3690 vobis
667 3637 952 3692 mandaret
995 3645 1050 3692 ut
1089 3639 1192 3694 hoc
1221 3655 1320 3696 vos
1363 3639 1578 3696 sciretis
1619 3639 1748 3710 quia
1775 3655 1918 3696 nunc
1949 3639 2076 3694 inde

471 3739 636 3780 suum
665 3725 1026 3780 ministerium
1055 3725 1232 3782 faciet.
1273 3748 1294 3776 ii

541 3819 695 3873 Unde
725 3818 893 3874 frater
935 3835 1044 3874 una
1087 3835 1208 3874 cum
1257 3823 1660 3876 venerabilibus
1719 3823 1990 3893 episc0pis
2021 3830 2075 3878 et

475 3905 687 3961 dilectis
745 3905 999 3960 fratribus
1047 3907 1243 3961 nostris
1291 3908 1382 3978 qui
1446 3907 1751 3978 adfuerunt,
1821 3910 2070 3982 Remigio

471 3991 698 4060 scilicet,
725 4001 777 4046 et
805 3993 1101 4060 llarduico,
1125 4003 1178 4048 et
1205 3995 1504 4060 Francone,
1528 4013 1593 4052 ac
1623 3999 1871 4064 Hodone,
1905 4007 2067 4069 atque

471 4079 819 4146 W'illeberto,
855 4081 926 4135 ad
956 4081 1213 4136 domnum
1257 4083 1504 4138 Carolum
1549 4101 1738 4156 regem
1769 4085 2066 4156 gloriosum

469 4165 778 4236 petitoriam
822 4169 1232 4241 suggestionem
1279 4171 1484 4226 referre
1527 4173 1730 4228 curavi.
1773 4173 1876 4242 Qui
1907 4175 2064 4229 nobis

467 4255 766 4325 respondit,
801 4273 860 4312 se
889 4265 1110 4328 putasse
1158 4259 1254 4313 tibi
1285 4275 1447 4329 posse
1479 4259 1724 4316 suﬁicerc
1763 4262 1908 4332 quod
1939 4263 2064 4320 hinc

460 4343 571 4412 jam
607 4359 618 4398 :
651 4359 835 4399 coram
865 4345 1136 4415 episcOpis
1167 4347 1404 4418 benigno
1444 4348 1624 4404 animo
1655 4357 1704 4404 et
1736 4349 2062 4406 allocutione

2202 1803 2322 1840 cum
2351 1803 2416 1840 ex
2448 1787 2652 1840 eisdem
2677 1787 2850 1842 sacris
2881 1789 3182 1843 canonibus
3203 1791 3570 1862 promulgata,
3597 1792 3810 1848 electos

2195 1874 2414 1941 judices
2443 1874 2732 1946 episcopos
2761 1876 2904 1946 apud
2933 1893 3020 1930 me
3051 1877 3317 1946 expetisti,
3355 1886 3408 1932 et
3429 1895 3626 1933 eorum
3646 1887 3810 1952 atque

2201 1961 2432 2016 aliorum
2460 1964 2634 2016 Deum
2665 1963 2966 2018 timentium
3003 1965 3207 2032 judicio
3241 1967 3310 2020 de
3341 1966 3672 2037 quibusdam
3709 1969 3808 2023 de-

2200 2057 2404 2104 cretum
2455 2049 2570 2116 fuit,
2603 2059 2660 2105 ut
2701 2051 2970 2107 beneficia
3016 2069 3134 2120 sua,
3184 2071 3305 2123 qua:
3351 2053 3806 2110 irrationabiliter

2198 2137 2566 2208 perdiderant,
2599 2155 2924 2210 recuperare
2964 2140 3226 2195 deberent
3259 2159 3272 2196 :
3305 2143 3674 2212 quorumdam
3706 2160 3806 2199 au-

2199 2233 2306 2278 tem
2355 2241 2548 2280 eorum
2594 2243 2759 2282 causa
2809 2243 2984 2299 usque
3013 2229 3083 2282 ad
3113 2229 3278 2284 alium
3325 2238 3614 2286 tractatum
3641 2233 3806 2288 certis

2198 2313 2378 2368 causis
2414 2313 2904 2370 intervenientibus
2933 2333 3042 2370 non
3071 2317 3316 2386 diﬂinita,
3353 2319 3450 2374 sed
3471 2317 3806 2390 implacitata

2197 2401 2480 2470 remansit,
2518 2411 2571 2458 et
2603 2411 2658 2458 tu
2689 2411 2813 2458 ante
2845 2403 3242 2472 diﬂinitionem,
3275 2415 3462 2462 contra
3491 2423 3692 2464 sacros
3721 2426 3804 2465 ca-

2193 2504 2387 2554 nones,
2421 2489 2538 2545 sine
2569 2490 2676 2544 ulla
2704 2493 3030 2548 necessitate
3069 2493 3154 2548 vel
3185 2493 3398 2550 ratione
3427 2495 3555 2566 fuga
3589 2497 3799 2568 lapsus,

2193 2577 2507 2648 regularem
2566 2577 2939 2636 diﬁinitionem
3001 2591 3316 2652 exspectare
3383 2585 3798 2655 contempsisti,

2191 2665 2334 2718 unde
2365 2665 2492 2736 quid
2543 2667 2682 2722 sacri
2729 2667 3024 2724 decernant
3071 2685 3309 2726 canones
3339 2670 3798 2728 suﬁicientissime

2191 2753 2354 2806 nosti.
2385 2753 2544 2809 Nunc
2569 2772 2702 2810 vero
2733 2755 2857 2826 quia
2883 2757 3002 2828 ipse
3025 2757 3138 2826 jam
3169 2757 3223 2812 in
3253 2768 3404 2814 motu
3432 2769 3530 2826 est,
3557 2778 3800 2834 pergens

2191 2839 2408 2894 obviam
2437 2840 2591 2896 fratri
2623 2859 2721 2898 suo
2765 2852 2990 2915 propter
3037 2847 3186 2916 pacis
3235 2847 3623 2921 charitatisque
3657 2865 3796 2906 con-

2189 2929 2452 2998 cordiam,
2500 2937 2553 2984 et
2604 2939 2806 2987 sanctae
2852 2931 3120 2990 Ecclesiae
3165 2949 3231 2989 ac
3273 2935 3562 2990 Christiani
3609 2937 3798 3008 populi

2187 3015 2540 3071 obtinendam
2595 3018 2870 3090 quietem;
2906 3037 3029 3076 cum
3075 3021 3290 3078 favente
3361 3024 3597 3080 Domino
3667 3025 3794 3082 inde

2197 3119 2451 3158 reversus
2481 3105 2662 3172 fuerit,
2695 3107 2818 3162 veni
2846 3109 2914 3162 ad
2943 3109 3110 3178 illum,
3143 3118 3196 3165 et
3224 3119 3450 3181 apporta
3479 3113 3614 3168 illud
3645 3131 3794 3184 prae-

2186 3199 2423 3262 ceptum,
2456 3209 2554 3262 per
2583 3195 2728 3265 quod
2769 3196 3022 3266 praefatas
3051 3214 3139 3252 res
3169 3199 3414 3255 ecclesiae
3444 3200 3794 3257 Laudunensi

2181 3279 2432 3347 restituit,
2463 3281 2578 3336 sive
2628 3283 2868 3350 contulit,
2907 3294 2960 3339 et
2991 3287 3128 3341 sicut
3149 3287 3356 3355 justum
3384 3287 3450 3343 de
3481 3287 3590 3343 illis
3623 3291 3791 3344 rebus

2182 3383 2319 3438 quas
2363 3369 2597 3440 requiris
2655 3370 2932 3428 inventum
2987 3373 3168 3441 fuerit,
3229 3391 3395 3448 agere
3451 3379 3788 3446 procurabit.

2179 3456 2438 3511 Homines
2481 3465 2662 3514 autem
2691 3459 2784 3528 tui,
2820 3477 3052 3532 quorum
3101 3479 3288 3530 causa,
3323 3473 3377 3520 te
3407 3464 3790 3537 irregulariter

2177 3558 2244 3598 ac
2285 3544 2579 3617 illegaliter
2627 3547 2977 3620 abscedente,
3030 3551 3206 3608 adhuc
3255 3569 3364 3607 non
3411 3553 3636 3608 difﬁnita
3687 3555 3786 3610 sed

2175 3629 2500 3702 implacitata
2539 3635 2817 3704 remansit,
2861 3638 3008 3706 juste
3040 3647 3092 3693 et
3123 3639 3519 3696 rationabiliter
3547 3641 3786 3697 ventile-

2173 3736 2278 3790 ευτ’,
2312 3729 2364 3774 et
2391 3723 2692 3778 secundum
2721 3740 2904 3780 sacras
2957 3727 3112 3799 leges
3142 3727 3452 3786 diﬁiniatur.
3490 3731 3782 3798 Caeterum,

2171 3807 2498 3865 charissime
2522 3809 2706 3878 frater,
2741 3813 2809 3868 de
2840 3815 3059 3869 scedula
3089 3817 3240 3886 quasi
3271 3817 3652 3890 episcoporum
3683 3820 3786 3874 dif-

2171 3893 2472 3952 finitionem
2514 3899 2844 3968 continente,
2877 3901 2932 3956 in
2965 3903 3176 3973 synodo
3226 3923 3346 3976 quae
3393 3907 3533 3977 apud
3579 3907 3782 3963 Tusia-

2169 3998 2296 4038 cum
2344 3983 2518 4040 fuerat
2559 3987 2764 4058 habita,
2809 3990 2966 4046 valde
3015 3991 3242 4047 miratus
3275 4010 3395 4048 sum
3427 3995 3516 4049 ubi
3545 4005 3596 4049 et
3625 4013 3740 4066 quo
3761 4027 3778 4038 -

2167 4072 2330 4126 modo
2373 4073 2511 4129 hanc
2561 4076 2910 4144 adinvenisti,
2962 4096 3124 4151 quam
3173 4090 3468 4153 antequam
3495 4099 3594 4154 per
3619 4083 3782 4140 Hed-

2166 4159 2365 4214 donem
2409 4161 2667 4218 clericum
2705 4173 2858 4220 tuum
2906 4168 3214 4238 acceperim
3252 4187 3529 4242 nunquam
3558 4173 3688 4241 vidi,
3725 4179 3782 4228 et

2163 4263 2440 4318 nunquam
2487 4251 2574 4306 vel
2621 4269 2892 4324 nusquam
2939 4257 3139 4326 audivi,
3193 4257 3290 4312 sed
3341 4276 3444 4316 nec
3490 4260 3578 4331 qui
3605 4261 3776 4317 modo

2170 4333 2464 4390 adfuerunt
2493 4338 2736 4410 episcopi
2767 4357 2888 4396 eam
2918 4359 2976 4397 se
3006 4344 3208 4399 vidisse
3237 4345 3326 4400 vel
3371 4345 3586 4402 audisse
3613 4347 3778 4404 dixe-

465 4431 681 4500 placida
713 4433 808 4487 tibi
835 4433 892 4488 in
921 4433 1188 4490 Attiniaco
1234 4435 1386 4501 dixit,
1423 4435 1674 4491 videlicet
1713 4438 1962 4507 quoniam
1996 4439 2065 4494 ad
2093 4425 2146 4485 D
2171 4430 2314 4476 runt-
2371 4424 2520 4480 Illam
2569 4427 2770 4498 quippe
2817 4430 3178 4487 authenticam
3223 4433 3618 4505 difﬁnilionem.
3649 4455 3778 4508 quae

467 4519 622 4574 illum
669 4521 932 4591 pervenit,
967 4530 1018 4576 te
1050 4521 1280 4592 amplius
1325 4524 1739 4594 prmsumpsisse
1785 4526 1854 4579 de
1881 4526 2062 4592 rebus,

467 4607 535 4662 de
565 4607 761 4678 quibus
803 4625 944 4664 nunc
975 4609 1203 4664 mandas
1238 4611 1364 4681 quia
1395 4611 1695 4666 Flotliarius
1725 4612 1924 4668 missus
1951 4613 2065 4682 ejus

470 4693 807 4752 Nortmanno
851 4696 1270 4768 consignaverit,
1307 4715 1464 4768 quam
1509 4699 1756 4754 ecclesiae
1787 4699 1880 4754 tibi
1911 4717 2065 4756 com-

469 4781 651 4838 missae
682 4784 1002 4850 debeantur,
1036 4794 1088 4839 et
1117 4785 1350 4856 amplius
1387 4801 1548 4856 quam
1577 4787 1631 4840 in
1661 4793 1930 4858 praecepto
1960 4789 2063 4844 ha-

467 4871 678 4934 beatur,
711 4885 809 4941 per
839 4873 982 4943 quod
1013 4873 1107 4927 tibi
1137 4889 1227 4928 res
1259 4889 1291 4927 a
1321 4873 1484 4946 longo
1517 4883 1758 4945 tempore
1788 4876 1856 4929 ab
1887 4877 2062 4933 eccle-

468 4959 552 5014 sia
595 4958 938 5014 Laudunensi
987 4962 1292 5016 subtractas
1337 4963 1588 5032 restituit,
1625 4963 1708 5018 vel
1741 4964 1912 5034 gratis
1955 4973 2061 5020 tua“:

464 5047 712 5118 petitioni
737 5061 985 5101 annuens
1027 5049 1194 5117 dedit,
1227 5049 1366 5104 sicut
1393 5059 1445 5105 et
1474 5050 1911 5106 manifestissime
1941 5051 2060 5107 cla-

459 5136 562 5190 ruit
590 5135 658 5190 de
688 5134 792 5200 his,
827 5150 963 5204 quas
992 5144 1182 5191 contra
1211 5137 1476 5192 rationem
1506 5146 1557 5192 et
1579 5139 1840 5207 justitiam
1870 5141 2062 5213 illega—

461 5221 588 5278 liter
617 5231 776 5294 atque
819 5221 1186 5292 irregulariter
1227 5225 1516 5295 usurpasti,
1550 5243 1672 5297 quin
1702 5227 1755 5281 in
1787 5237 2059 5300 praecepto

463 5325 572 5364 non
603 5310 963 5378 continentur,
995 5317 1048 5364 et
1070 5308 1215 5378 juste
1245 5319 1406 5382 atque
1436 5313 1834 5370 rationabiliter
1863 5332 2058 5372 secun-

463 5395 590 5449 dum
618 5396 795 5466 legem
827 5398 990 5452 homo
1020 5413 1149 5452 suus
1179 5400 1583 5469 reconquisivit.
1617 5403 1908 5473 Propterea
1937 5405 2056 5460 illas

462 5497 573 5550 res,
617 5482 866 5539 videlicet
907 5484 1090 5540 villam
1137 5485 1469 5556 Pauliacum,
1504 5505 1624 5558 qua:
1655 5505 1688 5544 a
1713 5489 1879 5562 longo
1911 5500 2054 5548 tem-

2170 4512 2468 4566 secundum
2501 4529 2679 4570 sacras
2709 4515 2864 4588 leges
2895 4518 2950 4572 in
2971 4519 3163 4574 eadem
3195 4521 3408 4591 synodo
3428 4523 3642 4580 decreta
3664 4534 3774 4590 est,

2168 4597 2252 4651 cui
2309 4607 2359 4654 et
2413 4617 2624 4658 mecum
2676 4603 2985 4670 interfuisti,
3036 4623 3141 4680 ego
3181 4609 3380 4676 habeo,
3424 4620 3478 4666 et
3532 4611 3778 4668 divinare

2165 4700 2275 4740 non
2331 4687 2508 4759 valeo,
2567 4691 2711 4745 unde
2767 4693 3079 4749 adinventio
3125 4696 3230 4750 ista
3273 4700 3576 4768 emerserit,
3622 4717 3770 4771 qua,

2165 4773 2306 4828 sicut
2337 4791 2403 4830 ex
2435 4777 2522 4831 his
2565 4779 2847 4835 evidenter
2887 4791 3044 4852 potes
3093 4799 3450 4854 cognoscere,
3498 4805 3616 4859 quae
3663 4789 3770 4843 tibi

2162 4871 2354 4916 contra
2399 4867 2853 4938 praesumptiones
2883 4877 3005 4925 tuas
3042 4873 3222 4926 studui
3267 4875 3528 4942 scribere,
3561 4879 3613 4930 in
3641 4877 3772 4947 qui-

2163 4949 2392 5005 busdam
2432 4954 2604 5008 sacris
2648 4957 2856 5028 regulis
2898 4959 3100 5026 obviat,
3151 4968 3204 5015 et
3251 4963 3572 5020 mendacem
3611 4963 3766 5018 illam

2162 5063 2284 5102 esse
2329 5047 2582 5105 facillime
2627 5067 2821 5122 posses
2863 5055 3171 5126 advertere,
3204 5057 3250 5111 si
3281 5057 3404 5114 illos
3445 5061 3624 5116 oculos
3651 5060 3766 5114 ha-

2161 5135 2375 5190 buisses
2403 5137 2456 5191 in
2486 5139 2682 5210 capite,
2734 5141 2802 5196 de
2833 5143 3030 5212 quibus
3078 5145 3356 5216 Scriptura
3387 5147 3518 5204 dicit
3549 5167 3562 5202 :
3597 5149 3760 5204 Oculi

2161 5226 2436 5295 sapientis
2464 5227 2526 5282 in
2555 5231 2740 5300 capite
2778 5233 2900 5302 ejus
2929 5231 3135 5301 (Eccle.
3168 5249 3227 5304 ιι,
3265 5238 3372 5306 14).
3417 5237 3486 5290 Et
3517 5237 3764 5291 miranda

2160 5319 2242 5364 est
2271 5318 2362 5366 tua
2403 5315 2704 5385 prudentia,
2753 5333 2849 5372 cur
2895 5319 2998 5373 sibi
3039 5321 3240 5390 placuit
3264 5322 3389 5392 plus
3429 5325 3566 5380 hanc
3593 5339 3757 5378 men-

2157 5399 2368 5466 dacem,
2403 5411 2454 5457 et
2483 5402 2540 5456 in
2567 5403 2912 5477 quibusdam,
2943 5415 3000 5462 ut
3039 5407 3169 5476 dixi,
3210 5411 3382 5466 sacris
3411 5411 3610 5485 regulis
3635 5413 3750 5466 ob-

2157 5487 2397 5544 viantem
2447 5493 2884 5563 compilationem
2931 5495 3160 5565 habere,
3207 5505 3259 5554 et
3299 5499 3432 5558 mihi
3473 5499 3756 5556 transmit-
