4054 6180
254 290 356 345 ιθτ
896 284 1136 345 OPUSC.
1194 286 1286 342 ET
1329 288 1549 345 EPIST.
1608 287 1681 343 IN
1753 286 1981 343 CAUSA
2028 287 2370 346 HINCMARI
2414 290 2719 349 LAUDUN.
3448 300 3551 354 498

267 421 404 483 tere,
438 427 601 485 quam
632 427 819 468 veram
850 411 1045 484 synodi
1076 412 1471 481 ditiinitionem,
1505 419 1557 467 et
1585 411 1753 468 sacris
1784 427 1869 467 re-
1896 413 1952 472 A
1971 428 2070 483 pro
2095 421 2243 469 certo
2276 414 2559 481 debemus,
2594 416 2721 487 quia
2750 414 3011 487 scriptum
3042 426 3159 475 est:
3188 421 3280 478 Ubi
3338 422 3567 492 fuerint

267 502 413 575 gulis
470 509 869 572 congruentem
922 498 1161 567 habere,'
1202 509 1254 556 et
1294 517 1324 555 a
1367 517 1455 556 me
1512 500 1873 573 qualicunque
1977 502 2087 558 duo
2116 504 2203 558 vel
2235 506 2347 559 tres
2377 505 2701 575 congregati
2730 507 2793 559 in
2822 507 3052 561 nomine
3082 524 3220 572 meo,
3254 509 3330 563 ibi
3349 525 3475 564 sum
3507 511 3571 564 in

266 590 499 660 primate
545 597 638 644 tuo
674 589 824 657 juxta
869 589 1090 662 regulas
1129 604 1314 644 sacras
1362 589 1651 644 tenendam
1699 596 1751 643 et
1782 603 1873 643 se-
1974 590 2157 645 medio
2186 607 2378 647 eorum
2407 592 2625 662 (Matth.
2650 592 2835 664 xvm).
2859 594 2913 649 Si
2934 610 3069 667 ergo
3099 595 3295 651 adesse
3316 595 3571 669 dignabi-

263 678 534 749 quendam
575 677 849 748 accipere,
883 677 1054 746 cujus,
1087 677 1381 732 secundum
1415 677 1636 733 decreta
1668 683 1876 731 sanctae
1975 684 2063 732 tur
2108 678 2198 732 ubi
2254 678 2362 733 duo
2415 678 2501 733 vel
2549 687 2661 734 tres
2717 679 2937 746 fuerint,
2998 682 3166 737 multo
3227 683 3407 756 magis
3461 698 3571 739 non

264 764 410 819 sedis
442 767 701 821 Romanae
747 763 1065 835 pontiﬁcum
1095 781 1161 819 ex
1191 765 1359 820 sacris
1405 763 1708 820 canonibus
1738 779 1874 835 pro-

268 853 533 926 mulgata,
584 852 981 908 ordinationem
1025 868 1246 923 semper
1288 853 1458 907 debes
1485 853 1539 906 in
1571 852 1734 907 rebus
1775 868 1874 906 ex-

269 949 545 1012 spectare.
584 942 726 996 Nam
775 941 877 995 etsi
907 940 1128 996 scedula
1158 956 1191 996 a
1219 948 1271 995 te
1301 940 1431 996 mihi
1463 940 1668 995 directa
1711 939 1874 1012 quid-

268 1030 395 1084 dam
443 1028 672 1084 rationis
719 1030 805 1085 vel
848 1029 1183 1084 auctoritatis
1230 1029 1435 1084 habere
1483 1029 1713 1092 videtur,
1770 1028 1877 1083 hoc

267 1126 449 1173 tamen
487 1117 659 1173 debes
704 1117 1039 1185 discernere,
1084 1118 1211 1188 quia
1257 1117 1410 1173 sicuti
1442 1117 1533 1172 ubi
1562 1116 1876 1172 reclamatio

268 1213 419 1264 certa
461 1206 774 1276 suscipitur,
808 1221 968 1260 causa
1006 1206 1311 1274 ventilatur,
1364 1205 1502 1261 ratio
1552 1205 1872 1277 postulatur,

275 1295 627 1365 praesumptio
656 1294 743 1350 vel
787 1294 1155 1365 usurpationis
1193 1294 1471 1349 temeritas
1510 1309 1619 1348 non
1661 1292 1876 1348 inveni-

268 1391 373 1447 tur,
423 1383 523 1436 sed
568 1381 772 1452 justitia
803 1382 1063 1453 sequitur,
1123 1366 1175 1437 et
1224 1382 1449 1455 aequitas
1494 1389 1873 1449 conservatur,

274 1486 508 1526 censura
549 1469 900 1525 districtionis
948 1470 1228 1525 canonica:
1263 1478 1438 1536 vacat,
1485 1470 1559 1525 ita
1589 1485 1649 1524 se
1689 1470 1758 1524 ad
1789 1468 1876 1524 ul-

269 1558 594 1613 ciscendum
624 1565 810 1614 contra
850 1558 1040 1613 devios
1072 1573 1104 1613 a
1136 1559 1345 1613 ratione
1379 1566 1431 1613 et
1459 1558 1782 1615 auctoritate
1812 1572 1877 1614 ac

267 1647 539 1718 aequitate,
598 1654 651 1701 et
711 1646 765 1700 in
823 1654 1162 1717 contemptus
1222 1647 1525 1718 pertinacia
1585 1646 1877 1701 obduratos

271 1742 587 1807 exaggerat.
652 1734 829 1802 Sedis,
892 1735 1064 1805 inquit
1117 1735 1309 1789 beatus
1376 1736 1505 1801 Leo,
1564 1733 1876 1806 apostolicae

268 1823 575 1878 moderatio
626 1823 763 1877 hanc
813 1822 1231 1893 temperantiam
1289 1831 1488 1889 servat,
1533 1831 1590 1878 ut
1628 1822 1873 1878 severius

268 1919 395 1981 agat
440 1926 565 1965 cum
632 1910 936 1977 obduratis,
999 1918 1052 1965 et
1108 1911 1323 1966 veniam
1382 1911 1561 1982 cupiat
1616 1918 1876 1982 praestare

268 1998 549 2054 correctis.
603 1998 774 2069 Igitur
818 1999 1093 2069 quoniam,
1125 2006 1185 2053 ut
1226 2000 1353 2054 item
1399 2000 1507 2055 Leo
1548 1998 1699 2065 dicit,
1748 2013 1872 2053 ma-

269 2095 389 2141 tura
437 2086 689 2142 volumus
745 2088 1088 2143 sacerdotum
1149 2103 1272 2142 esse
1320 2087 1569 2153 consilia,
1620 2095 1672 2141 et
1715 2102 1873 2142 sacra

273 2174 557 2245 Scriptura
584 2174 718 2229 dicit
749 2190 765 2230 :
800 2175 907 2243 Qui
932 2175 1181 2247 festinus
1221 2180 1325 2242 est,
1366 2176 1597 2247 pedibus
1636 2175 1875 2246 oﬁendit

267 2265 450 2332 (Prov.
482 2264 636 2333 xxx),
676 2262 864 2317 hortor
894 2270 945 2318 et
984 2279 1182 2319 moneo
1214 2272 1286 2333 te,
1318 2263 1490 2318 frater
1526 2262 1868 2330 charissima,

266 2359 496 2423 paterna
526 2359 581 2406 et
609 2351 1031 2423 metropolitana
1081 2352 1384 2409 secundum
1433 2368 1615 2409 sacras
1655 2352 1873 2424 regulas

267 2441 612 2509 auctoritate,
647 2448 705 2496 ut
754 2456 865 2496 non
910 2458 1013 2513 per
1052 2442 1170 2496 haec
1214 2449 1540 2507 commenta,
1583 2457 1704 2512 quae
1741 2438 1873 2495 mihi

270 2529 486 2596 misisti,
522 2544 770 2601 praeceps
810 2529 947 2585 sicut
993 2528 1125 2583 mihi
1167 2529 1439 2585 mandasti
1468 2529 1543 2583 sis
1571 2528 1640 2583 ad
1681 2527 1871 2600 profe-

274 2618 497 2673 rendam
529 2618 878 2685 sententiam,
921 2618 1226 2689 praesertim
1258 2633 1379 2674 cum
1422 2616 1872 2673 suﬁicientissime

270 2706 382 2774 jam
413 2713 467 2761 te
506 2706 634 2762 hinc
681 2706 1129 2772 commonuerim,
1178 2705 1571 2779 redarguerim,
1621 2713 1675 2760 et
1711 2705 1872 2760 etiam

273 2811 335 2849 ex
362 2794 775 2849 auctoritatibus
817 2794 1018 2849 divinis
1057 2794 1423 2849 instruxerim.
1465 2794 1573 2849 Sed
1602 2793 1872 2864 patienter

270 2882 485 2937 interim
514 2883 683 2938 tolera
712 2899 833 2955 quae
860 2883 1112 2938 videntur
1140 2890 1247 2938 tuae
1285 2884 1538 2953 potestati
1577 2881 1866 2947 contraria,

269 2971 358 3043 qui
408 2971 594 3027 dicere
638 2987 762 3026 cum
815 2971 1098 3026 Psalmista
1155 2971 1368 3025 debes:
1410 2971 1593 3043 Supra
1642 2971 1870 3025 dorsum

268 3076 454 3116 meum
468 3060 894 3131 fabricaverunt
907 3063 1246 3133 peccatores,
1261 3061 1737 3133 prolongaverunt
1752 3060 1867 3114 ini-

267 3151 538 3220 quitatem
568 3164 733 3203 suam
761 3147 937 3217 (Psal.
982 3147 1242 3216 cxxvm).
1266 3148 1331 3202 In
1349 3148 1655 3219 patientia,
1690 3146 1865 3218 inquit

271 3236 550 3305 Dominus,
579 3236 936 3309 possidebitis
952 3236 1177 3291 animos
1194 3238 1407 3292 vestras
1436 3235 1592 3301 (Luc.
1626 3234 1753 3305 xxi)
1776 3252 1791 3300 ;
1815 3242 1865 3289 et

270 3324 395 3380 item
418 3324 686 3396 scriptum
705 3332 826 3379 est:
856 3326 1123 3381 Doctrina
1146 3325 1251 3380 viri
1275 3340 1378 3396 per
1392 3324 1737 3397 patientiam
1767 3340 1868 3380 no-

266 3414 446 3469 scitur
472 3413 656 3481 (Prov.
690 3413 838 3484 xxx).
873 3412 1090 3482 Quanto
1120 3412 1265 3467 enim
1297 3411 1416 3482 quis
1460 3411 1640 3466 minus
1668 3418 1749 3465 est
1776 3426 1869 3481 pa-

267 3501 423 3564 tiens,
457 3507 609 3556 tanto
637 3501 978 3558 convincitur
1017 3501 1198 3555 minus
1224 3501 1436 3556 doctus.
1469 3500 1538 3555 Et
1566 3498 1759 3555 melior
1785 3506 1870 3555 est

270 3591 483 3660 patiens
510 3590 631 3645 viro
660 3590 820 3659 forte,
854 3598 906 3645 et
939 3590 1030 3661 qui
1072 3589 1382 3644 dominatur
1421 3588 1604 3643 animo
1635 3602 1736 3643 suo
1768 3604 1866 3641 ex-

268 3685 568 3751 pugnatore
634 3678 877 3734 urbium.
949 3678 1218 3746 Quoniam
1274 3676 1367 3748 qui
1422 3677 1588 3731 urbes
1644 3675 1866 3748 subigit,

269 3774 414 3821 extra
443 3783 505 3821 se
534 3774 619 3821 est
646 3767 797 3838 quod
834 3766 1021 3834 vincit,
1053 3766 1144 3838 qui
1178 3773 1359 3821 autem
1399 3764 1612 3836 patiens
1641 3770 1743 3829 est,
1777 3779 1870 3817 se-

272 3854 562 3925 metipsum
610 3854 933 3925 sibimetipsi
965 3854 1201 3924 subjicit.
1250 3853 1444 3908 Tolera
1487 3852 1657 3923 igitur
1685 3867 1872 3923 aequa-

271 3942 488 3997 nimiter
515 3957 655 4013 quos
693 3941 993 3997 contrarios
1022 3942 1120 3997 tibi
1161 3941 1411 4011 deputas,
1445 3947 1499 3994 et
1529 3940 1695 4012 dilige
1724 3938 1873 4010 ipsos

272 4045 407 4099 quos
435 4029 659 4099 toleras,
693 4038 746 4084 et
775 4029 897 4101 plus
926 4044 1060 4102 erga
1103 4027 1466 4101 corrigendos
1497 4035 1623 4098 agat
1651 4034 1744 4081 tua
1774 4026 1875 4080 be-

277 4117 588 4173 nevolentia
634 4134 798 4189 quam
847 4117 1131 4186 severitas,
1180 4116 1304 4187 plus
1360 4115 1659 4171 cohortatio
1711 4129 1876 4185 quam

275 4207 585 4271 commotio,
630 4206 754 4277 plus
802 4205 1037 4262 charitas
1076 4220 1235 4277 quam
1273 4211 1603 4275 potestasza
1631 4217 1737 4274 qua
1782 4218 1878 4257 re-

1975 765 2150 820 deerit
2178 765 2270 819 ubi
2300 766 2482 837 plures
2513 768 2868 823 convenerint
2897 770 3235 825 sacerdotes.
3268 770 3425 840 Quod
3466 786 3571 825 au-

1975 861 2084 908 tem
2132 853 2263 907 mihi
2302 854 2570 909 mandasti
2614 873 2626 909 :
2671 854 2809 923 Quia
2854 872 2963 912 non
3000 866 3156 928 potes
3202 858 3472 914 dimittere
3514 867 3584 915 ut

1975 941 2099 995 illos
2127 942 2394 1009 homines,
2430 942 2521 1013 qui
2551 960 2642 997 res
2673 944 2920 999 ecclesiae
2963 952 3069 1000 tuae
3099 953 3289 1001 contra
3318 946 3573 1002 volunta-

1976 1036 2084 1083 tem
2114 1035 2259 1082 tuam
2288 1037 2492 1095 tenent,
2517 1046 2625 1085 non
2644 1032 3099 1098 excommunices,
3127 1034 3379 1104 quoniam
3400 1033 3591 1090 altera

1975 1116 2114 1183 vice,
2160 1117 2375 1189 quando
2423 1117 2624 1173 domno
2663 1119 2962 1188 apostolico
3009 1121 3281 1176 mandasti
3308 1121 3376 1177 de
3405 1122 3574 1177 Nort-

1975 1220 2194 1273 manno,
2240 1206 2344 1260 hoc
2385 1204 2481 1259 tibi
2530 1206 2886 1274 remandavit,
2920 1216 2977 1261 ut
3006 1209 3155 1279 prius
3184 1208 3312 1264 inde
3345 1208 3573 1265 fecisses

1976 1300 2126 1348 tuum
2167 1292 2547 1359 ministerium,
2583 1302 2634 1349 et
2666 1302 2791 1350 tunc
2823 1302 2875 1349 te
2921 1296 3300 1363 reclamasses,
3332 1314 3441 1353 non
3470 1299 3575 1354 hoc

1973 1381 2031 1435 in
2063 1381 2174 1436 suis
2202 1381 2395 1435 litteris
2425 1381 2750 1447 invenimus,
2784 1383 2871 1437 vel
2899 1384 3223 1439 audivimus.
3255 1386 3568 1457 Propterea,

1973 1468 2161 1535 frater,
2197 1469 2321 1525 vide
2352 1485 2421 1523 ne
2451 1471 2772 1541 cujusquam
2800 1471 2989 1538 verbo,
3016 1471 3151 1527 forte
3179 1489 3280 1544 per
3308 1473 3571 1529 adulatio-

1974 1573 2099 1613 nem
2130 1557 2201 1613 ad
2230 1556 2466 1628 gratiam
2514 1564 2662 1611 tuam
2689 1558 2785 1612 tibi
2824 1574 3007 1625 suaso,
3040 1567 3093 1615 et
3136 1576 3245 1615 non
3276 1576 3341 1615 ex
3387 1560 3571 1616 domui

1975 1646 2261 1717 apostolici
2290 1646 2611 1701 auctoritate
2650 1646 2860 1717 prolato
2895 1647 3179 1718 pellectus,
3220 1663 3573 1719 praepropere

1901 1741 2027 1821 Bet
2060 1733 2155 1788 tibi
2197 1734 2503 1789 inconsulte
2549 1750 2614 1790 ac
2661 1734 3063 1806 pracipitanter
3109 1736 3432 1791 sententiam
3472 1753 3571 1792 ex-

1975 1822 2478 1878 communicationis
2519 1823 2690 1878 sacris
2736 1823 2942 1895 regulis
2992 1823 3210 1879 obviam
3269 1823 3566 1895 proferas:

1972 1911 2068 1966 sed
2118 1918 2392 1981 exspecta,
2444 1918 2502 1964 ut
2552 1910 2795 1981 praedixi,
2851 1912 3025 1967 donec
3072 1912 3141 1966 ad
3183 1912 3572 1983 provincialem

1970 1998 2239 2069 synodum
2283 1998 2525 2070 episcopi
2570 2000 2898 2054 Rhemorum
2937 1999 3232 2069 provinciae
3269 1999 3571 2055 convenia-

1969 2102 2108 2155 mus,
2161 2094 2212 2140 et
2253 2087 2297 2139 si
2343 2086 2474 2158 quid
2512 2086 2671 2141 nobis
2710 2086 2999 2153 obstiterit,
3031 2095 3087 2141 ut
3122 2087 3424 2142 secundum
3469 2102 3565 2141 sa-

1970 2189 2094 2229 cras
2136 2174 2357 2247 regulas
2396 2175 2541 2244 juste
2572 2182 2626 2229 et
2655 2175 3045 2230 rationabiliter
3089 2192 3151 2229 ea
3193 2190 3315 2247 quae
3354 2174 3571 2246 agenda

1971 2270 2095 2316 sunt
2124 2262 2346 2334 exsequi
2393 2263 2536 2334 quod
2587 2262 2729 2317 absit
2774 2262 3196 2335 nequiverimus,
3231 2262 3377 2335 quod
3421 2261 3570 2318 nullo

1969 2349 2133 2406 modo
2170 2348 2408 2405 futurum
2443 2350 2558 2405 fore
2573 2358 2847 2421 putamus,
2901 2359 3028 2407 tunc
3049 2350 3095 2404 si
3142 2366 3368 2406 necesse
3402 2349 3565 2407 fuerit

1972 2439 2271 2495 secundum
2302 2454 2488 2495 sacras
2518 2438 2759 2512 regulas,
2782 2446 2871 2493 tua
2891 2439 3229 2510 reclamatio,
3262 2439 3308 2495 si
3331 2440 3475 2510 justa
3494 2438 3570 2493 in-

1970 2535 2132 2583 venta
2185 2525 2361 2593 fuerit,
2390 2527 2459 2581 ad
2504 2527 2692 2583 sedem
2738 2528 3091 2600 apostolicam
3128 2527 3326 2584 nostris
3373 2526 3567 2583 litteris

1969 2623 2257 2688 prosecuta
2285 2614 2584 2686 perveniat.
3008 2600 3031 2619 “

2110 2887 2453 2944 HINCMARI
2479 2887 2880 2943 RHEMENSIS
2907 2886 3000 2942 AD
3026 2887 3347 2945 EUMDEM.

1967 3012 2051 3069 Ad
2069 3014 2280 3095 mentis
2300 3015 2422 3095 ejus
2450 3013 2637 3095 oculos
2664 3016 2887 3095 revocat
2904 3011 3151 3095 qualiter
3164 3012 3332 3095 illum
3358 3011 3566 3095 grpha-

1898 3112 1948 3176 c
2017 3082 3561 3176 ea":antetulerimfabreinueniendaliﬂatii

2021 3155 2316 3226 erudierit,
2330 3170 2430 3226 per
2449 3154 2699 3224 singulos
2717 3153 2925 3224 gradus
2946 3153 3356 3226 ecclesiasticos
3390 3168 3560 3224 usque

2016 3225 2089 3279 ad
2108 3224 2460 3297 episcopatus
2490 3225 2708 3295 apicem
2733 3224 3079 3294 provexerit.

2034 3330 2212 3395 Nunc,
2244 3328 2436 3400 inquit,
2480 3327 2869 3383 retribuentem
2910 3326 3040 3380 mihi
3069 3324 3215 3381 mala
3242 3342 3343 3396 pro
3379 3325 3557 3395 bonis,

1968 3425 2019 3473 et
2049 3417 2174 3472 odio
2204 3432 2295 3473 me
2323 3417 2614 3471 habentem
2634 3415 2825 3488 gratis,
2858 3414 3114 3486 quoniam
3145 3429 3254 3467 non
3283 3412 3441 3467 faveo
3460 3411 3565 3467 tuis

1967 3504 2316 3561 infructuosis
2360 3504 2637 3574 operibus,
2675 3502 2912 3574 quandiu
2940 3509 2993 3557 te
3020 3502 3214 3572 patiar,
3248 3500 3430 3555 multis
3459 3507 3564 3554 ate

1969 3593 2197 3649 afﬂictus
2227 3591 2439 3660 injuriis
2459 3591 2717 3646 ?Etenim
2747 3591 2817 3645 ab
2847 3590 2968 3661 ipsa
3010 3590 3096 3645 die
3127 3596 3233 3644 tua:
3263 3587 3563 3644 ordinatio-

1968 3681 2072 3748 nis,
2106 3687 2216 3736 tam
2246 3679 2430 3735 verbis
2459 3694 2619 3752 quam
2661 3677 2895 3749 scriptis,
2929 3686 2982 3733 et
3010 3676 3330 3733 inordinatis
3357 3676 3567 3732 actibus

1970 3784 2034 3825 ac
2080 3768 2317 3823 motibus
2362 3768 2488 3837 tuis,
2545 3766 2917 3838 frequentibus
2963 3766 3098 3821 adeo
3147 3783 3267 3820 sum
3306 3771 3564 3835 gravatus

1971 3856 2393 3914 lacerationibus
2441 3863 2602 3928 atque
2657 3854 3088 3920 contusionibus,
3139 3862 3195 3908 ut
3242 3853 3435 3909 taedeat
3477 3868 3565 3908 me

1973 3945 2098 4003 vitae
2135 3961 2273 3999 mea:
2296 3962 2309 3999 :
2334 3943 2458 4016 quia
2505 3944 2583 3999 sic
2622 3959 2722 4014 pro
2766 3942 2872 3998 loci
2909 3942 3018 3997 mei
3054 3941 3233 3997 ofﬁcio
3276 3949 3382 3997 tua:
3420 3940 3567 3996 inso-

1974 4034 2153 4089 lentia
2185 4050 2305 4088 sum
2334 4048 2633 4096 connexus,
2666 4038 2725 4086 ut
2751 4046 2859 4086 non
2889 4031 3065 4087 solum
3109 4037 3232 4102 post
3259 4029 3487 4101 primam
3518 4035 3572 4083 et

1976 4122 2275 4179 secundam
2325 4121 2745 4193 correptionem,
2795 4120 2946 4189 juxta
2997 4117 3335 4190 Apostolum,
3386 4133 3572 4174 verum

1977 4225 2083 4267 nec
2110 4217 2233 4282 post
2271 4209 2554 4281 plurimas,
2606 4207 2858 4279 privatim
2888 4215 2939 4264 et
2969 4223 3147 4264 coram
3196 4207 3575 4263 communibus

269 4294 397 4365 gula
440 4309 550 4349 non
603 4294 952 4361 exorbilabiS,
986 4295 1032 4348 si
1060 4309 1171 4348 non
1210 4309 1332 4365 qua!
1380 4300 1472 4346 tua
1514 4299 1638 4346 sunt
1677 4290 1881 4362 quaesi-
1980 4298 2329 4353 familiaribus
2356 4297 2577 4360 nostris,
2612 4296 2710 4350 sed
2726 4303 2779 4351 et
2807 4311 2989 4351 coram
3015 4311 3167 4367 rege,
3200 4303 3251 4349 et
3280 4294 3572 4365 episcopis,

270 4381 395 4449 eris,
428 4382 527 4437 sed
556 4398 678 4453 qua:
704 4384 833 4438 Jesu
863 4381 1085 4438 Christi.
1120 4383 1286 4436 Porro
1317 4379 1363 4434 si
1391 4378 1662 4434 dominari
1692 4378 1869 4451 magis

1983 4402 2049 4442 ac
2089 4385 2338 4457 plurimis
2377 4384 2516 4450 aliis,
2557 4382 2741 4437 verbis
2784 4390 2837 4437 et
2874 4382 3090 4452 scriptis
3125 4381 3579 4437 commonitiones

268 4486 424 4541 quam
452 4470 741 4526 consulere
771 4470 1003 4525 subditis
1032 4469 1288 4538 volueris,
1320 4469 1500 4523 honor
1527 4467 1733 4521 inﬂabit
1763 4483 1859 4521 su-
1886 4462 1940 4522 D
1973 4483 2024 4530 te
2073 4474 2278 4530 valeam
2324 4472 2588 4527 devitarc.
2632 4470 2700 4525 Et
2738 4470 2869 4526 licet
2905 4476 3177 4540 exoptem,
3227 4476 3287 4523 ut
3322 4469 3587 4523 darentur

268 4558 533 4626 perbiam,
567 4565 620 4613 et
663 4558 808 4628 quod
850 4557 1131 4629 provisum
1179 4564 1263 4612 est
1291 4557 1345 4610 in
1394 4555 1735 4611 ordinatione
1777 4560 1867 4607 tua

270 4646 338 4700 ad
368 4646 742 4713 concordiam,
778 4645 965 4701 tendet
1006 4645 1073 4699 ad
1112 4660 1326 4700 noxam.
1372 4645 1522 4716 Ergo
1550 4658 1674 4715 age,
1708 4641 1875 4697 frater

266 4733 601 4801 cbarissime,
632 4734 778 4806 quod
824 4734 1189 4805 episcOpalem
1224 4733 1491 4789 condecet
1527 4730 1870 4804 gravitatem,

269 4829 589 4892 exspectans
636 4822 814 4878 donec
845 4823 912 4876 ad
941 4821 1335 4892 provincialem
1379 4820 1669 4892 synodum,
1721 4820 1876 4888 cujus

263 4909 373 4976 jam
424 4918 641 4981 tempus
685 4909 741 4963 in
780 4909 1027 4980 proximo
1076 4917 1177 4976 est,
1227 4908 1636 4975 conveniamus,
1675 4907 1729 4963 in
1768 4922 1878 4978 qua

272 4994 487 5053 favente
538 5013 604 5053 ac
651 5006 978 5069 cooperante
1025 4997 1278 5063 Domino,
1321 4998 1619 5052 secundum
1658 4996 1876 5051 decreta

269 5085 407 5141 beati
436 5086 718 5158 Gregorii,
752 5094 804 5141 et
826 5087 895 5141 de
927 5085 1292 5141 incidentibus
1319 5085 1500 5141 causis
1531 5083 1873 5154 disceptatio,

267 5181 322 5227 et
349 5174 418 5228 sit
448 5173 686 5228 salubris
715 5175 783 5229 de
800 5174 1173 5230 ecclesiastica
1200 5173 1578 5229 observatione
1603 5171 1821 5227 collatio
1848 5187 1862 5225 :

266 5271 532 5333 quatenus
561 5262 691 5317 dum
718 5278 817 5333 per
870 5263 975 5317 hoc
1004 5271 1057 5318 et
1114 5262 1390 5334 praeterita
1428 5260 1788 5332 corrigentur,
1822 5269 1877 5315 et

267 5352 519 5423 regulam
548 5350 735 5406 futura
776 5350 1100 5421 suscipient,
1152 5349 1499 5420 omnipotens
1526 5347 1729 5418 ubique
1763 5348 1875 5401 Do-

264 5438 443 5495 minus
488 5438 724 5495 fratrum
773 5439 1068 5495 concordia
1121 5437 1478 5503 collaudetur,
1526 5436 1682 5505 cujus
1720 5435 1879 5490 nobis

266 5535 461 5592 adesse
503 5536 879 5608 praesentiam,
911 5536 957 5591 si
996 5537 1114 5593 haec
1160 5534 1599 5611 observabimus,
1649 5532 1878 5589 credere

1972 4562 2105 4617 mihi
2136 4576 2330 4632 penna:
2368 4559 2505 4615 sicut
2548 4558 2834 4623 columbae,
2869 4566 2921 4613 et
2951 4557 3222 4613 avolarem
3258 4570 3323 4613 ac
3358 4555 3575 4628 requie-

1975 4666 2185 4706 scerem
2211 4664 2248 4705 a
2279 4656 2330 4703 te
2361 4648 2650 4719 elongatus
2688 4647 2744 4702 in
2775 4646 3011 4719 aliquam
3054 4644 3419 4713 solitudinem,
3465 4658 3577 4700 non

1973 4754 2197 4811 possum
2246 4752 2521 4810 quoquam
2580 4736 2843 4808 eﬂ‘ugere,
2891 4742 2950 4789 ut
2997 4742 3091 4789 aut
3145 4740 3238 4788 tua
3279 4731 3580 4804 pertinacia

1976 4826 2311 4884 contumacis
2362 4825 2689 4897 praesentiae,
2723 4831 2816 4878 aut
2845 4823 3137 4877 missorum
3176 4829 3385 4876 tuorum
3424 4820 3581 4875 duri-

1975 4915 2193 4987 loquiis,
2225 4921 2314 4969 aut
2346 4914 2739 4985 scripturarum
2770 4919 2982 4965 tuarum
3034 4908 3479 4983 derogationibus
3526 4915 3582 4964 et

1977 5003 2253 5059 inutilibus
2281 5001 2493 5065 naeniis,
2524 5000 2650 5072 quin
2694 4998 2875 5070 potius
2918 4998 3222 5069 tragoediis,
3252 5005 3342 5052 aut
3382 4997 3583 5053 talibus

1978 5108 2100 5164 quas
2122 5105 2234 5145 non
2262 5089 2587 5145 conveniunt
2614 5087 2894 5157 episcopo,
2925 5087 2993 5141 de
3014 5095 3067 5142 te
3086 5085 3452 5142 auditionibus
3473 5100 3584 5141 non

1981 5179 2213 5251 affligar.
2235 5178 2303 5231 Et
2318 5177 2426 5245 jam
2444 5176 2661 5230 tandem
2683 5174 2869 5245 putavi
2897 5183 2950 5230 te
2970 5175 3161 5248 pigere
3182 5175 3307 5229 talia
3328 5172 3579 5244 exsequi,

1980 5283 2101 5324 cum
2131 5280 2259 5321 ecce
2289 5278 2432 5318 nunc
2460 5262 2641 5317 idibus
2670 5263 2997 5320 Novembris
3037 5270 3244 5335 quarta:
3273 5260 3584 5317 indictionis

1979 5352 2400 5425 prolixissimam
2432 5351 2683 5418 rotulam,
2722 5352 3024 5408 mendaciis
3053 5360 3105 5407 et
3132 5350 3576 5405 irrationabilita-

1980 5443 2121 5497 tibus
2149 5456 2214 5497 ac
2251 5439 2595 5511 improperiis
2641 5449 2827 5497 contra
2868 5441 3150 5497 veritatem
3182 5447 3234 5495 et
3278 5439 3577 5495 auctorita-

1983 5540 2090 5587 tem
2117 5528 2400 5601 repletam,
2434 5528 2567 5585 mihi
2592 5529 2804 5585 misisti.
2836 5529 2906 5584 Et
2932 5528 3100 5585 miror
3125 5544 3225 5585 cur
3253 5528 3332 5584 sic
3359 5527 3575 5585 exfrons
