4054 6180
483 249 587 304 499

1407 235 1750 293 HINCMABI
1807 229 2211 290 RHEMENSIS
2239 225 2798 286 ARCHIEPISCOPI.

3675 224 3775 279 500

484 335 769 435 factus,.ut
793 365 862 422 de
885 365 1074 422 Iudaea
1103 362 1364 420 Dominus
1409 360 1650 434 queritur
1677 359 1811 430 (lar.
1846 372 1923 426 v1,
1957 359 2022 410 15
2059 374 2072 424 ;
2103 356 2157 417 D
2175 354 2324 409 nires
2345 361 2718 421 contemnens,
2743 351 2882 406 adeo
2905 349 3054 404 illum
3072 349 3142 404 ad
3160 347 3496 404 iracundiam
3517 361 3776 418 provoca-

483 473 606 524 vm,
649 457 757 526 12),
800 455 981 510 nescis
1020 453 1367 521 erubescere,
1393 458 1446 505 et
1477 448 1572 503 tibi
1613 463 1723 502 non
1753 454 1837 501 est
1875 457 2084 500 nausea

483 545 610 601 talia
641 553 694 600 et
719 551 868 598 tanta
897 543 1156 611 scribere,
1179 541 1284 595 nisi
1305 539 1559 610 quoniam
1583 536 1698 606 jam
1724 534 1944 589 utilibus
1971 548 2082 586 non

487 649 548 690 es
575 633 831 700 intentus,
873 646 1052 702 neque
1089 631 1141 684 in
1194 625 1522 690 necessariis
1569 631 1878 695 occupatus.
1927 621 1996 675 Et
2024 626 2083 674 ut

484 722 552 778 de
581 721 701 777 aliis
734 728 965 786 taceam,
1001 735 1122 790 quae
1151 716 1198 771 si
1221 733 1286 772 ex
1325 716 1515 772 ordine
1543 714 1766 769 voluero
1795 710 2078 781 replicare,

484 818 642 866 antea
671 808 886 866 deﬁciet
914 807 1006 862 lux
1037 808 1250 871 diurna,
1285 819 1446 876 quam
1477 801 1713 875 legenda
1735 800 1930 855 exinde
1959 795 2088 853 defi-

485 898 592 956 ciat
639 898 858 970 pagina,
906 895 1181 967 replicabo
1219 894 1316 948 tibi
1360 893 1560 963 aliqua,
1615 906 1735 960 qua:
1781 902 1891 942 non
1931 887 2087 944 valeo

483 1003 584 1044 nec
613 987 788 1042 debeo
836 985 1047 1041 silentio
1095 982 1393 1054 praeterire.
1441 979 1706 1034 Videlicet
1748 976 1869 1048 quia
1907 975 2084 1029 statim

481 1084 543 1131 ut
573 1091 606 1130 a
633 1083 876 1146 paternae
903 1073 1032 1128 nido
1063 1069 1394 1126 educationis
1425 1067 1600 1122 factus
1631 1065 1918 1135 episcopus
1949 1079 2084 1120 evo-

482 1163 624 1230 lasti,
661 1173 712 1218 et
744 1179 830 1218 me
852 1171 905 1218 et
937 1177 1031 1217 eos
1063 1160 1155 1231 qui
1175 1158 1482 1213 nutrierunt
1512 1152 1818 1220 deseruisti,
1841 1159 1894 1207 et
1923 1167 2088 1208 saecu-

481 1251 626 1307 lares
658 1251 922 1307 amicitias
966 1259 1126 1320 atque
1171 1245 1561 1301 familiaritates
1607 1240 1869 1315 quzesisti,
1905 1248 1956 1294 et
1985 1255 2084 1296 ac-

481 1339 712 1414 quisisti,
755 1347 808 1394 et
851 1337 930 1394 sic
979 1336 1209 1391 subinde
1255 1333 1390 1388 alios
1439 1341 1491 1387 et
1534 1331 1669 1386 alios
1719 1331 1981 1385 deserens
2033 1337 2087 1384 et

487 1429 799 1502 acquirens,
844 1441 956 1480 non
993 1424 1170 1479 solum
1201 1423 1269 1478 de
1298 1419 1662 1492 comparibus,
1703 1419 1802 1474 sed
1843 1417 2004 1472 etiam
2035 1421 2086 1472 et

485 1516 555 1572 de
583 1516 678 1570 tibi
711 1513 1038 1580 commissis,
1073 1513 1142 1566 ad
1163 1513 1268 1567 hoc
1298 1508 1588 1577 emersisti,
1612 1515 1666 1562 ut
1689 1514 1874 1562 contra
1905 1521 2088 1562 sacras

479 1603 848 1660 Antiochenas
907 1600 1150 1673 regulas,
1213 1598 1591 1669 praecipientes
1637 1603 1696 1650 ut
1740 1603 1936 1666 praeter
1997 1609 2085 1648 me

2183 443 2270 512 sti,
2298 443 2436 497 sicut
2465 456 2654 496 omnes
2683 439 2739 493 in
2765 439 2882 494 istis
2899 438 3216 512 regionibus
3237 438 3432 502 sciunt,
3465 444 3524 489 ut
3553 443 3775 491 coactus

2181 539 2234 585 te
2263 547 2363 602 per
2395 529 2586 584 fideles
2616 544 2744 584 suos
2775 528 2912 583 sicut
2941 526 3216 581 inﬁdelem
3245 532 3539 596 appeteret.
3575 525 3653 578 Tu
3681 539 3778 578 au-

2183 627 2292 674 tem
2325 626 2448 672 ante
2484 617 2776 672 inauditam
2818 613 3430 671 excommunicationem
3457 612 3512 666 in
3543 627 3695 667 meos
3723 619 3778 666 et

2183 707 2476 760 multorum
2520 705 3052 776 archiepiscoporum
3094 711 3146 757 et
3189 702 3566 773 episcoporum
3605 716 3776 772 paro-

2183 795 2428 864 chianos,
2462 795 2559 850 sed
2589 801 2642 848 et
2669 794 2725 847 in
2753 794 2930 864 ipsum
2959 808 3168 865 regem,
3203 791 3320 844 sine
3349 805 3474 844 mea
3503 789 3780 845 conscien-

2185 885 2255 938 tia
2304 891 2494 938 contra
2553 897 2740 938 sacras
2795 881 3014 953 regulas
3063 879 3335 949 jaculasti.
3385 878 3538 933 Unde
3581 877 3778 932 multos

2188 971 2585 1042 scandalizasti,
2637 979 2689 1025 et
2735 969 3031 1024 maximum
3069 967 3400 1022 ‘scandalum
3444 982 3552 1021 non
3601 965 3779 1020 solum

2186 1060 2465 1128 Ecclesiae,
2519 1059 2616 1114 sed
2647 1066 2698 1112 et
2742 1057 2860 1128 regi
2901 1074 2963 1112 ac
3010 1072 3181 1129 regno
3224 1054 3471 1120 intulisti,
3523 1069 3648 1110 cum
3689 1053 3778 1109 lex

2184 1149 2468 1220 prohibeat
2495 1155 2551 1202 ut
2578 1163 2680 1218 per
2722 1147 2956 1202 alienam
2999 1160 3238 1199 messem
3283 1143 3552 1198 transiens
3580 1142 3781 1198 falcem

2187 1254 2298 1292 non
2324 1237 2524 1306 mittas,
2558 1237 2656 1291 sed
2697 1251 2860 1290 manu
2891 1235 3070 1305 spicas
3101 1241 3350 1289 conteras
3397 1240 3449 1287 et
3477 1231 3778 1286 manduces

2188 1327 2377 1397 (Deut.
2407 1340 2571 1390 χχιιι,
2594 1326 2708 1394 25).
2739 1347 2760 1373 «
2782 1324 3019 1388 Falcem,
3043 1322 3216 1393 inquit
3239 1321 3428 1376 beatus
3452 1320 3806 1394 Gregorius,‘

2182 1414 2374 1484 judicii
2418 1413 2628 1468 mittere
2675 1428 2785 1467 non
2827 1419 2984 1483 potes
3011 1411 3068 1465 in
3099 1426 3165 1464 ea
3196 1417 3402 1482 segete,
3454 1425 3575 1480 quae
3622 1407 3782 1464 alteri

2189 1503 2402 1559 videtur
2431 1518 2552 1557 esse
2583 1501 2893 1570 commissa,
2925 1499 3022 1553 sed
3041 1515 3140 1570 per
3169 1497 3418 1553 effectum
3437 1497 3566 1552 boni
3593 1496 3780 1568 operis

2187 1591 2453 1646 frumenta
2483 1589 2764 1646 Dominica
2799 1587 3051 1644 vitiorum
3082 1603 3298 1642 suorum
3337 1585 3509 1658 paleis
3539 1583 3775 1650 excoria,

481 1702 648 1760 agere
699 1685 835 1740 nihil
879 1685 1102 1754 debeas,
1157 1683 1458 1738 secundum
1513 1680 1791 1752 antiquam
1834 1679 2081 1733 Patribus
2109 1710 2163 1770 B
2191 1687 2243 1736 et
2287 1679 2342 1734 in
2397 1678 2660 1734 Ecclesiae
2717 1693 2914 1748 corpus
2971 1676 3241 1731 monendo
3299 1682 3352 1730 et
3399 1673 3780 1745 persuadendo

479 1774 681 1830 nostris
710 1773 960 1845 regulam
997 1773 1361 1838 constitutam,
1393 1769 1498 1825 nisi
1542 1783 1607 1824 ea
1628 1776 1833 1823 tantum
1864 1785 1982 1839 quae
2012 1766 2082 1820 ad
2109 1761 2161 1770 ”
2185 1767 2342 1839 quasi
2371 1767 2682 1822 mandendo
2712 1773 3024 1828 converte.»
3051 1765 3177 1820 Post
3207 1780 3367 1834 quam
3395 1761 3778 1833 praesumptio-

478 1871 626 1920 tuam
637 1863 952 1934 parochiam
973 1861 1264 1932 pertinent,
1288 1857 1775 1930 possessionesque
1790 1856 1907 1924 subj
1915 1863 2077 1924 ectas,

482 1951 600 2006 sine
629 1966 750 2006 mea
781 1950 868 2006 vel
907 1950 1354 2020 coepiscoporum
1394 1953 1708 2002 nostrorum
1752 1943 2086 2000 conscientia

480 2039 1004 2096 administrationem
1027 2039 1082 2092 in
1107 2037 1309 2108 palatio
1340 2035 1526 2091 domui
1556 2035 1704 2105 regis
1733 2031 2034 2088 obtinueris
2067 2050 2080 2087 :

479 2144 642 2200 quam
698 2127 1224 2182 administrationem
1269 2124 1364 2178 tibi
1411 2139 1598 2179 coram
1644 2122 1838 2177 eodem
1883 2121 2082 2176 domno

477 2232 631 2288 rege,
667 2223 720 2271 et
749 2216 868 2272 aliis
914 2214 1008 2287 qui
1037 2214 1329 2270 adfuerunt
1362 2229 1426 2267 ex
1460 2211 1634 2267 sacris
1675 2209 1878 2282 regulis
1909 2209 2082 2264 inter-

478 2305 610 2370 dixi,
671 2311 723 2359 et
793 2303 1108 2374 aliquandiu
1174 2302 1242 2356 ab
1300 2299 1765 2355 administratione
1836 2297 2079 2353 cessasti.

474 2393 674 2448 Postea
705 2399 881 2446 autem
911 2407 1009 2462 per
1047 2397 1281 2456 exteras,
1315 2389 1371 2443 id
1399 2396 1482 2442 est
1515 2387 1807 2442 saeculares
1836 2393 2083 2457 potesta-

475 2489 582 2550 tes,
615 2487 799 2535 contra
837 2477 1197 2535 Sardiceuses
1242 2492 1505 2542 canones,
1551 2476 1800 2530 eamdem
1845 2474 2084 2530 admini-

479 2568 800 2624 strationem
847 2583 970 2624 cum
1019 2565 1236 2621 abbatia
1282 2566 1338 2619 in
1387 2564 1543 2620 tertia
1591 2563 1892 2634 provincia,
1941 2563 2086 2618 ultra

481 2658 846 2715 Rhemensem
873 2655 1230 2728 provinciam,
1278 2655 1397 2709 sine
1426 2670 1546 2709 mea
1577 2652 1910 2709 conscientia
1937 2651 2084 2706 obti-

477 2746 662 2802 nuisti.
695 2746 778 2801 Ad
825 2760 989 2816 quam
1027 2744 1324 2813 abbatiam,
1359 2743 1475 2798 sine
1513 2758 1634 2797 mea
1669 2741 1907 2806 licentia,
1942 2756 2083 2812 quo-

483 2835 586 2891 ties
629 2834 726 2888 tibi
773 2833 976 2904 placuit
1021 2833 1330 2903 perrexisti,
1364 2840 1417 2886 et
1458 2831 1696 2902 quandiu
1745 2829 1839 2883 tibi
1887 2827 2086 2899 placuit

481 2922 687 2978 ibidem
733 2921 880 2976 fuisti
927 2922 1270 2986 immoratus,
1335 2928 1520 2974 contra
1570 2919 1738 2972 Hilari
1779 2933 1936 2988 papa:
1982 2917 2084 2971 de-

481 3017 632 3066 creta
661 3009 890 3066 dicentis
921 3010 1109 3081 (epist.
1131 3014 1160 3062 8
1183 3009 1254 3062 ad
1275 3009 1440 3080 episc.
1482 3005 1732 3075 Galliae):
1761 3027 1783 3056 α
1809 3005 1947 3058 Illud
1976 3019 2086 3060 non

482 3099 755 3170 potuimus
804 3096 1107 3170 praeterire,
1153 3097 1296 3168 quod
1341 3095 1698 3150 sollicitudine
1741 3093 2086 3164 diligentiore

485 3188 789 3242 curandum
822 3194 924 3252 est,
955 3202 1024 3241 ne
1071 3193 1269 3257 praeter
1297 3183 1840 3255 metrOpolitanorum
1869 3198 2088 3237 suorum

477 3275 690 3332 litteras
717 3275 882 3347 aliqui
915 3275 1158 3346 episcopi
1187 3275 1256 3330 ad
1287 3273 1580 3345 quamlibet
1615 3271 1948 3344 provinciam
1985 3289 2085 3327 au-

481 3363 643 3421 deant
683 3363 958 3436 proﬁcisci
983 3383 995 3418 :
1020 3365 1168 3436 quod
1213 3362 1460 3418 etiamin
1489 3361 1636 3417 omni
1674 3377 1879 3432 genere
1921 3354 2083 3417 ofﬁcii

481 3454 750 3512 clericalis
778 3471 877 3525 per
926 3453 1170 3527 singulas
1215 3452 1380 3508 debet
1406 3452 1669 3509 ecclesias
1714 3451 2019 3516 custodiri;
2057 3471 2078 3500 ιι

483 3551 536 3599 et
581 3544 660 3600 sic
705 3551 866 3599 antea
911 3541 1176 3608 Zosimus,
1211 3550 1262 3596 et
1289 3549 1482 3612 postea
1523 3547 1744 3595 sanctus
1790 3537 2084 3610 Gregorius

483 3631 862 3688 decreverunt.
925 3632 1194 3687 Praeterea
1241 3646 1477 3702 quoque,
1529 3629 1700 3684 semel
1737 3644 1801 3682 ac
1847 3627 2086 3682 secundo

480 3719 677 3776 litteris
706 3719 983 3776 canonicis
1027 3725 1282 3776 evocatus
1309 3719 1376 3772 ad
1419 3717 1814 3772 ordinationem
1843 3715 2082 3786 episcopi

479 3808 538 3864 iu
559 3808 792 3864 ecclesia
810 3807 1192 3862 Cameraceusi
1208 3805 1531 3860 Rhemensis
1550 3803 1846 3875 provinciae
1864 3811 2083 3874 pastore

481 3897 758 3960 destituta,
795 3896 939 3950 unde
968 3894 1267 3965 apostolica
1303 3893 1465 3948 sedes
1493 3909 1581 3947 me
1614 3899 1942 3964 suggerente
1971 3906 2082 3946 non

476 3984 692 4039 modice
713 3983 1002 4051 laboravit,
1021 3999 1121 4040 nec
1143 3982 1259 4052 ipse
1280 3982 1492 4046 venisti,
1517 3997 1619 4037 nec
1631 3997 1732 4051 pro
1751 3988 1804 4036 te
1825 3980 2082 4036 vicariam

477 4087 787 4144 personam,
819 4071 906 4125 vel
920 4071 1126 4126 litteras
1147 4069 1224 4124 tui
1248 4084 1568 4136 consensus,
1593 4077 1651 4124 ut
1670 4069 1876 4140 regulae
1906 4084 2081 4125 sacra:

477 4159 820 4232 praecipiunt,
854 4159 924 4213 ad
953 4175 1042 4214 me
1073 4158 1334 4214 direxisti.
1366 4159 1522 4214 Unde
1557 4158 1914 4229 Symmachus
1938 4174 2079 4230 papa

477 4249 546 4304 ad
566 4248 818 4304 Eonium
838 4264 904 4303 ex
924 4249 1098 4304 sacris
1119 4247 1322 4320 regulis
1337 4247 1704 4320 promulgavit
1725 4248 1909 4320 (epist.
1927 4251 1986 4300 11
2005 4247 2078 4303 ad

481 4339 832 4408 Caesarium),
873 4358 894 4386 ιι
931 4345 984 4392 ut
1015 4337 1062 4391 si
1090 4337 1312 4408 quilibet
1341 4337 1630 4408 episcopus
1659 4335 2078 4407 metrOpolitana

2182 1872 2329 1922 nem,
2390 1856 2648 1910 adhibitis
2705 1869 2922 1910 mecum
2977 1851 3335 1909 confratribus
3390 1851 3611 1914 nostris,
3645 1859 3698 1906 te
3728 1859 3784 1904 et

2182 1961 2303 2001 cum
2337 1960 2401 2000 eo
2435 1943 2740 2014 pacificavi,
2773 1951 2826 1998 et
2847 1942 3136 2013 episcopis,
3163 1957 3390 2012 quorum
3417 1939 3780 2010 parochianos

2184 2032 2682 2098 excommunicasti,
2733 2039 2790 2086 ut
2838 2039 2892 2085 te
2943 2031 2996 2085 in
3045 2029 3296 2100 synodali
3351 2027 3619 2083 sententia
3665 2043 3778 2082 non

2181 2123 2500 2178 inveherent
2543 2121 2789 2192 persuasi
2823 2137 2836 2173 :
2871 2120 2968 2174 sed
3011 2127 3062 2173 et
3109 2119 3334 2174 eosdem
3376 2133 3408 2172 a
3456 2125 3508 2172 te
3551 2133 3778 2172 excom-

2181 2211 2502 2280 municatos,
2563 2209 2688 2266 licet
2743 2225 2848 2263 non
2918 2209 3034 2264 sine
3093 2207 3294 2272 labore,
3353 2205 3778 2262 adminiculante

2184 2301 2384 2355 domno
2413 2315 2565 2371 rege,
2597 2299 2888 2353 adversum
2905 2305 2957 2352 et
2977 2296 3367 2368 conquiescere
3398 2295 3520 2350 feci.
3555 2295 3664 2349 Sed
3695 2303 3773 2363 tu,

2182 2389 2387 2444 addens
2414 2388 2602 2458 pejora
2645 2386 2942 2458 prioribus,
2972 2385 3052 2441 sic
3073 2385 3328 2440 domuum
3369 2399 3579 2455 regem,
3633 2383 3779 2438 sicut

2183 2477 2314 2531 mihi
2361 2477 2586 2548 longum
2628 2484 2710 2530 est
2755 2490 3014 2530 enarrare
3055 2481 3109 2529 et
3135 2472 3288 2528 multi
3331 2472 3526 2538 sciunt,
3579 2471 3780 2526 iterum

2183 2565 2546 2638 exaggerasti,
2579 2573 2635 2618 ut
2665 2579 2834 2619 causa
2881 2571 2986 2618 tua:
3031 2561 3400 2635 castigationis
3429 2569 3480 2615 te
3513 2562 3628 2616 sine
3655 2577 3784 2616 mea

2181 2655 2475 2720 voluntate,
2513 2653 2738 2724 sineque
2765 2668 2889 2708 meo
2917 2667 3204 2720 consensu,
3249 2650 3641 2723 aliquantulum
3673 2651 3778 2704 de—

2181 2743 2338 2798 tineri
2377 2743 2612 2811 juberet.
2656 2743 2734 2796 Tu
2778 2756 2908 2797 vero
2951 2757 3115 2797 causa
3153 2747 3258 2795 tua:
3293 2739 3522 2809 injurias,
3569 2755 3662 2794 me
3687 2739 3778 2792 iu-

2184 2831 2450 2896 consulto,
2478 2839 2530 2886 et
2551 2830 2668 2885 sine
2689 2845 2960 2886 consensu
2983 2829 3432 2900 coepiscoporum
3453 2827 3780 2883 Rhemensis

2181 2920 2496 2992 provincias,
2545 2919 2684 2975 sicut
2723 2919 2909 2990 petitio
2941 2935 2973 2973 a
3001 2917 3216 2974 clericis
3264 2917 3641 2972 Laudunensis
3681 2932 3778 2973 ec-

2186 3009 2368 3066 clesia:
2416 3009 2548 3063 mihi
2604 3016 2858 3079 porrecta
2911 3008 3264 3076 demonstrat,
3325 3007 3682 3078 presbyteros
3730 3014 3784 3061 et

2188 3097 2586 3154 comministros
2632 3096 2879 3153 ecclesiae
2922 3112 2986 3152 ac
3031 3096 3306 3167 parochia:
3345 3095 3440 3149 tibi
3470 3094 3780 3151 commissa:

2185 3186 2687 3253 excommunicasti,
2729 3195 2786 3240 ut
2815 3201 2974 3240 nemo
3005 3185 3062 3239 in
3104 3185 3296 3240 eadem
3329 3183 3591 3254 parochia
3637 3184 3777 3238 mis-

2185 3291 2368 3329 sarum
2389 3273 2560 3331 ofﬁcia
2589 3275 2910 3340 celebraret,
2936 3273 3208 3330 neminem
3233 3273 3582 3344 parvulorum
3616 3273 3776 3328 etiam

2182 3363 2238 3417 in
2267 3364 2456 3418 mortis
2497 3364 2743 3436 urgentis
2781 3361 3024 3434 periculo
3069 3363 3415 3418 constitutum
3453 3361 3775 3432 baptizaret,

2183 3452 2390 3507 nullum
2437 3453 2504 3508 ad
2547 3451 2922 3522 paenitentiam
2967 3452 3256 3524 quisquam
3305 3450 3623 3521 susciperet,
3675 3465 3778 3506 nec

2183 3540 2344 3594 etiam
2391 3541 2608 3596 obeunti
2665 3539 3042 3597 communione
3095 3539 3286 3595 viatica
3332 3539 3572 3594 muneris
3640 3539 3776 3592 sub-

2182 3630 2409 3694 veniret,
2467 3629 2602 3684 nulli
2649 3629 2902 3684 defuncto
2945 3629 3002 3684 in
3058 3627 3372 3699 sepeliendo
3425 3626 3775 3683 humanitatis

2181 3718 2504 3790 obsequium
2542 3717 2840 3784 exhiberet,
2891 3718 3062 3772 donec
3091 3725 3182 3772 aut
3213 3725 3268 3772 tu
3305 3717 3422 3788 ipse
3450 3717 3515 3770 ad
3545 3732 3641 3772 eos
3673 3733 3775 3772 ve-

2179 3807 2346 3874 nires,
2381 3815 2472 3862 aut
2499 3823 2530 3860 a
2559 3807 2688 3862 sede
2730 3807 3027 3877 apostolica
3055 3806 3180 3861 inde
3198 3805 3512 3862 relationem
3551 3805 3772 3878 recipe-

2181 3902 2316 3950 rent.
2352 3894 2510 3963 Quod
2559 3895 2808 3964 audiens,
2860 3893 3046 3964 fateor,
3095 3895 3446 3950 vehementer
3493 3894 3770 3964 exhorrui,

2179 3991 2232 4038 et
2277 3983 2504 4054 proinde
2532 3985 2603 4038 ad
2632 3992 2682 4039 te
2720 3984 3130 4054 metrOpolitana
3168 3983 3528 4038 sollicitudine
3565 3981 3774 4036 litteras

2177 4072 2322 4139 misi,
2371 4087 2598 4127 monens
2620 4080 2673 4126 et
2697 4073 2922 4127 hortans
2951 4081 3024 4138 te,
3056 4079 3114 4126 ut
3141 4081 3252 4126 tam
3301 4071 3630 4127 exitiabilem
3671 4087 3774 4126 ex-

2177 4161 2720 4216 communicationem
2778 4169 2831 4215 et
2886 4161 3174 4232 impietatis
3228 4160 3653 4232 colligationem,
3718 4159 3774 4214 in

2176 4257 2324 4304 tuum
2367 4257 2420 4304 et
2465 4250 2754 4304 multorum
2797 4249 3101 4320 periculum
3145 4249 3482 4314 intentatam,
3530 4255 3770 4320 quanto-

2177 4337 2292 4393 cius
2325 4337 2586 4393 solveres.
2635 4339 2742 4393 Sed
2774 4345 2827 4394 et
2856 4339 2928 4394 ad
2951 4338 3227 4394 ministros
3273 4337 3644 4393 Laudunensis
3671 4352 3772 4393 ec-

476 4424 719 4498 pontiﬁci
743 4426 897 4494 juxta
943 4425 1258 4482 canonicam
1299 4424 1673 4480 diﬂinitionem
1715 4432 1932 4480 vocatus
1971 4425 2074 4479 ob-
2102 4421 2155 4480 D
2177 4425 2378 4492 clesize,
2413 4427 2608 4482 timens
2641 4427 2874 4481 immane
2899 4427 3188 4482 multorum
3233 4427 3473 4494 exitium,
3521 4426 3772 4482 certissi-

473 4523 783 4586 temperare
823 4514 1070 4582 noluerit,
1125 4513 1334 4569 noverit
1378 4513 1768 4568 succideudum
1807 4529 1884 4578 se,
1932 4513 2076 4583 quod

471 4619 580 4658 non
611 4609 884 4674 Optamus,
911 4601 1282 4658 ecclesiastica
1313 4601 1618 4671 disciplina.
1643 4623 1665 4650 ν
1693 4601 1798 4656 Sed
1822 4608 1875 4656 et
1903 4601 2027 4656 hinc
2048 4616 2077 4654 a

469 4707 559 4746 me
617 4697 935 4760 conventus,
993 4689 1198 4744 nullam
1250 4687 1693 4754 satisfactionem,
1757 4705 1857 4744 nec
1914 4689 2073 4744 etiam

467 4778 670 4834 humile
714 4793 1042 4850 responsum
1087 4777 1218 4832 mihi
1248 4793 1311 4832 ac
1355 4777 1695 4848 coepiscopis
1733 4777 1935 4832 nostris
1973 4793 2072 4832 ex-

476 4865 716 4922 hibuisti.
750 4865 877 4920 Post
907 4867 1043 4932 haec,
1075 4882 1228 4922 more
1265 4874 1370 4920 tua:
1399 4865 1763 4921 instabilitatis
1789 4881 1851 4922 ac
1879 4867 2071 4920 incon-

470 4953 702 5022 stantiae,
745 4961 937 5008 contra
984 4954 1243 5009 domuum
1293 4969 1482 5026 regem
1527 4954 1584 5007 in
1629 4960 1834 5008 tantum
1875 4962 1928 5008 te
1953 4955 2071 5008 sine

471 5041 682 5098 ratione
727 5042 1118 5098 contumaciter
1171 5043 1407 5108 erexisti,
1448 5050 1505 5096 ut
1546 5051 1597 5097 et
1640 5041 2069 5097 administratio-

471 5147 600 5187 nem
635 5129 953 5202 palatiuam,
993 5139 1045 5186 et
1077 5132 1250 5202 ipsam
1281 5131 1552 5186 abbatiam
1591 5130 1686 5184 tibi
1714 5129 1971 5195 auferret,
2016 5139 2071 5186 et

464 5236 496 5274 a
525 5228 576 5276 te
605 5227 970 5292 exaggeratus
1003 5219 1222 5274 duriora
1250 5219 1553 5290 ingerenda
1580 5218 1674 5272 tibi
1704 5227 2025 5289 proponeret
2053 5235 2064 5274 :

467 5308 612 5362 unde
645 5317 696 5363 et
726 5309 939 5379 scriptis
978 5315 1030 5363 et
1057 5308 1241 5363 verbis
1277 5323 1377 5377 pro
1409 5315 1459 5362 te
1490 5315 1749 5380 satagens
1790 5307 1940 5361 illum
1971 5304 2067 5361 tibi

475 5395 843 5452 reconciliavi.
887 5397 1147 5467 Indeque,
1199 5395 1338 5450 sicut
1375 5396 1550 5450 sciunt
1596 5395 1832 5467 plurimi,
1883 5404 2068 5452 contra

471 5491 622 5547 illum
643 5499 694 5547 te
719 5492 911 5548 iterum
932 5492 1173 5561 erexisti,
1195 5499 1246 5548 et
1267 5491 1523 5547 mandata
1539 5507 1638 5547 sua
1657 5500 1714 5548 ut
1730 5493 1798 5548 ad
1815 5509 1939 5548 eum
1959 5509 2058 5550 ve-

2174 4531 2291 4570 rnas
2321 4521 2374 4570 et
2411 4514 2811 4588 irrefragabilcs
2857 4515 3201 4586 ditlinitiones
3245 4515 3574 4588 evangelicae
3617 4515 3772 4570 veri-

2173 4605 2318 4669 tatis,
2380 4612 2433 4659 et
2488 4604 2798 4674 apostolicae
2853 4604 3206 4673 auctoritatis,
3263 4612 3421 4676 atque
3481 4619 3770 4660 sacrorum

2175 4707 2446 4748 canonum
2477 4701 2528 4747 et
2568 4693 2881 4764 apostolicae
2931 4693 3076 4748 sedis
3123 4693 3312 4760 direxi,
3362 4700 3629 4765 quatenus
3675 4709 3770 4747 se—

2173 4782 2411 4837 cundum
2455 4782 2678 4836 easdem
2726 4781 3092 4850 diﬂinitiones,
3137 4798 3256 4853 quae
3286 4782 3342 4836 in
3387 4782 3535 4836 nullo
3583 4781 3770 4836 divelli
3814 4847 3830 4862 .

2171 4877 2418 4940 possunt,
2450 4886 2517 4924 ex
2546 4871 2740 4926 eadem
2785 4870 3091 4942 periculosa
3119 4877 3170 4925 et
3197 4870 3491 4943 irregulari
3537 4885 3767 4926 excom-

2169 4957 2530 5014 municatione
2573 4967 2796 5030 agerent
2841 4967 2894 5014 et
2931 4959 3034 5030 ipsi
3097 4959 3248 5014 satis.
3303 4958 3408 5013 Sed
3457 4959 3586 5029 quia
3629 4972 3770 5013 mea:

2170 5045 2522 5102 admonitioni
2568 5047 2790 5102 obedire
2821 5063 2930 5102 non
2961 5047 3194 5113 voluisti,
3235 5045 3358 5100 misi
3388 5046 3458 5102 ad
3486 5053 3540 5102 te
3568 5046 3768 5101 iterum

2171 5133 2365 5190 exinde
2409 5133 2636 5204 litteras,
2689 5135 2788 5190 sed
2817 5143 2870 5190 et
2899 5136 3128 5191 clericos
3175 5134 3546 5192 Laudunensis
3593 5149 3766 5206 paro—

2169 5222 2323 5290 chite,
2357 5231 2410 5277 et
2439 5239 2540 5279 nec
2569 5223 2646 5278 sic
2676 5231 2728 5278 te
2755 5224 2824 5278 ad
2863 5225 3228 5280 obediendum
3271 5223 3500 5279 invitare
3543 5239 3766 5294 praeva-

2169 5310 2263 5365 lui.
2314 5313 2442 5368 Post
2485 5313 2619 5378 haec,
2681 5329 2933 5384 quaerens
2969 5313 3378 5368 adinventiones
3415 5321 3473 5366 ut
3501 5321 3554 5367 te
3584 5328 3616 5366 a
3643 5329 3768 5367 me-

2167 5399 2491 5470 trOpolitana
2539 5401 2872 5470 subjectione
2911 5417 3106 5474 posses
3153 5418 3370 5470 exuere,
3421 5400 3661 5456 libellum
3692 5399 3766 5454 de

2168 5498 2384 5552 Patrum
2433 5498 2776 5570 antiquorum
2831 5498 3066 5572 scriptis,
3129 5506 3252 5556 ante
3296 5513 3480 5553 sacros
3527 5497 3768 5556 Nicwna:
