4054 6180
308 256 400 309 501
664 256 673 261 ’
974 249 1216 308 OPUSC.
1262 248 1354 306 ET
1395 250 1622 307 EPIST.
1680 249 1755 306 IN
1806 204 2034 307 CAUSA
2083 250 2432 308 HINCMARI
2488 248 2797 311 LAUDUN.
3513 257 3620 313 502

318 375 511 450 synodi
540 385 595 433 et
626 391 858 432 anorum
913 382 1225 433 sanctorum
1245 389 1483 431 canones
1512 374 1695 441 editis,
1736 374 1910 430 colle-
1938 375 2180 449 Aagere
2226 392 2469 447 pessem,
2517 384 2571 432 et
2619 377 2731 443 illa,
2784 394 2906 449 quae
2945 360 3053 432 tibi.
3089 392 3155 434 ac
3194 377 3471 449 parochias
3514 386 3620 435 tua:

315 466 458 541 gisti.
487 466 547 520 In
566 464 759 537 quibus
776 464 1078 520 sententias
1098 464 1242 519 inter
1272 478 1332 518 se
1355 462 1632 529 dissonas,
1649 469 1701 517 et
1725 469 1917 519 contra
2017 472 2205 519 contra
2225 465 2604 537 colligationes
2633 473 2738 521 tuae
2759 465 3054 537 impietatis
3077 465 3406 532 direxeram,
3431 480 3618 522 coram

315 553 692 626 evangelicam
752 560 805 608 et
861 551 1221 624 apostolicam
1274 559 1437 623 atque
1497 551 1813 607 canonicam
1862 559 1916 606 et
2012 550 2120 607 illis
2165 552 2338 626 relegi
2379 551 2504 609 feci.
2557 554 2713 610 Unde
2760 562 2812 609 et
2840 554 2909 607 ab
2938 554 3150 610 eisdem
3178 553 3452 625 episcopis
3476 569 3613 624 pras-

315 641 629 713 apostolicae
662 641 809 696 sedis
830 639 1211 697 auctoritatem
1233 639 1591 705 immiscuisti,
1652 647 1705 694 et
1735 638 1913 694 cidem
2011 638 2169 695 dictis
2213 640 2354 696 sacri
2396 649 2695 696 conventus
2742 643 3179 711 auctoritatibus,
3234 642 3492 714 quoniam
3518 642 3611 696 ἰη-

314 730 519 797 libello,
554 730 672 785 sine
719 728 1123 800 metrOpolitani
1152 736 1204 784 et
1260 728 1717 799 coepiscoporum
1760 728 1909 783 Rbe-

312 819 518 874 mensis
546 818 844 890 provincias
874 817 1203 873 conscientia
1222 833 1285 873 ac
1324 832 1617 883 consensu,
1670 816 1910 872 subscri-

312 907 486 979 psisti,
522 914 576 962 et
605 921 638 961 a
685 905 897 962 clericis
927 905 1192 962 Ecclesiae
1222 913 1328 961 tuae
1382 912 1441 960 et
1488 921 1519 959 a
1564 904 1908 976 parochianis

308 994 645 1068 presbyteris
674 993 946 1050 subscribi
977 993 1171 1060 fecisti,
1195 993 1384 1050 volens
1426 1001 1479 1048 te
1499 1009 1532 1049 a
1570 992 1907 1063 subjectione

302 1093 403 1139 tua;
455 1083 774 1155 metrOpolis
828 1089 1050 1137 exutum
1104 1089 1400 1151 ostentare,
1450 1089 1504 1137 et
1558 1080 1903 1152 privilegium

302 1172 735 1243 metropolitana:
775 1170 922 1225 sedis
956 1170 1240 1226 annulare.
1295 1168 1466 1238 Quasi
1514 1185 1625 1225 non
1683 1185 1901 1240 possem

305 1260 602 1331 impietatis
643 1267 747 1314 tua:
772 1258 1167 1331 'colligationes
1233 1258 1491 1314 canonica
1557 1257 1896 1326 auctoritate,

304 1348 422 1404 sine
447 1357 539 1404 tuo
554 1363 828 1404 consensu
857 1361 921 1402 ac
950 1346 1067 1401 sine
1101 1346 1347 1418 synOdali
1385 1353 1655 1403 conventu
1704 1345 1759 1400 in
1802 1361 1900 1416 pa-

303 1437 496 1492 rochia
534 1444 628 1491 tuo
666 1435 986 1501 dissolvere,
1035 1449 1160 1490 cum
1194 1435 1263 1489 de
1311 1434 1474 1491 certis
1516 1442 1569 1489 et
1595 1432 1900 1489 manifestis

302 1524 500 1591 causis,
559 1540 680 1596 qua:
730 1523 784 1578 in
815 1523 963 1577 nullo
994 1522 1152 1578 nobis
1184 1530 1307 1577 sunt
1328 1522 1495 1578 dubia
1526 1521 1613 1579 vel
1643 1522 1895 1589 obscura,

300 1622 352 1670 et
379 1614 451 1669 de
484 1612 681 1685 quibus
702 1611 934 1667 finitivas
956 1610 1274 1676 sententias,
1300 1628 1422 1683 qua:
1466 1610 1521 1666 in
1572 1611 1723 1666 nulla
1762 1626 1897 1682 pos-

2002 726 2148 795 juste
2192 743 2256 783 ac
2294 728 2679 801 irregulariter
2711 738 2889 785 tantas
2911 738 2963 785 et
2991 731 3129 785 tales
3160 728 3602 786 excommunica-

2009 810 2198 870 tiones'
2228 830 2396 886 agere
2441 817 2857 888 praesumpsisti,
2890 826 2943 873 et
2970 834 3001 872 a
3029 817 3232 873 domno
3262 833 3398 890 rege
3429 816 3605 888 impe-

2007 902 2154 971 titus,
2187 903 2446 975 quoniam
2471 905 2780 973 juramenta
2808 906 2886 985 illi
2914 922 2948 961 a
2975 913 3029 961 te
3058 922 3222 977 super
3267 921 3425 961 sacra
3456 920 3604 975 pras-

2006 990 2131 1046 stita
2160 1007 2269 1047 non
2289 991 2619 1062 observasti,
2644 994 2742 1049 sed
2773 1001 2826 1049 et
2845 994 2973 1066 quia
3003 1010 3094 1049 res
3110 1010 3223 1048 sua:
3250 991 3603 1064 proprietatis

2001 1086 2189 1135 contra
2216 1078 2374 1153 leges
2396 1080 2610 1135 divinas
2640 1089 2694 1136 et
2722 1083 2989 1137 humanas
3019 1081 3344 1149 invasisti,et
3370 1096 3404 1135 a
3432 1081 3599 1135 Nort-

2002 1183 2200 1223 manno
2242 1168 2296 1222 in
2326 1170 2536 1239 synodo
2565 1178 2869 1234 accusatus,
2898 1170 3155 1241 quoniam
3188 1186 3314 1224 eum
3334 1169 3402 1224 de
3434 1169 3599 1224 rebus

2001 1263 2089 1310 tua
2136 1257 2493 1312 concessione
2523 1265 2684 1328 atque
2715 1257 3077 1313 consensione
3104 1274 3134 1311 a
3165 1258 3367 1312 domno
3400 1256 3600 1311 Carolo

2000 1344 2103 1399 sibi
2144 1343 2496 1411 beneficiatis,
2545 1344 2661 1400 sine
2702 1345 3025 1401 auctoritate
3063 1346 3233 1417 regia,
3266 1352 3472 1400 armata
3488 1344 3592 1399 mi-

1997 1432 2140 1487 litari
2186 1450 2367 1501 manu,
2416 1441 2470 1489 et
2512 1434 2671 1488 turba
2718 1433 2867 1505 vulgi
2896 1433 3129 1489 collecta
3155 1448 3277 1489 cum
3308 1431 3507 1506 gladiis
3538 1440 3594 1488 et

1995 1521 2247 1588 fustibus,
2292 1521 2530 1593 primum
2576 1523 2797 1593 quidem
2861 1538 3090 1577 uxorem
3131 1537 3282 1576 suam
3331 1539 3453 1594 quae
3495 1522 3593 1578 tibi

1997 1610 2114 1665 sine
2143 1610 2254 1666 ullo
2278 1618 2410 1679 erat,
2444 1618 2496 1665 et
2527 1618 2716 1681 postea
2746 1611 2899 1665 illum
2938 1610 3123 1682 ipsum
3151 1618 3341 1666 contra
3363 1610 3518 1683 leges
3540 1618 3594 1665 et

299 1709 423 1756 sunt
453 1700 666 1756 ratione
687 1699 936 1767 convelli,
972 1715 1006 1756 a
1035 1699 1235 1755 sanctis
1250 1699 1497 1754 Patribus
1523 1698 1896 1772 promulgatas
1924 1729 1976 1789 Β
1997 1700 2218 1771 regulas
2263 1699 2532 1770 repulisti,
2568 1707 2623 1754 et
2650 1699 2835 1755 omnia
2864 1715 2961 1754 sua
2990 1715 3111 1771 qua:
3134 1699 3211 1753 ibi
3239 1698 3429 1753 habuit
3459 1698 3593 1753 abs-

296 1790 581 1859 habemus,
634 1788 894 1860 synodale
955 1787 1265 1845 consultum
1308 1787 1398 1843 vel
1444 1788 1896 1859 coepiscoporum
1927 1786 1965 1789 “
1996 1787 2182 1853 tulisti,
2244 1788 2343 1842 sed
2405 1795 2459 1842 et
2508 1801 2542 1842 a
2609 1788 2714 1842 tuis
2754 1787 3063 1842 hominibus
3106 1794 3411 1850 accusatus,
3472 1786 3597 1858 quia

299 1886 500 1934 nostrae
525 1876 823 1949 provinciae
845 1876 1130 1932 consilium
1170 1876 1258 1931 vel
1287 1891 1616 1931 consensum
1653 1892 1764 1931 non
1792 1875 1895 1931 de-

295 1967 451 2022 beam
482 1973 820 2037 exspectare,
855 1972 956 2019 eta
983 1964 1190 2037 regulis
1220 1964 1552 2034 praestitutis,
1585 1971 1641 2019 ut
1674 1971 1893 2019 sanctus

294 2056 401 2111 Leo
421 2054 590 2111 dicit:
617 2077 639 2101 α
679 2052 827 2108 nulla
850 2060 941 2107 aut
966 2052 1304 2125 negligentia
1332 2060 1424 2107 aut
1467 2051 1893 2123 praesumptione

292 2143 599 2211 discedere,
639 2157 743 2199 nec
789 2141 949 2198 etiam
999 2140 1186 2196 sedem
1234 2140 1592 2213 apostolicam
1636 2140 1761 2195 inde
1804 2140 1894 2195 in-

287 2232 554 2305 quietare,
587 2230 725 2286 sicut
748 2229 919 2301 ipsius
951 2237 1153 2284 sanctas
1185 2229 1334 2284 sedis
1388 2229 1528 2285 beati
1583 2227 1889 2301 pontiﬁces,

293 2319 661 2385 Innocentius,
719 2318 986 2388 Zosimus,
1043 2318 1389 2385 leestinus,
1457 2319 1584 2385 Leo,
1654 2317 1888 2384 Hilarus,

289 2409 567 2474 Gelasius,
606 2406 937 2481 Gregorius,
970 2413 1023 2461 et
1053 2406 1145 2461 alii
1174 2406 1363 2477 plures
1392 2406 1639 2477 ejusdem
1688 2412 1892 2461 sanctae

286 2498 431 2554 sedis
462 2504 701 2553 rectores
730 2496 786 2550 in
813 2494 1058 2551 decretis
1085 2494 1199 2549 suis
1249 2494 1559 2564 ostendunt,
1603 2518 1625 2543 »ι
1660 2502 1714 2550 et
1756 2494 1890 2550 reli-

288 2601 412 2659 qua.
446 2586 584 2640 Item
613 2584 755 2640 datis
784 2583 1194 2641 auctoritatibus
1238 2583 1443 2638 Gelasii
1492 2598 1669 2654 papae.
1717 2603 1740 2633 ι
1762 2584 1891 2638 Post

286 2674 495 2747 praefati
523 2673 778 2745 denique,
810 2672 1003 2745 inquit,
1033 2672 1361 2727 monstruosi
1382 2670 1571 2737 libelli,
1602 2688 1632 2725 a
1659 2677 1711 2726 te
1728 2686 1889 2726 mon-

293 2770 504 2818 struose
550 2762 785 2829 collecti,
837 2770 988 2818 tuam
1025 2768 1354 2833 tuorumque
1414 2759 1886 2830 subscriptionem,

284 2850 487 2907 litteris
511 2866 746 2924 quarum
770 2850 1057 2922 exemplar
1077 2848 1256 2904 habeo
1272 2849 1453 2904 denuo
1483 2856 1535 2903 te
1578 2847 1889 2904 commonui

285 2947 341 2995 ut
369 2956 433 2996 ea
463 2956 587 3011 quae
614 2939 687 3012 Lin
717 2938 978 3011 parochia
1009 2946 1100 2993 tua
1138 2945 1327 2993 contra
1383 2936 1647 2992 rationem
1703 2944 1757 2991 et
1787 2951 1887 2991 au-

281 3029 584 3084 ctoritatem
615 3044 836 3101 egeras,
873 3027 1121 3083 studeras
1168 3025 1485 3098 corrigere:
1519 3026 1620 3081 sed
1650 3024 1890 3080 admoni-

283 3117 411 3172 tioni
438 3132 579 3173 meae
596 3132 710 3171 non
731 3116 979 3187 paruisti.
1012 3114 1223 3171 Deinde
1251 3131 1317 3170 ex
1347 3113 1586 3186 praefatis
1636 3113 1883 3185 epistolis

278 3206 535 3263 Romanae
564 3206 711 3261 sedis
727 3205 1061 3277 pontiﬁcum,
1090 3211 1213 3259 ante
1262 3203 1542 3259 Nicaenam
1617 3203 1887 3274 synodum

278 3294 517 3366 scriptis,
552 3294 795 3349 libellum
837 3310 868 3347 a
926 3301 980 3348 te
1030 3293 1343 3357 collectum,
1403 3299 1457 3346 et
1504 3291 1789 3347 versiculis
1831 3290 1885 3345 in

274 3382 490 3436 nomine
537 3379 726 3435 domni
783 3396 845 3435 re
863 3380 950 3454 gis
1010 3380 1189 3438 Caroli
1242 3378 1529 3446 titulatum,
1581 3394 1683 3449 per
1721 3395 1885 3435 vene-

277 3469 503 3525 rabilem
554 3468 826 3540 quondam
896 3470 1375 3540 archiepiscopum
1420 3467 1771 3523 Wanilonem
1828 3467 1883 3522 in

275 3556 527 3613 Gundulti
561 3557 690 3612 villa
718 3572 906 3613 coram
938 3556 1214 3628 episcopis
1272 3556 1365 3628 qui
1406 3555 1697 3612 adfuerunt
1752 3555 1884 3617 mihi

272 3645 536 3702 direxisti.
592 3647 673 3701 De
703 3661 811 3717 quo
844 3645 954 3700 tibi
983 3645 1188 3717 scripto
1204 3644 1485 3716 respondi,
1510 3644 1665 3714 cujus
1686 3660 1887 3700 exem-

271 3734 388 3806 plar
413 3735 619 3801 habeo,
651 3749 884 3790 monens
921 3741 975 3790 te
1005 3741 1064 3789 ut
1087 3733 1259 3790 sacris
1297 3733 1599 3790 canonibus
1644 3733 1883 3804 promul-

272 3823 409 3895 gatis
438 3821 607 3878 ﬁdem
637 3823 1102 3892 accommodares,
1133 3830 1188 3878 et
1216 3821 1461 3878 debitam
1513 3822 1879 3877 obedientiam

268 3910 372 3966 illis
390 3911 756 3982 dependeres.
808 3911 939 3966 Inde
984 3911 1040 3965 in
1113 3910 1382 3966 Attiniaco
1410 3910 1734 3966 Rhemensis
1784 3926 1880 3981 pa-

271 4000 490 4069 rochia,
524 3999 621 4054 tibi
650 4015 838 4056 coram
868 3998 1141 4071 episcopis
1160 3999 1286 4054 debi
1306 3999 1549 4054 libellum
1596 3999 1652 4053 in
1727 3999 1875 4070 quin-

273 4087 527 4162 quaginta
572 4089 811 4159 quinque
857 4087 1127 4159 capitulis,
1196 4087 1542 4144 auctoritates
1599 4086 1865 4143 ecclesia-

272 4177 431 4234 sticas
478 4177 863 4243 continentem,
914 4184 1104 4233 contra
1166 4176 1261 4231 illa
1325 4193 1446 4248 quae
1507 4176 1561 4231 in
1620 4174 1858 4247 praefatis

264 4266 367 4321 tuis
431 4265 648 4321 duobus
697 4266 1021 4339 collegeras,
1088 4280 1318 4320 monens
1379 4273 1508 4319 uta
1555 4265 1755 4319 talibus
1804 4272 1873 4320 et

263 4354 573 4424 hujusmodi
644 4352 1167 4425 reprehensionibus
1216 4361 1269 4409 te
1331 4352 1638 4420 cohiberes,
1705 4360 1760 4408 et
1811 4361 1865 4408 te

1995 1883 2187 1932 contra
2233 1875 2388 1948 leges
2437 1875 2650 1930 divinas
2680 1883 2733 1931 et
2753 1874 3057 1930 mundanas
3088 1876 3168 1931 eis
3204 1890 3303 1930 sua
3325 1874 3598 1931 beneﬁcia

1995 1962 2283 2030 abstulisti,
2317 1972 2373 2018 ut
2404 1963 2720 2035 synodalem
2740 1978 3029 2019 censuram
3076 1963 3358 2031 evaderes,
3397 1962 3596 2019 dedisti

1994 2052 2115 2122 regi
2161 2060 2213 2106 et
2240 2051 2372 2108 mihi
2401 2051 2457 2106 in
2501 2052 2695 2107 eadem
2736 2052 2945 2123 synodo
2986 2050 3344 2122 professionis
3377 2059 3484 2106 tuae
3528 2050 3593 2105 li-

1995 2140 2197 2195 bellum
2228 2140 2296 2195 de
2341 2139 2585 2211 regulari
2633 2139 2945 2196 obedientia
2988 2147 3094 2206 tua,
3128 2154 3289 2211 quem
3310 2139 3504 2207 habeo,
3540 2146 3595 2193 et

1995 2235 2052 2283 tu
2081 2244 2284 2300 negare
2314 2244 2422 2284 non
2451 2235 2650 2299 potest,
2684 2228 2944 2301 quoniam
2973 2228 3149 2299 ipsius
3197 2226 3477 2297 exemplar
3517 2226 3589 2282 de

1993 2333 2157 2372 manu
2184 2333 2307 2373 mea
2335 2318 2391 2373 in
2441 2318 2636 2373 eadem
2666 2316 2877 2389 synodo
2907 2316 3184 2388 accepisti,
3216 2316 3356 2371 sicut
3382 2316 3438 2371 in
3464 2330 3588 2386 pro-

1992 2423 2154 2464 cessu
2199 2406 2538 2463 monstrabo.
2591 2406 2701 2461 Sed
2742 2414 2801 2460 ut
2843 2405 2928 2460 vir
2960 2405 3159 2477 duplex
3197 2404 3377 2459 animo
3412 2411 3466 2459 et
3499 2402 3589 2458 in-

1992 2503 2251 2552 constans
2281 2495 2336 2550 in
2385 2494 2637 2550 omnibus
2680 2493 2784 2550 viis
2826 2494 2952 2561 tuis,
3001 2494 3183 2549 statim
3250 2493 3306 2547 in
3355 2491 3590 2549 crastina

1991 2584 2191 2640 misisti
2226 2583 2359 2639 mihi
2395 2599 2496 2654 per
2525 2583 2839 2650 Arduicum,
2891 2582 3263 2638 venerabilem
3292 2581 3585 2637 Vesontio-
3636 2610 3637 2613 η

1989 2688 2217 2729 nensem
2256 2672 2593 2743 episcOpum,
2647 2672 2719 2727 ad
2759 2670 3124 2742 proﬁtendum
3154 2677 3205 2725 et
3235 2669 3583 2726 subscriben-

1990 2761 2119 2816 dum
2164 2760 2282 2826 tibi,
2329 2760 2666 2816 breviculum
2708 2759 2784 2814 ita
2830 2775 2888 2814 se
2946 2759 3272 2815 habentem:
3310 2780 3333 2805 α
3367 2758 3437 2812 Et
3465 2772 3571 2830 ego

1996 2871 2019 2900 ι
2055 2848 2379 2905 Hincmarus
2424 2849 2757 2904 Rbemorum
2803 2847 3250 2918 archiepiscopus
3289 2844 3390 2900 tibi
3420 2845 3584 2901 Hinc-

1993 2960 2014 2985 ιι
2051 2952 2205 2992 maro
2248 2936 2597 2992 Laudunensi
2641 2935 2899 3007 episcOpo
2951 2944 3100 2990 tuum
3129 2934 3371 2990 debitum
3412 2933 3587 2990 sacris

1994 3050 2016 3073 ‹‹
2054 3025 2358 3082 canonibus
2399 3025 2747 3098 privilegium
2792 3024 3149 3090 conservabo,
3173 3024 3311 3080 etin
3350 3022 3577 3095 quibus-

1994 3139 2015 3163 ιι
2054 3131 2270 3187 cunque
2320 3114 2704 3171 ecclesiasticis
2744 3114 2979 3187 negotiis
3032 3112 3357 3185 indigneris,
3384 3126 3584 3169 secun-

1992 3225 2015 3255 «
2049 3204 2179 3259 dum
2226 3220 2410 3259 sacras
2453 3202 2677 3275 regulas
2724 3202 2962 3258 debitum
2993 3202 3089 3256 tibi
3113 3202 3237 3271 jure
3263 3200 3585 3270 adjutorium

1990 3316 2011 3340 α
2047 3291 2496 3362 archiepiscOpali
2526 3290 2844 3347 auctoritate
2875 3290 3168 3345 adhibebo.
3198 3310 3220 3339 »
3256 3288 3388 3357 Qum
3416 3302 3585 3343 causa

1984 3391 2094 3431 non
2124 3375 2300 3430 solum
2329 3390 2439 3430 non
2476 3375 2545 3429 de
2573 3373 2781 3439 humili,
2816 3389 3009 3429 verum
3039 3372 3220 3428 necde
3249 3387 3384 3426 sano
3415 3385 3581 3427 sensu

1983 3472 2277 3543 processit.
2320 3472 2583 3541 Injustum
2604 3471 2802 3543 quippe
2832 3486 2894 3527 ac
2930 3467 3299 3525 irrationabile
3346 3469 3576 3535 videtur,

1983 3569 2041 3615 ut
2074 3559 2539 3631 archiepiscopus,
2582 3575 2616 3613 a
2662 3558 2831 3614 sacris
2874 3558 3176 3614 canonibus
3213 3572 3323 3613 non
3353 3556 3577 3614 exorbi-

1982 3657 2122 3716 tans,
2155 3648 2439 3706 excedenti
2487 3647 2747 3719 episcopo
2778 3645 3130 3720 suﬂ‘raganeo
3158 3661 3191 3701 a
3224 3661 3284 3702 se
3327 3645 3577 3702 ordinato

1980 3736 2339 3808 professionis
2369 3752 2436 3792 ac
2465 3735 2880 3807 subscriptionis
2905 3734 3113 3803 libello,
3163 3734 3300 3790 sicut
3328 3733 3575 3807 postula-

1979 3842 2161 3892 veras,
2212 3824 2571 3882 satisfaceret.
2613 3825 2762 3882 Sicut
2782 3824 2926 3881 enim
2974 3824 3272 3880 secundum
3330 3822 3577 3895 Scriptu-

1980 3931 2096 3969 ram
2123 3913 2301 3969 minor
2328 3930 2358 3968 a
2391 3913 2597 3982 majore
2638 3913 2999 3979 benedicitur,
3036 3912 3109 3966 ita
3140 3928 3365 3983 prorsus
3394 3911 3577 3968 minor

1977 4018 2007 4057 a
2035 4002 2244 4072 majore
2274 4010 2326 4059 ct
2355 4018 2464 4058 non
2486 4018 2519 4058 a
2547 4003 2719 4072 major
2744 4019 2774 4056 a
2802 4001 3014 4058 minore
3032 4001 3320 4071 judicatur,
3351 4000 3570 4074 ligatur,

1978 4091 2062 4147 vel
2090 4091 2330 4161 solvitur,
2365 4091 2506 4148 sicut
2548 4099 2601 4147 et
2631 4090 2684 4145 in
2717 4090 2948 4147 decretis
2981 4089 3189 4146 Gelasii
3219 4089 3571 4145 demonstra-

1975 4187 2077 4235 tur.
2126 4181 2277 4236 Juste
2310 4181 2478 4254 igitur
2512 4189 2565 4237 et
2609 4179 3003 4236 rationabiliter
3036 4179 3131 4234 tibi
3173 4179 3300 4236 hinc
3329 4194 3564 4250 respon-

1974 4269 2135 4323 detur
2159 4285 2224 4323 ex
2252 4270 2459 4325 Iacobo
2488 4268 2637 4341 (cap.
2686 4269 2786 4337 tv),
2820 4268 3007 4324 Petisti
3043 4276 3095 4323 et
3123 4283 3234 4324 non
3280 4268 3563 4339 accepisti,

1973 4373 2040 4412 eo
2075 4358 2220 4428 quod
2248 4357 2387 4412 male
2427 4357 2627 4427 petisti.
2663 4357 2772 4412 Sed
2801 4364 2854 4412 et
2897 4356 2951 4410 in
2982 4372 3047 4412 eo
3078 4355 3223 4427 quod
3256 4355 3351 4409 tibi
3404 4371 3436 4409 a
3475 4372 3565 4411 me

264 4443 432 4499 sacris
458 4441 668 4515 regulis
693 4441 956 4508 subdens,
979 4456 1173 4513 pacem
1203 4448 1256 4496 et
1299 4441 1718 4497 sanctimoniam
1763 4457 1856 4497 se-
1889 4436 1941 4496 D
1965 4445 2233 4501 subscribi
2261 4445 2579 4515 poposcisti,
2614 4452 2672 4499 ut
2714 4452 2867 4499 tuum
2903 4444 3147 4499 debitum
3194 4443 3367 4499 sacris
3415 4459 3562 4514 pras-

264 4531 500 4587 cundum
540 4530 857 4601 Apostolum
903 4529 1058 4602 sequi
1105 4528 1376 4586 studeres.
1410 4530 1488 4584 Tu
1517 4536 1697 4584 autem
1726 4528 1853 4585 nul-

261 4618 370 4674 lam
426 4618 556 4675 inde
628 4634 767 4675 meas
833 4617 1188 4673 admonitioni
1249 4617 1664 4673 satisfactionem
1710 4617 1857 4673 exhi-

259 4706 438 4763 buisti:
486 4707 619 4780 quin
665 4706 847 4778 potius
889 4706 1123 4762 rotulam
1179 4706 1623 4779 prolixissimam,
1670 4713 1856 4763 contra

261 4796 547 4852 veritatem
593 4802 646 4851 et
677 4795 1056 4851 auctoritatem
1103 4809 1170 4852 ac
1218 4795 1485 4850 rationem
1516 4801 1850 4864 contextam,

257 4884 312 4940 in
341 4884 532 4940 eadem
578 4883 788 4955 synodo
833 4882 1097 4951 obtulisti,
1130 4890 1184 4939 et
1211 4882 1501 4955 praefatum
1519 4891 1668 4939 tuum
1694 4898 1873 4943 mon-.

254 4981 521 5029 struosum
566 4971 811 5028 libellum
865 4988 897 5026 a
943 4979 997 5027 te
1036 4979 1089 5028 et
1115 4988 1150 5028 a
1210 4972 1318 5027 tuis
1377 4971 1743 5043 subscriptum
1799 4971 1857 5028 in

252 5059 440 5116 eadem
493 5060 706 5133 synodo
759 5059 1050 5133 protulisti,
1112 5076 1277 5134 quem
1330 5059 1531 5131 ibidem
1581 5059 1857 5130 accipiens

250 5149 511 5205 hactenus
550 5164 731 5205 servo.
778 5150 847 5203 Et
894 5162 1016 5205 cum
1057 5164 1146 5205 me
1188 5147 1301 5204 vidi
1348 5155 1473 5219 post
1500 5155 1578 5204 tot
1605 5148 1856 5204 admoni-

246 5237 421 5292 tiones
489 5236 625 5292 nihil
690 5236 836 5308 apud
876 5243 929 5292 te
981 5252 1147 5308 posse
1198 5237 1490 5310 proiicere,
1540 5237 1857 5294 schedulam

245 5323 467 5396 porrexi
504 5324 563 5381 in
626 5324 839 5397 synodo
880 5324 1264 5397 episcoporum
1297 5326 1489 5382 decem
1536 5325 1851 5397 provincia-

249 5428 387 5479 rum,
417 5413 489 5469 ab
510 5412 720 5469 eisdem
750 5412 1077 5471 venerandis
1105 5413 1379 5486 episcopis
1421 5428 1673 5486 quaerens
1728 5429 1855 5470 con-

248 5500 450 5571 silium,
472 5500 607 5575 quid
647 5508 836 5559 contra
873 5508 1023 5559 tuam
1051 5502 1387 5577 pertinacem
1451 5503 1853 5561 contumaciam

1954 4532 2277 4603 cipientibus
2303 4533 2597 4588 canonibus
2616 4532 2966 4606 privilegium
3007 4546 3412 4601 conservarem,
3454 4547 3558 4601 pe-

1954 4620 2063 4675 tisti
2091 4621 2237 4692 quod
2258 4620 2494 4686 voluisti,
2526 4620 2625 4676 sed
2652 4621 2875 4678 nescisti
2910 4620 3054 4693 quod
3091 4618 3312 4675 dixisti:
3349 4642 3371 4666 u
3406 4634 3548 4690 quo-

1948 4708 2112 4774 niam,
2143 4716 2200 4763 ut
2229 4717 2445 4764 sanctus
2476 4710 2842 4781 Hieronymus
2880 4709 3031 4775 dicit,
3057 4707 3545 4780 privilegiasingu-

1955 4797 2131 4854 lorum
2147 4799 2681 4872 communemlegem
2698 4798 2877 4855 facere
2891 4814 3000 4853 non
3029 4803 3277 4869 possunt.
3311 4796 3379 4851 Et
3413 4794 3558 4851 sacri

1949 4902 2186 4942 canones
2219 4887 2643 4958 provincialibus
2673 4886 2964 4958 episcOpis,
3001 4893 3051 4941 et
3082 4899 3272 4941 eorum
3310 4884 3560 4941 ecclesiis

1952 4974 2040 5030 vel
2088 4976 2330 5040 sedibus,
2377 4976 2683 5047 privilegia,
2726 4974 2935 5031 scilicet
2990 4974 3230 5046 privatas
3279 4974 3434 5047 leges
3475 4973 3565 5029 vel

1951 5050 2077 5120 jura
2104 5063 2315 5134 privata
2359 5064 2694 5136 generaliter
2734 5077 2845 5119 non
2890 5063 3179 5129 dederunt,
3228 5062 3359 5134 quia
3412 5062 3560 5135 quod

1956 5166 2148 5206 omnes
2168 5151 2500 5223 generaliter
2519 5152 2737 5218 habent,
2760 5151 2851 5221 jus
2896 5152 3135 5223 speciale
3186 5160 3241 5208 et
3280 5149 3563 5225 dignitatis

1950 5238 2036 5294 lex
2068 5239 2281 5309 privata
2308 5255 2430 5295 esse
2461 5255 2570 5295 non
2599 5240 2759 5296 valet.
2803 5240 2913 5297 Sed
2965 5241 3402 5313 metropolitanis
3445 5240 3563 5313 epi-

1954 5327 2134 5398 scopis
2164 5342 2228 5382 ac
2266 5328 2695 5400 metropolitanis
2742 5330 2967 5385 sedibus
3018 5329 3306 5402 privilegia
3352 5329 3562 5387 tribue-

1959 5422 2102 5480 runt,
2149 5436 2172 5465 ι
2224 5422 2278 5471 et
2323 5424 2522 5472 caetera
2569 5418 2638 5473 de
2676 5419 2846 5475 sacris
2894 5418 3201 5474 canonibus
3235 5426 3289 5476 et
3326 5418 3561 5477 decretis

1956 5503 2154 5561 Leonis
2213 5518 2370 5577 papae
2392 5505 2654 5562 subnexa.
2676 5507 2804 5563 Post
2822 5522 2944 5580 quae
2992 5505 3302 5565 subinfert:
3358 5530 3381 5560 cr
3408 5508 3562 5579 Qua-
