4054 6180
467 212 574 265 503

1476 203 1818 260 HINCMARI
1846 198 2247 259 RHEMENSIS
2278 199 2833 257 ARCHIEPISCOPI.

3663 204 3765 259 501‘;

463 339 690 405 pr0pter
737 328 956 403 quando
998 328 1125 385 talia
1161 328 1294 384 mihi
1341 329 1412 384 ad
1440 328 1805 400 profitendum
1834 333 1888 383 et
1917 326 2051 381 sub-
2080 325 2137 386 A
2156 324 2790 381 communicatione.«De
2808 325 3165 382 sacramentis
3177 332 3358 382 autem
3374 333 3470 382 ate
3482 325 3760 398 regipra-

464 419 814 475 scribendum
856 418 1076 485 misisti,
1127 418 1270 474 scire
1316 418 1589 472 debueras
1632 416 1780 488 quod
1834 415 1897 469 in
1946 416 2062 472 istis

466 507 784 580 regionibus
827 523 989 563 nemo
1035 523 1175 578 pene
1232 507 1468 580 ignorat,
1542 505 1671 575 quia
1712 505 2066 575 municipium

467 596 707 651 Lauduni
733 639 745 663 ,
780 596 837 650 in
867 612 975 668 quo
1008 612 1067 651 es
1096 595 1375 650 ordinatus
1404 594 1712 665 episcopus,
1745 593 1814 647 ab
1843 593 2064 649 exordio

469 684 569 750 sui,
617 692 909 756 postquam
954 698 987 738 a
1056 683 1361 740 Marcobrio
1403 689 1660 754 pratore,
1726 690 1782 736 ut
1829 682 2065 751 produnt

465 772 726 838 historia,
789 772 1067 828 conditum
1096 771 1212 838 fuit,
1246 787 1525 843 nunquam
1564 771 1706 825 inter
1737 770 1897 825 sedes
1926 786 2062 841 pro-

467 860 726 917 vinciales
756 861 1093 916 Rhemorum
1120 860 1439 931 provincia,
1464 860 1521 913 in
1547 858 1870 930 paganismo
1898 858 1988 913 vel
2008 858 2064 913 in

469 947 899 1015 Christianismo,
931 965 1130 1003 nomen
1161 939 1248 1003 vel
1267 949 1446 1004 locum
1487 947 1691 1017 habuit,
1726 947 1902 1002 donec
1932 963 2061 1000 san-

469 1044 585 1092 ctus
609 1036 930 1110 Bbemigius
978 1037 1224 1093 decimus
1267 1038 1483 1108 quintus
1512 1037 1841 1091 Rhemorum
1878 1035 2061 1091 archi-

467 1125 773 1196 episcopus,
820 1125 982 1181 certis
1047 1126 1372 1197 quibusdam
1436 1124 1811 1180 accidentibus
1861 1124 2058 1192 causis,

465 1213 673 1284 primus
721 1213 925 1268 ibidem
954 1213 1222 1269 ordinavit
1248 1213 1583 1283 episcopum,
1638 1220 1690 1267 et
1721 1212 1866 1267 idem
1886 1212 2065 1267 muni-

467 1301 630 1374 cipio,
655 1302 724 1356 de
754 1302 918 1357 rebus
943 1301 1267 1357 Rhemensis
1284 1300 1600 1372 metropolis
1631 1300 1765 1356 satis
1788 1317 2061 1373 superque

463 1390 653 1457 ditato,
700 1391 879 1462 ipsum
919 1390 1251 1455 comitatum,
1297 1389 1350 1444 in
1385 1405 1491 1461 quo
1527 1389 1794 1458 consistit,
1849 1398 2060 1461 partem

467 1478 676 1534 scilicet
704 1493 769 1534 ex
799 1478 1092 1532 Rhemensi
1137 1478 1395 1549 parochia
1414 1478 1729 1550 delegavit;
1763 1478 1863 1533 sed
1902 1494 2052 1533 sem-

464 1581 567 1637 per
612 1565 710 1619 fuit
759 1565 1084 1621 Rhemensis
1146 1565 1444 1636 provincia
1494 1565 1866 1637 municipium,
1921 1566 2060 1622 sicut

2166 413 2306 467 stitis
2337 428 2446 468 non
2467 422 2551 469 est
2579 414 2711 467 mihi
2735 431 2959 470 necesse
2991 414 3196 487 aliquid
3228 414 3485 485 scribere,
3505 414 3760 486 quoniam

2165 518 2305 573 pene
2335 518 2527 557 omnes
2541 503 2736 571 sciunt,
2759 503 2889 575 quid
2918 503 2987 558 de
3013 502 3273 574 perjurio,
3292 503 3337 557 si
3349 502 3486 558 forte
3516 503 3647 557 illud
3664 503 3761 558 ad-

2163 590 2378 655 misisti,
2404 591 2668 646 Dominus
2681 591 2737 646 in
2753 591 2877 662 lege
2890 599 2942 646 et
2963 591 3263 663 prophetis,
3280 591 3397 645 etin
3438 591 3754 665 Evangelio,

2165 686 2218 732 et
2244 694 2343 749 per
2370 680 2648 749 apostolos
2694 694 2758 735 ac
2787 680 3050 735 Ecclesia
3099 681 3354 735 doctores
3385 687 3548 751 atque
3581 681 3756 753 magi-

2165 775 2305 821 stros
2335 767 2494 824 dicat.
2525 754 2598 823 Et.
2613 768 2758 840 quia,
2800 776 2858 823 ut
2903 768 2958 822 in
2984 768 3224 824 decretis
3271 768 3585 838 apostolica
3611 769 3755 824 sedis

2164 853 2380 922 dicitur,
2405 856 2677 911 noluimus
2707 873 3044 929 exaggerare
3094 857 3240 928 quod
3288 857 3505 930 gestum
3552 865 3653 925 est,
3686 874 3756 913 ne

2163 958 2431 1016 cogamur
2456 944 2702 1013 judicare
2741 946 2887 1016 quod
2916 953 2999 1001 est
3039 946 3263 1015 justum,
3313 945 3572 1017 quoniam
3610 947 3755 1019 quod

2163 1031 2289 1086 inde
2308 1032 2400 1087 tibi
2430 1032 2485 1086 in
2516 1034 2727 1104 synodo
2771 1041 3081 1105 reputatum
3114 1042 3215 1101 est,
3244 1034 3532 1102 judiciario
3564 1035 3753 1091 ordine

2163 1120 2592 1191 comprobatiam
2618 1137 2727 1176 non
2759 1130 2860 1190 est,
2895 1122 2991 1177 sed
3022 1122 3174 1195 regia
3214 1119 3549 1194 benignitate
3578 1122 3751 1179 inter-

2162 1208 2389 1263 missum
2432 1217 2533 1275 est,
2578 1210 2737 1265 omisi
2776 1210 2904 1266 hinc
2952 1210 3202 1282 regulare
3228 1211 3495 1279 judicium
3524 1227 3748 1282 ponere,

2161 1304 2219 1351 ut
2252 1305 2303 1352 te
2345 1298 2416 1352 ad
2457 1298 2865 1354 consciendum-
2890 1307 3041 1354 tuam
3080 1299 3437 1355 remitterem.
3497 1300 3750 1356 Pervasio

2161 1394 2338 1440 autem
2368 1403 2552 1441 rerum
2582 1386 2925 1458 proprietatis
2945 1387 3114 1461 regia
3144 1403 3176 1443 a
3206 1396 3259 1443 te
3291 1395 3602 1460 perpetrata
3631 1405 3753 1444 ma-

2161 1473 2511 1530 nifestissime
2561 1475 2773 1541 clariut,
2824 1476 2951 1548 quia
3000 1493 3275 1548 nunquam
3320 1494 3410 1532 res
3457 1477 3590 1549 ipsa
3612 1478 3752 1547 juris

2164 1563 2411 1618 ecclesia
2438 1564 2815 1619 Laudunensis
2844 1563 3013 1620 fuisse
3043 1564 3294 1638 legaliter
3318 1566 3568 1636 probata
3605 1575 3748 1638 sunt,

465 1652 736 1724 hodieque
766 1653 874 1708 alia
902 1653 1193 1724 municipia
1222 1654 1274 1707 in
1308 1653 1599 1709 Rhemensi
1618 1654 1892 1724 parochia,
1940 1670 2059 1726 qua
2088 1678 2141 1737 Β
2160 1667 2262 1708 nec
2293 1668 2388 1705 sua
2428 1651 2515 1708 vel
2540 1652 2911 1724 cujuscunque
2959 1653 3186 1723 alicujus
3208 1654 3432 1710 alterius
3460 1656 3753 1712 donatione

465 1740 523 1796 in
554 1741 902 1811 subjectionis
930 1742 1053 1797 loco
1082 1758 1147 1798 ac
1174 1742 1393 1797 nomine
1422 1751 1765 1813 permanent.
1798 1744 1922 1798 Non
1964 1743 2062 1814 igi-

466 1836 554 1883 tur
566 1828 929 1903 privilegium,
952 1831 1050 1887 sed
1073 1830 1460 1901 municipatum
1492 1830 1589 1884 tibi
1621 1830 1824 1886 debere
1855 1832 2062 1887 servari

468 1926 797 1973 convenerat
816 1926 1021 1990 petere,
1047 1919 1174 1991 quia
1203 1919 1342 1974 sicut
1369 1926 1556 1990 patres
1589 1918 1759 1974 nostri
1788 1935 1852 1975 ac
1880 1920 2060 1993 magi-

468 2006 566 2060 stri
595 2006 859 2063 Ecclesia
890 2007 1122 2074 tradunt,
1183 2008 1380 2062 Paulus
1416 2008 1696 2079 apostolus
1739 2024 1843 2063 non
1883 2024 1942 2063 se
1985 2008 2065 2064 ci-

467 2110 611 2162 vem,
655 2096 754 2151 sed
798 2095 1123 2167 municipem
1172 2096 1410 2167 appellat
1473 2097 1701 2152 dicens:
1739 2099 1849 2169 Ego
1901 2098 2062 2154 homo

473 2199 599 2239 sum
610 2184 833 2256 quidem
849 2186 1075 2241 Judwus
1092 2203 1127 2240 α
1156 2187 1320 2242 Tarso
1357 2186 1586 2251 Cilicia,
1621 2202 1741 2241 non
1760 2188 1965 2257 ignota
1981 2188 2066 2241 ci-

470 2273 670 2328 vitati:
700 2274 991 2343 municeps
1019 2273 1165 2344 (Act.
1200 2288 1345 2340 xxu,
1380 2277 1454 2342 3).
1479 2275 1650 2328 Natus
1682 2273 1901 2345 quidem
1922 2290 2061 2345 apo—

471 2360 642 2414 stolus
671 2360 726 2414 in
754 2361 956 2431 Oppido
987 2361 1212 2417 Galilea
1231 2361 1433 2417 Giscali
1462 2361 1577 2428 fuit,
1616 2378 1724 2433 quo
1746 2378 1779 2416 a
1804 2363 2063 2418 Romanis

470 2455 648 2519 capto,
681 2463 802 2504 cum
831 2449 1148 2519 parentibus
1180 2449 1294 2504 suis
1320 2451 1544 2504 Tarsum
1576 2450 1778 2506 Cilicia
1828 2452 2062 2507 commi-

471 2536 667 2610 gravit.
701 2539 746 2592 Α
776 2537 972 2609 quibus
1019 2538 1090 2593 ob
1110 2539 1347 2593 studium
1393 2539 1535 2610 legis
1558 2539 1758 2595 missus
1802 2539 2062 2596 Hieroso-

468 2625 692 2697 lymam,
727 2643 758 2680 a
788 2626 1085 2683 Gamaliele
1116 2627 1230 2683 viro
1259 2627 1595 2699 doctissimo,
1630 2629 1765 2685 sicut
1795 2629 1851 2684 in
1880 2629 2068 2685 subse~

472 2715 761 2787 quentibus
781 2716 898 2787 ipse
942 2724 1227 2786 memorat,
1275 2717 1515 2773 eruditus
1560 2725 1683 2773 est:
1719 2726 1772 2773 et
1802 2718 1925 2773 ideo
1954 2734 2065 2775 non

471 2820 530 2859 se
551 2803 749 2871 civem,
798 2805 895 2859 sed
939 2805 1269 2876 municipem
1298 2822 1328 2860 a
1356 2806 1668 2877 municipio,
1694 2806 1749 2862 id
1772 2815 1855 2861 est
1896 2808 2064 2862 terri-

470 2892 609 2948 torio
650 2893 897 2962 ejusdem
942 2893 1190 2962 civitatis,
1225 2894 1281 2947 in
1310 2910 1418 2965 quo
1466 2902 1549 2949 est
1576 2895 1823 2962 nutritus,
1872 2896 2064 2967 appel-

471 2979 563 3035 lat.
588 2980 799 3036 Dictum
820 2988 999 3036 autem
1027 2981 1394 3052 municipium,
1429 2983 1575 3053 quod
1602 2991 1808 3041 tantum
1853 2984 2059 3053 munia,

468 3068 527 3124 id
564 3076 646 3123 est
687 3068 887 3123 tributa
930 3068 1114 3124 debita
1134 3069 1220 3125 vel
1265 3086 1492 3126 munera
1521 3071 1731 3127 reddat.
1764 3073 1900 3126 Nam
1929 3072 2065 3128 libe-

468 3156 615 3212 rales
643 3165 697 3213 et
742 3157 1119 3214 famosissima
1161 3173 1356 3226 causa,
1418 3167 1472 3214 et
1527 3176 1649 3231 qua
1696 3176 1761 3215 ex
1818 3160 2060 3232 principe

464 3244 898 3318 proficiscuntur,
946 3247 1018 3302 ad
1065 3246 1386 3320 dignitatem
1448 3248 1723 3305 civitatum
1765 3250 2056 3321 pertinent.

462 3334 581 3391 Nec
608 3333 824 3402 mirum,
861 3334 908 3389 si
935 3351 996 3392 se
1034 3337 1358 3392 Tarsensem
1393 3344 1447 3392 et
1474 3353 1585 3392 non
1626 3337 1947 3395 Giscalitem
1977 3338 2059 3393 di-

466 3430 571 3490 cat,
604 3438 729 3480 cum
759 3423 1022 3479 Dominus
1049 3423 1169 3496 ipse
1209 3424 1265 3480 in
1288 3424 1564 3482 Bethleem
1602 3433 1780 3497 natus,
1826 3444 1938 3483 non
1965 3427 2059 3484 Be-

463 3511 790 3580 thleemites,
825 3513 923 3569 sed
970 3513 1292 3570 Nazarenus
1321 3530 1354 3569 a
1382 3514 1503 3572 loco
1533 3515 1627 3570 ubi
1665 3516 1898 3571 nutritus
1946 3524 2057 3572 erat

465 3602 883 3674 cognominatus
912 3610 1013 3658 est.
1064 3603 1131 3657 Et
1162 3610 1216 3658 tu
1258 3619 1393 3675 ergo
1431 3603 1493 3658 in
1522 3604 2057 3671 diacesiRhemensi

460 3696 638 3761 natus,
672 3689 809 3746 etin
865 3691 1153 3762 metropoli
1197 3691 1529 3748 Bhemorum
1587 3693 1838 3760 nutritus,
1898 3701 1951 3750 et
1999 3693 2054 3748 in

458 3778 751 3850 municipio
779 3778 1028 3834 Lauduni
1074 3779 1374 3846 ordinatus,
1442 3797 1552 3835 non
1614 3788 1667 3837 te
1702 3768 1919 3837 civilem
1965 3782 2053 3838 vel

457 3866 711 3934 civicum,
740 3867 839 3921 sed
868 3866 1217 3937 municipem,
1264 3867 1518 3923 videlicet
1548 3868 1905 3939 tributarium,
1954 3887 2052 3925 seu

456 3952 848 4023 munerarium,
889 3953 1092 4008 utinam
1136 3954 1455 4026 spiritalium
1495 3956 1783 4026 donorum,
1832 3958 2050 4028 episco-

455 4057 606 4113 pum,
630 4048 684 4097 et
715 4049 940 4112 excepto
970 4042 1117 4113 quod
1155 4058 1188 4097 a
1214 4044 1465 4114 pluribus
1488 4045 1759 4116 episcOpis
1791 4063 1850 4101 es
1900 4047 2049 4103 ordi-

454 4137 634 4195 natus,
669 4144 810 4200 pene
829 4128 1088 4185 vicarium
1118 4131 1456 4203 episcopum,
1489 4149 1652 4205 quem
1685 4134 1860 4191 Graci
1880 4136 2046 4191 chor-

453 4217 770 4289 episcopum
787 4225 1000 4286 vocant,
1020 4219 1293 4277 debueras
1315 4236 1807 4294 recognoscere,ac
1830 4240 1931 4296 per
1942 4225 2046 4281 hoc

452 4322 563 4362 non
590 4306 938 4379 privilegium
966 4307 1062 4362 tibi
1094 4308 1433 4377 ascribi,sed
1480 4310 1869 4383 municipatum
1896 4331 1909 4367 :
1943 4330 2043 4369 nec

2161 1738 2246 1794 vel
2278 1739 2632 1796 concessione
2662 1741 2731 1795 ab
2763 1741 2953 1796 eadem
2985 1742 3217 1798 ecclesia
3252 1759 3539 1813 possessas
3582 1742 3751 1800 fuisse

2160 1835 2515 1882 monstratum
2536 1836 2637 1883 est.
2668 1829 2823 1885 Unde
2854 1846 3020 1901 super
3065 1831 3343 1886 hominem
3370 1839 3519 1886 tuum
3557 1832 3754 1887 Tedui-

2160 1934 2309 1982 num,
2335 1917 2421 1972 cui
2443 1918 2664 1972 easdem
2682 1935 2945 1988 pervasas
2967 1918 3322 1987 beneﬁciasti,
3346 1920 3594 1994 legaliter
3614 1938 3749 1978 con-

2161 2005 2419 2077 quisitum
2441 2014 2541 2062 est.
2568 2006 2675 2062 Sed
2695 2014 2746 2061 et
2780 2007 3133 2078 proclamatio
3169 2009 3463 2064 adversum
3484 2017 3535 2067 te
3580 2010 3749 2066 Nort-

2160 2094 2345 2148 manni
2377 2110 2505 2150 vera
2531 2094 2698 2150 fuisse
2719 2095 2928 2163 clariut,
2953 2112 3055 2152 nec
3076 2097 3305 2152 testibus
3331 2098 3580 2171 indiguit,
3613 2115 3750 2172 quo-

2158 2182 2304 2236 niam
2325 2189 2436 2237 tam
2455 2183 2897 2239 manifestissime
2922 2186 3027 2240 hoc
3060 2185 3208 2257 quod
3252 2186 3380 2241 inde
3422 2195 3614 2243 contra
3676 2188 3750 2245 le-

2161 2287 2260 2343 ges
2286 2278 2338 2326 et
2366 2272 2590 2342 regulas
2620 2272 2798 2344 egisti,
2833 2273 2972 2328 adeo
3003 2274 3254 2328 omnibus
3283 2274 3339 2328 in
3366 2274 3484 2330 istis
3514 2276 3753 2349 regioni-

2162 2358 2264 2413 bus
2292 2361 2481 2430 patuit,
2514 2368 2571 2414 ut
2600 2360 2748 2415 nulla
2775 2361 3228 2434 tergiversatione
3260 2363 3461 2419 factum
3518 2365 3629 2438 tegi
3662 2376 3754 2421 aut

2163 2448 2410 2503 excusari
2440 2448 2663 2505 valeret.
2698 2450 2840 2504 Nam
2870 2458 3080 2505 constat
3125 2450 3308 2506 multis
3356 2468 3478 2510 esse
3533 2453 3752 2509 notissi-

2161 2552 2330 2600 mum,
2367 2544 2417 2591 et
2449 2544 2505 2591 tu
2548 2537 2603 2591 in
2635 2537 2853 2609 scriptis
2872 2538 2976 2594 tuis
3002 2540 3202 2595 domno
3227 2540 3345 2612 regi
3367 2548 3419 2597 et
3447 2542 3579 2596 mihi
3608 2543 3754 2599 dire-

2164 2624 2263 2680 ctis
2292 2625 2395 2681 hoc
2428 2623 2725 2693 confiteris,
2749 2626 3007 2698 quoniam
3038 2627 3109 2683 ad
3161 2629 3606 2699 deprecationem
3637 2631 3749 2687 Ro-

2164 2712 2295 2767 dulﬁ
2325 2721 2377 2769 et
2413 2714 2649 2770 Conradi
2670 2715 2893 2771 easdem
2922 2731 3030 2783 res,
3063 2724 3354 2789 postquam
3393 2718 3627 2775 domnus
3655 2738 3752 2776 rex

2162 2799 2283 2855 illas
2326 2816 2359 2856 a
2390 2801 2557 2873 longo
2585 2810 2832 2874 tempore
2862 2803 2931 2859 de
2978 2804 3211 2860 ecclesia
3232 2805 3571 2862 Laudunensi
3618 2809 3753 2863 abs-

2165 2896 2366 2944 tractas
2411 2890 2588 2945 eidem
2643 2891 2888 2947 ecclesia
2952 2907 3051 2947 sua
3108 2892 3306 2964 pietate
3366 2895 3618 2962 restituit,
3652 2896 3757 2968 ipsi

2165 2976 2366 3032 domno
2400 2978 2519 3051 regi
2556 2978 2699 3046 illas,
2736 2979 2853 3035 sine
2877 2996 3005 3036 meo
3034 2996 3099 3038 ac
3128 2981 3581 3054 coepiscoporum
3617 3001 3755 3040 nos-

2163 3067 2946 3124 trorumetcomministrorum
2991 3077 3211 3124 tuorum
3244 3071 3575 3127 conscientia
3593 3081 3757 3146 amue

2161 3169 2435 3210 consensu
2486 3156 2843 3225 beneﬁciasti,
2908 3166 3173 3230 quatenus
3204 3159 3382 3214 eidem
3415 3161 3758 3220 Nortmanno

2160 3242 2284 3298 illas
2312 3242 2681 3301 beneticiaret.
2709 3266 2731 3295 »
2757 3246 2890 3302 Item
2912 3254 2965 3301 et
2995 3254 3117 3318 post
3145 3247 3355 3320 aliquas
3385 3249 3539 3306 datas
3559 3262 3756 3307 aucto-

2160 3331 2365 3386 ritates.
2406 3353 2427 3384 α
2459 3334 2527 3388 Et
2556 3335 2660 3390 hoc
2691 3342 2799 3389 ate
2829 3335 2903 3390 ita
2933 3335 3378 3394 irrationabiliter
3453 3337 3657 3394 factum
3686 3340 3759 3396 ir-

2160 3420 2530 3476 rationabilius
2559 3422 2856 3478 dissolvisti
2885 3442 2898 3479 :
2933 3423 3025 3496 qui
3054 3432 3261 3481 armata
3305 3426 3534 3481 militare
3563 3443 3754 3499 manu,

2161 3516 2214 3563 et
2241 3510 2503 3581 permista
2533 3511 2682 3585 vulgi
2711 3512 3058 3569 multitudine
3090 3529 3214 3570 cum
3245 3516 3415 3572 armis
3444 3523 3498 3571 et
3516 3515 3755 3572 fustibus

2160 3604 2214 3652 et
2241 3598 2471 3654 tumultu
2518 3600 2774 3667 maximo,
2826 3600 2966 3657 sicut
3010 3601 3198 3658 dicunt
3246 3604 3335 3674 qui
3378 3602 3580 3660 factum
3616 3604 3756 3663 illud

2159 3685 2409 3741 viderunt
2438 3695 2491 3743 et
2519 3689 2828 3756 audierunt,
2873 3691 3127 3747 eumdem
3180 3693 3604 3763 Nortmannum,
3657 3693 3753 3766 qui

2158 3773 2303 3845 ipsas
2332 3791 2423 3830 res
2453 3784 2566 3831 ate
2617 3778 2734 3850 regi
2782 3793 3073 3835 concessas
3114 3796 3217 3851 per
3258 3781 3408 3852 regis
3428 3780 3754 3839 beneficium

2157 3863 2445 3934 retinebat,
2480 3865 2748 3921 violenter
2777 3874 2830 3922 et
2858 3867 2975 3923 sine
3006 3868 3155 3940 regis
3169 3870 3491 3927 auctoritate
3520 3885 3585 3927 ac
3627 3887 3755 3926 ver-

2158 3950 2229 4006 bo
2257 3951 2343 4007 vel
2371 3952 2569 4008 litteris
2608 3954 2879 4026 expulisti,
2913 3956 3142 4027 expulso
3188 3957 3282 4013 illo
3323 3958 3445 4016 illas
3485 3958 3749 4024 invasisti,

2158 4046 2207 4095 et
2239 4039 2294 4093 in
2322 4057 2417 4097 eas
2444 4041 2676 4110 intrasti,
2708 4060 2771 4099 ac
2798 4045 3106 4116 possedisti,
3123 4061 3249 4102 cum
3275 4047 3380 4102 sint
3403 4047 3554 4121 leges
3584 4056 3635 4104 et
3666 4064 3754 4105 re-

2156 4128 2317 4201 gula,
2351 4129 2420 4183 sit
2449 4130 2612 4186 etiam
2634 4147 2729 4186 rex
2777 4140 3000 4203 portans
3040 4134 3280 4206 gladium
3328 4136 3396 4191 ad
3457 4135 3752 4193 vindictam

2154 4216 2583 4286 malefactorum,
2619 4220 2726 4275 sint
2755 4221 2997 4293 episcopi
3026 4230 3076 4280 et
3107 4239 3347 4280 canones
3363 4224 3431 4280 ad
3455 4224 3748 4293 judicanda

2154 4306 2382 4362 crimina
2413 4308 2827 4383 sacrilegorum,
2862 4318 2917 4366 ut
2946 4311 2991 4365 si
3021 4311 3137 4382 ipse
3165 4313 3535 4371 Nortmannus
3561 4329 3751 4385 perva-

453 4404 645 4452 contra
660 4395 1010 4469 privilegium
1040 4405 1144 4454 tua
1172 4399 1489 4471 metropolis
1521 4408 1573 4455 te
1621 4409 1937 4472 oportuerat
1962 4420 2049 4458 re-
2080 4391 2133 4451 D
2156 4410 2247 4450 sor
2267 4412 2449 4451 rerum
2472 4398 2972 4454 ecclesiasticarum
3010 4400 3171 4471 foret,
3189 4402 3396 4475 gladio,
3429 4403 3485 4458 id
3514 4411 3598 4458 est
3641 4403 3758 4459 vin-

451 4484 680 4553 bellare,
712 4485 855 4557 quod
885 4502 995 4541 non
1043 4501 1261 4559 ageres,
1315 4488 1361 4542 si
1393 4488 1575 4545 animo
1607 4490 1804 4545 Paulus
1843 4492 2048 4548 scilicet

448 4573 680 4646 pusillus
700 4582 753 4629 et
772 4574 991 4629 humilis
1014 4590 1186 4631 esses.
1209 4576 1363 4631 Unde
1414 4577 1710 4633 timendum
1752 4587 1852 4647 est,
1883 4596 1950 4637 ne
1995 4588 2049 4636 et

447 4662 502 4716 in
522 4664 626 4719 hoc
638 4662 960 4734 perditionis
980 4661 1149 4717 filium
1181 4663 1430 4732 imiteris,
1478 4666 1569 4737 qui
1621 4666 1944 4724 adversatur
1994 4676 2047 4724 et

449 4750 726 4806 extollitur
754 4767 920 4823 supra
950 4766 1111 4807 omne
1141 4752 1289 4823 quod
1323 4752 1518 4808 dicitur
1564 4754 1734 4822 Deus,
1769 4763 1861 4811 aut
1901 4757 2048 4829 quod

446 4838 679 4894 colitur:
713 4839 806 4910 qui
834 4849 1102 4912 quantum
1131 4857 1198 4896 ex
1233 4849 1285 4896 te
1310 4840 1404 4896 fuit
1436 4841 1710 4897 tradidisti
1761 4859 1876 4911 eos,
1909 4862 2047 4916 quos

444 4926 814 4998 irregulariter
877 4936 935 4983 ut
977 4929 1219 5001 pramisi
1274 4931 1770 5000 excommunicasti,
1815 4948 1926 4988 non
1990 4943 2044 4989 ut

445 5014 747 5072 secundum
771 5017 1091 5086 Apostolum
1108 5018 1333 5089 spiritus
1354 5035 1542 5075 eorum
1556 5019 1708 5084 salvi,
1751 5022 1848 5076 sed
1868 5038 2043 5094 quan-

444 5112 559 5161 tum
590 5103 745 5160 furor
766 5110 817 5159 et
842 5104 1143 5178 indignatio
1177 5115 1263 5162 tua
1277 5109 1579 5178 pravalere
1626 5108 1818 5180 potuit,
1850 5111 2044 5181 perditi

444 5201 632 5250 essent
662 5209 717 5248 in
739 5192 827 5248 die
858 5193 1093 5247 Domini.
1115 5193 1262 5262 Quas
1281 5197 2046 5269 colligationesimpietatis,ut

448 5298 593 5353 sape
613 5282 812 5338 dictum
836 5290 938 5352 est,
964 5290 1015 5337 et
1046 5298 1266 5354 semper
1315 5285 1605 5341 dicendum
1652 5294 1755 5353 est,
1788 5288 2043 5360 quoniam

443 5370 775 5440 regulariter
804 5379 995 5427 contra
1015 5379 1198 5427 votum
1228 5379 1378 5427 tuum
1395 5373 1638 5441 dissolvi,
1671 5382 1721 5430 te
1752 5376 2042 5432 adversum

441 5472 529 5513 me
559 5457 794 5513 erexisti.
833 5478 855 5508 ι
892 5461 1023 5515 Item
1044 5468 1170 5531 post
1187 5461 1536 5518 auctoritates
1557 5479 1721 5535 super
1743 5464 1926 5521 illicita
1941 5481 2041 5521 ex-

2149 4484 2291 4540 dicta
2320 4486 2474 4558 regia
2502 4487 2804 4558 puniretur,
2844 4489 2895 4543 si
2922 4490 3222 4563 sacrilegus
3245 4491 3628 4562 comprobatus
3668 4508 3755 4548 es-

2150 4580 2250 4640 set,
2285 4575 2578 4647 episcOpali
2608 4584 2661 4631 et
2690 4576 2953 4633 canonico
2995 4578 3200 4647 judicio
3221 4579 3578 4648 judicaretur.
3614 4581 3750 4636 Sunt

2149 4661 2314 4717 etiam
2335 4663 2566 4735 judices,
2586 4672 2637 4720 et
2668 4673 2791 4720 sunt
2811 4665 2983 4739 leges,
3009 4682 3236 4738 quorum
3269 4675 3321 4723 et
3349 4684 3576 4740 quarum
3602 4668 3754 4738 judi-

2147 4750 2255 4817 cio,
2284 4751 2328 4805 si
2357 4752 2487 4823 quid
2519 4752 2654 4807 forte
2685 4753 2781 4807 tibi
2811 4761 2863 4808 et
2892 4753 3138 4810 ecclesia
3185 4755 3280 4810 tibi
3311 4757 3618 4812 commissa
3662 4758 3752 4814 in-

2139 4838 2286 4908 juste
2317 4839 2514 4895 factum
2546 4850 2683 4908 erat,
2731 4841 2987 4915 legaliter
3020 4851 3074 4898 et
3113 4844 3440 4916 regulariter
3487 4844 3751 4902 emenda-

2145 4935 2314 4983 retur.
2354 4952 2375 4976 ››
2412 4929 2544 4984 Item
2566 4936 2689 5001 post
2712 4930 2982 5001 quadam,
3016 4932 3291 5002 pracipue
3320 4933 3461 4987 beati
3493 4933 3752 5006 Gregorii

2140 5017 2563 5087 praceptionum
2612 5018 2856 5074 decreta.
2896 5043 2917 5067 υ
2967 5020 3213 5092 Denique
3265 5038 3329 5076 ex
3376 5036 3444 5077 eo
3496 5022 3642 5093 quod
3671 5022 3746 5076 tui

2143 5105 2394 5161 homines
2424 5122 2483 5162 se
2530 5106 2600 5161 ad
2622 5123 2813 5180 regem
2859 5108 3313 5178 reclamaverunt,
3379 5111 3635 5182 quoniam
3681 5110 3750 5165 ab

2143 5192 2227 5247 eis
2259 5210 2354 5248 sua
2374 5193 2660 5261 beneﬁcia,
2693 5213 2815 5267 qua
2841 5197 2984 5267 apud
3025 5206 3402 5253 antecessores
3452 5207 3573 5254 tuos
3617 5215 3756 5260 pra-

2145 5282 2471 5352 servierunt,
2541 5282 2737 5353 injuste
2800 5292 2852 5341 et
2899 5284 3347 5340 irrationabiliter
3400 5286 3750 5353 abstulisses,

2142 5378 2266 5439 post
2296 5371 2484 5425 datum
2515 5373 2628 5443 regi
2653 5381 2705 5428 et
2734 5373 2865 5427 mihi
2895 5373 3138 5430 libellum
3157 5373 3211 5427 in
3244 5375 3454 5445 synodo
3483 5373 3553 5431 de
3611 5391 3766 5447 regu-

2142 5465 2239 5521 lari
2270 5465 2575 5524 obedientia
2606 5477 2693 5525 tua
2725 5470 3022 5526 secundum
3055 5485 3245 5528 sacros
3284 5486 3525 5528 canones
3575 5480 3628 5527 et
3668 5471 3737 5526 de
