4054 6180
238 220 340 272 505
353 255 357 259 ν

929 211 1179 270 OPUSC.
1232 211 1324 268 ET
1377 210 1598 269 EPIST.
1630 211 1703 267 IN
1750 210 1977 269 CAUSA
2032 209 2372 269 HINCMARI
2419 212 2725 271 LAUDU'N.

3450 219 3555 277 sos
3632 200 3635 211 '

248 349 399 399 creta
425 348 617 397 sancta
646 339 795 395 sedis
823 338 1085 396 Romanae
1103 336 1439 411 pontificum,
1460 355 1524 393 ex
1542 337 1751 393 eisdem
1769 353 1856 392 sa-
1882 336 1941 398 Α
1961 335 2051 407 qui
2083 338 2152 393 de
2182 353 2241 392 se
2263 336 2496 406 judicari
2528 353 2638 393 non
2665 338 2951 410 prospicit.
2984 339 3123 395 Nam
3155 340 3385 397 velimus
3413 341 3554 397 noli-

245 431 357 487 cris
390 429 696 487 canonibus
726 427 1088 500 promulgata,
1150 427 1355 483 electos
1376 426 1590 496 judices
1637 426 1852 498 episco-

243 535 345 591 pos
378 518 530 590 apud
559 533 648 572 me
678 517 949 588 expetisti,
983 524 1035 571 et
1066 523 1176 571 tres
1207 515 1507 571 secundum
1536 514 1853 570 Africanum

244 606 562 675 concilium,
615 605 827 661 scilicet
867 605 1190 671 Actardum,
1239 603 1649 675 Ragenelmum,
1691 611 1851 675 atque

242 697 534 761 Joannem,
566 709 600 749 a
627 709 716 749 me
745 692 844 747 tibi
872 693 1190 766 designatos
1221 692 1529 763 suscepisti,
1550 719 1559 726 ~
1580 699 1633 747 et
1662 707 1851 747 eorum

242 791 403 855 atque
446 782 679 837 aliorum
720 782 896 837 Deum
945 780 1251 836 timentium
1292 780 1521 850 judicio,
1571 779 1626 833 in
1665 778 1851 835 domni

245 870 416 943 regis,
458 871 598 926 sicut
629 869 938 941 postulasti,
970 869 1265 941 praesentia
1297 869 1366 924 de
1389 868 1714 942 quibusdam
1747 868 1849 923 de-

240 966 452 1016 cretum
482 958 597 1025 fuit,
634 966 690 1012 ut
738 956 1007 1014 beneficia
1052 973 1168 1027 sua,
1221 974 1344 1029 quae
1401 956 1852 1013 irrationabiliter

241 1046 615 1118 perdiderant,
637 1061 966 1117 recuperare
984 1047 1275 1103 deberent:
1295 1046 1655 1118 quorumdam
1670 1053 1849 1101 autem

239 1151 429 1189 eorum
461 1150 629 1190 causa
651 1150 824 1207 usque
857 1135 926 1190 ad
958 1135 1123 1190 alium
1154 1143 1443 1191 tractatum
1475 1135 1639 1190 certis
1670 1135 1849 1190 causis

241 1221 725 1278 intervenientibus
748 1238 858 1277 non
889 1222 1133 1290 diﬁinita,
1158 1223 1256 1280 sed
1287 1223 1374 1278 die
1405 1223 1512 1278 alia
1541 1222 1850 1279 diﬂinienda

242 1310 524 1377 remansit,
558 1319 611 1366 et
643 1318 699 1366 tu
736 1318 859 1365 ante
891 1309 1266 1367 diﬂinitionem
1313 1320 1505 1367 contra
1535 1327 1723 1368 sacros
1753 1327 1849 1368 ca-

242 1415 434 1466 nones,
469 1408 525 1455 et
546 1399 662 1455 sine
684 1399 795 1453 ulla
810 1400 1138 1456 necessitate
1161 1399 1247 1455 vel
1266 1399 1498 1467 ratione,
1517 1398 1647 1471 fuga
1663 1399 1849 1471 lapsus

243 1489 550 1560 regularem
579 1487 950 1544 diﬁinitionem
1005 1496 1325 1561 exspectare
1376 1489 1766 1560 contempsisti.
1822 1510 1844 1538 »

241 1579 391 1645 Item,
426 1586 552 1649 post
581 1577 764 1649 aliqua
793 1578 862 1633 de
905 1577 1232 1634 canonibus.
1284 1599 1306 1628 ι
1340 1578 1409 1633 Et
1456 1578 1523 1633 ab
1556 1578 1849 1633 electorum

1952 442 2094 493 mus,
2129 433 2220 481 aut
2248 425 2328 480 eis
2358 426 2693 497 purebimus,
2746 436 2837 481 aut
2869 443 3059 483 eorum
3102 428 3306 499 judicio
3333 430 3554 501 percel-

1951 513 2148 581 lemur,
2203 530 2437 586 quorum
2485 515 2759 570 neminem
2826 516 2996 588 aliqui
3026 518 3226 591 quique
3256 518 3554 590 reprobare

1950 602 2216 658 valemus.
2252 604 2332 658 De
2378 603 2810 675 archiepiscopis
2859 613 3041 660 autem
3071 607 3324 680 Remigio
3361 623 3424 663 ac
3453 610 3554 662 Ar-

1951 689 2130 757 duico,
2177 691 2321 763 quod
2369 691 2501 746 mihi
2543 708 2644 763 per
2685 692 3043 749 Teutlandum
3074 694 3364 751 diaconum
3391 711 3553 752 man-

1952 777 2144 848 dastis,
2203 778 2489 851 privilegio
2553 788 2759 837 sancta:
2805 782 3065 838 Romanae
3119 783 3385 840 Ecclesiae
3445 801 3555 842 non

1950 866 2289 937 praejudicat,
2342 868 2439 923 sed
2476 870 2622 940 quod
2667 869 2746 923 eis
2792 870 2988 925 eadem
3040 878 3225 927 sancta
3275 872 3437 928 sedes
3483 874 3553 929 de

1950 971 2038 1010 me
2092 956 2261 1011 voluit
2309 971 2375 1012 ac
2415 957 2680 1028 disposuit
2724 958 3064 1014 committere
3115 960 3401 1015 commisit.
3442 962 3553 1017 Vos

1950 1060 2079 1100 vero
2110 1045 2253 1117 quod
2283 1052 2525 1100 vestrum
2564 1053 2646 1101 est
2676 1046 2851 1119 agite.
2876 1048 2935 1100 In
2966 1046 3201 1104 Domino
3231 1048 3359 1104 Jesu
3391 1049 3555 1105 Chri-

1951 1140 2035 1187 sto
2064 1132 2203 1188 bene
2232 1133 2425 1189 valete.
2466 1154 2487 1183 α
2514 1134 2634 1205 Ego
2650 1134 2979 1189 Hincmarus
3002 1144 3207 1192 sancte
3229 1138 3556 1195 Laudunen—

1946 1221 2023 1276 sis
2053 1221 2297 1277 ecclesias
2345 1222 2637 1294 episcopus
2666 1230 2862 1294 sponte
2911 1224 3235 1296 subscripsi.
3275 1247 3297 1276 ι
3335 1228 3415 1282 De
3443 1243 3553 1300 quo

1949 1309 2165 1381 pittacio
2195 1309 2292 1364 tibi
2318 1309 2500 1365 distuli
2531 1311 2886 1382 respondere,
2919 1320 3117 1382 putans
3146 1320 3199 1369 te
3239 1322 3548 1386 retractare,

1951 1404 2002 1453 et
2068 1414 2098 1451 a
2146 1405 2238 1452 tua
2281 1398 2619 1454 contumacia
2661 1399 2987 1470 resipiscere
3040 1416 3053 1455 :
3116 1407 3174 1456 tu
3214 1408 3395 1458 autem
3441 1420 3554 1459 non

1952 1485 2223 1558 quievisti,
2257 1485 2397 1543 sicut
2430 1502 2593 1543 causa
2624 1486 2903 1542 brevitatis
2930 1488 3140 1544 omitto.
3173 1489 3242 1544 Et
3270 1498 3393 1561 post
3435 1492 3554 1548 haec

1949 1591 2051 1646 per
2080 1574 2342 1632 clericum
2372 1583 2523 1630 tuum
2554 1576 2895 1632 Bertbarium
2942 1576 3145 1634 domno
3199 1578 3318 1653 regi
3348 1578 3555 1636 litteras

238 1666 460 1736 judicio,
490 1674 549 1721 ut
576 1666 824 1738 praedixi,
857 1666 1068 1723 incaute
1089 1683 1151 1723 ac
1171 1666 1457 1723 inhoneste
1488 1666 1619 1740 fuga
1638 1667 1847 1739 lapsus,
1877 1695 1932 1755 B
1954 1671 2072 1719 tuas
2105 1664 2372 1731 direxisti,
2407 1680 2675 1720 excusans
2721 1673 2795 1734 te,
2831 1666 3087 1738 quoniam
3121 1666 3191 1722 ad
3221 1666 3375 1723 illum
3420 1669 3557 1725 sicut

245 1754 550 1809 abscedens
616 1753 929 1824 pitaciolum
994 1753 1443 1810 irrationabiliter
1516 1754 1846 1823 confectum,

248 1848 296 1895 et
325 1856 491 1895 manu
523 1848 614 1895 tua
636 1842 1023 1913 subscriptum,
1051 1858 1113 1898 ac
1131 1841 1373 1913 praefatae
1393 1842 1726 1914 professioni
1752 1850 1856 1899 tua:

246 1944 638 2002 usquequaque
668 1931 1020 1997 contrarium,
1069 1946 1171 2002 per
1222 1932 1616 2011 Ermenqldum
1665 1931 1854 1987 diaco-

251 2034 372 2073 num
434 2026 588 2073 tuum
634 2033 691 2072 vr
749 2019 939 2073 Nonas
985 2018 1152 2074 Julias
1219 2035 1281 2074 ιιι
1343 2019 1663 2076 Indictionis
1725 2018 1858 2075 mihi

250 2106 459 2173 misisti,
494 2107 640 2179 quod
675 2106 748 2162 ita
793 2123 853 2162 se
901 2107 1082 2163 habet.
1117 2110 1584 2165 Reverenlissimo
1624 2108 1857 2165 Ehe-mo-

248 2212 368 2251 rum
398 2196 813 2268 archiepiscopo
843 2197 1166 2263 Hincmaro,
1198 2202 1410 2254 sanctae
1460 2197 1855 2254 Laudunemi:

250 2284 844 2354 ecclesiwﬂincmarus
857 2286 966 2340 Deo
977 2287 1288 2342 miserante
1300 2288 1588 2359 episcOpus
1600 2285 1723 2342 debi
1730 2289 1847 2341 tam

249 2373 305 2428 in
338 2372 560 2428 Christo
575 2372 942 2429 devotionem.
980 2374 1090 2428 Vos
1109 2373 1278 2439 scitis,
1312 2374 1440 2447 quia
1458 2374 1526 2428 ab
1547 2373 1854 2430 universali

253 2467 447 2516 sanctae
477 2461 739 2517 Romanae
768 2461 1030 2517 Ecclesiae
1048 2478 1211 2534 papa,
1243 2470 1398 2533 patre
1424 2478 1640 2536 quoque
1669 2470 1855 2519 nostro

249 2556 297 2604 et
319 2549 583 2623 magistro
614 2549 886 2627 Hadriano
950 2550 1034 2607 bis
1066 2558 1291 2608 vocatus
1320 2551 1511 2618 existo,
1544 2560 1596 2607 et
1622 2568 1722 2608 vos
1751 2552 1857 2623 ipsi

250 2637 302 2691 in
337 2638 807 2711 quaternionibus,
852 2639 985 2694 mihi
1013 2655 1045 2695 a
1090 2640 1248 2696 vobis
1278 2640 1334 2694 in
1362 2640 1630 2696 Attiniaco
1654 2639 1858 2711 palatio

250 2741 428 2782 coram
459 2727 894 2798 archiepiscopis
924 2735 977 2785 et
997 2728 1269 2799 episcOpis
1315 2728 1409 2801 qui
1436 2728 1721 2785 adfuerunt
1748 2729 1852 2783 da-

260 2815 340 2883 tis,
376 2816 524 2886 quod
556 2816 627 2871 ad
657 2816 910 2871 eamdem
943 2816 1133 2873 sedem
1162 2816 1349 2872 venire
1382 2816 1608 2872 totidem
1625 2825 1851 2873 vocatus

258 2904 569 2970 detrectem,
600 2920 689 2959 me
721 2904 1170 2976 reprehendistis,
1207 2904 1253 2959 si
1300 2904 1429 2959 vitio
1445 2904 1725 2976 scriptoris
1748 2920 1850 2977 pro

256 2991 568 3059 detrectem,
602 2994 757 3065 quod
786 3001 867 3048 est
894 2993 1250 3065 .dissimulem
1303 2992 1393 3048 vel
1447 2992 1712 3061 differam,
1754 2994 1850 3047 de-

255 3087 496 3145 tractem,
530 3082 679 3152 quod
701 3081 863 3137 valde
894 3090 1122 3138 tractem
1141 3097 1252 3137 non
1281 3081 1352 3137 ab
1382 3081 1627 3153 refaccipi
1646 3089 1843 3153 potest,

253 3167 734 3249 intercharaxatmn
764 3186 874 3226 non
900 3170 1017 3226 fuit.
1051 3170 1207 3226 Unde
1235 3186 1333 3226 vos
1362 3186 1505 3226 nunc
1533 3186 1629 3241 pro
1658 3185 1844 3226 amore

251 3256 347 3313 Dei
376 3258 762 3329 omnipotentis
792 3267 846 3314 et
876 3258 1179 3315 reverentia
1211 3260 1382 3315 sancti
1410 3258 1555 3315 Petri
1584 3274 1841 3330 exposco,

250 3344 386 3401 sicut
418 3346 477 3401 in
523 3347 716 3403 eadem
759 3349 970 3419 synodo
1009 3347 1065 3403 in
1094 3347 1288 3404 eodem
1317 3347 1582 3403 Attiniaco
1627 3362 1661 3403 a
1689 3348 1845 3403 vobis

249 3442 565 3501 convocata,
598 3436 743 3509 quod
775 3444 828 3491 et
875 3436 1167 3508 impetrare
1212 3452 1321 3492 non
1358 3436 1524 3505 valui,
1562 3432 1844 3506 'expostu-

251 3520 375 3590 lavi,
407 3539 475 3578 ac
506 3524 619 3592 jam
638 3525 801 3579 etiam
822 3541 919 3596 per
948 3525 1222 3599 integrum
1236 3523 1527 3597 efﬂagitavi
1542 3539 1762 3591 annum,
1794 3531 1846 3579 et

254 3611 527 3683 praecipue
557 3611 612 3665 in
651 3613 860 3683 synodo
889 3613 1037 3684 apud
1071 3613 1400 3668 Vermeriam
1432 3612 1688 3683 palatium
1717 3611 1846 3668 olim

250 3698 316 3753 ab
344 3715 480 3756 orno
509 3701 694 3756 habita
724 3702 1064 3758 obsecrando
1092 3701 1410 3772 declamavi,
1454 3716 1597 3757 nunc
1628 3717 1846 3773 quoque

251 3794 301 3841 et
320 3789 569 3855 obsecro,
594 3797 647 3844 et
682 3790 808 3845 item
843 3790 1110 3858 declamo,
1160 3798 1217 3844 ut
1260 3798 1314 3844 et
1332 3791 1594 3847 hactenus
1610 3790 1719 3863 egi,
1739 3805 1847 3861 quo

250 3883 430 3932 vestra
460 3878 912 3950 archiepiscopali
929 3878 1248 3935 auctoritate
1276 3878 1628 3950 apudﬁomni
1643 3877 1849 3950 glorio-

250 3962 445 4019 sissimi
479 3966 631 4038 regis
660 3966 842 4022 Caroli
867 3967 1207 4024 clementiam
1238 3967 1546 4037 obtineatis,
1581 3975 1848 4039 quatenus

250 4052 432 4108 domni
478 4062 530 4108 et
573 4055 904 4112 universalis
958 4073 1113 4127 papae
1174 4056 1403 4111 Adriani
1446 4055 1734 4128 praeceptis
1781 4069 1847 4111 ac

251 4137 677 4199 institutionibus
708 4144 1098 4202 ecclesiasticis
1128 4145 1282 4213 mihi,
1316 4153 1375 4200 ut
1405 4144 1655 4201 omnibus
1684 4160 1848 4215 expe-

250 4230 346 4304 dit,
380 4235 532 4289 velut
576 4233 627 4288 ei
647 4233 737 4306 qui
778 4234 847 4289 de
892 4233 1037 4289 omni
1087 4232 1337 4289 Ecclesia
1382 4232 1466 4287 fas
1511 4232 1674 4288 habet
1695 4231 1846 4303 judi-

252 4324 430 4393 candi,
470 4322 629 4378 liceat
657 4322 904 4392 obedire,
946 4321 1200 4378 videlicet
1227 4329 1286 4377 ut
1314 4320 1501 4376 limina
1530 4328 1848 4377 sanctorum

1956 1752 2054 1809 tibi
2083 1752 2437 1808 mandaverat
2467 1753 2648 1809 venire
2696 1770 2806 1810 non
2833 1771 3048 1826 posses,
3082 1756 3210 1828 quia
3242 1756 3555 1813 febricitans

1957 1850 2014 1897 ut
2034 1849 2084 1897 te
2105 1842 2188 1898 sol
2232 1849 2482 1913 tangeret
2503 1840 2733 1898 sufferre
2755 1844 3023 1914 nequibas
3045 1861 3058 1899 :
3084 1845 3181 1899 sed
3204 1844 3299 1899 tibi
3323 1846 3553 1901 Romam

1958 1930 2121 1985 eundi
2147 1930 2423 1987 licentiam
2469 1933 2625 1988 daret
2653 1932 2952 1989 secundum
2996 1941 3180 1989 votum
3223 1942 3371 1989 tuum
3404 1934 3552 2006 quod

1956 2019 2171 2086 vovisti,
2206 2020 2423 2092 quando
2468 2021 2638 2075 altera
2675 2020 2794 2077 vice
2840 2019 3052 2077 febrem
3094 2021 3348 2089 habuisti,
3381 2029 3440 2077 ut
3483 2022 3555 2078 ad

1958 2115 2262 2163 sanctorum
2315 2108 2686 2179 apostolorum
2745 2109 2930 2165 limina
2996 2108 3135 2165 sicut
3176 2125 3407 2166 voveras
3448 2126 3550 2167 ve-

1956 2196 2132 2265 niens,
2166 2195 2368 2252 ibidem
2396 2197 2462 2251 ab
2494 2196 2686 2252 eadem
2714 2197 2869 2252 febre
2917 2196 3253 2254 liberareris.
3288 2200 3338 2253 Is
3368 2206 3551 2254 autem

1955 2285 2190 2341 domnus
2218 2301 2334 2352 rex,
2368 2301 2551 2342 coram
2582 2286 2857 2358 episcOpis
2906 2293 2959 2342 et
2989 2286 3111 2341 aliis
3143 2286 3255 2343 suis
3299 2286 3550 2344 ﬁdelibus

1956 2374 2050 2446 qui
2079 2373 2388 2441 adfuerunt,
2422 2374 2519 2430 tibi
2547 2391 2644 2447 per
2683 2376 2938 2431 eumdem
2988 2375 3252 2433 clericum
3282 2383 3433 2431 tuum
3462 2394 3551 2434 re-

1954 2462 2253 2530 mandavit,
2287 2463 2483 2519 mirum
2516 2472 2567 2520 et
2595 2480 2705 2520 non
2748 2480 2937 2521 verum
2970 2481 3094 2520 esse
3138 2464 3285 2537 quod
3313 2465 3546 2535 diceres,

1955 2551 2211 2623 quoniam
2259 2552 2329 2609 ad
2375 2552 2526 2608 illum
2572 2554 2761 2609 venire
2807 2569 2917 2609 non
2962 2569 3176 2626 posses,
3225 2561 3277 2609 et
3323 2555 3550 2610 Romam

1955 2640 2107 2696 adire
2152 2640 2386 2697 valeres.
2446 2640 2675 2696 Venires
2713 2650 2891 2697 autem
2935 2642 3005 2697 ad
3053 2641 3226 2712 illum,
3276 2650 3326 2698 et
3357 2642 3403 2696 si
3430 2642 3551 2714 ipse

1952 2743 2055 2799 pro
2085 2743 2249 2783 causa
2286 2728 2588 2783 rationabili
2640 2736 2692 2784 te
2736 2728 2865 2786 illuc
2894 2729 2972 2785 ire
3017 2729 3156 2786 velle
3206 2746 3548 2801 cognoscere

1952 2824 2157 2887 posset,
2196 2815 2293 2870 tibi
2345 2815 2623 2872 licentiam
2665 2833 2779 2873 non
2814 2817 3134 2890 denegaret.
3180 2818 3262 2874 Tu
3302 2834 3436 2875 vero
3478 2819 3547 2875 ad

1953 2920 2077 2959 eum
2107 2903 2291 2960 venire
2320 2904 2563 2973 noluisti,
2614 2906 2790 2963 donec
2819 2906 2960 2963 circa
2988 2906 3267 2962 Kalendas
3304 2908 3549 2979 Septem-

1953 2991 2065 3047 bris
2092 2992 2265 3048 tertiae
2292 2992 2605 3050 indictionis
2659 2995 2728 3050 ad
2775 2994 3048 3052 Silvacum
3094 2995 3165 3052 de
3192 2995 3552 3054 collocatione

1947 3080 2127 3137 fratris
2158 3081 2243 3137 sui
2271 3082 2534 3139 Ludovici
2563 3083 2739 3140 rediit.
2774 3083 2896 3154 Quo
2932 3084 3152 3141 obviam
3193 3084 3269 3140 illi
3299 3085 3545 3153 veniens,

1944 3168 2079 3224 nihil
2109 3185 2233 3226 cum
2254 3187 2339 3239 eo,
2377 3170 2475 3227 sed
2503 3186 2604 3228 nec
2632 3187 2985 3243 mecum,per
3015 3181 3069 3227 te
3098 3172 3185 3228 vel
3200 3173 3398 3229 missos
3428 3181 3549 3229 tuos

1947 3257 2015 3312 de
2044 3257 2264 3314 licentia
2291 3266 2382 3314 tua
2410 3261 2641 3315 Romam
2668 3260 2833 3315 eundi
2863 3260 3061 3315 dixisti.
3107 3260 3216 3316 Sed
3245 3268 3297 3316 et
3327 3260 3546 3332 quando

1946 3345 2101 3401 missi
2129 3346 2316 3403 domni
2346 3348 2631 3419 apostolici
2658 3348 2882 3404 Rhemis
2910 3347 3146 3419 fuerunt,
3180 3348 3421 3420 quotidie
3446 3365 3548 3421 per

1948 3444 2154 3507 septem
2185 3436 2303 3491 dies
2349 3453 2471 3491 cum
2516 3453 2646 3510 rege
2693 3444 2745 3492 et
2774 3452 2990 3492 mecum
3028 3437 3244 3494 locutus
3292 3436 3458 3503 fuisti,
3493 3444 3548 3492 et

1945 3522 2073 3580 inde
2117 3523 2249 3579 nihil
2295 3523 2496 3580 dixisti.
2549 3525 2709 3594 Quod
2756 3524 2897 3582 dicis
2949 3533 3001 3581 te
3048 3526 3105 3581 in
3151 3526 3363 3598 synodo
3401 3526 3545 3598 apud

1947 3612 2303 3679 Vermeriam,
2364 3613 2600 3686 indeque
2671 3613 2818 3686 apud
2875 3614 3206 3671 Attiniacum
3271 3614 3547 3670 licentiam

1948 3700 2110 3756 eundi
2157 3702 2385 3756 Romam
2424 3701 2648 3772 petisse,
2696 3710 2749 3758 et
2789 3702 3087 3775 impetrare
3134 3719 3244 3759 non
3280 3701 3548 3775 potuisse,

1947 3803 2140 3845 omnes
2171 3789 2435 3861 episcopi,
2467 3789 2560 3863 qui
2591 3789 2647 3844 in
2677 3791 2886 3846 eisdem
2940 3792 3167 3864 synodis
3206 3790 3444 3859 fuerunt,
3473 3790 3547 3846 li-

1948 3876 2114 3949 quido
2169 3876 2364 3946 sciunt,
2417 3878 2672 3950 quoniam
2714 3895 2838 3935 cum
2882 3880 2951 3935 de
2980 3880 3087 3935 tuis
3116 3878 3419 3936 insolentiis
3467 3879 3550 3934 in-

1948 3966 2282 4037 crepabaris,
2339 3966 2536 4022 timens
2596 3966 2853 4041 regulare
2898 3967 3184 4037 judicium,
3249 3967 3337 4024 vel
3400 3968 3549 4042 regis

1945 4055 2377 4126 castigationem,
2408 4056 2684 4112 licentiam
2704 4056 2867 4112 eundi
2886 4058 3114 4114 Romam
3142 4057 3389 4129 petebas.
3415 4058 3550 4114 Cum

1947 4160 2079 4200 vero
2125 4144 2369 4212 videbas,
2433 4144 2560 4217 quia
2616 4153 2670 4203 et
2721 4162 2818 4202 rex
2862 4154 2915 4202 et
2958 4145 3203 4217 episcopi
3246 4154 3399 4203 erant
3452 4145 3551 4200 tibi

1946 4232 2268 4304 placabiles,
2299 4232 2367 4287 de
2395 4232 2513 4303 ipsa
2542 4231 2765 4289 licentia
2809 4233 2943 4289 nihil
2988 4234 3227 4304 dicebas,
3277 4234 3417 4290 sicut
3445 4249 3550 4291 nec

1948 4315 2111 4373 modo
2166 4315 2322 4383 facis,
2386 4316 2561 4372 donec
2624 4316 2861 4389 aliquam
2908 4318 3224 4390 novitatem,
3276 4325 3334 4373 ut
3380 4317 3546 4386 soles,

248 4413 625 4485 apostolorum
636 4411 781 4466 Petri
793 4411 997 4467 scilicet
1014 4419 1066 4466 et
1082 4410 1235 4465 Pauli
1252 4418 1551 4480 merear,ut
1574 4409 1849 4477 devovi,et
1875 4406 1927 4467 D
1949 4421 2112 4479 quam
2133 4421 2348 4476 semper
2366 4404 2606 4460 timendo
2627 4413 2904 4477 exspecto,
2932 4406 3123 4462 iterum
3144 4407 3332 4478 facias,
3357 4407 3426 4462 de
3440 4423 3550 4480 qua

249 4500 320 4557 ab
331 4501 528 4558 eodem
545 4500 771 4571 insuper
784 4507 1004 4555 vocatus
1016 4515 1157 4568 sum,
1179 4506 1483 4571 penetrare.
1500 4498 1752 4571 Alioquin
1764 4514 1853 4554 me

248 4590 407 4647 vobis
435 4589 657 4656 abhinc,
689 4595 746 4643 ut
792 4588 1205 4661 archiepiscopo
1246 4587 1607 4659 coepiscopus
1635 4587 1851 4642 obtem-

248 4696 440 4749 perare
452 4679 639 4744 debet,
662 4677 925 4733 canonice
945 4676 1127 4733 sciatis
1148 4678 1380 4750 obsequi
1396 4692 1506 4732 non
1521 4690 1705 4747 posse,
1725 4674 1854 4747 quia

150 4784 153 4793 ’
251 4774 307 4822 ut
337 4767 586 4823 decernit
615 4766 806 4821 beatus
838 4781 982 4838 papa
1013 4765 1288 4833 Gelasius,
1321 4765 1569 4822 nesciunt
1598 4764 1729 4836 quid
1765 4764 1851 4818 lo-

247 4863 508 4928 quuntur,
540 4853 634 4926 qui
662 4853 897 4910 decretis
924 4862 1124 4910 sancta:
1145 4854 1404 4910 Romanae
1419 4852 1682 4909 Ecclesiae
1703 4851 1854 4907 sedis

248 4944 551 5014 praesulum
581 4943 736 5015 quasi
769 4958 1005 4998 canones
1033 4951 1333 5015 opponunt,
1369 4942 1563 5014 quibus
1583 4941 1854 4997 contraire

249 5042 442 5087 contra
483 5047 721 5088 canones
755 5038 838 5086 est
858 5031 1008 5102 ipsos
1044 5048 1103 5086 se
1135 5031 1417 5103 erigere.»
1461 5031 1567 5086 Iste
1602 5029 1856 5086 Gelasius

248 5136 395 5193 papa
418 5120 749 5176 venerabilis
775 5127 827 5175 et
841 5128 1062 5176 sanctus
1082 5136 1273 5175 omnes
1284 5120 1583 5176 decretales
1600 5119 1858 5191 epistolas

248 5210 640 5265 venerabiliter
669 5210 845 5265 sanxit
882 5208 1279 5280 suscipiendas,
1307 5224 1409 5264 nec
1438 5224 1531 5263 eas
1559 5208 1853 5264 venerabi-

248 5296 378 5353 liter
409 5298 658 5368 suscipit,
691 5297 817 5352 licet
846 5296 914 5351 ad
944 5305 1148 5352 tomum
1176 5305 1339 5369 caput
1379 5295 1616 5364 inclinet,
1645 5296 1737 5369 qui
1775 5295 1856 5351 eis

244 5403 355 5442 non
385 5386 577 5442 obedit
608 5387 706 5440 sed
736 5385 916 5456 potius
956 5401 1120 5457 porro
1148 5386 1339 5441 obvias
1369 5399 1563 5440 manus
1591 5385 1850 5454 inferens,

245 5475 398 5548 quod
433 5475 552 5531 sine
581 5473 827 5548 periculo
872 5473 964 5548 agi
1010 5490 1120 5530 non
1147 5481 1343 5547 potest,
1410 5473 1630 5549 reSpuit,
1669 5482 1854 5547 utpote

1952 4492 2309 4565 compellatus
2354 4492 2571 4548 solitam
2619 4493 2929 4549 cantionem
2975 4495 3045 4550 de
3089 4494 3309 4551 licentia
3348 4503 3433 4551 tua
3463 4512 3549 4551 re-

1949 4588 2153 4637 cantes.
2187 4580 2381 4637 Petitio
2408 4589 2588 4637 autem
2608 4589 2702 4637 tua
2728 4582 2871 4653 apud
2899 4583 3157 4638 domnum
3188 4598 3377 4654 regem
3421 4582 3546 4637 talis

1952 4668 2070 4737 fuit,
2119 4670 2337 4742 quando
2383 4671 2454 4726 ad
2497 4687 2622 4727 eum
2655 4670 2871 4740 venisti,
2917 4670 3047 4742 quia
3093 4671 3232 4727 sicut
3277 4670 3464 4742 plures
3494 4679 3551 4726 et

1952 4774 2092 4830 pene
2139 4774 2330 4815 omnes
2371 4758 2426 4814 in
2475 4759 2593 4815 istis
2642 4758 2935 4831 provinciis
3002 4758 3140 4816 scire
3182 4759 3451 4827 dicuntur,
3497 4768 3553 4816 et

1951 4855 2117 4919 patet,
2157 4847 2364 4904 addens
2409 4848 2671 4922 gravibus
2717 4848 2988 4922 graviora,
3039 4847 3186 4904 velut
3214 4847 3332 4919 ipsa
3360 4863 3549 4905 sacro-

1953 4953 2075 4992 rum
2124 4951 2392 4993 canonum
2440 4937 2817 4992 demonstrant
2849 4935 3076 5007 judicia,
3124 4937 3310 4993 nescio
3355 4937 3550 5010 quibus

1952 5026 2444 5082 machinationibus
2486 5025 2768 5098 exquisitis
2812 5040 2846 5080 a
2875 5033 2928 5079 te
2951 5025 3127 5095 jussio
3155 5034 3240 5081 est
3267 5025 3547 5097 principa-

1952 5114 2019 5170 lis
2053 5114 2250 5178 elicita,
2294 5121 2355 5169 ut
2402 5114 2471 5170 de
2500 5115 2584 5169 his
2631 5114 2701 5170 de
2739 5113 2940 5187 quibus
2987 5113 3192 5171 electos
3214 5113 3428 5185 judices
3458 5129 3551 5167 se-

1953 5203 2195 5261 cundum
2221 5217 2411 5258 sacros
2438 5217 2678 5258 canones
2705 5202 2985 5275 expetisti,
3015 5218 3126 5258 non
3154 5201 3329 5258 solum
3360 5216 3555 5259 eorum

1955 5291 2198 5366 querela,
2244 5306 2473 5365 quorum
2516 5306 2684 5349 causa
2728 5308 2905 5366 usque
2944 5291 3015 5347 ad
3063 5289 3230 5346 alium
3266 5296 3552 5347 tractatum

1954 5380 2265 5437 diﬁinienda
2306 5379 2587 5452 remansit,
2654 5396 2845 5436 verum
2894 5388 2948 5437 et
3006 5395 3147 5454 quae,
3196 5386 3253 5434 ut
3294 5377 3432 5447 dixi,
3495 5378 3552 5435 in

1954 5481 2139 5540 domni
2167 5481 2315 5556 regis
2342 5481 2631 5556 praesentia
2659 5482 2953 5539 electorum
2989 5481 3231 5553 judicum
3285 5480 3554 5541 sententia
