  <div class='ocr_page' id='page_1' title='image "/cluster/home/n/w/nwhite01/storage/ocr_20150623/126/hvd.32044052819513/259.png"; bbox 0 0 4054 6180; ppageno 0'>
   <div class='ocr_carea' id='block_1_1' title="bbox 522 265 630 318">
    <p class='ocr_par' dir='ltr' id='par_1_1' title="bbox 522 265 630 318">
     <span class='ocr_line' id='line_1_1' title="bbox 522 265 630 318; baseline 0 0"><span class='ocrx_word' id='word_1_1' title='bbox 522 265 630 318; x_wconf 78' lang='grc'><strong>507</strong></span> 
     </span>
    </p>
   </div>
   <div class='ocr_carea' id='block_1_2' title="bbox 1413 261 2792 320">
    <p class='ocr_par' dir='ltr' id='par_1_2' title="bbox 1413 261 2792 320">
     <span class='ocr_line' id='line_1_2' title="bbox 1413 261 2792 320; baseline -0.001 0"><span class='ocrx_word' id='word_1_2' title='bbox 1413 263 1754 320; x_wconf 79' lang='lat' dir='ltr'>HINCMARI</span> <span class='ocrx_word' id='word_1_3' title='bbox 1791 261 2192 320; x_wconf 82' lang='lat' dir='ltr'>RHEMENSIS</span> <span class='ocrx_word' id='word_1_4' title='bbox 2239 261 2792 320; x_wconf 77' lang='lat' dir='ltr'>ARCHIEPISCOPI.</span> 
     </span>
    </p>
   </div>
   <div class='ocr_carea' id='block_1_3' title="bbox 3721 267 3820 320">
    <p class='ocr_par' dir='ltr' id='par_1_3' title="bbox 3721 267 3820 320">
     <span class='ocr_line' id='line_1_3' title="bbox 3721 267 3820 320; baseline 0 0"><span class='ocrx_word' id='word_1_5' title='bbox 3721 267 3820 320; x_wconf 83' lang='lat'>508</span> 
     </span>
    </p>
   </div>
   <div class='ocr_carea' id='block_1_4' title="bbox 518 385 3818 462">
    <p class='ocr_par' dir='ltr' id='par_1_4' title="bbox 518 385 3818 462">
     <span class='ocr_line' id='line_1_4' title="bbox 518 385 3818 462; baseline 0.002 -20"><span class='ocrx_word' id='word_1_6' title='bbox 518 385 745 444; x_wconf 77' lang='lat' dir='ltr'>ditiinita</span> <span class='ocrx_word' id='word_1_7' title='bbox 772 387 1008 456; x_wconf 88' lang='lat' dir='ltr'>fuerunt,</span> <span class='ocrx_word' id='word_1_8' title='bbox 1031 389 1146 445; x_wconf 88' lang='lat' dir='ltr'>sine</span> <span class='ocrx_word' id='word_1_9' title='bbox 1167 389 1574 461; x_wconf 83' lang='lat' dir='ltr'>metrOpolitani</span> <span class='ocrx_word' id='word_1_10' title='bbox 1595 387 1949 460; x_wconf 81' lang='lat' dir='ltr'>conscientia,</span> <span class='ocrx_word' id='word_1_11' title='bbox 1970 388 2114 442; x_wconf 91' lang='lat' dir='ltr'>sine-</span> <span class='ocrx_word' id='word_1_12' title='bbox 2145 389 2200 449; x_wconf 83' lang='lat' dir='ltr'><strong>A</strong></span> <span class='ocrx_word' id='word_1_13' title='bbox 2227 389 2469 444; x_wconf 79' lang='lat' dir='ltr'>tribuam</span> <span class='ocrx_word' id='word_1_14' title='bbox 2490 389 2570 444; x_wconf 90' lang='lat' dir='ltr'>eis</span> <span class='ocrx_word' id='word_1_15' title='bbox 2587 389 2650 443; x_wconf 87' lang='lat' dir='ltr'>in</span> <span class='ocrx_word' id='word_1_16' title='bbox 2669 393 2933 460; x_wconf 88' lang='lat' dir='ltr'>tempore,</span> <span class='ocrx_word' id='word_1_17' title='bbox 2953 393 3018 444; x_wconf 87' lang='lat' dir='ltr'>ut</span> <span class='ocrx_word' id='word_1_18' title='bbox 3041 389 3267 445; x_wconf 87' lang='lat' dir='ltr'>tabatur</span> <span class='ocrx_word' id='word_1_19' title='bbox 3283 405 3381 461; x_wconf 87' lang='lat' dir='ltr'>pes</span> <span class='ocrx_word' id='word_1_20' title='bbox 3395 405 3590 445; x_wconf 85' lang='lat' dir='ltr'>eorum</span> <span class='ocrx_word' id='word_1_21' title='bbox 3611 405 3624 444; x_wconf 91' lang='lat'>:</span> <span class='ocrx_word' id='word_1_22' title='bbox 3639 393 3818 462; x_wconf 70' lang='lat' dir='ltr'>juxta</span> 
     </span>
    </p>
   </div>
   <div class='ocr_carea' id='block_1_5' title="bbox 517 477 2116 551">
    <p class='ocr_par' dir='ltr' id='par_1_5' title="bbox 517 477 2116 551">
     <span class='ocr_line' id='line_1_5' title="bbox 517 477 2116 551; baseline -0.001 -19"><span class='ocrx_word' id='word_1_23' title='bbox 517 494 621 550; x_wconf 91' lang='lat' dir='ltr'>que</span> <span class='ocrx_word' id='word_1_24' title='bbox 651 478 915 534; x_wconf 87' lang='lat' dir='ltr'>canonico</span> <span class='ocrx_word' id='word_1_25' title='bbox 947 485 998 534; x_wconf 92' lang='lat' dir='ltr'>et</span> <span class='ocrx_word' id='word_1_26' title='bbox 1029 477 1328 551; x_wconf 86' lang='lat' dir='ltr'>episcopali</span> <span class='ocrx_word' id='word_1_27' title='bbox 1366 479 1590 547; x_wconf 90' lang='lat' dir='ltr'>judicio,</span> <span class='ocrx_word' id='word_1_28' title='bbox 1637 494 1738 548; x_wconf 88' lang='lat' dir='ltr'>per</span> <span class='ocrx_word' id='word_1_29' title='bbox 1759 477 1975 548; x_wconf 89' lang='lat' dir='ltr'>judices</span> <span class='ocrx_word' id='word_1_30' title='bbox 2007 494 2116 532; x_wconf 76' lang='lat' dir='ltr'>sae-</span> 
     </span>
    </p>
   </div>
   <div class='ocr_carea' id='block_1_6' title="bbox 517 565 2116 640">
    <p class='ocr_par' dir='ltr' id='par_1_6' title="bbox 517 565 2116 640">
     <span class='ocr_line' id='line_1_6' title="bbox 517 565 2116 640; baseline -0.001 -18"><span class='ocrx_word' id='word_1_31' title='bbox 517 565 750 635; x_wconf 87' lang='lat' dir='ltr'>culares,</span> <span class='ocrx_word' id='word_1_32' title='bbox 808 567 1201 640; x_wconf 88' lang='lat' dir='ltr'>Helmigarium</span> <span class='ocrx_word' id='word_1_33' title='bbox 1259 567 1465 623; x_wconf 82' lang='lat' dir='ltr'>scilicet</span> <span class='ocrx_word' id='word_1_34' title='bbox 1512 567 1743 622; x_wconf 79' lang='lat' dir='ltr'>mercati</span> <span class='ocrx_word' id='word_1_35' title='bbox 1793 565 1982 638; x_wconf 82' lang='lat' dir='ltr'>palatii</span> <span class='ocrx_word' id='word_1_36' title='bbox 2031 573 2116 620; x_wconf 92' lang='lat' dir='ltr'>te-</span> 
     </span>
    </p>
   </div>
   <div class='ocr_carea' id='block_1_7' title="bbox 514 652 2115 722">
    <p class='ocr_par' dir='ltr' id='par_1_7' title="bbox 514 652 2115 722">
     <span class='ocr_line' id='line_1_7' title="bbox 514 652 2115 722; baseline 0.001 -15"><span class='ocrx_word' id='word_1_37' title='bbox 514 652 837 722; x_wconf 87' lang='lat' dir='ltr'>lonearium,</span> <span class='ocrx_word' id='word_1_38' title='bbox 904 663 956 710; x_wconf 89' lang='lat' dir='ltr'>et</span> <span class='ocrx_word' id='word_1_39' title='bbox 1001 655 1334 710; x_wconf 88' lang='lat' dir='ltr'>Flotharium</span> <span class='ocrx_word' id='word_1_40' title='bbox 1385 671 1452 711; x_wconf 89' lang='lat' dir='ltr'>ac</span> <span class='ocrx_word' id='word_1_41' title='bbox 1503 655 1795 711; x_wconf 87' lang='lat' dir='ltr'>Ursioncm</span> <span class='ocrx_word' id='word_1_42' title='bbox 1863 653 2115 710; x_wconf 90' lang='lat' dir='ltr'>villarum</span> 
     </span>
    </p>
   </div>
   <div class='ocr_carea' id='block_1_8' title="bbox 515 743 2112 815">
    <p class='ocr_par' dir='ltr' id='par_1_8' title="bbox 515 743 2112 815">
     <span class='ocr_line' id='line_1_8' title="bbox 515 743 2112 815; baseline -0.001 -18"><span class='ocrx_word' id='word_1_43' title='bbox 515 743 790 815; x_wconf 88' lang='lat' dir='ltr'>regiarum</span> <span class='ocrx_word' id='word_1_44' title='bbox 842 745 1099 814; x_wconf 84' lang='lat' dir='ltr'>majores,</span> <span class='ocrx_word' id='word_1_45' title='bbox 1163 743 1552 800; x_wconf 85' lang='lat' dir='ltr'>refricarentur</span> <span class='ocrx_word' id='word_1_46' title='bbox 1607 751 1796 800; x_wconf 87' lang='lat' dir='ltr'>contra</span> <span class='ocrx_word' id='word_1_47' title='bbox 1856 757 2112 808; x_wconf 86' lang='lat' dir='ltr'>canones,</span> 
     </span>
    </p>
   </div>
   <div class='ocr_carea' id='block_1_9' title="bbox 516 831 2114 904">
    <p class='ocr_par' dir='ltr' id='par_1_9' title="bbox 516 831 2114 904">
     <span class='ocr_line' id='line_1_9' title="bbox 516 831 2114 904; baseline -0.001 -18"><span class='ocrx_word' id='word_1_48' title='bbox 516 831 607 904; x_wconf 89' lang='lat' dir='ltr'>qui</span> <span class='ocrx_word' id='word_1_49' title='bbox 653 833 719 886; x_wconf 90' lang='lat' dir='ltr'>ab</span> <span class='ocrx_word' id='word_1_50' title='bbox 767 833 1154 889; x_wconf 80' lang='lat' dir='ltr'>ecclesiasticis</span> <span class='ocrx_word' id='word_1_51' title='bbox 1201 833 1270 888; x_wconf 86' lang='lat' dir='ltr'>ad</span> <span class='ocrx_word' id='word_1_52' title='bbox 1299 832 1521 901; x_wconf 85' lang='lat' dir='ltr'>majoris</span> <span class='ocrx_word' id='word_1_53' title='bbox 1553 831 1884 888; x_wconf 85' lang='lat' dir='ltr'>auctoritatis</span> <span class='ocrx_word' id='word_1_54' title='bbox 1933 831 2114 886; x_wconf 89' lang='lat' dir='ltr'>eccle-</span> 
     </span>
    </p>
   </div>
   <div class='ocr_carea' id='block_1_10' title="bbox 511 919 2110 990">
    <p class='ocr_par' dir='ltr' id='par_1_10' title="bbox 511 919 2110 990">
     <span class='ocr_line' id='line_1_10' title="bbox 511 919 2110 990; baseline -0.001 -16"><span class='ocrx_word' id='word_1_55' title='bbox 511 919 756 976; x_wconf 89' lang='lat' dir='ltr'>siasticos</span> <span class='ocrx_word' id='word_1_56' title='bbox 797 921 1032 990; x_wconf 87' lang='lat' dir='ltr'>judices,</span> <span class='ocrx_word' id='word_1_57' title='bbox 1067 929 1119 978; x_wconf 89' lang='lat' dir='ltr'>et</span> <span class='ocrx_word' id='word_1_58' title='bbox 1165 937 1274 976; x_wconf 89' lang='lat' dir='ltr'>non</span> <span class='ocrx_word' id='word_1_59' title='bbox 1318 937 1348 975; x_wconf 89' lang='lat' dir='ltr'>a</span> <span class='ocrx_word' id='word_1_60' title='bbox 1391 920 1686 990; x_wconf 86' lang='lat' dir='ltr'>majoribus</span> <span class='ocrx_word' id='word_1_61' title='bbox 1735 921 1805 974; x_wconf 89' lang='lat' dir='ltr'>ad</span> <span class='ocrx_word' id='word_1_62' title='bbox 1853 919 2110 988; x_wconf 84' lang='lat' dir='ltr'>minores,</span> 
     </span>
    </p>
   </div>
   <div class='ocr_carea' id='block_1_11' title="bbox 509 1009 2114 1080">
    <p class='ocr_par' dir='ltr' id='par_1_11' title="bbox 509 1009 2114 1080">
     <span class='ocr_line' id='line_1_11' title="bbox 509 1009 2114 1080; baseline -0.001 -16"><span class='ocrx_word' id='word_1_63' title='bbox 509 1025 610 1064; x_wconf 90' lang='lat' dir='ltr'>nec</span> <span class='ocrx_word' id='word_1_64' title='bbox 639 1010 708 1064; x_wconf 87' lang='lat' dir='ltr'>ab</span> <span class='ocrx_word' id='word_1_65' title='bbox 731 1010 1113 1066; x_wconf 87' lang='lat' dir='ltr'>ecclesiasticis</span> <span class='ocrx_word' id='word_1_66' title='bbox 1134 1011 1204 1064; x_wconf 89' lang='lat' dir='ltr'>ad</span> <span class='ocrx_word' id='word_1_67' title='bbox 1235 1009 1550 1075; x_wconf 65' lang='lat' dir='ltr'>saeculares,</span> <span class='ocrx_word' id='word_1_68' title='bbox 1575 1025 1752 1080; x_wconf 90' lang='lat' dir='ltr'>neque</span> <span class='ocrx_word' id='word_1_69' title='bbox 1790 1024 1822 1063; x_wconf 86' lang='lat' dir='ltr'>a</span> <span class='ocrx_word' id='word_1_70' title='bbox 1843 1024 2114 1063; x_wconf 90' lang='lat' dir='ltr'>consensu</span> 
     </span>
    </p>
   </div>
   <div class='ocr_carea' id='block_1_12' title="bbox 509 1097 2113 1170">
    <p class='ocr_par' dir='ltr' id='par_1_12' title="bbox 509 1097 2113 1170">
     <span class='ocr_line' id='line_1_12' title="bbox 509 1097 2113 1170; baseline -0.002 -18"><span class='ocrx_word' id='word_1_71' title='bbox 509 1097 747 1168; x_wconf 83' lang='lat' dir='ltr'>partium</span> <span class='ocrx_word' id='word_1_72' title='bbox 779 1099 966 1154; x_wconf 88' lang='lat' dir='ltr'>electis</span> <span class='ocrx_word' id='word_1_73' title='bbox 1010 1098 1292 1170; x_wconf 88' lang='lat' dir='ltr'>provocari</span> <span class='ocrx_word' id='word_1_74' title='bbox 1337 1097 1673 1168; x_wconf 88' lang='lat' dir='ltr'>permittunt.</span> <span class='ocrx_word' id='word_1_75' title='bbox 1719 1099 1764 1152; x_wconf 83' lang='lat' dir='ltr'><strong>A</strong></span> <span class='ocrx_word' id='word_1_76' title='bbox 1795 1097 1993 1168; x_wconf 89' lang='lat' dir='ltr'>quibus</span> <span class='ocrx_word' id='word_1_77' title='bbox 2019 1097 2113 1164; x_wconf 92' lang='lat' dir='ltr'>ju-</span> 
     </span>
    </p>
   </div>
   <div class='ocr_carea' id='block_1_13' title="bbox 509 1183 2112 1257">
    <p class='ocr_par' dir='ltr' id='par_1_13' title="bbox 509 1183 2112 1257">
     <span class='ocr_line' id='line_1_13' title="bbox 509 1183 2112 1257; baseline -0.001 -17"><span class='ocrx_word' id='word_1_78' title='bbox 509 1185 720 1241; x_wconf 91' lang='lat' dir='ltr'>dicibus</span> <span class='ocrx_word' id='word_1_79' title='bbox 742 1187 1094 1243; x_wconf 77' lang='lat' dir='ltr'>szecularibus</span> <span class='ocrx_word' id='word_1_80' title='bbox 1127 1202 1159 1240; x_wconf 86' lang='lat' dir='ltr'>a</span> <span class='ocrx_word' id='word_1_81' title='bbox 1187 1193 1240 1240; x_wconf 89' lang='lat' dir='ltr'>te</span> <span class='ocrx_word' id='word_1_82' title='bbox 1267 1185 1502 1257; x_wconf 88' lang='lat' dir='ltr'>pertitis,</span> <span class='ocrx_word' id='word_1_83' title='bbox 1537 1185 1786 1256; x_wconf 68' lang='lat' dir='ltr'>quaedam</span> <span class='ocrx_word' id='word_1_84' title='bbox 1817 1201 1882 1239; x_wconf 85' lang='lat' dir='ltr'>ex</span> <span class='ocrx_word' id='word_1_85' title='bbox 1913 1183 2112 1238; x_wconf 77' lang='lat' dir='ltr'>difﬁni-</span> 
     </span>
    </p>
   </div>
   <div class='ocr_carea' id='block_1_14' title="bbox 507 1272 2112 1346">
    <p class='ocr_par' dir='ltr' id='par_1_14' title="bbox 507 1272 2112 1346">
     <span class='ocr_line' id='line_1_14' title="bbox 507 1272 2112 1346; baseline -0.001 -17"><span class='ocrx_word' id='word_1_86' title='bbox 507 1275 575 1329; x_wconf 92' lang='lat' dir='ltr'>tis</span> <span class='ocrx_word' id='word_1_87' title='bbox 606 1274 861 1332; x_wconf 85' lang='lat' dir='ltr'>refricata</span> <span class='ocrx_word' id='word_1_88' title='bbox 893 1283 947 1330; x_wconf 91' lang='lat' dir='ltr'>et</span> <span class='ocrx_word' id='word_1_89' title='bbox 975 1275 1272 1340; x_wconf 88' lang='lat' dir='ltr'>immutata,</span> <span class='ocrx_word' id='word_1_90' title='bbox 1308 1273 1556 1346; x_wconf 85' lang='lat' dir='ltr'>quaedam</span> <span class='ocrx_word' id='word_1_91' title='bbox 1589 1289 1718 1329; x_wconf 86' lang='lat' dir='ltr'>vero</span> <span class='ocrx_word' id='word_1_92' title='bbox 1747 1291 1812 1328; x_wconf 87' lang='lat' dir='ltr'>ex</span> <span class='ocrx_word' id='word_1_93' title='bbox 1841 1272 2112 1328; x_wconf 79' lang='lat' dir='ltr'>diﬂinien-</span> 
     </span>
    </p>
   </div>
   <div class='ocr_carea' id='block_1_15' title="bbox 506 1361 2112 1434">
    <p class='ocr_par' dir='ltr' id='par_1_15' title="bbox 506 1361 2112 1434">
     <span class='ocr_line' id='line_1_15' title="bbox 506 1361 2112 1434; baseline -0.001 -16"><span class='ocrx_word' id='word_1_94' title='bbox 506 1363 591 1418; x_wconf 91' lang='lat' dir='ltr'>dis</span> <span class='ocrx_word' id='word_1_95' title='bbox 624 1371 748 1418; x_wconf 87' lang='lat' dir='ltr'>sunt</span> <span class='ocrx_word' id='word_1_96' title='bbox 775 1363 1014 1428; x_wconf 81' lang='lat' dir='ltr'>diﬁinita,</span> <span class='ocrx_word' id='word_1_97' title='bbox 1061 1361 1412 1417; x_wconf 84' lang='lat' dir='ltr'>adinventitia</span> <span class='ocrx_word' id='word_1_98' title='bbox 1460 1362 1821 1434; x_wconf 83' lang='lat' dir='ltr'>reputatione,</span> <span class='ocrx_word' id='word_1_99' title='bbox 1859 1362 2002 1424; x_wconf 53' lang='lat' dir='ltr'>sicut,</span> <span class='ocrx_word' id='word_1_100' title='bbox 2044 1363 2112 1416; x_wconf 90' lang='lat' dir='ltr'>ab</span> 
     </span>
    </p>
   </div>
   <div class='ocr_carea' id='block_1_16' title="bbox 505 1445 2111 1522">
    <p class='ocr_par' dir='ltr' id='par_1_16' title="bbox 505 1445 2111 1522">
     <span class='ocr_line' id='line_1_16' title="bbox 505 1445 2111 1522; baseline 0.001 -20"><span class='ocrx_word' id='word_1_101' title='bbox 505 1445 640 1522; x_wconf 89' lang='lat' dir='ltr'>ipsis</span> <span class='ocrx_word' id='word_1_102' title='bbox 687 1451 778 1522; x_wconf 88' lang='lat' dir='ltr'>qui</span> <span class='ocrx_word' id='word_1_103' title='bbox 819 1451 876 1505; x_wconf 93' lang='lat' dir='ltr'>in</span> <span class='ocrx_word' id='word_1_104' title='bbox 919 1451 1114 1506; x_wconf 90' lang='lat' dir='ltr'>eodem</span> <span class='ocrx_word' id='word_1_105' title='bbox 1165 1450 1365 1521; x_wconf 88' lang='lat' dir='ltr'>placito</span> <span class='ocrx_word' id='word_1_106' title='bbox 1395 1449 1612 1505; x_wconf 88' lang='lat' dir='ltr'>fuerunt</span> <span class='ocrx_word' id='word_1_107' title='bbox 1641 1450 1859 1517; x_wconf 90' lang='lat' dir='ltr'>dicitur,</span> <span class='ocrx_word' id='word_1_108' title='bbox 1906 1450 1973 1506; x_wconf 91' lang='lat' dir='ltr'>de</span> <span class='ocrx_word' id='word_1_109' title='bbox 2003 1466 2111 1506; x_wconf 91' lang='lat' dir='ltr'>non</span> 
     </span>
    </p>
   </div>
   <div class='ocr_carea' id='block_1_17' title="bbox 504 1539 2106 1610">
    <p class='ocr_par' dir='ltr' id='par_1_17' title="bbox 504 1539 2106 1610">
     <span class='ocr_line' id='line_1_17' title="bbox 504 1539 2106 1610; baseline -0.002 -15"><span class='ocrx_word' id='word_1_110' title='bbox 504 1539 834 1594; x_wconf 86' lang='lat' dir='ltr'>necessariis</span> <span class='ocrx_word' id='word_1_111' title='bbox 880 1546 933 1593; x_wconf 90' lang='lat' dir='ltr'>et</span> <span class='ocrx_word' id='word_1_112' title='bbox 977 1539 1829 1608; x_wconf 86' lang='lat' dir='ltr'>inconvenientibusjuramentis</span> <span class='ocrx_word' id='word_1_113' title='bbox 1871 1547 2106 1610; x_wconf 87' lang='lat' dir='ltr'>reperta,</span> 
     </span>
    </p>
   </div>
   <div class='ocr_carea' id='block_1_18' title="bbox 503 1626 2108 1698">
    <p class='ocr_par' dir='ltr' id='par_1_18' title="bbox 503 1626 2108 1698">
     <span class='ocr_line' id='line_1_18' title="bbox 503 1626 2108 1698; baseline -0.001 -16"><span class='ocrx_word' id='word_1_114' title='bbox 503 1635 552 1682; x_wconf 93' lang='lat' dir='ltr'>et</span> <span class='ocrx_word' id='word_1_115' title='bbox 581 1643 612 1680; x_wconf 90' lang='lat' dir='ltr'>a</span> <span class='ocrx_word' id='word_1_116' title='bbox 641 1634 692 1681; x_wconf 90' lang='lat' dir='ltr'>te</span> <span class='ocrx_word' id='word_1_117' title='bbox 722 1642 908 1682; x_wconf 90' lang='lat' dir='ltr'>coram</span> <span class='ocrx_word' id='word_1_118' title='bbox 935 1627 1213 1698; x_wconf 65' lang='lat' dir='ltr'>praedictis</span> <span class='ocrx_word' id='word_1_119' title='bbox 1236 1627 1536 1696; x_wconf 88' lang='lat' dir='ltr'>judicibus,</span> <span class='ocrx_word' id='word_1_120' title='bbox 1572 1627 1706 1697; x_wconf 88' lang='lat' dir='ltr'>ipsis</span> <span class='ocrx_word' id='word_1_121' title='bbox 1737 1626 1846 1685; x_wconf 91' lang='lat' dir='ltr'>tuis</span> <span class='ocrx_word' id='word_1_122' title='bbox 1877 1644 2108 1683; x_wconf 88' lang='lat' dir='ltr'>accusa-</span> 
     </span>
    </p>
   </div>
   <div class='ocr_carea' id='block_1_19' title="bbox 2218 476 3814 550">
    <p class='ocr_par' dir='ltr' id='par_1_19' title="bbox 2218 476 3814 550">
     <span class='ocr_line' id='line_1_19' title="bbox 2218 476 3814 550; baseline 0.003 -19"><span class='ocrx_word' id='word_1_123' title='bbox 2218 480 2302 531; x_wconf 86' lang='lat' dir='ltr'>est</span> <span class='ocrx_word' id='word_1_124' title='bbox 2343 476 2460 531; x_wconf 89' lang='lat' dir='ltr'>dies</span> <span class='ocrx_word' id='word_1_125' title='bbox 2505 477 2861 549; x_wconf 77' lang='lat' dir='ltr'>perditionis,</span> <span class='ocrx_word' id='word_1_126' title='bbox 2909 481 2964 532; x_wconf 93' lang='lat' dir='ltr'>et</span> <span class='ocrx_word' id='word_1_127' title='bbox 3007 478 3197 533; x_wconf 80' lang='lat' dir='ltr'>adesse</span> <span class='ocrx_word' id='word_1_128' title='bbox 3235 479 3517 548; x_wconf 75' lang='lat' dir='ltr'>festinant</span> <span class='ocrx_word' id='word_1_129' title='bbox 3562 483 3814 550; x_wconf 87' lang='lat' dir='ltr'>tempora</span> 
     </span>
    </p>
   </div>
   <div class='ocr_carea' id='block_1_20' title="bbox 2218 565 3818 639">
    <p class='ocr_par' dir='ltr' id='par_1_20' title="bbox 2218 565 3818 639">
     <span class='ocr_line' id='line_1_20' title="bbox 2218 565 3818 639; baseline 0.002 -20"><span class='ocrx_word' id='word_1_130' title='bbox 2218 565 2404 634; x_wconf 85' lang='lat' dir='ltr'>(Deut.</span> <span class='ocrx_word' id='word_1_131' title='bbox 2429 579 2615 630; x_wconf 73' lang='lat' dir='ltr'>xxx&quot;,</span> <span class='ocrx_word' id='word_1_132' title='bbox 2636 569 2746 635; x_wconf 73' lang='grc'>34).</span> <span class='ocrx_word' id='word_1_133' title='bbox 2795 565 3002 621; x_wconf 89' lang='lat' dir='ltr'>Etcum</span> <span class='ocrx_word' id='word_1_134' title='bbox 3043 575 3312 621; x_wconf 89' lang='lat' dir='ltr'>tantarum</span> <span class='ocrx_word' id='word_1_135' title='bbox 3325 567 3818 639; x_wconf 87' lang='lat' dir='ltr'>transgressionum</span> 
     </span>
    </p>
   </div>
   <div class='ocr_carea' id='block_1_21' title="bbox 2217 652 3814 726">
    <p class='ocr_par' dir='ltr' id='par_1_21' title="bbox 2217 652 3814 726">
     <span class='ocr_line' id='line_1_21' title="bbox 2217 652 3814 726; baseline 0.004 -19"><span class='ocrx_word' id='word_1_136' title='bbox 2217 652 2514 708; x_wconf 90' lang='lat' dir='ltr'>inveniaris</span> <span class='ocrx_word' id='word_1_137' title='bbox 2537 653 2821 722; x_wconf 89' lang='lat' dir='ltr'>obnoxius,</span> <span class='ocrx_word' id='word_1_138' title='bbox 2843 669 2952 710; x_wconf 93' lang='lat' dir='ltr'>non</span> <span class='ocrx_word' id='word_1_139' title='bbox 2972 671 3158 710; x_wconf 88' lang='lat' dir='ltr'>cessas</span> <span class='ocrx_word' id='word_1_140' title='bbox 3187 671 3273 710; x_wconf 91' lang='lat' dir='ltr'>me</span> <span class='ocrx_word' id='word_1_141' title='bbox 3303 671 3625 726; x_wconf 82' lang='lat' dir='ltr'>provocare,</span> <span class='ocrx_word' id='word_1_142' title='bbox 3657 665 3714 710; x_wconf 88' lang='lat' dir='ltr'>ut</span> <span class='ocrx_word' id='word_1_143' title='bbox 3748 658 3814 713; x_wconf 91' lang='lat' dir='ltr'>de</span> 
     </span>
    </p>
   </div>
   <div class='ocr_carea' id='block_1_22' title="bbox 2215 741 3816 814">
    <p class='ocr_par' dir='ltr' id='par_1_22' title="bbox 2215 741 3816 814">
     <span class='ocr_line' id='line_1_22' title="bbox 2215 741 3816 814; baseline 0.002 -19"><span class='ocrx_word' id='word_1_144' title='bbox 2215 741 2486 812; x_wconf 88' lang='lat' dir='ltr'>promisso</span> <span class='ocrx_word' id='word_1_145' title='bbox 2515 741 2735 812; x_wconf 85' lang='lat' dir='ltr'>pittacio</span> <span class='ocrx_word' id='word_1_146' title='bbox 2765 749 2871 798; x_wconf 71' lang='lat' dir='ltr'>tuae</span> <span class='ocrx_word' id='word_1_147' title='bbox 2900 742 3254 813; x_wconf 88' lang='lat' dir='ltr'>professionis</span> <span class='ocrx_word' id='word_1_148' title='bbox 3285 749 3445 814; x_wconf 89' lang='lat' dir='ltr'>atque</span> <span class='ocrx_word' id='word_1_149' title='bbox 3503 752 3608 798; x_wconf 71' lang='lat' dir='ltr'>tua:</span> <span class='ocrx_word' id='word_1_150' title='bbox 3681 745 3816 799; x_wconf 89' lang='lat' dir='ltr'>sub-</span> 
     </span>
    </p>
   </div>
   <div class='ocr_carea' id='block_1_23' title="bbox 2217 830 3812 902">
    <p class='ocr_par' dir='ltr' id='par_1_23' title="bbox 2217 830 3812 902">
     <span class='ocr_line' id='line_1_23' title="bbox 2217 830 3812 902; baseline 0.003 -19"><span class='ocrx_word' id='word_1_151' title='bbox 2217 830 2545 900; x_wconf 78' lang='lat' dir='ltr'>scriptionis,</span> <span class='ocrx_word' id='word_1_152' title='bbox 2569 831 2639 885; x_wconf 91' lang='lat' dir='ltr'>de</span> <span class='ocrx_word' id='word_1_153' title='bbox 2659 845 2764 902; x_wconf 88' lang='lat' dir='ltr'>quo</span> <span class='ocrx_word' id='word_1_154' title='bbox 2777 831 2890 898; x_wconf 89' lang='lat' dir='ltr'>tibi,</span> <span class='ocrx_word' id='word_1_155' title='bbox 2913 831 3228 902; x_wconf 71' lang='lat' dir='ltr'>utpraedixi,</span> <span class='ocrx_word' id='word_1_156' title='bbox 3251 831 3584 902; x_wconf 89' lang='lat' dir='ltr'>respondere</span> <span class='ocrx_word' id='word_1_157' title='bbox 3623 833 3812 888; x_wconf 88' lang='lat' dir='ltr'>hacte-</span> 
     </span>
    </p>
   </div>
   <div class='ocr_carea' id='block_1_24' title="bbox 2215 917 3816 992">
    <p class='ocr_par' dir='ltr' id='par_1_24' title="bbox 2215 917 3816 992">
     <span class='ocr_line' id='line_1_24' title="bbox 2215 917 3816 992; baseline 0.002 -20"><span class='ocrx_word' id='word_1_158' title='bbox 2215 935 2316 973; x_wconf 90' lang='lat' dir='ltr'>nus</span> <span class='ocrx_word' id='word_1_159' title='bbox 2347 918 2551 984; x_wconf 75' lang='lat' dir='ltr'>distuli,</span> <span class='ocrx_word' id='word_1_160' title='bbox 2586 920 2683 974; x_wconf 90' lang='lat' dir='ltr'>sed</span> <span class='ocrx_word' id='word_1_161' title='bbox 2726 927 2778 974; x_wconf 90' lang='lat' dir='ltr'>et</span> <span class='ocrx_word' id='word_1_162' title='bbox 2833 920 2901 974; x_wconf 90' lang='lat' dir='ltr'>de</span> <span class='ocrx_word' id='word_1_163' title='bbox 2919 919 3038 974; x_wconf 90' lang='lat' dir='ltr'>aliis</span> <span class='ocrx_word' id='word_1_164' title='bbox 3069 920 3170 974; x_wconf 87' lang='lat' dir='ltr'>tuis</span> <span class='ocrx_word' id='word_1_165' title='bbox 3199 917 3627 991; x_wconf 81' lang='lat' dir='ltr'>professionibus</span> <span class='ocrx_word' id='word_1_166' title='bbox 3649 919 3816 992; x_wconf 79' lang='lat' dir='ltr'>atque</span> 
     </span>
    </p>
   </div>
   <div class='ocr_carea' id='block_1_25' title="bbox 2216 1007 3814 1080">
    <p class='ocr_par' dir='ltr' id='par_1_25' title="bbox 2216 1007 3814 1080">
     <span class='ocr_line' id='line_1_25' title="bbox 2216 1007 3814 1080; baseline 0.003 -20"><span class='ocrx_word' id='word_1_167' title='bbox 2216 1007 2704 1078; x_wconf 90' lang='lat' dir='ltr'>subscriptionibus</span> <span class='ocrx_word' id='word_1_168' title='bbox 2735 1008 2820 1062; x_wconf 88' lang='lat' dir='ltr'>vel</span> <span class='ocrx_word' id='word_1_169' title='bbox 2849 1008 3132 1064; x_wconf 88' lang='lat' dir='ltr'>lacessitus</span> <span class='ocrx_word' id='word_1_170' title='bbox 3173 1008 3490 1072; x_wconf 88' lang='lat' dir='ltr'>rescribam,</span> <span class='ocrx_word' id='word_1_171' title='bbox 3552 1017 3814 1080; x_wconf 89' lang='lat' dir='ltr'>quatenus</span> 
     </span>
    </p>
   </div>
   <div class='ocr_carea' id='block_1_26' title="bbox 2215 1095 3812 1168">
    <p class='ocr_par' dir='ltr' id='par_1_26' title="bbox 2215 1095 3812 1168">
     <span class='ocr_line' id='line_1_26' title="bbox 2215 1095 3812 1168; baseline 0.003 -20"><span class='ocrx_word' id='word_1_172' title='bbox 2215 1095 2617 1167; x_wconf 83' lang='lat' dir='ltr'>professionum</span> <span class='ocrx_word' id='word_1_173' title='bbox 2656 1105 2709 1151; x_wconf 86' lang='lat' dir='ltr'>et</span> <span class='ocrx_word' id='word_1_174' title='bbox 2764 1097 3222 1168; x_wconf 91' lang='lat' dir='ltr'>subscriptionum</span> <span class='ocrx_word' id='word_1_175' title='bbox 3293 1105 3510 1152; x_wconf 89' lang='lat' dir='ltr'>tuarum</span> <span class='ocrx_word' id='word_1_176' title='bbox 3561 1097 3812 1153; x_wconf 88' lang='lat' dir='ltr'>historias</span> 
     </span>
    </p>
   </div>
   <div class='ocr_carea' id='block_1_27' title="bbox 2215 1183 3811 1258">
    <p class='ocr_par' dir='ltr' id='par_1_27' title="bbox 2215 1183 3811 1258">
     <span class='ocr_line' id='line_1_27' title="bbox 2215 1183 3811 1258; baseline 0.003 -22"><span class='ocrx_word' id='word_1_177' title='bbox 2215 1183 2403 1253; x_wconf 90' lang='lat' dir='ltr'>plures</span> <span class='ocrx_word' id='word_1_178' title='bbox 2432 1185 2700 1257; x_wconf 80' lang='lat' dir='ltr'>legentes,</span> <span class='ocrx_word' id='word_1_179' title='bbox 2733 1184 2779 1238; x_wconf 92' lang='lat' dir='ltr'>si</span> <span class='ocrx_word' id='word_1_180' title='bbox 2809 1183 2944 1240; x_wconf 88' lang='lat' dir='ltr'>forte</span> <span class='ocrx_word' id='word_1_181' title='bbox 2975 1193 3099 1239; x_wconf 91' lang='lat' dir='ltr'>sunt</span> <span class='ocrx_word' id='word_1_182' title='bbox 3130 1185 3219 1256; x_wconf 88' lang='lat' dir='ltr'>qui</span> <span class='ocrx_word' id='word_1_183' title='bbox 3269 1185 3446 1240; x_wconf 93' lang='lat' dir='ltr'>adhuc</span> <span class='ocrx_word' id='word_1_184' title='bbox 3501 1201 3597 1240; x_wconf 87' lang='lat' dir='ltr'>eas</span> <span class='ocrx_word' id='word_1_185' title='bbox 3653 1186 3811 1258; x_wconf 85' lang='lat' dir='ltr'>igno-</span> 
     </span>
    </p>
   </div>
   <div class='ocr_carea' id='block_1_28' title="bbox 2214 1272 3808 1345">
    <p class='ocr_par' dir='ltr' id='par_1_28' title="bbox 2214 1272 3808 1345">
     <span class='ocr_line' id='line_1_28' title="bbox 2214 1272 3808 1345; baseline 0.002 -19"><span class='ocrx_word' id='word_1_186' title='bbox 2214 1281 2354 1342; x_wconf 89' lang='lat' dir='ltr'>rent,</span> <span class='ocrx_word' id='word_1_187' title='bbox 2390 1289 2575 1328; x_wconf 88' lang='lat' dir='ltr'>earum</span> <span class='ocrx_word' id='word_1_188' title='bbox 2604 1273 2960 1344; x_wconf 85' lang='lat' dir='ltr'>diligentiam,</span> <span class='ocrx_word' id='word_1_189' title='bbox 2994 1272 3261 1329; x_wconf 87' lang='lat' dir='ltr'>cautelam</span> <span class='ocrx_word' id='word_1_190' title='bbox 3290 1289 3503 1345; x_wconf 89' lang='lat' dir='ltr'>quoque</span> <span class='ocrx_word' id='word_1_191' title='bbox 3534 1283 3584 1329; x_wconf 91' lang='lat' dir='ltr'>et</span> <span class='ocrx_word' id='word_1_192' title='bbox 3609 1274 3808 1329; x_wconf 88' lang='lat' dir='ltr'>utilita-</span> 
     </span>
    </p>
   </div>
   <div class='ocr_carea' id='block_1_29' title="bbox 2215 1362 3804 1434">
    <p class='ocr_par' dir='ltr' id='par_1_29' title="bbox 2215 1362 3804 1434">
     <span class='ocr_line' id='line_1_29' title="bbox 2215 1362 3804 1434; baseline 0.003 -20"><span class='ocrx_word' id='word_1_193' title='bbox 2215 1367 2325 1416; x_wconf 90' lang='lat' dir='ltr'>tem</span> <span class='ocrx_word' id='word_1_194' title='bbox 2351 1369 2704 1433; x_wconf 83' lang='lat' dir='ltr'>cognoscant.</span> <span class='ocrx_word' id='word_1_195' title='bbox 2737 1363 2804 1416; x_wconf 88' lang='lat' dir='ltr'>Et</span> <span class='ocrx_word' id='word_1_196' title='bbox 2831 1362 3066 1433; x_wconf 90' lang='lat' dir='ltr'>primum</span> <span class='ocrx_word' id='word_1_197' title='bbox 3097 1363 3318 1434; x_wconf 88' lang='lat' dir='ltr'>quidem</span> <span class='ocrx_word' id='word_1_198' title='bbox 3340 1363 3688 1433; x_wconf 89' lang='lat' dir='ltr'>respondebo</span> <span class='ocrx_word' id='word_1_199' title='bbox 3709 1363 3804 1419; x_wconf 86' lang='lat' dir='ltr'>tibi</span> 
     </span>
    </p>
   </div>
   <div class='ocr_carea' id='block_1_30' title="bbox 2213 1447 3810 1522">
    <p class='ocr_par' dir='ltr' id='par_1_30' title="bbox 2213 1447 3810 1522">
     <span class='ocr_line' id='line_1_30' title="bbox 2213 1447 3810 1522; baseline 0.001 -19"><span class='ocrx_word' id='word_1_200' title='bbox 2213 1447 2282 1504; x_wconf 91' lang='lat' dir='ltr'>de</span> <span class='ocrx_word' id='word_1_201' title='bbox 2313 1448 2542 1520; x_wconf 69' lang='lat' dir='ltr'>praefato</span> <span class='ocrx_word' id='word_1_202' title='bbox 2571 1465 2600 1504; x_wconf 88' lang='lat' dir='ltr'>a</span> <span class='ocrx_word' id='word_1_203' title='bbox 2631 1457 2684 1505; x_wconf 90' lang='lat' dir='ltr'>te</span> <span class='ocrx_word' id='word_1_204' title='bbox 2713 1450 3016 1521; x_wconf 90' lang='lat' dir='ltr'>subscripto</span> <span class='ocrx_word' id='word_1_205' title='bbox 3045 1450 3291 1522; x_wconf 88' lang='lat' dir='ltr'>pittacio,</span> <span class='ocrx_word' id='word_1_206' title='bbox 3323 1450 3380 1504; x_wconf 90' lang='lat' dir='ltr'>in</span> <span class='ocrx_word' id='word_1_207' title='bbox 3411 1467 3517 1522; x_wconf 92' lang='lat' dir='ltr'>quo</span> <span class='ocrx_word' id='word_1_208' title='bbox 3535 1451 3731 1507; x_wconf 89' lang='lat' dir='ltr'>scribis</span> <span class='ocrx_word' id='word_1_209' title='bbox 3753 1451 3810 1506; x_wconf 94' lang='lat' dir='ltr'>in</span> 
     </span>
    </p>
   </div>
   <div class='ocr_carea' id='block_1_31' title="bbox 2213 1537 3808 1610">
    <p class='ocr_par' dir='ltr' id='par_1_31' title="bbox 2213 1537 3808 1610">
     <span class='ocr_line' id='line_1_31' title="bbox 2213 1537 3808 1610; baseline 0.003 -20"><span class='ocrx_word' id='word_1_210' title='bbox 2213 1537 2540 1593; x_wconf 89' lang='lat' dir='ltr'>adminiculo</span> <span class='ocrx_word' id='word_1_211' title='bbox 2569 1545 2660 1593; x_wconf 89' lang='lat' dir='ltr'>tuo</span> <span class='ocrx_word' id='word_1_212' title='bbox 2693 1546 2746 1593; x_wconf 91' lang='lat' dir='ltr'>te</span> <span class='ocrx_word' id='word_1_213' title='bbox 2774 1553 2808 1594; x_wconf 84' lang='lat' dir='ltr'>a</span> <span class='ocrx_word' id='word_1_214' title='bbox 2836 1555 2924 1593; x_wconf 90' lang='lat' dir='ltr'>me</span> <span class='ocrx_word' id='word_1_215' title='bbox 2954 1540 3371 1610; x_wconf 89' lang='lat' dir='ltr'>reprehensum,</span> <span class='ocrx_word' id='word_1_216' title='bbox 3432 1547 3486 1594; x_wconf 88' lang='lat' dir='ltr'>et</span> <span class='ocrx_word' id='word_1_217' title='bbox 3539 1555 3663 1595; x_wconf 89' lang='lat' dir='ltr'>esse</span> <span class='ocrx_word' id='word_1_218' title='bbox 3719 1555 3808 1596; x_wconf 89' lang='lat' dir='ltr'>me</span> 
     </span>
    </p>
   </div>
   <div class='ocr_carea' id='block_1_32' title="bbox 2212 1625 3809 1700">
    <p class='ocr_par' dir='ltr' id='par_1_32' title="bbox 2212 1625 3809 1700">
     <span class='ocr_line' id='line_1_32' title="bbox 2212 1625 3809 1700; baseline 0.002 -21"><span class='ocrx_word' id='word_1_219' title='bbox 2212 1625 2453 1680; x_wconf 88' lang='lat' dir='ltr'>ostendis</span> <span class='ocrx_word' id='word_1_220' title='bbox 2485 1626 2988 1698; x_wconf 88' lang='lat' dir='ltr'>reprehensibilem,</span> <span class='ocrx_word' id='word_1_221' title='bbox 3023 1628 3120 1682; x_wconf 91' lang='lat' dir='ltr'>sed</span> <span class='ocrx_word' id='word_1_222' title='bbox 3149 1643 3253 1700; x_wconf 89' lang='lat' dir='ltr'>ego</span> <span class='ocrx_word' id='word_1_223' title='bbox 3285 1635 3465 1698; x_wconf 85' lang='lat' dir='ltr'>spreta</span> <span class='ocrx_word' id='word_1_224' title='bbox 3507 1630 3809 1698; x_wconf 88' lang='lat' dir='ltr'>reprehen-</span> 
     </span>
    </p>
   </div>
   <div class='ocr_carea' id='block_1_33' title="bbox 503 1713 3812 1804">
    <p class='ocr_par' dir='ltr' id='par_1_33' title="bbox 503 1713 3812 1804">
     <span class='ocr_line' id='line_1_33' title="bbox 503 1713 3812 1804; baseline 0.001 -35"><span class='ocrx_word' id='word_1_225' title='bbox 503 1715 730 1782; x_wconf 90' lang='lat' dir='ltr'>toribus,</span> <span class='ocrx_word' id='word_1_226' title='bbox 756 1732 894 1788; x_wconf 91' lang='lat' dir='ltr'>quos</span> <span class='ocrx_word' id='word_1_227' title='bbox 926 1724 1116 1773; x_wconf 89' lang='lat' dir='ltr'>contra</span> <span class='ocrx_word' id='word_1_228' title='bbox 1148 1717 1352 1772; x_wconf 87' lang='lat' dir='ltr'>electos</span> <span class='ocrx_word' id='word_1_229' title='bbox 1376 1716 1590 1784; x_wconf 90' lang='lat' dir='ltr'>judices</span> <span class='ocrx_word' id='word_1_230' title='bbox 1620 1715 1758 1771; x_wconf 88' lang='lat' dir='ltr'>sicut</span> <span class='ocrx_word' id='word_1_231' title='bbox 1801 1717 2105 1788; x_wconf 89' lang='lat' dir='ltr'>expetieras</span> <span class='ocrx_word' id='word_1_232' title='bbox 2135 1745 2188 1804; x_wconf 85' lang='lat' dir='ltr'>B</span> <span class='ocrx_word' id='word_1_233' title='bbox 2212 1713 2365 1768; x_wconf 89' lang='lat' dir='ltr'>sione</span> <span class='ocrx_word' id='word_1_234' title='bbox 2393 1721 2502 1780; x_wconf 87' lang='lat' dir='ltr'>tua,</span> <span class='ocrx_word' id='word_1_235' title='bbox 2539 1731 2646 1786; x_wconf 87' lang='lat' dir='ltr'>qua</span> <span class='ocrx_word' id='word_1_236' title='bbox 2675 1732 2781 1781; x_wconf 89' lang='lat' dir='ltr'>me,</span> <span class='ocrx_word' id='word_1_237' title='bbox 2816 1715 2969 1788; x_wconf 87' lang='lat' dir='ltr'>quasi</span> <span class='ocrx_word' id='word_1_238' title='bbox 2999 1717 3100 1770; x_wconf 89' lang='lat' dir='ltr'>sub</span> <span class='ocrx_word' id='word_1_239' title='bbox 3157 1717 3392 1788; x_wconf 88' lang='lat' dir='ltr'>quodam</span> <span class='ocrx_word' id='word_1_240' title='bbox 3445 1716 3812 1772; x_wconf 83' lang='lat' dir='ltr'>excusationis</span> 
     </span>
    </p>
   </div>
   <div class='ocr_carea' id='block_1_34' title="bbox 504 1805 2108 1876">
    <p class='ocr_par' dir='ltr' id='par_1_34' title="bbox 504 1805 2108 1876">
     <span class='ocr_line' id='line_1_34' title="bbox 504 1805 2108 1876; baseline 0.002 -19"><span class='ocrx_word' id='word_1_241' title='bbox 504 1805 820 1876; x_wconf 80' lang='lat' dir='ltr'>suscepisti,</span> <span class='ocrx_word' id='word_1_242' title='bbox 845 1805 1127 1876; x_wconf 85' lang='lat' dir='ltr'>proposita</span> <span class='ocrx_word' id='word_1_243' title='bbox 1161 1823 1173 1859; x_wconf 93' lang='lat'><strong>:</strong></span> <span class='ocrx_word' id='word_1_244' title='bbox 1211 1813 1474 1876; x_wconf 89' lang='lat' dir='ltr'>quatenus</span> <span class='ocrx_word' id='word_1_245' title='bbox 1505 1813 1557 1860; x_wconf 91' lang='lat' dir='ltr'>et</span> <span class='ocrx_word' id='word_1_246' title='bbox 1585 1805 1652 1872; x_wconf 90' lang='lat' dir='ltr'>is,</span> <span class='ocrx_word' id='word_1_247' title='bbox 1687 1805 1754 1860; x_wconf 89' lang='lat' dir='ltr'>de</span> <span class='ocrx_word' id='word_1_248' title='bbox 1787 1821 1893 1876; x_wconf 86' lang='lat' dir='ltr'>quo</span> <span class='ocrx_word' id='word_1_249' title='bbox 1924 1805 2108 1876; x_wconf 90' lang='lat' dir='ltr'>legali-</span> 
     </span>
    </p>
   </div>
   <div class='ocr_carea' id='block_1_35' title="bbox 501 1892 2106 1964">
    <p class='ocr_par' dir='ltr' id='par_1_35' title="bbox 501 1892 2106 1964">
     <span class='ocr_line' id='line_1_35' title="bbox 501 1892 2106 1964; baseline 0.002 -18"><span class='ocrx_word' id='word_1_250' title='bbox 501 1899 582 1948; x_wconf 91' lang='lat' dir='ltr'>ter</span> <span class='ocrx_word' id='word_1_251' title='bbox 621 1901 674 1949; x_wconf 91' lang='lat' dir='ltr'>et</span> <span class='ocrx_word' id='word_1_252' title='bbox 723 1893 1049 1964; x_wconf 89' lang='lat' dir='ltr'>regulariter</span> <span class='ocrx_word' id='word_1_253' title='bbox 1092 1892 1378 1948; x_wconf 77' lang='lat' dir='ltr'>diﬁinitum</span> <span class='ocrx_word' id='word_1_254' title='bbox 1421 1893 1617 1960; x_wconf 85' lang='lat' dir='ltr'>fuerat,</span> <span class='ocrx_word' id='word_1_255' title='bbox 1687 1901 1746 1947; x_wconf 92' lang='lat' dir='ltr'>ut</span> <span class='ocrx_word' id='word_1_256' title='bbox 1784 1892 2106 1950; x_wconf 87' lang='lat' dir='ltr'>beneficium</span> 
     </span>
    </p>
   </div>
   <div class='ocr_carea' id='block_1_36' title="bbox 501 1982 2104 2054">
    <p class='ocr_par' dir='ltr' id='par_1_36' title="bbox 501 1982 2104 2054">
     <span class='ocr_line' id='line_1_36' title="bbox 501 1982 2104 2054; baseline 0.001 -18"><span class='ocrx_word' id='word_1_257' title='bbox 501 1998 663 2038; x_wconf 90' lang='lat' dir='ltr'>suum</span> <span class='ocrx_word' id='word_1_258' title='bbox 705 1982 950 2050; x_wconf 86' lang='lat' dir='ltr'>haberet,</span> <span class='ocrx_word' id='word_1_259' title='bbox 996 1982 1140 2054; x_wconf 89' lang='lat' dir='ltr'>quod</span> <span class='ocrx_word' id='word_1_260' title='bbox 1169 1991 1357 2038; x_wconf 88' lang='lat' dir='ltr'>contra</span> <span class='ocrx_word' id='word_1_261' title='bbox 1404 1983 1665 2037; x_wconf 88' lang='lat' dir='ltr'>rationem</span> <span class='ocrx_word' id='word_1_262' title='bbox 1697 1990 1750 2037; x_wconf 90' lang='lat' dir='ltr'>et</span> <span class='ocrx_word' id='word_1_263' title='bbox 1797 1983 2104 2054; x_wconf 68' lang='lat' dir='ltr'>aequitatem</span> 
     </span>
    </p>
   </div>
   <div class='ocr_carea' id='block_1_37' title="bbox 498 2071 2100 2143">
    <p class='ocr_par' dir='ltr' id='par_1_37' title="bbox 498 2071 2100 2143">
     <span class='ocr_line' id='line_1_37' title="bbox 498 2071 2100 2143; baseline -0.001 -17"><span class='ocrx_word' id='word_1_264' title='bbox 498 2071 830 2143; x_wconf 87' lang='lat' dir='ltr'>perdiderat,</span> <span class='ocrx_word' id='word_1_265' title='bbox 889 2071 1084 2127; x_wconf 88' lang='lat' dir='ltr'>eadem</span> <span class='ocrx_word' id='word_1_266' title='bbox 1123 2071 1507 2127; x_wconf 89' lang='lat' dir='ltr'>adinventione</span> <span class='ocrx_word' id='word_1_267' title='bbox 1555 2071 1850 2126; x_wconf 82' lang='lat' dir='ltr'>dimitteret</span> <span class='ocrx_word' id='word_1_268' title='bbox 1882 2089 1896 2125; x_wconf 92' lang='lat'>:</span> <span class='ocrx_word' id='word_1_269' title='bbox 1927 2080 1980 2126; x_wconf 87' lang='lat' dir='ltr'>et</span> <span class='ocrx_word' id='word_1_270' title='bbox 2005 2071 2100 2142; x_wconf 91' lang='lat' dir='ltr'>illi,</span> 
     </span>
    </p>
   </div>
   <div class='ocr_carea' id='block_1_38' title="bbox 501 2159 2102 2232">
    <p class='ocr_par' dir='ltr' id='par_1_38' title="bbox 501 2159 2102 2232">
     <span class='ocr_line' id='line_1_38' title="bbox 501 2159 2102 2232; baseline 0 -18"><span class='ocrx_word' id='word_1_271' title='bbox 501 2159 697 2231; x_wconf 91' lang='lat' dir='ltr'>quibus</span> <span class='ocrx_word' id='word_1_272' title='bbox 721 2159 1022 2229; x_wconf 88' lang='lat' dir='ltr'>judicatum</span> <span class='ocrx_word' id='word_1_273' title='bbox 1047 2159 1241 2228; x_wconf 83' lang='lat' dir='ltr'>fuerat,</span> <span class='ocrx_word' id='word_1_274' title='bbox 1276 2167 1335 2216; x_wconf 91' lang='lat' dir='ltr'>ut</span> <span class='ocrx_word' id='word_1_275' title='bbox 1363 2160 1620 2232; x_wconf 90' lang='lat' dir='ltr'>quoniam</span> <span class='ocrx_word' id='word_1_276' title='bbox 1649 2168 1705 2214; x_wconf 87' lang='lat' dir='ltr'>tu</span> <span class='ocrx_word' id='word_1_277' title='bbox 1736 2168 1860 2230; x_wconf 92' lang='lat' dir='ltr'>post</span> <span class='ocrx_word' id='word_1_278' title='bbox 1891 2160 2102 2232; x_wconf 82' lang='lat' dir='ltr'>expeti-</span> 
     </span>
    </p>
   </div>
   <div class='ocr_carea' id='block_1_39' title="bbox 497 2247 2100 2317">
    <p class='ocr_par' dir='ltr' id='par_1_39' title="bbox 497 2247 2100 2317">
     <span class='ocr_line' id='line_1_39' title="bbox 497 2247 2100 2317; baseline 0 -15"><span class='ocrx_word' id='word_1_279' title='bbox 497 2255 610 2302; x_wconf 90' lang='lat' dir='ltr'>tum</span> <span class='ocrx_word' id='word_1_280' title='bbox 670 2248 968 2303; x_wconf 90' lang='lat' dir='ltr'>electorum</span> <span class='ocrx_word' id='word_1_281' title='bbox 1011 2248 1276 2316; x_wconf 86' lang='lat' dir='ltr'>judicium</span> <span class='ocrx_word' id='word_1_282' title='bbox 1325 2249 1471 2302; x_wconf 91' lang='lat' dir='ltr'>idem</span> <span class='ocrx_word' id='word_1_283' title='bbox 1515 2247 1782 2317; x_wconf 90' lang='lat' dir='ltr'>judicium</span> <span class='ocrx_word' id='word_1_284' title='bbox 1825 2247 2100 2304; x_wconf 89' lang='lat' dir='ltr'>subterfu-</span> 
     </span>
    </p>
   </div>
   <div class='ocr_carea' id='block_1_40' title="bbox 497 2334 2101 2408">
    <p class='ocr_par' dir='ltr' id='par_1_40' title="bbox 497 2334 2101 2408">
     <span class='ocr_line' id='line_1_40' title="bbox 497 2334 2101 2408; baseline 0.002 -20"><span class='ocrx_word' id='word_1_285' title='bbox 497 2334 644 2408; x_wconf 86' lang='lat' dir='ltr'>gisti,</span> <span class='ocrx_word' id='word_1_286' title='bbox 701 2334 962 2390; x_wconf 81' lang='lat' dir='ltr'>beneficia</span> <span class='ocrx_word' id='word_1_287' title='bbox 1003 2351 1103 2390; x_wconf 88' lang='lat' dir='ltr'>sua</span> <span class='ocrx_word' id='word_1_288' title='bbox 1159 2352 1334 2408; x_wconf 88' lang='lat' dir='ltr'>usque</span> <span class='ocrx_word' id='word_1_289' title='bbox 1363 2336 1432 2390; x_wconf 90' lang='lat' dir='ltr'>ad</span> <span class='ocrx_word' id='word_1_290' title='bbox 1461 2335 1698 2408; x_wconf 86' lang='lat' dir='ltr'>legalem</span> <span class='ocrx_word' id='word_1_291' title='bbox 1729 2335 2101 2392; x_wconf 79' lang='lat' dir='ltr'>ditiinitionem</span> 
     </span>
    </p>
   </div>
   <div class='ocr_carea' id='block_1_41' title="bbox 497 2423 2102 2496">
    <p class='ocr_par' dir='ltr' id='par_1_41' title="bbox 497 2423 2102 2496">
     <span class='ocr_line' id='line_1_41' title="bbox 497 2423 2102 2496; baseline 0.002 -18"><span class='ocrx_word' id='word_1_292' title='bbox 497 2431 769 2492; x_wconf 86' lang='lat' dir='ltr'>tenerent,</span> <span class='ocrx_word' id='word_1_293' title='bbox 803 2423 1074 2481; x_wconf 83' lang='lat' dir='ltr'>beneficia</span> <span class='ocrx_word' id='word_1_294' title='bbox 1103 2425 1221 2496; x_wconf 89' lang='lat' dir='ltr'>ipsa</span> <span class='ocrx_word' id='word_1_295' title='bbox 1251 2425 1590 2491; x_wconf 88' lang='lat' dir='ltr'>desererent,</span> <span class='ocrx_word' id='word_1_296' title='bbox 1617 2435 1669 2480; x_wconf 92' lang='lat' dir='ltr'>et</span> <span class='ocrx_word' id='word_1_297' title='bbox 1697 2433 1752 2480; x_wconf 92' lang='lat' dir='ltr'>tu</span> <span class='ocrx_word' id='word_1_298' title='bbox 1785 2425 1928 2496; x_wconf 90' lang='lat' dir='ltr'>quod</span> <span class='ocrx_word' id='word_1_299' title='bbox 1960 2425 2102 2481; x_wconf 90' lang='lat' dir='ltr'>ince-</span> 
     </span>
    </p>
   </div>
   <div class='ocr_carea' id='block_1_42' title="bbox 441 2511 2101 2584">
    <p class='ocr_par' dir='ltr' id='par_1_42' title="bbox 441 2511 2101 2584">
     <span class='ocr_line' id='line_1_42' title="bbox 441 2511 2101 2584; baseline 0.001 -18"><span class='ocrx_word' id='word_1_300' title='bbox 441 2513 448 2520; x_wconf 77' lang='grc'><strong><em>“</em></strong></span> <span class='ocrx_word' id='word_1_301' title='bbox 494 2512 624 2584; x_wconf 88' lang='lat' dir='ltr'>pisti</span> <span class='ocrx_word' id='word_1_302' title='bbox 652 2511 1011 2578; x_wconf 89' lang='lat' dir='ltr'>evindicares,</span> <span class='ocrx_word' id='word_1_303' title='bbox 1043 2530 1166 2569; x_wconf 90' lang='lat' dir='ltr'>cum</span> <span class='ocrx_word' id='word_1_304' title='bbox 1201 2513 1337 2569; x_wconf 92' lang='lat' dir='ltr'>sicut</span> <span class='ocrx_word' id='word_1_305' title='bbox 1367 2514 1462 2568; x_wconf 89' lang='lat' dir='ltr'>tibi</span> <span class='ocrx_word' id='word_1_306' title='bbox 1483 2529 1592 2568; x_wconf 91' lang='lat' dir='ltr'>non</span> <span class='ocrx_word' id='word_1_307' title='bbox 1621 2513 1746 2569; x_wconf 90' lang='lat' dir='ltr'>licet</span> <span class='ocrx_word' id='word_1_308' title='bbox 1777 2515 1845 2569; x_wconf 90' lang='lat' dir='ltr'>de</span> <span class='ocrx_word' id='word_1_309' title='bbox 1874 2529 2101 2570; x_wconf 87' lang='lat' dir='ltr'>accusa-</span> 
     </span>
    </p>
   </div>
   <div class='ocr_carea' id='block_1_43' title="bbox 495 2600 2097 2670">
    <p class='ocr_par' dir='ltr' id='par_1_43' title="bbox 495 2600 2097 2670">
     <span class='ocr_line' id='line_1_43' title="bbox 495 2600 2097 2670; baseline 0.002 -15"><span class='ocrx_word' id='word_1_310' title='bbox 495 2600 659 2668; x_wconf 90' lang='lat' dir='ltr'>tione,</span> <span class='ocrx_word' id='word_1_311' title='bbox 712 2602 826 2658; x_wconf 88' lang='lat' dir='ltr'>sive</span> <span class='ocrx_word' id='word_1_312' title='bbox 874 2602 1174 2658; x_wconf 84' lang='lat' dir='ltr'>criminalis</span> <span class='ocrx_word' id='word_1_313' title='bbox 1235 2617 1434 2670; x_wconf 63' lang='lat' dir='ltr'>causa,</span> <span class='ocrx_word' id='word_1_314' title='bbox 1489 2603 1602 2658; x_wconf 91' lang='lat' dir='ltr'>sive</span> <span class='ocrx_word' id='word_1_315' title='bbox 1655 2603 1848 2669; x_wconf 88' lang='lat' dir='ltr'>civilis,</span> <span class='ocrx_word' id='word_1_316' title='bbox 1911 2603 2097 2659; x_wconf 88' lang='lat' dir='ltr'>relicto</span> 
     </span>
    </p>
   </div>
   <div class='ocr_carea' id='block_1_44' title="bbox 493 2691 2098 2766">
    <p class='ocr_par' dir='ltr' id='par_1_44' title="bbox 493 2691 2098 2766">
     <span class='ocr_line' id='line_1_44' title="bbox 493 2691 2098 2766; baseline 0.001 -21"><span class='ocrx_word' id='word_1_317' title='bbox 493 2691 884 2758; x_wconf 87' lang='lat' dir='ltr'>ecclesiastico,</span> <span class='ocrx_word' id='word_1_318' title='bbox 919 2691 1134 2762; x_wconf 90' lang='lat' dir='ltr'>publico</span> <span class='ocrx_word' id='word_1_319' title='bbox 1174 2692 1402 2766; x_wconf 88' lang='lat' dir='ltr'>purgari</span> <span class='ocrx_word' id='word_1_320' title='bbox 1429 2691 1655 2760; x_wconf 91' lang='lat' dir='ltr'>judicio,</span> <span class='ocrx_word' id='word_1_321' title='bbox 1691 2692 1764 2746; x_wconf 91' lang='lat' dir='ltr'>ita</span> <span class='ocrx_word' id='word_1_322' title='bbox 1794 2691 1956 2747; x_wconf 91' lang='lat' dir='ltr'>etiam</span> <span class='ocrx_word' id='word_1_323' title='bbox 1987 2709 2098 2747; x_wconf 88' lang='lat' dir='ltr'>non</span> 
     </span>
    </p>
   </div>
   <div class='ocr_carea' id='block_1_45' title="bbox 489 2778 2094 2851">
    <p class='ocr_par' dir='ltr' id='par_1_45' title="bbox 489 2778 2094 2851">
     <span class='ocr_line' id='line_1_45' title="bbox 489 2778 2094 2851; baseline 0.002 -17"><span class='ocrx_word' id='word_1_324' title='bbox 489 2778 616 2835; x_wconf 89' lang='lat' dir='ltr'>licet</span> <span class='ocrx_word' id='word_1_325' title='bbox 674 2781 790 2846; x_wconf 92' lang='lat' dir='ltr'>tibi,</span> <span class='ocrx_word' id='word_1_326' title='bbox 849 2781 1155 2850; x_wconf 89' lang='lat' dir='ltr'>postposito</span> <span class='ocrx_word' id='word_1_327' title='bbox 1219 2781 1306 2836; x_wconf 90' lang='lat' dir='ltr'>vel</span> <span class='ocrx_word' id='word_1_328' title='bbox 1367 2789 1678 2851; x_wconf 90' lang='lat' dir='ltr'>contempto</span> <span class='ocrx_word' id='word_1_329' title='bbox 1725 2781 2094 2838; x_wconf 88' lang='lat' dir='ltr'>ecclesiastico</span> 
     </span>
    </p>
   </div>
   <div class='ocr_carea' id='block_1_46' title="bbox 488 2867 2095 2940">
    <p class='ocr_par' dir='ltr' id='par_1_46' title="bbox 488 2867 2095 2940">
     <span class='ocr_line' id='line_1_46' title="bbox 488 2867 2095 2940; baseline 0.001 -19"><span class='ocrx_word' id='word_1_330' title='bbox 488 2867 716 2936; x_wconf 89' lang='lat' dir='ltr'>judicio,</span> <span class='ocrx_word' id='word_1_331' title='bbox 749 2867 820 2922; x_wconf 86' lang='lat' dir='ltr'>ad</span> <span class='ocrx_word' id='word_1_332' title='bbox 850 2868 1136 2923; x_wconf 66' lang='lat' dir='ltr'>saecularia</span> <span class='ocrx_word' id='word_1_333' title='bbox 1158 2867 1361 2936; x_wconf 90' lang='lat' dir='ltr'>judicia</span> <span class='ocrx_word' id='word_1_334' title='bbox 1391 2869 1702 2935; x_wconf 88' lang='lat' dir='ltr'>convolare,</span> <span class='ocrx_word' id='word_1_335' title='bbox 1763 2869 1850 2938; x_wconf 86' lang='lat' dir='ltr'>vel</span> <span class='ocrx_word' id='word_1_336' title='bbox 1907 2885 2095 2940; x_wconf 92' lang='lat' dir='ltr'>quem-</span> 
     </span>
    </p>
   </div>
   <div class='ocr_carea' id='block_1_47' title="bbox 493 2955 2089 3027">
    <p class='ocr_par' dir='ltr' id='par_1_47' title="bbox 493 2955 2089 3027">
     <span class='ocr_line' id='line_1_47' title="bbox 493 2955 2089 3027; baseline 0.001 -18"><span class='ocrx_word' id='word_1_337' title='bbox 493 2969 726 3026; x_wconf 89' lang='lat' dir='ltr'>cunque,</span> <span class='ocrx_word' id='word_1_338' title='bbox 783 2971 885 3010; x_wconf 90' lang='lat' dir='ltr'>nec</span> <span class='ocrx_word' id='word_1_339' title='bbox 939 2955 1102 3010; x_wconf 90' lang='lat' dir='ltr'>etiam</span> <span class='ocrx_word' id='word_1_340' title='bbox 1151 2955 1342 3011; x_wconf 85' lang='lat' dir='ltr'>laicam</span> <span class='ocrx_word' id='word_1_341' title='bbox 1388 2972 1682 3027; x_wconf 89' lang='lat' dir='ltr'>personam</span> <span class='ocrx_word' id='word_1_342' title='bbox 1752 2957 2089 3027; x_wconf 87' lang='lat' dir='ltr'>pertrahere,</span> 
     </span>
    </p>
   </div>
   <div class='ocr_carea' id='block_1_48' title="bbox 488 3039 2093 3116">
    <p class='ocr_par' dir='ltr' id='par_1_48' title="bbox 488 3039 2093 3116">
     <span class='ocr_line' id='line_1_48' title="bbox 488 3039 2093 3116; baseline 0.002 -20"><span class='ocrx_word' id='word_1_343' title='bbox 488 3057 666 3112; x_wconf 89' lang='lat' dir='ltr'>neque</span> <span class='ocrx_word' id='word_1_344' title='bbox 697 3043 766 3097; x_wconf 86' lang='lat' dir='ltr'>ad</span> <span class='ocrx_word' id='word_1_345' title='bbox 795 3041 972 3098; x_wconf 85' lang='lat' dir='ltr'>forum</span> <span class='ocrx_word' id='word_1_346' title='bbox 1002 3059 1160 3098; x_wconf 91' lang='lat' dir='ltr'>suum</span> <span class='ocrx_word' id='word_1_347' title='bbox 1193 3043 1370 3116; x_wconf 89' lang='lat' dir='ltr'>sequi,</span> <span class='ocrx_word' id='word_1_348' title='bbox 1423 3043 1468 3098; x_wconf 91' lang='lat' dir='ltr'>si</span> <span class='ocrx_word' id='word_1_349' title='bbox 1523 3039 1643 3114; x_wconf 88' lang='lat' dir='ltr'>ipsa</span> <span class='ocrx_word' id='word_1_350' title='bbox 1680 3043 1816 3099; x_wconf 89' lang='lat' dir='ltr'>laica</span> <span class='ocrx_word' id='word_1_351' title='bbox 1851 3061 2093 3115; x_wconf 87' lang='lat' dir='ltr'>persona</span> 
     </span>
    </p>
   </div>
   <div class='ocr_carea' id='block_1_49' title="bbox 491 3130 2091 3200">
    <p class='ocr_par' dir='ltr' id='par_1_49' title="bbox 491 3130 2091 3200">
     <span class='ocr_line' id='line_1_49' title="bbox 491 3130 2091 3200; baseline 0.002 -14"><span class='ocrx_word' id='word_1_352' title='bbox 491 3131 833 3186; x_wconf 91' lang='lat' dir='ltr'>consenserit</span> <span class='ocrx_word' id='word_1_353' title='bbox 863 3130 1296 3188; x_wconf 88' lang='lat' dir='ltr'>ecclesiasticum</span> <span class='ocrx_word' id='word_1_354' title='bbox 1325 3131 1510 3187; x_wconf 89' lang='lat' dir='ltr'>subire</span> <span class='ocrx_word' id='word_1_355' title='bbox 1535 3133 1820 3200; x_wconf 90' lang='lat' dir='ltr'>judicium,</span> <span class='ocrx_word' id='word_1_356' title='bbox 1845 3133 1984 3189; x_wconf 89' lang='lat' dir='ltr'>sicut</span> <span class='ocrx_word' id='word_1_357' title='bbox 2004 3133 2091 3189; x_wconf 88' lang='lat' dir='ltr'>lex</span> 
     </span>
    </p>
   </div>
   <div class='ocr_carea' id='block_1_50' title="bbox 488 3219 2088 3292">
    <p class='ocr_par' dir='ltr' id='par_1_50' title="bbox 488 3219 2088 3292">
     <span class='ocr_line' id='line_1_50' title="bbox 488 3219 2088 3292; baseline 0.002 -18"><span class='ocrx_word' id='word_1_358' title='bbox 488 3219 874 3286; x_wconf 88' lang='lat' dir='ltr'>Valentiniani,</span> <span class='ocrx_word' id='word_1_359' title='bbox 927 3234 1090 3292; x_wconf 88' lang='lat' dir='ltr'>quam</span> <span class='ocrx_word' id='word_1_360' title='bbox 1137 3221 1332 3292; x_wconf 91' lang='lat' dir='ltr'>probat</span> <span class='ocrx_word' id='word_1_361' title='bbox 1396 3221 1665 3288; x_wconf 89' lang='lat' dir='ltr'>Ecclesia,</span> <span class='ocrx_word' id='word_1_362' title='bbox 1736 3222 2088 3277; x_wconf 90' lang='lat' dir='ltr'>demonstrat.</span> 
     </span>
    </p>
   </div>
   <div class='ocr_carea' id='block_1_51' title="bbox 487 3309 2090 3382">
    <p class='ocr_par' dir='ltr' id='par_1_51' title="bbox 487 3309 2090 3382">
     <span class='ocr_line' id='line_1_51' title="bbox 487 3309 2090 3382; baseline 0.002 -20"><span class='ocrx_word' id='word_1_363' title='bbox 487 3309 619 3363; x_wconf 88' lang='lat' dir='ltr'>Item</span> <span class='ocrx_word' id='word_1_364' title='bbox 657 3315 780 3380; x_wconf 93' lang='lat' dir='ltr'>post</span> <span class='ocrx_word' id='word_1_365' title='bbox 829 3317 1080 3366; x_wconf 89' lang='lat' dir='ltr'>ostensas</span> <span class='ocrx_word' id='word_1_366' title='bbox 1145 3309 1512 3364; x_wconf 86' lang='lat' dir='ltr'>auctoritates.</span> <span class='ocrx_word' id='word_1_367' title='bbox 1561 3331 1582 3360; x_wconf 71' lang='grc' dir='ltr'><strong>α</strong></span> <span class='ocrx_word' id='word_1_368' title='bbox 1651 3310 1721 3365; x_wconf 90' lang='lat' dir='ltr'>Et</span> <span class='ocrx_word' id='word_1_369' title='bbox 1785 3326 1895 3365; x_wconf 91' lang='lat' dir='ltr'>non</span> <span class='ocrx_word' id='word_1_370' title='bbox 1957 3327 2090 3382; x_wconf 90' lang='lat' dir='ltr'>per-</span> 
     </span>
    </p>
   </div>
   <div class='ocr_carea' id='block_1_52' title="bbox 485 3398 2090 3468">
    <p class='ocr_par' dir='ltr' id='par_1_52' title="bbox 485 3398 2090 3468">
     <span class='ocr_line' id='line_1_52' title="bbox 485 3398 2090 3468; baseline 0.002 -18"><span class='ocrx_word' id='word_1_371' title='bbox 485 3403 728 3454; x_wconf 86' lang='lat' dir='ltr'>transeat</span> <span class='ocrx_word' id='word_1_372' title='bbox 760 3398 923 3452; x_wconf 89' lang='lat' dir='ltr'>etiam</span> <span class='ocrx_word' id='word_1_373' title='bbox 954 3405 1102 3453; x_wconf 91' lang='lat' dir='ltr'>tuam</span> <span class='ocrx_word' id='word_1_374' title='bbox 1134 3399 1647 3468; x_wconf 88' lang='lat' dir='ltr'>considerationem,</span> <span class='ocrx_word' id='word_1_375' title='bbox 1708 3415 1803 3454; x_wconf 89' lang='lat' dir='ltr'>cur</span> <span class='ocrx_word' id='word_1_376' title='bbox 1856 3399 2090 3454; x_wconf 90' lang='lat' dir='ltr'>domnus</span> 
     </span>
    </p>
   </div>
   <div class='ocr_carea' id='block_1_53' title="bbox 483 3486 2090 3558">
    <p class='ocr_par' dir='ltr' id='par_1_53' title="bbox 483 3486 2090 3558">
     <span class='ocr_line' id='line_1_53' title="bbox 483 3486 2090 3558; baseline 0.001 -18"><span class='ocrx_word' id='word_1_377' title='bbox 483 3501 580 3541; x_wconf 85' lang='lat' dir='ltr'>rex</span> <span class='ocrx_word' id='word_1_378' title='bbox 635 3493 740 3541; x_wconf 75' lang='lat' dir='ltr'>tuae</span> <span class='ocrx_word' id='word_1_379' title='bbox 793 3486 1041 3556; x_wconf 90' lang='lat' dir='ltr'>petitioni</span> <span class='ocrx_word' id='word_1_380' title='bbox 1097 3487 1370 3553; x_wconf 88' lang='lat' dir='ltr'>annuerit,</span> <span class='ocrx_word' id='word_1_381' title='bbox 1423 3495 1480 3541; x_wconf 90' lang='lat' dir='ltr'>ut</span> <span class='ocrx_word' id='word_1_382' title='bbox 1537 3487 1681 3542; x_wconf 88' lang='lat' dir='ltr'>unde</span> <span class='ocrx_word' id='word_1_383' title='bbox 1711 3487 1766 3542; x_wconf 88' lang='lat' dir='ltr'>in</span> <span class='ocrx_word' id='word_1_384' title='bbox 1799 3489 2090 3558; x_wconf 69' lang='lat' dir='ltr'>praesentia</span> 
     </span>
    </p>
   </div>
   <div class='ocr_carea' id='block_1_54' title="bbox 481 3573 2088 3647">
    <p class='ocr_par' dir='ltr' id='par_1_54' title="bbox 481 3573 2088 3647">
     <span class='ocr_line' id='line_1_54' title="bbox 481 3573 2088 3647; baseline 0.001 -19"><span class='ocrx_word' id='word_1_385' title='bbox 481 3573 626 3629; x_wconf 90' lang='lat' dir='ltr'>illius</span> <span class='ocrx_word' id='word_1_386' title='bbox 656 3575 857 3630; x_wconf 89' lang='lat' dir='ltr'>electos</span> <span class='ocrx_word' id='word_1_387' title='bbox 879 3575 1096 3644; x_wconf 88' lang='lat' dir='ltr'>judices</span> <span class='ocrx_word' id='word_1_388' title='bbox 1127 3575 1416 3647; x_wconf 90' lang='lat' dir='ltr'>episcopos</span> <span class='ocrx_word' id='word_1_389' title='bbox 1445 3577 1742 3632; x_wconf 90' lang='lat' dir='ltr'>secundum</span> <span class='ocrx_word' id='word_1_390' title='bbox 1775 3591 1962 3632; x_wconf 89' lang='lat' dir='ltr'>sacros</span> <span class='ocrx_word' id='word_1_391' title='bbox 1997 3593 2088 3632; x_wconf 86' lang='lat' dir='ltr'>ca-</span> 
     </span>
    </p>
   </div>
   <div class='ocr_carea' id='block_1_55' title="bbox 484 3663 2087 3734">
    <p class='ocr_par' dir='ltr' id='par_1_55' title="bbox 484 3663 2087 3734">
     <span class='ocr_line' id='line_1_55' title="bbox 484 3663 2087 3734; baseline 0.002 -18"><span class='ocrx_word' id='word_1_392' title='bbox 484 3677 656 3718; x_wconf 90' lang='lat' dir='ltr'>nones</span> <span class='ocrx_word' id='word_1_393' title='bbox 684 3663 962 3734; x_wconf 87' lang='lat' dir='ltr'>accepisti,</span> <span class='ocrx_word' id='word_1_394' title='bbox 997 3664 1114 3719; x_wconf 87' lang='lat' dir='ltr'>sine</span> <span class='ocrx_word' id='word_1_395' title='bbox 1143 3664 1474 3720; x_wconf 84' lang='lat' dir='ltr'>conscientia</span> <span class='ocrx_word' id='word_1_396' title='bbox 1487 3665 1909 3734; x_wconf 89' lang='lat' dir='ltr'>metr0politani,</span> <span class='ocrx_word' id='word_1_397' title='bbox 1936 3665 2087 3720; x_wconf 90' lang='lat' dir='ltr'>sine-</span> 
     </span>
    </p>
   </div>
   <div class='ocr_carea' id='block_1_56' title="bbox 484 3751 2086 3822">
    <p class='ocr_par' dir='ltr' id='par_1_56' title="bbox 484 3751 2086 3822">
     <span class='ocr_line' id='line_1_56' title="bbox 484 3751 2086 3822; baseline 0.001 -16"><span class='ocrx_word' id='word_1_398' title='bbox 484 3767 589 3822; x_wconf 88' lang='lat' dir='ltr'>que</span> <span class='ocrx_word' id='word_1_399' title='bbox 619 3751 994 3807; x_wconf 88' lang='lat' dir='ltr'>ecclesiastico</span> <span class='ocrx_word' id='word_1_400' title='bbox 1007 3751 1235 3822; x_wconf 91' lang='lat' dir='ltr'>judicio,</span> <span class='ocrx_word' id='word_1_401' title='bbox 1269 3753 1611 3807; x_wconf 87' lang='lat' dir='ltr'>consenserit</span> <span class='ocrx_word' id='word_1_402' title='bbox 1663 3761 1722 3806; x_wconf 91' lang='lat' dir='ltr'>ut</span> <span class='ocrx_word' id='word_1_403' title='bbox 1795 3754 2086 3808; x_wconf 70' lang='lat' dir='ltr'>saeculares</span> 
     </span>
    </p>
   </div>
   <div class='ocr_carea' id='block_1_57' title="bbox 475 3839 2086 3911">
    <p class='ocr_par' dir='ltr' id='par_1_57' title="bbox 475 3839 2086 3911">
     <span class='ocr_line' id='line_1_57' title="bbox 475 3839 2086 3911; baseline 0.001 -17"><span class='ocrx_word' id='word_1_404' title='bbox 475 3839 692 3908; x_wconf 91' lang='lat' dir='ltr'>judices</span> <span class='ocrx_word' id='word_1_405' title='bbox 719 3839 788 3893; x_wconf 91' lang='lat' dir='ltr'>ad</span> <span class='ocrx_word' id='word_1_406' title='bbox 821 3841 1162 3896; x_wconf 88' lang='lat' dir='ltr'>retractanda</span> <span class='ocrx_word' id='word_1_407' title='bbox 1194 3857 1258 3894; x_wconf 90' lang='lat' dir='ltr'>ea</span> <span class='ocrx_word' id='word_1_408' title='bbox 1287 3856 1408 3911; x_wconf 70' lang='lat' dir='ltr'>qua:</span> <span class='ocrx_word' id='word_1_409' title='bbox 1437 3840 1666 3894; x_wconf 80' lang='lat' dir='ltr'>diﬂinita</span> <span class='ocrx_word' id='word_1_410' title='bbox 1713 3839 1950 3910; x_wconf 85' lang='lat' dir='ltr'>fuerunt,</span> <span class='ocrx_word' id='word_1_411' title='bbox 1999 3841 2086 3898; x_wconf 90' lang='lat' dir='ltr'>vel</span> 
     </span>
    </p>
   </div>
   <div class='ocr_carea' id='block_1_58' title="bbox 484 3925 2085 4000">
    <p class='ocr_par' dir='ltr' id='par_1_58' title="bbox 484 3925 2085 4000">
     <span class='ocr_line' id='line_1_58' title="bbox 484 3925 2085 4000; baseline 0.003 -21"><span class='ocrx_word' id='word_1_412' title='bbox 484 3925 554 3980; x_wconf 86' lang='lat' dir='ltr'>ad</span> <span class='ocrx_word' id='word_1_413' title='bbox 585 3925 919 3995; x_wconf 75' lang='lat' dir='ltr'>diﬁinienda,</span> <span class='ocrx_word' id='word_1_414' title='bbox 954 3927 1022 3981; x_wconf 88' lang='lat' dir='ltr'>de</span> <span class='ocrx_word' id='word_1_415' title='bbox 1052 3927 1248 3997; x_wconf 86' lang='lat' dir='ltr'>quibus</span> <span class='ocrx_word' id='word_1_416' title='bbox 1271 3928 1485 3996; x_wconf 89' lang='lat' dir='ltr'>judices</span> <span class='ocrx_word' id='word_1_417' title='bbox 1515 3944 1832 4000; x_wconf 89' lang='lat' dir='ltr'>acceperas,</span> <span class='ocrx_word' id='word_1_418' title='bbox 1867 3930 2085 3984; x_wconf 89' lang='lat' dir='ltr'>demum</span> 
     </span>
    </p>
   </div>
   <div class='ocr_carea' id='block_1_59' title="bbox 483 4012 2083 4084">
    <p class='ocr_par' dir='ltr' id='par_1_59' title="bbox 483 4012 2083 4084">
     <span class='ocr_line' id='line_1_59' title="bbox 483 4012 2083 4084; baseline 0.004 -16"><span class='ocrx_word' id='word_1_419' title='bbox 483 4012 783 4084; x_wconf 88' lang='lat' dir='ltr'>acciperes.</span> <span class='ocrx_word' id='word_1_420' title='bbox 819 4015 945 4070; x_wconf 88' lang='lat' dir='ltr'>Scio</span> <span class='ocrx_word' id='word_1_421' title='bbox 974 4014 1117 4070; x_wconf 92' lang='lat' dir='ltr'>enim</span> <span class='ocrx_word' id='word_1_422' title='bbox 1148 4024 1200 4071; x_wconf 91' lang='lat' dir='ltr'>et</span> <span class='ocrx_word' id='word_1_423' title='bbox 1231 4025 1415 4072; x_wconf 88' lang='lat' dir='ltr'>certus</span> <span class='ocrx_word' id='word_1_424' title='bbox 1445 4033 1566 4071; x_wconf 91' lang='lat' dir='ltr'>sum</span> <span class='ocrx_word' id='word_1_425' title='bbox 1593 4017 1718 4073; x_wconf 89' lang='lat' dir='ltr'>hinc</span> <span class='ocrx_word' id='word_1_426' title='bbox 1750 4017 1900 4072; x_wconf 91' lang='lat' dir='ltr'>illum</span> <span class='ocrx_word' id='word_1_427' title='bbox 1921 4035 2083 4074; x_wconf 89' lang='lat' dir='ltr'>cano-</span> 
     </span>
    </p>
   </div>
   <div class='ocr_carea' id='block_1_60' title="bbox 479 4101 2082 4173">
    <p class='ocr_par' dir='ltr' id='par_1_60' title="bbox 479 4101 2082 4173">
     <span class='ocr_line' id='line_1_60' title="bbox 479 4101 2082 4173; baseline 0.005 -18"><span class='ocrx_word' id='word_1_428' title='bbox 479 4101 661 4157; x_wconf 91' lang='lat' dir='ltr'>nicum</span> <span class='ocrx_word' id='word_1_429' title='bbox 691 4101 829 4157; x_wconf 91' lang='lat' dir='ltr'>scire</span> <span class='ocrx_word' id='word_1_430' title='bbox 853 4101 1136 4173; x_wconf 89' lang='lat' dir='ltr'>judicium,</span> <span class='ocrx_word' id='word_1_431' title='bbox 1171 4111 1223 4160; x_wconf 91' lang='lat' dir='ltr'>et</span> <span class='ocrx_word' id='word_1_432' title='bbox 1251 4104 1420 4159; x_wconf 90' lang='lat' dir='ltr'>miror</span> <span class='ocrx_word' id='word_1_433' title='bbox 1451 4120 1513 4160; x_wconf 90' lang='lat' dir='ltr'>ac</span> <span class='ocrx_word' id='word_1_434' title='bbox 1542 4105 1702 4160; x_wconf 92' lang='lat' dir='ltr'>doleo</span> <span class='ocrx_word' id='word_1_435' title='bbox 1733 4122 1831 4162; x_wconf 89' lang='lat' dir='ltr'>cur</span> <span class='ocrx_word' id='word_1_436' title='bbox 1871 4115 1926 4160; x_wconf 90' lang='lat' dir='ltr'>tu</span> <span class='ocrx_word' id='word_1_437' title='bbox 1980 4108 2082 4163; x_wconf 91' lang='lat' dir='ltr'>hoc</span> 
     </span>
    </p>
   </div>
   <div class='ocr_carea' id='block_1_61' title="bbox 479 4189 2080 4268">
    <p class='ocr_par' dir='ltr' id='par_1_61' title="bbox 479 4189 2080 4268">
     <span class='ocr_line' id='line_1_61' title="bbox 479 4189 2080 4268; baseline 0.004 -24"><span class='ocrx_word' id='word_1_438' title='bbox 479 4189 662 4245; x_wconf 89' lang='lat' dir='ltr'>videre</span> <span class='ocrx_word' id='word_1_439' title='bbox 688 4205 798 4246; x_wconf 88' lang='lat' dir='ltr'>non</span> <span class='ocrx_word' id='word_1_440' title='bbox 826 4190 1063 4258; x_wconf 89' lang='lat' dir='ltr'>voluisti,</span> <span class='ocrx_word' id='word_1_441' title='bbox 1097 4201 1186 4247; x_wconf 90' lang='lat' dir='ltr'>aut</span> <span class='ocrx_word' id='word_1_442' title='bbox 1217 4194 1332 4248; x_wconf 90' lang='lat' dir='ltr'>Deo</span> <span class='ocrx_word' id='word_1_443' title='bbox 1356 4193 1539 4262; x_wconf 89' lang='lat' dir='ltr'>judice</span> <span class='ocrx_word' id='word_1_444' title='bbox 1571 4195 1884 4268; x_wconf 85' lang='lat' dir='ltr'>arrogantia</span> <span class='ocrx_word' id='word_1_445' title='bbox 1904 4211 2080 4252; x_wconf 78' lang='lat' dir='ltr'>caeca-</span> 
     </span>
    </p>
   </div>
   <div class='ocr_carea' id='block_1_62' title="bbox 479 4279 2078 4354">
    <p class='ocr_par' dir='ltr' id='par_1_62' title="bbox 479 4279 2078 4354">
     <span class='ocr_line' id='line_1_62' title="bbox 479 4279 2078 4354; baseline 0.004 -21"><span class='ocrx_word' id='word_1_446' title='bbox 479 4286 565 4333; x_wconf 90' lang='lat' dir='ltr'>tus</span> <span class='ocrx_word' id='word_1_447' title='bbox 595 4293 704 4334; x_wconf 91' lang='lat' dir='ltr'>non</span> <span class='ocrx_word' id='word_1_448' title='bbox 731 4279 972 4349; x_wconf 89' lang='lat' dir='ltr'>potuisti.</span> <span class='ocrx_word' id='word_1_449' title='bbox 1006 4281 1214 4353; x_wconf 90' lang='lat' dir='ltr'>Inunge</span> <span class='ocrx_word' id='word_1_450' title='bbox 1247 4282 1413 4354; x_wconf 89' lang='lat' dir='ltr'>igitur</span> <span class='ocrx_word' id='word_1_451' title='bbox 1442 4283 1739 4338; x_wconf 89' lang='lat' dir='ltr'>secundum</span> <span class='ocrx_word' id='word_1_452' title='bbox 1795 4283 2078 4339; x_wconf 89' lang='lat' dir='ltr'>consilium</span> 
     </span>
    </p>
   </div>
   <div class='ocr_carea' id='block_1_63' title="bbox 475 4365 2079 4442">
    <p class='ocr_par' dir='ltr' id='par_1_63' title="bbox 475 4365 2079 4442">
     <span class='ocr_line' id='line_1_63' title="bbox 475 4365 2079 4442; baseline 0.002 -20"><span class='ocrx_word' id='word_1_453' title='bbox 475 4365 837 4438; x_wconf 75' lang='lat' dir='ltr'>Apocalypsis</span> <span class='ocrx_word' id='word_1_454' title='bbox 865 4367 1090 4423; x_wconf 87' lang='lat' dir='ltr'>Joannis</span> <span class='ocrx_word' id='word_1_455' title='bbox 1121 4371 1264 4442; x_wconf 85' lang='lat' dir='ltr'>(cap.</span> <span class='ocrx_word' id='word_1_456' title='bbox 1313 4386 1394 4436; x_wconf 84' lang='grc' dir='ltr'>ιιι,</span> <span class='ocrx_word' id='word_1_457' title='bbox 1461 4371 1548 4440; x_wconf 90' lang='grc'>18)</span> <span class='ocrx_word' id='word_1_458' title='bbox 1607 4371 1836 4442; x_wconf 86' lang='lat' dir='ltr'>collyrio</span> <span class='ocrx_word' id='word_1_459' title='bbox 1892 4373 2079 4428; x_wconf 92' lang='lat' dir='ltr'>oculos</span> 
     </span>
    </p>
   </div>
   <div class='ocr_carea' id='block_1_64' title="bbox 2210 1802 3805 1875">
    <p class='ocr_par' dir='ltr' id='par_1_64' title="bbox 2210 1802 3805 1875">
     <span class='ocr_line' id='line_1_64' title="bbox 2210 1802 3805 1875; baseline 0.003 -17"><span class='ocrx_word' id='word_1_460' title='bbox 2210 1802 2496 1869; x_wconf 88' lang='lat' dir='ltr'>velamine,</span> <span class='ocrx_word' id='word_1_461' title='bbox 2529 1803 2598 1858; x_wconf 91' lang='lat' dir='ltr'>de</span> <span class='ocrx_word' id='word_1_462' title='bbox 2631 1803 2907 1875; x_wconf 88' lang='lat' dir='ltr'>scriptoris</span> <span class='ocrx_word' id='word_1_463' title='bbox 2935 1804 3066 1860; x_wconf 86' lang='lat' dir='ltr'>vitio</span> <span class='ocrx_word' id='word_1_464' title='bbox 3095 1820 3251 1860; x_wconf 91' lang='lat' dir='ltr'>more</span> <span class='ocrx_word' id='word_1_465' title='bbox 3281 1813 3374 1860; x_wconf 91' lang='lat' dir='ltr'>tuo</span> <span class='ocrx_word' id='word_1_466' title='bbox 3405 1805 3682 1860; x_wconf 89' lang='lat' dir='ltr'>evidenter</span> <span class='ocrx_word' id='word_1_467' title='bbox 3709 1823 3805 1862; x_wconf 91' lang='lat' dir='ltr'>re-</span> 
     </span>
    </p>
   </div>
   <div class='ocr_carea' id='block_1_65' title="bbox 2206 1891 3810 1964">
    <p class='ocr_par' dir='ltr' id='par_1_65' title="bbox 2206 1891 3810 1964">
     <span class='ocr_line' id='line_1_65' title="bbox 2206 1891 3810 1964; baseline 0.004 -20"><span class='ocrx_word' id='word_1_468' title='bbox 2206 1891 2549 1960; x_wconf 87' lang='lat' dir='ltr'>prehendere</span> <span class='ocrx_word' id='word_1_469' title='bbox 2581 1893 2809 1964; x_wconf 84' lang='lat' dir='ltr'>satagis,</span> <span class='ocrx_word' id='word_1_470' title='bbox 2845 1893 2938 1964; x_wconf 92' lang='lat' dir='ltr'>qui</span> <span class='ocrx_word' id='word_1_471' title='bbox 2967 1901 3056 1947; x_wconf 85' lang='lat' dir='ltr'>aut</span> <span class='ocrx_word' id='word_1_472' title='bbox 3103 1891 3461 1948; x_wconf 62' lang='lat' dir='ltr'>differentiam</span> <span class='ocrx_word' id='word_1_473' title='bbox 3507 1893 3660 1949; x_wconf 87' lang='lat' dir='ltr'>verbi</span> <span class='ocrx_word' id='word_1_474' title='bbox 3703 1894 3810 1950; x_wconf 89' lang='lat' dir='ltr'>de-</span> 
     </span>
    </p>
   </div>
   <div class='ocr_carea' id='block_1_66' title="bbox 2206 1979 3806 2053">
    <p class='ocr_par' dir='ltr' id='par_1_66' title="bbox 2206 1979 3806 2053">
     <span class='ocr_line' id='line_1_66' title="bbox 2206 1979 3806 2053; baseline 0.003 -21"><span class='ocrx_word' id='word_1_475' title='bbox 2206 1985 2448 2048; x_wconf 89' lang='lat' dir='ltr'>tractem,</span> <span class='ocrx_word' id='word_1_476' title='bbox 2510 1979 2653 2051; x_wconf 88' lang='lat' dir='ltr'>quod</span> <span class='ocrx_word' id='word_1_477' title='bbox 2709 1981 2766 2035; x_wconf 90' lang='lat' dir='ltr'>in</span> <span class='ocrx_word' id='word_1_478' title='bbox 2821 1981 2958 2035; x_wconf 88' lang='lat' dir='ltr'>meis</span> <span class='ocrx_word' id='word_1_479' title='bbox 3013 1981 3228 2052; x_wconf 90' lang='lat' dir='ltr'>scriptis</span> <span class='ocrx_word' id='word_1_480' title='bbox 3284 1981 3382 2036; x_wconf 91' lang='lat' dir='ltr'>tibi</span> <span class='ocrx_word' id='word_1_481' title='bbox 3427 1981 3567 2036; x_wconf 86' lang='lat' dir='ltr'>datis</span> <span class='ocrx_word' id='word_1_482' title='bbox 3623 1982 3806 2053; x_wconf 89' lang='lat' dir='ltr'>posui,</span> 
     </span>
    </p>
   </div>
   <div class='ocr_carea' id='block_1_67' title="bbox 2206 2067 3808 2143">
    <p class='ocr_par' dir='ltr' id='par_1_67' title="bbox 2206 2067 3808 2143">
     <span class='ocr_line' id='line_1_67' title="bbox 2206 2067 3808 2143; baseline 0.004 -23"><span class='ocrx_word' id='word_1_483' title='bbox 2206 2067 2470 2133; x_wconf 88' lang='lat' dir='ltr'>nesciam,</span> <span class='ocrx_word' id='word_1_484' title='bbox 2504 2077 2594 2122; x_wconf 87' lang='lat' dir='ltr'>aut</span> <span class='ocrx_word' id='word_1_485' title='bbox 2617 2067 2898 2138; x_wconf 91' lang='lat' dir='ltr'>scriptoris</span> <span class='ocrx_word' id='word_1_486' title='bbox 2927 2068 3114 2124; x_wconf 89' lang='lat' dir='ltr'>vitium</span> <span class='ocrx_word' id='word_1_487' title='bbox 3144 2070 3200 2124; x_wconf 91' lang='lat' dir='ltr'>in</span> <span class='ocrx_word' id='word_1_488' title='bbox 3231 2069 3310 2124; x_wconf 90' lang='lat' dir='ltr'>eis</span> <span class='ocrx_word' id='word_1_489' title='bbox 3366 2070 3640 2143; x_wconf 85' lang='lat' dir='ltr'>corrigere</span> <span class='ocrx_word' id='word_1_490' title='bbox 3695 2087 3808 2126; x_wconf 88' lang='lat' dir='ltr'>non</span> 
     </span>
    </p>
   </div>
   <div class='ocr_carea' id='block_1_68' title="bbox 2207 2156 3808 2230">
    <p class='ocr_par' dir='ltr' id='par_1_68' title="bbox 2207 2156 3808 2230">
     <span class='ocr_line' id='line_1_68' title="bbox 2207 2156 3808 2230; baseline 0.004 -22"><span class='ocrx_word' id='word_1_491' title='bbox 2207 2156 2499 2226; x_wconf 88' lang='lat' dir='ltr'>sapuerim,</span> <span class='ocrx_word' id='word_1_492' title='bbox 2535 2157 2622 2212; x_wconf 90' lang='lat' dir='ltr'>vel</span> <span class='ocrx_word' id='word_1_493' title='bbox 2651 2157 2943 2213; x_wconf 88' lang='lat' dir='ltr'>emendare</span> <span class='ocrx_word' id='word_1_494' title='bbox 2973 2157 3331 2230; x_wconf 88' lang='lat' dir='ltr'>neglexerim,</span> <span class='ocrx_word' id='word_1_495' title='bbox 3366 2165 3418 2213; x_wconf 91' lang='lat' dir='ltr'>et</span> <span class='ocrx_word' id='word_1_496' title='bbox 3449 2175 3512 2213; x_wconf 89' lang='lat' dir='ltr'>ex</span> <span class='ocrx_word' id='word_1_497' title='bbox 3541 2174 3665 2214; x_wconf 86' lang='lat' dir='ltr'>mea</span> <span class='ocrx_word' id='word_1_498' title='bbox 3709 2176 3808 2214; x_wconf 89' lang='lat' dir='ltr'>re-</span> 
     </span>
    </p>
   </div>
   <div class='ocr_carea' id='block_1_69' title="bbox 2203 2243 3806 2314">
    <p class='ocr_par' dir='ltr' id='par_1_69' title="bbox 2203 2243 3806 2314">
     <span class='ocr_line' id='line_1_69' title="bbox 2203 2243 3806 2314; baseline 0.004 -17"><span class='ocrx_word' id='word_1_499' title='bbox 2203 2243 2568 2314; x_wconf 81' lang='lat' dir='ltr'>prehensione</span> <span class='ocrx_word' id='word_1_500' title='bbox 2600 2252 2745 2299; x_wconf 89' lang='lat' dir='ltr'>tuam</span> <span class='ocrx_word' id='word_1_501' title='bbox 2794 2253 3069 2300; x_wconf 89' lang='lat' dir='ltr'>ostentare</span> <span class='ocrx_word' id='word_1_502' title='bbox 3125 2246 3411 2302; x_wconf 88' lang='lat' dir='ltr'>scientiam</span> <span class='ocrx_word' id='word_1_503' title='bbox 3465 2247 3632 2302; x_wconf 87' lang='lat' dir='ltr'>Cham</span> <span class='ocrx_word' id='word_1_504' title='bbox 3686 2249 3806 2304; x_wconf 86' lang='lat' dir='ltr'>Noe</span> 
     </span>
    </p>
   </div>
   <div class='ocr_carea' id='block_1_70' title="bbox 2203 2329 3803 2404">
    <p class='ocr_par' dir='ltr' id='par_1_70' title="bbox 2203 2329 3803 2404">
     <span class='ocr_line' id='line_1_70' title="bbox 2203 2329 3803 2404; baseline 0.004 -20"><span class='ocrx_word' id='word_1_505' title='bbox 2203 2329 2344 2386; x_wconf 85' lang='lat' dir='ltr'>ﬁlius</span> <span class='ocrx_word' id='word_1_506' title='bbox 2374 2332 2610 2398; x_wconf 87' lang='lat' dir='ltr'>voluisti,</span> <span class='ocrx_word' id='word_1_507' title='bbox 2644 2349 2752 2388; x_wconf 92' lang='lat' dir='ltr'>non</span> <span class='ocrx_word' id='word_1_508' title='bbox 2784 2333 2959 2388; x_wconf 90' lang='lat' dir='ltr'>solum</span> <span class='ocrx_word' id='word_1_509' title='bbox 2989 2333 3046 2388; x_wconf 91' lang='lat' dir='ltr'>in</span> <span class='ocrx_word' id='word_1_510' title='bbox 3075 2335 3228 2391; x_wconf 89' lang='lat' dir='ltr'>verbi</span> <span class='ocrx_word' id='word_1_511' title='bbox 3275 2335 3420 2390; x_wconf 90' lang='lat' dir='ltr'>illius</span> <span class='ocrx_word' id='word_1_512' title='bbox 3473 2335 3803 2404; x_wconf 77' lang='lat' dir='ltr'>differentia,</span> 
     </span>
    </p>
   </div>
   <div class='ocr_carea' id='block_1_71' title="bbox 2202 2419 3808 2492">
    <p class='ocr_par' dir='ltr' id='par_1_71' title="bbox 2202 2419 3808 2492">
     <span class='ocr_line' id='line_1_71' title="bbox 2202 2419 3808 2492; baseline 0.004 -19"><span class='ocrx_word' id='word_1_513' title='bbox 2202 2419 2299 2474; x_wconf 90' lang='lat' dir='ltr'>sed</span> <span class='ocrx_word' id='word_1_514' title='bbox 2330 2428 2382 2474; x_wconf 90' lang='lat' dir='ltr'>et</span> <span class='ocrx_word' id='word_1_515' title='bbox 2411 2421 2466 2474; x_wconf 89' lang='lat' dir='ltr'>in</span> <span class='ocrx_word' id='word_1_516' title='bbox 2495 2421 2600 2475; x_wconf 91' lang='lat' dir='ltr'>alio</span> <span class='ocrx_word' id='word_1_517' title='bbox 2629 2421 2819 2486; x_wconf 90' lang='lat' dir='ltr'>verbo,</span> <span class='ocrx_word' id='word_1_518' title='bbox 2854 2422 3000 2492; x_wconf 90' lang='lat' dir='ltr'>quod</span> <span class='ocrx_word' id='word_1_519' title='bbox 3029 2422 3096 2476; x_wconf 90' lang='lat' dir='ltr'>ad</span> <span class='ocrx_word' id='word_1_520' title='bbox 3155 2421 3567 2479; x_wconf 84' lang='lat' dir='ltr'>ostentationem</span> <span class='ocrx_word' id='word_1_521' title='bbox 3619 2425 3696 2480; x_wconf 91' lang='lat' dir='ltr'>tui</span> <span class='ocrx_word' id='word_1_522' title='bbox 3749 2425 3808 2480; x_wconf 89' lang='lat' dir='ltr'>in</span> 
     </span>
    </p>
   </div>
   <div class='ocr_carea' id='block_1_72' title="bbox 2201 2507 3802 2579">
    <p class='ocr_par' dir='ltr' id='par_1_72' title="bbox 2201 2507 3802 2579">
     <span class='ocr_line' id='line_1_72' title="bbox 2201 2507 3802 2579; baseline 0.004 -16"><span class='ocrx_word' id='word_1_523' title='bbox 2201 2508 2304 2563; x_wconf 88' lang='lat' dir='ltr'>tuis</span> <span class='ocrx_word' id='word_1_524' title='bbox 2335 2507 2808 2564; x_wconf 86' lang='lat' dir='ltr'>adinventionibus</span> <span class='ocrx_word' id='word_1_525' title='bbox 2836 2509 3090 2565; x_wconf 85' lang='lat' dir='ltr'>iteratum</span> <span class='ocrx_word' id='word_1_526' title='bbox 3125 2511 3325 2579; x_wconf 88' lang='lat' dir='ltr'>inveni,</span> <span class='ocrx_word' id='word_1_527' title='bbox 3385 2521 3438 2568; x_wconf 89' lang='lat' dir='ltr'>et</span> <span class='ocrx_word' id='word_1_528' title='bbox 3493 2529 3618 2568; x_wconf 90' lang='lat' dir='ltr'>cum</span> <span class='ocrx_word' id='word_1_529' title='bbox 3671 2513 3802 2569; x_wconf 89' lang='lat' dir='ltr'>hinc</span> 
     </span>
    </p>
   </div>
   <div class='ocr_carea' id='block_1_73' title="bbox 2199 2597 3796 2666">
    <p class='ocr_par' dir='ltr' id='par_1_73' title="bbox 2199 2597 3796 2666">
     <span class='ocr_line' id='line_1_73' title="bbox 2199 2597 3796 2666; baseline 0.004 -16"><span class='ocrx_word' id='word_1_530' title='bbox 2199 2611 2376 2651; x_wconf 88' lang='lat' dir='ltr'>meam</span> <span class='ocrx_word' id='word_1_531' title='bbox 2405 2597 2768 2666; x_wconf 91' lang='lat' dir='ltr'>insipientiam</span> <span class='ocrx_word' id='word_1_532' title='bbox 2795 2599 3015 2654; x_wconf 91' lang='lat' dir='ltr'>voluisti</span> <span class='ocrx_word' id='word_1_533' title='bbox 3045 2601 3352 2666; x_wconf 88' lang='lat' dir='ltr'>ostendere,</span> <span class='ocrx_word' id='word_1_534' title='bbox 3377 2609 3521 2656; x_wconf 85' lang='lat' dir='ltr'>tuam</span> <span class='ocrx_word' id='word_1_535' title='bbox 3541 2601 3796 2657; x_wconf 88' lang='lat' dir='ltr'>studuisti</span> 
     </span>
    </p>
   </div>
   <div class='ocr_carea' id='block_1_74' title="bbox 2199 2685 3796 2760">
    <p class='ocr_par' dir='ltr' id='par_1_74' title="bbox 2199 2685 3796 2760">
     <span class='ocr_line' id='line_1_74' title="bbox 2199 2685 3796 2760; baseline 0.003 -20"><span class='ocrx_word' id='word_1_536' title='bbox 2199 2685 2343 2756; x_wconf 90' lang='lat' dir='ltr'>apud</span> <span class='ocrx_word' id='word_1_537' title='bbox 2374 2685 2730 2742; x_wconf 89' lang='lat' dir='ltr'>scholasticos</span> <span class='ocrx_word' id='word_1_538' title='bbox 2763 2687 3040 2742; x_wconf 88' lang='lat' dir='ltr'>stultitiam</span> <span class='ocrx_word' id='word_1_539' title='bbox 3069 2690 3371 2760; x_wconf 87' lang='lat' dir='ltr'>propalare.</span> <span class='ocrx_word' id='word_1_540' title='bbox 3424 2691 3527 2745; x_wconf 87' lang='lat' dir='ltr'>Pro</span> <span class='ocrx_word' id='word_1_541' title='bbox 3573 2707 3662 2746; x_wconf 91' lang='lat' dir='ltr'>me</span> <span class='ocrx_word' id='word_1_542' title='bbox 3701 2689 3796 2745; x_wconf 85' lang='lat' dir='ltr'>-nil</span> 
     </span>
    </p>
   </div>
   <div class='ocr_carea' id='block_1_75' title="bbox 2199 2773 3804 2848">
    <p class='ocr_par' dir='ltr' id='par_1_75' title="bbox 2199 2773 3804 2848">
     <span class='ocr_line' id='line_1_75' title="bbox 2199 2773 3804 2848; baseline 0.003 -19"><span class='ocrx_word' id='word_1_543' title='bbox 2199 2789 2330 2829; x_wconf 90' lang='lat' dir='ltr'>curo</span> <span class='ocrx_word' id='word_1_544' title='bbox 2359 2773 2544 2830; x_wconf 89' lang='lat' dir='ltr'>dicere</span> <span class='ocrx_word' id='word_1_545' title='bbox 2581 2793 2594 2828; x_wconf 86' lang='lat'><strong>:</strong></span> <span class='ocrx_word' id='word_1_546' title='bbox 2625 2775 2756 2829; x_wconf 90' lang='lat' dir='ltr'>mihi</span> <span class='ocrx_word' id='word_1_547' title='bbox 2787 2776 2932 2830; x_wconf 90' lang='lat' dir='ltr'>enim</span> <span class='ocrx_word' id='word_1_548' title='bbox 2959 2793 3061 2848; x_wconf 92' lang='lat' dir='ltr'>pro</span> <span class='ocrx_word' id='word_1_549' title='bbox 3091 2777 3316 2833; x_wconf 89' lang='lat' dir='ltr'>minimo</span> <span class='ocrx_word' id='word_1_550' title='bbox 3347 2787 3428 2833; x_wconf 93' lang='lat' dir='ltr'>est</span> <span class='ocrx_word' id='word_1_551' title='bbox 3458 2787 3514 2832; x_wconf 89' lang='lat' dir='ltr'>ut</span> <span class='ocrx_word' id='word_1_552' title='bbox 3536 2787 3634 2834; x_wconf 89' lang='lat' dir='ltr'>ate</span> <span class='ocrx_word' id='word_1_553' title='bbox 3654 2779 3804 2848; x_wconf 90' lang='lat' dir='ltr'>judi-</span> 
     </span>
    </p>
   </div>
   <div class='ocr_carea' id='block_1_76' title="bbox 2197 2862 3798 2938">
    <p class='ocr_par' dir='ltr' id='par_1_76' title="bbox 2197 2862 3798 2938">
     <span class='ocr_line' id='line_1_76' title="bbox 2197 2862 3798 2938; baseline 0.004 -21"><span class='ocrx_word' id='word_1_554' title='bbox 2197 2877 2310 2932; x_wconf 89' lang='lat' dir='ltr'>cer,</span> <span class='ocrx_word' id='word_1_555' title='bbox 2343 2869 2433 2915; x_wconf 89' lang='lat' dir='ltr'>aut</span> <span class='ocrx_word' id='word_1_556' title='bbox 2463 2862 2580 2918; x_wconf 91' lang='lat' dir='ltr'>sine</span> <span class='ocrx_word' id='word_1_557' title='bbox 2610 2863 2899 2919; x_wconf 90' lang='lat' dir='ltr'>dilectione</span> <span class='ocrx_word' id='word_1_558' title='bbox 2930 2881 2959 2918; x_wconf 89' lang='lat' dir='ltr'>a</span> <span class='ocrx_word' id='word_1_559' title='bbox 2989 2873 3076 2919; x_wconf 88' lang='lat' dir='ltr'>tua</span> <span class='ocrx_word' id='word_1_560' title='bbox 3125 2866 3352 2921; x_wconf 89' lang='lat' dir='ltr'>scientia</span> <span class='ocrx_word' id='word_1_561' title='bbox 3407 2869 3798 2938; x_wconf 89' lang='lat' dir='ltr'>reprehendar.</span> 
     </span>
    </p>
   </div>
   <div class='ocr_carea' id='block_1_77' title="bbox 2197 2949 3794 3027">
    <p class='ocr_par' dir='ltr' id='par_1_77' title="bbox 2197 2949 3794 3027">
     <span class='ocr_line' id='line_1_77' title="bbox 2197 2949 3794 3027; baseline 0.004 -23"><span class='ocrx_word' id='word_1_562' title='bbox 2197 2949 2306 3004; x_wconf 91' lang='lat' dir='ltr'>Sed</span> <span class='ocrx_word' id='word_1_563' title='bbox 2331 2967 2400 3004; x_wconf 90' lang='lat' dir='ltr'>ne</span> <span class='ocrx_word' id='word_1_564' title='bbox 2429 2951 2572 3021; x_wconf 88' lang='lat' dir='ltr'>apud</span> <span class='ocrx_word' id='word_1_565' title='bbox 2599 2951 2739 3018; x_wconf 92' lang='lat' dir='ltr'>illos,</span> <span class='ocrx_word' id='word_1_566' title='bbox 2775 2953 2865 3024; x_wconf 92' lang='lat' dir='ltr'>qui</span> <span class='ocrx_word' id='word_1_567' title='bbox 2908 2959 3088 3009; x_wconf 90' lang='lat' dir='ltr'>tecum</span> <span class='ocrx_word' id='word_1_568' title='bbox 3143 2955 3490 3012; x_wconf 89' lang='lat' dir='ltr'>rumusculos</span> <span class='ocrx_word' id='word_1_569' title='bbox 3549 2964 3794 3027; x_wconf 87' lang='lat' dir='ltr'>captant,</span> 
     </span>
    </p>
   </div>
   <div class='ocr_carea' id='block_1_78' title="bbox 2197 3037 3802 3116">
    <p class='ocr_par' dir='ltr' id='par_1_78' title="bbox 2197 3037 3802 3116">
     <span class='ocr_line' id='line_1_78' title="bbox 2197 3037 3802 3116; baseline 0.005 -25"><span class='ocrx_word' id='word_1_570' title='bbox 2197 3037 2453 3108; x_wconf 87' lang='lat' dir='ltr'>glorieris</span> <span class='ocrx_word' id='word_1_571' title='bbox 2487 3039 2640 3108; x_wconf 90' lang='lat' dir='ltr'>quasi</span> <span class='ocrx_word' id='word_1_572' title='bbox 2669 3056 2756 3096; x_wconf 91' lang='lat' dir='ltr'>me</span> <span class='ocrx_word' id='word_1_573' title='bbox 2787 3050 2996 3095; x_wconf 89' lang='lat' dir='ltr'>mutum</span> <span class='ocrx_word' id='word_1_574' title='bbox 3026 3041 3274 3098; x_wconf 77' lang='lat' dir='ltr'>effeceris</span> <span class='ocrx_word' id='word_1_575' title='bbox 3303 3051 3356 3099; x_wconf 91' lang='lat' dir='ltr'>et</span> <span class='ocrx_word' id='word_1_576' title='bbox 3385 3044 3686 3116; x_wconf 88' lang='lat' dir='ltr'>elinguem,</span> <span class='ocrx_word' id='word_1_577' title='bbox 3707 3045 3802 3116; x_wconf 90' lang='lat' dir='ltr'>qui</span> 
     </span>
    </p>
   </div>
   <div class='ocr_carea' id='block_1_79' title="bbox 2194 3127 3794 3204">
    <p class='ocr_par' dir='ltr' id='par_1_79' title="bbox 2194 3127 3794 3204">
     <span class='ocr_line' id='line_1_79' title="bbox 2194 3127 3794 3204; baseline 0.005 -24"><span class='ocrx_word' id='word_1_578' title='bbox 2194 3127 2343 3181; x_wconf 91' lang='lat' dir='ltr'>solus</span> <span class='ocrx_word' id='word_1_579' title='bbox 2372 3127 2573 3182; x_wconf 89' lang='lat' dir='ltr'>nostris</span> <span class='ocrx_word' id='word_1_580' title='bbox 2601 3129 2933 3200; x_wconf 88' lang='lat' dir='ltr'>temporibus</span> <span class='ocrx_word' id='word_1_581' title='bbox 2955 3133 3240 3187; x_wconf 88' lang='lat' dir='ltr'>thesauros</span> <span class='ocrx_word' id='word_1_582' title='bbox 3254 3133 3532 3204; x_wconf 64' lang='lat' dir='ltr'>sapientiae</span> <span class='ocrx_word' id='word_1_583' title='bbox 3549 3141 3606 3188; x_wconf 88' lang='lat' dir='ltr'>et</span> <span class='ocrx_word' id='word_1_584' title='bbox 3622 3133 3794 3190; x_wconf 89' lang='lat' dir='ltr'>scien-</span> 
     </span>
    </p>
   </div>
   <div class='ocr_carea' id='block_1_80' title="bbox 2191 3215 3802 3293">
    <p class='ocr_par' dir='ltr' id='par_1_80' title="bbox 2191 3215 3802 3293">
     <span class='ocr_line' id='line_1_80' title="bbox 2191 3215 3802 3293; baseline 0.005 -25"><span class='ocrx_word' id='word_1_585' title='bbox 2191 3215 2278 3270; x_wconf 76' lang='lat' dir='ltr'>tiae</span> <span class='ocrx_word' id='word_1_586' title='bbox 2307 3223 2602 3286; x_wconf 87' lang='lat' dir='ltr'>penetrans</span> <span class='ocrx_word' id='word_1_587' title='bbox 2631 3217 2879 3286; x_wconf 89' lang='lat' dir='ltr'>introisti,</span> <span class='ocrx_word' id='word_1_588' title='bbox 2913 3218 3002 3275; x_wconf 85' lang='lat' dir='ltr'>hic</span> <span class='ocrx_word' id='word_1_589' title='bbox 3031 3235 3196 3275; x_wconf 84' lang='lat' dir='ltr'>causa</span> <span class='ocrx_word' id='word_1_590' title='bbox 3225 3223 3532 3292; x_wconf 87' lang='lat' dir='ltr'>compendii</span> <span class='ocrx_word' id='word_1_591' title='bbox 3577 3232 3802 3293; x_wconf 77' lang='lat' dir='ltr'>praeter-</span> 
     </span>
    </p>
   </div>
   <div class='ocr_carea' id='block_1_81' title="bbox 2190 3305 3800 3386">
    <p class='ocr_par' dir='ltr' id='par_1_81' title="bbox 2190 3305 3800 3386">
     <span class='ocr_line' id='line_1_81' title="bbox 2190 3305 3800 3386; baseline 0.004 -27"><span class='ocrx_word' id='word_1_592' title='bbox 2190 3305 2430 3371; x_wconf 88' lang='lat' dir='ltr'>mittens,</span> <span class='ocrx_word' id='word_1_593' title='bbox 2467 3321 2588 3360; x_wconf 90' lang='lat' dir='ltr'>cum</span> <span class='ocrx_word' id='word_1_594' title='bbox 2618 3305 2748 3361; x_wconf 90' lang='lat' dir='ltr'>mihi</span> <span class='ocrx_word' id='word_1_595' title='bbox 2781 3309 3057 3364; x_wconf 87' lang='lat' dir='ltr'>vacaverit</span> <span class='ocrx_word' id='word_1_596' title='bbox 3088 3310 3370 3364; x_wconf 90' lang='lat' dir='ltr'>ostendam</span> <span class='ocrx_word' id='word_1_597' title='bbox 3401 3311 3532 3382; x_wconf 89' lang='lat' dir='ltr'>quid</span> <span class='ocrx_word' id='word_1_598' title='bbox 3563 3312 3800 3386; x_wconf 88' lang='lat' dir='ltr'>regula-</span> 
     </span>
    </p>
   </div>
   <div class='ocr_carea' id='block_1_82' title="bbox 2189 3395 3800 3471">
    <p class='ocr_par' dir='ltr' id='par_1_82' title="bbox 2189 3395 3800 3471">
     <span class='ocr_line' id='line_1_82' title="bbox 2189 3395 3800 3471; baseline 0.005 -24"><span class='ocrx_word' id='word_1_599' title='bbox 2189 3410 2312 3447; x_wconf 91' lang='lat' dir='ltr'>rum</span> <span class='ocrx_word' id='word_1_600' title='bbox 2342 3395 2717 3466; x_wconf 69' lang='lat' dir='ltr'>grammaticaa</span> <span class='ocrx_word' id='word_1_601' title='bbox 2747 3396 2879 3450; x_wconf 88' lang='lat' dir='ltr'>artis</span> <span class='ocrx_word' id='word_1_602' title='bbox 2908 3405 3175 3464; x_wconf 89' lang='lat' dir='ltr'>auctores,</span> <span class='ocrx_word' id='word_1_603' title='bbox 3212 3399 3342 3471; x_wconf 92' lang='lat' dir='ltr'>quid</span> <span class='ocrx_word' id='word_1_604' title='bbox 3385 3400 3800 3471; x_wconf 61' lang='lat' dir='ltr'>orthographia;</span> 
     </span>
    </p>
   </div>
   <div class='ocr_carea' id='block_1_83' title="bbox 2189 3482 3800 3556">
    <p class='ocr_par' dir='ltr' id='par_1_83' title="bbox 2189 3482 3800 3556">
     <span class='ocr_line' id='line_1_83' title="bbox 2189 3482 3800 3556; baseline 0.005 -20"><span class='ocrx_word' id='word_1_605' title='bbox 2189 3482 2462 3548; x_wconf 89' lang='lat' dir='ltr'>doctores,</span> <span class='ocrx_word' id='word_1_606' title='bbox 2498 3483 2628 3554; x_wconf 89' lang='lat' dir='ltr'>quid</span> <span class='ocrx_word' id='word_1_607' title='bbox 2673 3493 2875 3539; x_wconf 73' lang='lat' dir='ltr'>sanctae</span> <span class='ocrx_word' id='word_1_608' title='bbox 2933 3485 3230 3556; x_wconf 71' lang='lat' dir='ltr'>Scriptura:</span> <span class='ocrx_word' id='word_1_609' title='bbox 3289 3495 3610 3544; x_wconf 87' lang='lat' dir='ltr'>tractatores</span> <span class='ocrx_word' id='word_1_610' title='bbox 3665 3489 3800 3544; x_wconf 90' lang='lat' dir='ltr'>inde</span> 
     </span>
    </p>
   </div>
   <div class='ocr_carea' id='block_1_84' title="bbox 2189 3571 3799 3646">
    <p class='ocr_par' dir='ltr' id='par_1_84' title="bbox 2189 3571 3799 3646">
     <span class='ocr_line' id='line_1_84' title="bbox 2189 3571 3799 3646; baseline 0.005 -21"><span class='ocrx_word' id='word_1_611' title='bbox 2189 3571 2424 3626; x_wconf 88' lang='lat' dir='ltr'>sentiant</span> <span class='ocrx_word' id='word_1_612' title='bbox 2454 3580 2616 3643; x_wconf 88' lang='lat' dir='ltr'>atque</span> <span class='ocrx_word' id='word_1_613' title='bbox 2647 3573 2847 3628; x_wconf 87' lang='lat' dir='ltr'>dicant.</span> <span class='ocrx_word' id='word_1_614' title='bbox 2881 3595 2902 3623; x_wconf 69' lang='grc' dir='ltr'>ι</span> <span class='ocrx_word' id='word_1_615' title='bbox 2931 3575 3068 3629; x_wconf 88' lang='lat' dir='ltr'>Item</span> <span class='ocrx_word' id='word_1_616' title='bbox 3119 3583 3242 3646; x_wconf 91' lang='lat' dir='ltr'>post</span> <span class='ocrx_word' id='word_1_617' title='bbox 3285 3577 3561 3632; x_wconf 89' lang='lat' dir='ltr'>nonnulla.</span> <span class='ocrx_word' id='word_1_618' title='bbox 3600 3601 3621 3624; x_wconf 79' lang='grc' dir='ltr'>α</span> <span class='ocrx_word' id='word_1_619' title='bbox 3683 3577 3799 3633; x_wconf 91' lang='lat' dir='ltr'>Sed</span> 
     </span>
    </p>
   </div>
   <div class='ocr_carea' id='block_1_85' title="bbox 2187 3659 3800 3735">
    <p class='ocr_par' dir='ltr' id='par_1_85' title="bbox 2187 3659 3800 3735">
     <span class='ocr_line' id='line_1_85' title="bbox 2187 3659 3800 3735; baseline 0.004 -22"><span class='ocrx_word' id='word_1_620' title='bbox 2187 3659 2288 3713; x_wconf 88' lang='lat' dir='ltr'>alia</span> <span class='ocrx_word' id='word_1_621' title='bbox 2319 3669 2442 3714; x_wconf 90' lang='lat' dir='ltr'>sunt</span> <span class='ocrx_word' id='word_1_622' title='bbox 2470 3660 2594 3716; x_wconf 90' lang='lat' dir='ltr'>hinc</span> <span class='ocrx_word' id='word_1_623' title='bbox 2625 3677 2690 3716; x_wconf 90' lang='lat' dir='ltr'>ex</span> <span class='ocrx_word' id='word_1_624' title='bbox 2721 3662 2895 3716; x_wconf 90' lang='lat' dir='ltr'>sacris</span> <span class='ocrx_word' id='word_1_625' title='bbox 2913 3663 3212 3718; x_wconf 86' lang='lat' dir='ltr'>canonibus</span> <span class='ocrx_word' id='word_1_626' title='bbox 3235 3672 3287 3720; x_wconf 91' lang='lat' dir='ltr'>et</span> <span class='ocrx_word' id='word_1_627' title='bbox 3307 3666 3620 3735; x_wconf 68' lang='lat' dir='ltr'>apostolicae</span> <span class='ocrx_word' id='word_1_628' title='bbox 3641 3667 3800 3721; x_wconf 89' lang='lat' dir='ltr'>sedis</span> 
     </span>
    </p>
   </div>
   <div class='ocr_carea' id='block_1_86' title="bbox 2187 3748 3802 3825">
    <p class='ocr_par' dir='ltr' id='par_1_86' title="bbox 2187 3748 3802 3825">
     <span class='ocr_line' id='line_1_86' title="bbox 2187 3748 3802 3825; baseline 0.004 -23"><span class='ocrx_word' id='word_1_629' title='bbox 2187 3748 2443 3812; x_wconf 89' lang='lat' dir='ltr'>decretis,</span> <span class='ocrx_word' id='word_1_630' title='bbox 2470 3765 2592 3820; x_wconf 77' lang='lat' dir='ltr'>quae</span> <span class='ocrx_word' id='word_1_631' title='bbox 2610 3749 2742 3803; x_wconf 89' lang='lat' dir='ltr'>mihi</span> <span class='ocrx_word' id='word_1_632' title='bbox 2772 3750 2860 3806; x_wconf 90' lang='lat' dir='ltr'>hic</span> <span class='ocrx_word' id='word_1_633' title='bbox 2881 3767 3087 3821; x_wconf 90' lang='lat' dir='ltr'>ponere</span> <span class='ocrx_word' id='word_1_634' title='bbox 3117 3751 3342 3822; x_wconf 88' lang='lat' dir='ltr'>longum</span> <span class='ocrx_word' id='word_1_635' title='bbox 3365 3752 3478 3823; x_wconf 88' lang='lat' dir='ltr'>fuit,</span> <span class='ocrx_word' id='word_1_636' title='bbox 3503 3761 3554 3808; x_wconf 91' lang='lat' dir='ltr'>et</span> <span class='ocrx_word' id='word_1_637' title='bbox 3577 3754 3630 3807; x_wconf 92' lang='lat' dir='ltr'>in</span> <span class='ocrx_word' id='word_1_638' title='bbox 3656 3771 3802 3825; x_wconf 86' lang='lat' dir='ltr'>opu-</span> 
     </span>
    </p>
   </div>
   <div class='ocr_carea' id='block_1_87' title="bbox 2185 3836 3802 3912">
    <p class='ocr_par' dir='ltr' id='par_1_87' title="bbox 2185 3836 3802 3912">
     <span class='ocr_line' id='line_1_87' title="bbox 2185 3836 3802 3912; baseline 0.005 -23"><span class='ocrx_word' id='word_1_639' title='bbox 2185 3836 2337 3890; x_wconf 89' lang='lat' dir='ltr'>sculo</span> <span class='ocrx_word' id='word_1_640' title='bbox 2369 3837 2764 3910; x_wconf 85' lang='lat' dir='ltr'>quinquaginta</span> <span class='ocrx_word' id='word_1_641' title='bbox 2795 3839 3034 3910; x_wconf 89' lang='lat' dir='ltr'>quinque</span> <span class='ocrx_word' id='word_1_642' title='bbox 3076 3839 3453 3910; x_wconf 82' lang='lat' dir='ltr'>capitulor&#39;um,</span> <span class='ocrx_word' id='word_1_643' title='bbox 3513 3841 3662 3912; x_wconf 86' lang='lat' dir='ltr'>quod</span> <span class='ocrx_word' id='word_1_644' title='bbox 3725 3842 3802 3897; x_wconf 87' lang='lat' dir='ltr'>ad</span> 
     </span>
    </p>
   </div>
   <div class='ocr_carea' id='block_1_88' title="bbox 2183 3926 3794 4000">
    <p class='ocr_par' dir='ltr' id='par_1_88' title="bbox 2183 3926 3794 4000">
     <span class='ocr_line' id='line_1_88' title="bbox 2183 3926 3794 4000; baseline 0.004 -22"><span class='ocrx_word' id='word_1_645' title='bbox 2183 3931 2334 3979; x_wconf 89' lang='lat' dir='ltr'>tuam</span> <span class='ocrx_word' id='word_1_646' title='bbox 2365 3926 2842 3981; x_wconf 87' lang='lat' dir='ltr'>commonitionem</span> <span class='ocrx_word' id='word_1_647' title='bbox 2874 3935 2925 3982; x_wconf 90' lang='lat' dir='ltr'>et</span> <span class='ocrx_word' id='word_1_648' title='bbox 2953 3928 3352 3984; x_wconf 90' lang='lat' dir='ltr'>correctionem</span> <span class='ocrx_word' id='word_1_649' title='bbox 3380 3937 3538 4000; x_wconf 82' lang='lat' dir='ltr'>atque</span> <span class='ocrx_word' id='word_1_650' title='bbox 3571 3929 3794 3985; x_wconf 88' lang='lat' dir='ltr'>instru-</span> 
     </span>
    </p>
   </div>
   <div class='ocr_carea' id='block_1_89' title="bbox 2183 4013 3802 4089">
    <p class='ocr_par' dir='ltr' id='par_1_89' title="bbox 2183 4013 3802 4089">
     <span class='ocr_line' id='line_1_89' title="bbox 2183 4013 3802 4089; baseline 0.003 -22"><span class='ocrx_word' id='word_1_651' title='bbox 2183 4013 2418 4068; x_wconf 90' lang='lat' dir='ltr'>ctionem</span> <span class='ocrx_word' id='word_1_652' title='bbox 2445 4013 2542 4067; x_wconf 90' lang='lat' dir='ltr'>tibi</span> <span class='ocrx_word' id='word_1_653' title='bbox 2572 4013 2716 4082; x_wconf 92' lang='lat' dir='ltr'>dedi,</span> <span class='ocrx_word' id='word_1_654' title='bbox 2751 4025 2908 4086; x_wconf 89' lang='lat' dir='ltr'>potes</span> <span class='ocrx_word' id='word_1_655' title='bbox 2941 4017 3209 4089; x_wconf 87' lang='lat' dir='ltr'>relegere,</span> <span class='ocrx_word' id='word_1_656' title='bbox 3269 4026 3468 4088; x_wconf 74' lang='lat' dir='ltr'>praeter</span> <span class='ocrx_word' id='word_1_657' title='bbox 3523 4018 3802 4088; x_wconf 88' lang='lat' dir='ltr'>epistolas</span> 
     </span>
    </p>
   </div>
   <div class='ocr_carea' id='block_1_90' title="bbox 2180 4101 3801 4178">
    <p class='ocr_par' dir='ltr' id='par_1_90' title="bbox 2180 4101 3801 4178">
     <span class='ocr_line' id='line_1_90' title="bbox 2180 4101 3801 4178; baseline 0.004 -23"><span class='ocrx_word' id='word_1_658' title='bbox 2180 4101 2495 4172; x_wconf 70' lang='lat' dir='ltr'>praemissas</span> <span class='ocrx_word' id='word_1_659' title='bbox 2525 4118 2662 4174; x_wconf 86' lang='lat' dir='ltr'>quas</span> <span class='ocrx_word' id='word_1_660' title='bbox 2693 4103 2791 4157; x_wconf 90' lang='lat' dir='ltr'>tibi</span> <span class='ocrx_word' id='word_1_661' title='bbox 2822 4105 3002 4159; x_wconf 76' lang='lat' dir='ltr'>direxi</span> <span class='ocrx_word' id='word_1_662' title='bbox 3031 4107 3100 4160; x_wconf 90' lang='lat' dir='ltr'>ad</span> <span class='ocrx_word' id='word_1_663' title='bbox 3150 4107 3588 4178; x_wconf 87' lang='lat' dir='ltr'>redarguendam</span> <span class='ocrx_word' id='word_1_664' title='bbox 3636 4115 3801 4162; x_wconf 86' lang='lat' dir='ltr'>tuam</span> 
     </span>
    </p>
   </div>
   <div class='ocr_carea' id='block_1_91' title="bbox 2181 4189 3800 4268">
    <p class='ocr_par' dir='ltr' id='par_1_91' title="bbox 2181 4189 3800 4268">
     <span class='ocr_line' id='line_1_91' title="bbox 2181 4189 3800 4268; baseline 0.006 -27"><span class='ocrx_word' id='word_1_665' title='bbox 2181 4189 2560 4255; x_wconf 87' lang='lat' dir='ltr'>temeritatem,</span> <span class='ocrx_word' id='word_1_666' title='bbox 2593 4199 2785 4246; x_wconf 89' lang='lat' dir='ltr'>contra</span> <span class='ocrx_word' id='word_1_667' title='bbox 2815 4193 3190 4265; x_wconf 79' lang='lat' dir='ltr'>evangelicum</span> <span class='ocrx_word' id='word_1_668' title='bbox 3228 4194 3526 4260; x_wconf 88' lang='lat' dir='ltr'>veritatem,</span> <span class='ocrx_word' id='word_1_669' title='bbox 3561 4203 3618 4250; x_wconf 87' lang='lat' dir='ltr'>et</span> <span class='ocrx_word' id='word_1_670' title='bbox 3649 4212 3800 4268; x_wconf 87' lang='lat' dir='ltr'>apo-</span> 
     </span>
    </p>
   </div>
   <div class='ocr_carea' id='block_1_92' title="bbox 2181 4277 3802 4356">
    <p class='ocr_par' dir='ltr' id='par_1_92' title="bbox 2181 4277 3802 4356">
     <span class='ocr_line' id='line_1_92' title="bbox 2181 4277 3802 4356; baseline 0.005 -24"><span class='ocrx_word' id='word_1_671' title='bbox 2181 4277 2423 4333; x_wconf 87' lang='lat' dir='ltr'>stolicam</span> <span class='ocrx_word' id='word_1_672' title='bbox 2452 4287 2612 4350; x_wconf 89' lang='lat' dir='ltr'>atque</span> <span class='ocrx_word' id='word_1_673' title='bbox 2663 4281 2981 4336; x_wconf 85' lang='lat' dir='ltr'>canonicam</span> <span class='ocrx_word' id='word_1_674' title='bbox 3031 4282 3425 4344; x_wconf 77' lang='lat' dir='ltr'>auctoritatem,</span> <span class='ocrx_word' id='word_1_675' title='bbox 3479 4292 3802 4356; x_wconf 86' lang='lat' dir='ltr'>contraque</span> 
     </span>
    </p>
   </div>
   <div class='ocr_carea' id='block_1_93' title="bbox 2180 4367 3804 4442">
    <p class='ocr_par' dir='ltr' id='par_1_93' title="bbox 2180 4367 3804 4442">
     <span class='ocr_line' id='line_1_93' title="bbox 2180 4367 3804 4442; baseline 0.006 -23"><span class='ocrx_word' id='word_1_676' title='bbox 2180 4367 2326 4420; x_wconf 90' lang='lat' dir='ltr'>sedis</span> <span class='ocrx_word' id='word_1_677' title='bbox 2355 4367 2664 4438; x_wconf 72' lang='lat' dir='ltr'>apostolica:</span> <span class='ocrx_word' id='word_1_678' title='bbox 2696 4368 2930 4434; x_wconf 90' lang='lat' dir='ltr'>decreta,</span> <span class='ocrx_word' id='word_1_679' title='bbox 2957 4369 3012 4424; x_wconf 91' lang='lat' dir='ltr'>in</span> <span class='ocrx_word' id='word_1_680' title='bbox 3041 4378 3192 4425; x_wconf 88' lang='lat' dir='ltr'>tuam</span> <span class='ocrx_word' id='word_1_681' title='bbox 3221 4379 3272 4425; x_wconf 93' lang='lat' dir='ltr'>et</span> <span class='ocrx_word' id='word_1_682' title='bbox 3301 4371 3602 4442; x_wconf 88' lang='lat' dir='ltr'>perniciem</span> <span class='ocrx_word' id='word_1_683' title='bbox 3645 4373 3804 4428; x_wconf 90' lang='lat' dir='ltr'>mul-</span> 
     </span>
    </p>
   </div>
   <div class='ocr_carea' id='block_1_94' title="bbox 475 4452 3805 4534">
    <p class='ocr_par' dir='ltr' id='par_1_94' title="bbox 475 4452 3805 4534">
     <span class='ocr_line' id='line_1_94' title="bbox 475 4452 3805 4534; baseline 0.002 -25"><span class='ocrx_word' id='word_1_684' title='bbox 475 4463 614 4525; x_wconf 91' lang='lat' dir='ltr'>tuos,</span> <span class='ocrx_word' id='word_1_685' title='bbox 649 4463 706 4512; x_wconf 90' lang='lat' dir='ltr'>ut</span> <span class='ocrx_word' id='word_1_686' title='bbox 734 4455 924 4512; x_wconf 90' lang='lat' dir='ltr'>videas</span> <span class='ocrx_word' id='word_1_687' title='bbox 965 4464 1018 4512; x_wconf 88' lang='lat' dir='ltr'>et</span> <span class='ocrx_word' id='word_1_688' title='bbox 1059 4457 1374 4530; x_wconf 85' lang='lat' dir='ltr'>albuginem</span> <span class='ocrx_word' id='word_1_689' title='bbox 1423 4460 1750 4531; x_wconf 69' lang='lat' dir='ltr'>arrogantiae</span> <span class='ocrx_word' id='word_1_690' title='bbox 1788 4461 1856 4515; x_wconf 92' lang='lat' dir='ltr'>de</span> <span class='ocrx_word' id='word_1_691' title='bbox 1914 4462 2073 4518; x_wconf 94' lang='lat' dir='ltr'>oculo</span> <span class='ocrx_word' id='word_1_692' title='bbox 2101 4452 2155 4512; x_wconf 90' lang='lat' dir='ltr'>D</span> <span class='ocrx_word' id='word_1_693' title='bbox 2179 4461 2356 4510; x_wconf 91' lang='lat' dir='ltr'>torum</span> <span class='ocrx_word' id='word_1_694' title='bbox 2385 4463 2794 4526; x_wconf 76' lang='lat' dir='ltr'>praesumptam,</span> <span class='ocrx_word' id='word_1_695' title='bbox 2833 4457 2968 4513; x_wconf 90' lang='lat' dir='ltr'>sicut</span> <span class='ocrx_word' id='word_1_696' title='bbox 2999 4457 3053 4512; x_wconf 91' lang='lat' dir='ltr'>in</span> <span class='ocrx_word' id='word_1_697' title='bbox 3085 4459 3292 4531; x_wconf 77' lang='lat' dir='ltr'>synodo</span> <span class='ocrx_word' id='word_1_698' title='bbox 3321 4460 3617 4531; x_wconf 89' lang='lat' dir='ltr'>plurimum</span> <span class='ocrx_word' id='word_1_699' title='bbox 3667 4463 3805 4534; x_wconf 87' lang='lat' dir='ltr'>epi-</span> 
     </span>
    </p>
   </div>
   <div class='ocr_carea' id='block_1_95' title="bbox 471 4543 2076 4617">
    <p class='ocr_par' dir='ltr' id='par_1_95' title="bbox 471 4543 2076 4617">
     <span class='ocr_line' id='line_1_95' title="bbox 471 4543 2076 4617; baseline 0.004 -19"><span class='ocrx_word' id='word_1_700' title='bbox 471 4543 686 4610; x_wconf 88' lang='lat' dir='ltr'>mentis,</span> <span class='ocrx_word' id='word_1_701' title='bbox 747 4543 804 4599; x_wconf 91' lang='lat' dir='ltr'>id</span> <span class='ocrx_word' id='word_1_702' title='bbox 862 4552 942 4599; x_wconf 90' lang='lat' dir='ltr'>est</span> <span class='ocrx_word' id='word_1_703' title='bbox 997 4544 1270 4600; x_wconf 87' lang='lat' dir='ltr'>intellectu</span> <span class='ocrx_word' id='word_1_704' title='bbox 1309 4553 1401 4602; x_wconf 90' lang='lat' dir='ltr'>tuo</span> <span class='ocrx_word' id='word_1_705' title='bbox 1439 4548 1671 4617; x_wconf 89' lang='lat' dir='ltr'>abjicere</span> <span class='ocrx_word' id='word_1_706' title='bbox 1732 4549 1962 4606; x_wconf 90' lang='lat' dir='ltr'>valeas:</span> <span class='ocrx_word' id='word_1_707' title='bbox 2024 4557 2076 4604; x_wconf 89' lang='lat' dir='ltr'>et</span> 
     </span>
    </p>
   </div>
   <div class='ocr_carea' id='block_1_96' title="bbox 471 4631 2073 4706">
    <p class='ocr_par' dir='ltr' id='par_1_96' title="bbox 471 4631 2073 4706">
     <span class='ocr_line' id='line_1_96' title="bbox 471 4631 2073 4706; baseline 0.003 -18"><span class='ocrx_word' id='word_1_708' title='bbox 471 4648 660 4703; x_wconf 87' lang='lat' dir='ltr'>pensa,</span> <span class='ocrx_word' id='word_1_709' title='bbox 693 4648 762 4688; x_wconf 90' lang='lat' dir='ltr'>ne</span> <span class='ocrx_word' id='word_1_710' title='bbox 795 4631 936 4688; x_wconf 88' lang='lat' dir='ltr'>forte</span> <span class='ocrx_word' id='word_1_711' title='bbox 969 4632 1200 4688; x_wconf 90' lang='lat' dir='ltr'>domnus</span> <span class='ocrx_word' id='word_1_712' title='bbox 1231 4650 1349 4702; x_wconf 87' lang='lat' dir='ltr'>rex,</span> <span class='ocrx_word' id='word_1_713' title='bbox 1411 4651 1573 4706; x_wconf 89' lang='lat' dir='ltr'>quem</span> <span class='ocrx_word' id='word_1_714' title='bbox 1627 4637 1788 4692; x_wconf 90' lang='lat' dir='ltr'>toties</span> <span class='ocrx_word' id='word_1_715' title='bbox 1846 4654 2073 4693; x_wconf 88' lang='lat' dir='ltr'>exacer-</span> 
     </span>
    </p>
   </div>
   <div class='ocr_carea' id='block_1_97' title="bbox 471 4719 2074 4796">
    <p class='ocr_par' dir='ltr' id='par_1_97' title="bbox 471 4719 2074 4796">
     <span class='ocr_line' id='line_1_97' title="bbox 471 4719 2074 4796; baseline 0.002 -21"><span class='ocrx_word' id='word_1_716' title='bbox 471 4721 632 4786; x_wconf 88' lang='lat' dir='ltr'>basti,</span> <span class='ocrx_word' id='word_1_717' title='bbox 665 4720 846 4777; x_wconf 89' lang='lat' dir='ltr'>sciens</span> <span class='ocrx_word' id='word_1_718' title='bbox 879 4719 1058 4777; x_wconf 85' lang='lat' dir='ltr'>divina</span> <span class='ocrx_word' id='word_1_719' title='bbox 1083 4721 1290 4790; x_wconf 90' lang='lat' dir='ltr'>judicia</span> <span class='ocrx_word' id='word_1_720' title='bbox 1345 4730 1508 4795; x_wconf 84' lang='lat' dir='ltr'>atque</span> <span class='ocrx_word' id='word_1_721' title='bbox 1563 4725 1797 4796; x_wconf 89' lang='lat' dir='ltr'>eloquia,</span> <span class='ocrx_word' id='word_1_722' title='bbox 1861 4725 1988 4782; x_wconf 90' lang='lat' dir='ltr'>hinc</span> <span class='ocrx_word' id='word_1_723' title='bbox 2017 4727 2074 4780; x_wconf 91' lang='lat' dir='ltr'>in</span> 
     </span>
    </p>
   </div>
   <div class='ocr_carea' id='block_1_98' title="bbox 472 4808 2073 4881">
    <p class='ocr_par' dir='ltr' id='par_1_98' title="bbox 472 4808 2073 4881">
     <span class='ocr_line' id='line_1_98' title="bbox 472 4808 2073 4881; baseline 0.006 -21"><span class='ocrx_word' id='word_1_724' title='bbox 472 4808 761 4864; x_wconf 85' lang='lat' dir='ltr'>annuendo</span> <span class='ocrx_word' id='word_1_725' title='bbox 793 4809 934 4864; x_wconf 90' lang='lat' dir='ltr'>votis</span> <span class='ocrx_word' id='word_1_726' title='bbox 965 4810 1071 4864; x_wconf 89' lang='lat' dir='ltr'>tuis</span> <span class='ocrx_word' id='word_1_727' title='bbox 1103 4810 1424 4881; x_wconf 87' lang='lat' dir='ltr'>cogitaverit</span> <span class='ocrx_word' id='word_1_728' title='bbox 1454 4819 1642 4868; x_wconf 90' lang='lat' dir='ltr'>contra</span> <span class='ocrx_word' id='word_1_729' title='bbox 1690 4829 1748 4868; x_wconf 90' lang='lat' dir='ltr'>se</span> <span class='ocrx_word' id='word_1_730' title='bbox 1779 4814 2073 4870; x_wconf 87' lang='lat' dir='ltr'>sententias</span> 
     </span>
    </p>
   </div>
   <div class='ocr_carea' id='block_1_99' title="bbox 469 4894 2072 4969">
    <p class='ocr_par' dir='ltr' id='par_1_99' title="bbox 469 4894 2072 4969">
     <span class='ocr_line' id='line_1_99' title="bbox 469 4894 2072 4969; baseline 0.006 -20"><span class='ocrx_word' id='word_1_731' title='bbox 469 4894 702 4962; x_wconf 87' lang='lat' dir='ltr'>divinas,</span> <span class='ocrx_word' id='word_1_732' title='bbox 735 4895 804 4952; x_wconf 92' lang='lat' dir='ltr'>de</span> <span class='ocrx_word' id='word_1_733' title='bbox 833 4897 918 4951; x_wconf 87' lang='lat' dir='ltr'>his</span> <span class='ocrx_word' id='word_1_734' title='bbox 964 4897 1052 4969; x_wconf 88' lang='lat' dir='ltr'>qui</span> <span class='ocrx_word' id='word_1_735' title='bbox 1111 4897 1260 4954; x_wconf 62' lang='lat' dir='ltr'>durae</span> <span class='ocrx_word' id='word_1_736' title='bbox 1319 4900 1550 4955; x_wconf 86' lang='lat' dir='ltr'>cervicis</span> <span class='ocrx_word' id='word_1_737' title='bbox 1607 4909 1658 4956; x_wconf 92' lang='lat' dir='ltr'>et</span> <span class='ocrx_word' id='word_1_738' title='bbox 1716 4901 2072 4958; x_wconf 89' lang='lat' dir='ltr'>indomabiles</span> 
     </span>
    </p>
   </div>
   <div class='ocr_carea' id='block_1_100' title="bbox 467 4983 2070 5063">
    <p class='ocr_par' dir='ltr' id='par_1_100' title="bbox 467 4983 2070 5063">
     <span class='ocr_line' id='line_1_100' title="bbox 467 4983 2070 5063; baseline 0.004 -23"><span class='ocrx_word' id='word_1_739' title='bbox 467 4983 632 5040; x_wconf 88' lang='lat' dir='ltr'>corde</span> <span class='ocrx_word' id='word_1_740' title='bbox 662 4991 804 5038; x_wconf 89' lang='lat' dir='ltr'>sunt.</span> <span class='ocrx_word' id='word_1_741' title='bbox 833 4985 937 5052; x_wconf 87' lang='lat' dir='ltr'>Qui</span> <span class='ocrx_word' id='word_1_742' title='bbox 969 4990 1132 5042; x_wconf 89' lang='lat' dir='ltr'>nocet</span> <span class='ocrx_word' id='word_1_743' title='bbox 1155 4992 1356 5044; x_wconf 84' lang='lat' dir='ltr'>noceat</span> <span class='ocrx_word' id='word_1_744' title='bbox 1385 4987 1590 5058; x_wconf 86' lang='lat' dir='ltr'>adhuc,</span> <span class='ocrx_word' id='word_1_745' title='bbox 1625 4993 1682 5045; x_wconf 88' lang='lat' dir='ltr'>et</span> <span class='ocrx_word' id='word_1_746' title='bbox 1712 4991 1810 5063; x_wconf 85' lang='lat' dir='ltr'>qui</span> <span class='ocrx_word' id='word_1_747' title='bbox 1839 4991 1902 5045; x_wconf 88' lang='lat' dir='ltr'>in</span> <span class='ocrx_word' id='word_1_748' title='bbox 1950 5009 2070 5048; x_wconf 89' lang='lat' dir='ltr'>sor-</span> 
     </span>
    </p>
   </div>
   <div class='ocr_carea' id='block_1_101' title="bbox 463 5073 2065 5150">
    <p class='ocr_par' dir='ltr' id='par_1_101' title="bbox 463 5073 2065 5150">
     <span class='ocr_line' id='line_1_101' title="bbox 463 5073 2065 5150; baseline 0.004 -22"><span class='ocrx_word' id='word_1_749' title='bbox 463 5073 623 5129; x_wconf 81' lang='lat' dir='ltr'>dibus</span> <span class='ocrx_word' id='word_1_750' title='bbox 654 5076 737 5129; x_wconf 88' lang='lat' dir='ltr'>est</span> <span class='ocrx_word' id='word_1_751' title='bbox 767 5073 1056 5130; x_wconf 87' lang='lat' dir='ltr'>sordescat</span> <span class='ocrx_word' id='word_1_752' title='bbox 1082 5075 1267 5132; x_wconf 86' lang='lat' dir='ltr'>adhuc</span> <span class='ocrx_word' id='word_1_753' title='bbox 1301 5077 1494 5150; x_wconf 84' lang='lat' dir='ltr'>(Apoc.</span> <span class='ocrx_word' id='word_1_754' title='bbox 1557 5093 1701 5147; x_wconf 63' lang='grc' dir='ltr'>χχιι,</span> <span class='ocrx_word' id='word_1_755' title='bbox 1763 5078 1853 5148; x_wconf 89' lang='grc'><strong>11)</strong></span> <span class='ocrx_word' id='word_1_756' title='bbox 1887 5098 1901 5146; x_wconf 89' lang='grc'>;</span> <span class='ocrx_word' id='word_1_757' title='bbox 1963 5088 2016 5134; x_wconf 92' lang='lat' dir='ltr'>et</span> <span class='ocrx_word' id='word_1_758' title='bbox 2052 5099 2065 5134; x_wconf 93' lang='lat'><strong>:</strong></span> 
     </span>
    </p>
   </div>
   <div class='ocr_carea' id='block_1_102' title="bbox 471 5163 2065 5238">
    <p class='ocr_par' dir='ltr' id='par_1_102' title="bbox 471 5163 2065 5238">
     <span class='ocr_line' id='line_1_102' title="bbox 471 5163 2065 5238; baseline 0.001 -18"><span class='ocrx_word' id='word_1_759' title='bbox 471 5164 536 5220; x_wconf 89' lang='lat' dir='ltr'>Ut</span> <span class='ocrx_word' id='word_1_760' title='bbox 564 5163 850 5235; x_wconf 77' lang='lat' dir='ltr'>impleant</span> <span class='ocrx_word' id='word_1_761' title='bbox 875 5167 1110 5236; x_wconf 85' lang='lat' dir='ltr'>peccata</span> <span class='ocrx_word' id='word_1_762' title='bbox 1139 5181 1243 5220; x_wconf 85' lang='lat' dir='ltr'>sua</span> <span class='ocrx_word' id='word_1_763' title='bbox 1272 5181 1494 5238; x_wconf 72' lang='lat' dir='ltr'>snnper</span> <span class='ocrx_word' id='word_1_764' title='bbox 1522 5167 1572 5236; x_wconf 86' lang='grc' dir='ltr'>(Ι</span> <span class='ocrx_word' id='word_1_765' title='bbox 1603 5169 1756 5223; x_wconf 88' lang='lat' dir='ltr'>Thes.</span> <span class='ocrx_word' id='word_1_766' title='bbox 1806 5183 1865 5236; x_wconf 85' lang='grc' dir='ltr'>ιι,</span> <span class='ocrx_word' id='word_1_767' title='bbox 1929 5172 1992 5223; x_wconf 87' lang='grc'><strong>16</strong></span> <span class='ocrx_word' id='word_1_768' title='bbox 2027 5170 2065 5238; x_wconf 85' lang='grc'>);</span> 
     </span>
    </p>
   </div>
   <div class='ocr_carea' id='block_1_103' title="bbox 482 5251 2063 5327">
    <p class='ocr_par' dir='ltr' id='par_1_103' title="bbox 482 5251 2063 5327">
     <span class='ocr_line' id='line_1_103' title="bbox 482 5251 2063 5327; baseline 0.005 -23"><span class='ocrx_word' id='word_1_769' title='bbox 482 5258 534 5304; x_wconf 91' lang='lat' dir='ltr'>et</span> <span class='ocrx_word' id='word_1_770' title='bbox 566 5267 578 5305; x_wconf 93' lang='lat'><strong>:</strong></span> <span class='ocrx_word' id='word_1_771' title='bbox 610 5251 815 5306; x_wconf 81' lang='lat' dir='ltr'>Dimisi</span> <span class='ocrx_word' id='word_1_772' title='bbox 843 5267 932 5307; x_wconf 85' lang='lat' dir='ltr'>eos</span> <span class='ocrx_word' id='word_1_773' title='bbox 963 5251 1275 5308; x_wconf 83' lang='lat' dir='ltr'>secundum</span> <span class='ocrx_word' id='word_1_774' title='bbox 1304 5252 1582 5310; x_wconf 84' lang='lat' dir='ltr'>desideria</span> <span class='ocrx_word' id='word_1_775' title='bbox 1608 5256 1794 5312; x_wconf 89' lang='lat' dir='ltr'>cordis</span> <span class='ocrx_word' id='word_1_776' title='bbox 1849 5273 2063 5327; x_wconf 73' lang='lat' dir='ltr'>eorum,</span> 
     </span>
    </p>
   </div>
   <div class='ocr_carea' id='block_1_104' title="bbox 487 5337 2064 5417">
    <p class='ocr_par' dir='ltr' id='par_1_104' title="bbox 487 5337 2064 5417">
     <span class='ocr_line' id='line_1_104' title="bbox 487 5337 2064 5417; baseline 0.004 -23"><span class='ocrx_word' id='word_1_777' title='bbox 487 5337 650 5394; x_wconf 84' lang='lat' dir='ltr'>ibunt</span> <span class='ocrx_word' id='word_1_778' title='bbox 679 5339 742 5394; x_wconf 90' lang='lat' dir='ltr'>in</span> <span class='ocrx_word' id='word_1_779' title='bbox 773 5340 1262 5396; x_wconf 84' lang='lat' dir='ltr'>adinventionibus</span> <span class='ocrx_word' id='word_1_780' title='bbox 1304 5343 1422 5397; x_wconf 85' lang='lat' dir='ltr'>suis</span> <span class='ocrx_word' id='word_1_781' title='bbox 1478 5343 1655 5414; x_wconf 83' lang='lat' dir='ltr'>(Psal.</span> <span class='ocrx_word' id='word_1_782' title='bbox 1713 5360 1890 5410; x_wconf 81' lang='lat' dir='ltr'>Lxxx,</span> <span class='ocrx_word' id='word_1_783' title='bbox 1929 5346 2016 5417; x_wconf 90' lang='grc'><strong>13)</strong></span> <span class='ocrx_word' id='word_1_784' title='bbox 2049 5364 2064 5414; x_wconf 86' lang='lat'><strong>;</strong></span> 
     </span>
    </p>
   </div>
   <div class='ocr_carea' id='block_1_105' title="bbox 473 5427 2064 5506">
    <p class='ocr_par' dir='ltr' id='par_1_105' title="bbox 473 5427 2064 5506">
     <span class='ocr_line' id='line_1_105' title="bbox 473 5427 2064 5506; baseline 0.006 -26"><span class='ocrx_word' id='word_1_785' title='bbox 473 5431 572 5480; x_wconf 91' lang='lat' dir='ltr'>et:</span> <span class='ocrx_word' id='word_1_786' title='bbox 621 5427 817 5482; x_wconf 83' lang='lat' dir='ltr'>Nonne</span> <span class='ocrx_word' id='word_1_787' title='bbox 874 5429 989 5484; x_wconf 64' lang='lat' dir='ltr'>hac</span> <span class='ocrx_word' id='word_1_788' title='bbox 1046 5430 1273 5486; x_wconf 89' lang='lat' dir='ltr'>condita</span> <span class='ocrx_word' id='word_1_789' title='bbox 1311 5436 1446 5486; x_wconf 85' lang='lat' dir='ltr'>sunt</span> <span class='ocrx_word' id='word_1_790' title='bbox 1504 5433 1655 5506; x_wconf 88' lang='lat' dir='ltr'>apud</span> <span class='ocrx_word' id='word_1_791' title='bbox 1709 5450 1815 5500; x_wconf 87' lang='lat' dir='ltr'>me,</span> <span class='ocrx_word' id='word_1_792' title='bbox 1879 5439 1935 5490; x_wconf 88' lang='lat' dir='ltr'>et</span> <span class='ocrx_word' id='word_1_793' title='bbox 1981 5435 2064 5490; x_wconf 87' lang='lat' dir='ltr'>si-</span> 
     </span>
    </p>
   </div>
   <div class='ocr_carea' id='block_1_106' title="bbox 461 5514 2060 5594">
    <p class='ocr_par' dir='ltr' id='par_1_106' title="bbox 461 5514 2060 5594">
     <span class='ocr_line' id='line_1_106' title="bbox 461 5514 2060 5594; baseline 0.007 -24"><span class='ocrx_word' id='word_1_794' title='bbox 461 5516 637 5592; x_wconf 81' lang='lat' dir='ltr'>gnata</span> <span class='ocrx_word' id='word_1_795' title='bbox 667 5515 730 5570; x_wconf 88' lang='lat' dir='ltr'>in</span> <span class='ocrx_word' id='word_1_796' title='bbox 764 5514 1044 5575; x_wconf 81' lang='lat' dir='ltr'>thesauris</span> <span class='ocrx_word' id='word_1_797' title='bbox 1077 5520 1264 5574; x_wconf 81' lang='lat' dir='ltr'>meis?</span> <span class='ocrx_word' id='word_1_798' title='bbox 1291 5535 1419 5575; x_wconf 87' lang='lat' dir='ltr'>mea</span> <span class='ocrx_word' id='word_1_799' title='bbox 1450 5523 1536 5578; x_wconf 87' lang='lat' dir='ltr'>est</span> <span class='ocrx_word' id='word_1_800' title='bbox 1563 5521 1707 5578; x_wconf 86' lang='lat' dir='ltr'>ultio</span> <span class='ocrx_word' id='word_1_801' title='bbox 1739 5525 1796 5578; x_wconf 91' lang='lat' dir='ltr'>et</span> <span class='ocrx_word' id='word_1_802' title='bbox 1823 5539 1916 5594; x_wconf 87' lang='lat' dir='ltr'>ego</span> <span class='ocrx_word' id='word_1_803' title='bbox 1965 5540 2060 5580; x_wconf 86' lang='lat' dir='ltr'>re-</span> 
     </span>
    </p>
   </div>
   <div class='ocr_carea' id='block_1_107' title="bbox 2176 4547 3804 4619">
    <p class='ocr_par' dir='ltr' id='par_1_107' title="bbox 2176 4547 3804 4619">
     <span class='ocr_line' id='line_1_107' title="bbox 2176 4547 3804 4619; baseline 0.006 -23"><span class='ocrx_word' id='word_1_804' title='bbox 2176 4558 2469 4614; x_wconf 91' lang='lat' dir='ltr'>scoporum</span> <span class='ocrx_word' id='word_1_805' title='bbox 2499 4552 2580 4598; x_wconf 92' lang='lat' dir='ltr'>est</span> <span class='ocrx_word' id='word_1_806' title='bbox 2637 4547 3096 4615; x_wconf 88' lang='lat' dir='ltr'>comprobatum:</span> <span class='ocrx_word' id='word_1_807' title='bbox 3156 4548 3250 4602; x_wconf 94' lang='lat' dir='ltr'>sed</span> <span class='ocrx_word' id='word_1_808' title='bbox 3279 4557 3330 4602; x_wconf 92' lang='lat' dir='ltr'>et</span> <span class='ocrx_word' id='word_1_809' title='bbox 3385 4556 3586 4619; x_wconf 69' lang='lat' dir='ltr'>praeter</span> <span class='ocrx_word' id='word_1_810' title='bbox 3647 4551 3804 4606; x_wconf 83' lang='lat' dir='ltr'>alias</span> 
     </span>
    </p>
   </div>
   <div class='ocr_carea' id='block_1_108' title="bbox 2175 4631 3808 4705">
    <p class='ocr_par' dir='ltr' id='par_1_108' title="bbox 2175 4631 3808 4705">
     <span class='ocr_line' id='line_1_108' title="bbox 2175 4631 3808 4705; baseline 0.006 -19"><span class='ocrx_word' id='word_1_811' title='bbox 2175 4631 2436 4702; x_wconf 89' lang='lat' dir='ltr'>epistolas</span> <span class='ocrx_word' id='word_1_812' title='bbox 2467 4647 2532 4688; x_wconf 87' lang='lat' dir='ltr'>ac</span> <span class='ocrx_word' id='word_1_813' title='bbox 2562 4631 2670 4686; x_wconf 89' lang='lat' dir='ltr'>alia</span> <span class='ocrx_word' id='word_1_814' title='bbox 2699 4633 2901 4704; x_wconf 90' lang='lat' dir='ltr'>scripta</span> <span class='ocrx_word' id='word_1_815' title='bbox 2933 4651 3054 4705; x_wconf 70' lang='lat' dir='ltr'>quae</span> <span class='ocrx_word' id='word_1_816' title='bbox 3085 4635 3178 4689; x_wconf 88' lang='lat' dir='ltr'>tibi</span> <span class='ocrx_word' id='word_1_817' title='bbox 3207 4636 3400 4705; x_wconf 86' lang='lat' dir='ltr'>direxi,</span> <span class='ocrx_word' id='word_1_818' title='bbox 3431 4636 3515 4691; x_wconf 88' lang='lat' dir='ltr'>vel</span> <span class='ocrx_word' id='word_1_819' title='bbox 3547 4637 3693 4693; x_wconf 86' lang='lat' dir='ltr'>dedi</span> <span class='ocrx_word' id='word_1_820' title='bbox 3727 4640 3808 4696; x_wconf 87' lang='lat' dir='ltr'>ad</span> 
     </span>
    </p>
   </div>
   <div class='ocr_carea' id='block_1_109' title="bbox 2175 4720 3798 4792">
    <p class='ocr_par' dir='ltr' id='par_1_109' title="bbox 2175 4720 3798 4792">
     <span class='ocr_line' id='line_1_109' title="bbox 2175 4720 3798 4792; baseline 0.004 -16"><span class='ocrx_word' id='word_1_821' title='bbox 2175 4720 2638 4791; x_wconf 87' lang='lat' dir='ltr'>comprimendam</span> <span class='ocrx_word' id='word_1_822' title='bbox 2667 4729 2812 4776; x_wconf 91' lang='lat' dir='ltr'>tuam</span> <span class='ocrx_word' id='word_1_823' title='bbox 2843 4722 3204 4792; x_wconf 87' lang='lat' dir='ltr'>insolentiam,</span> <span class='ocrx_word' id='word_1_824' title='bbox 3245 4731 3296 4778; x_wconf 92' lang='lat' dir='ltr'>et</span> <span class='ocrx_word' id='word_1_825' title='bbox 3315 4728 3798 4782; x_wconf 84' lang='lat' dir='ltr'>commonendam</span> 
     </span>
    </p>
   </div>
   <div class='ocr_carea' id='block_1_110' title="bbox 2172 4808 3804 4886">
    <p class='ocr_par' dir='ltr' id='par_1_110' title="bbox 2172 4808 3804 4886">
     <span class='ocr_line' id='line_1_110' title="bbox 2172 4808 3804 4886; baseline 0.006 -24"><span class='ocrx_word' id='word_1_826' title='bbox 2172 4825 2236 4864; x_wconf 89' lang='lat' dir='ltr'>ac</span> <span class='ocrx_word' id='word_1_827' title='bbox 2266 4808 2634 4863; x_wconf 89' lang='lat' dir='ltr'>instruendam</span> <span class='ocrx_word' id='word_1_828' title='bbox 2663 4817 2810 4864; x_wconf 90' lang='lat' dir='ltr'>tuam</span> <span class='ocrx_word' id='word_1_829' title='bbox 2841 4811 3209 4878; x_wconf 89' lang='lat' dir='ltr'>dilectionem,</span> <span class='ocrx_word' id='word_1_830' title='bbox 3259 4820 3317 4867; x_wconf 89' lang='lat' dir='ltr'>ut</span> <span class='ocrx_word' id='word_1_831' title='bbox 3372 4829 3573 4886; x_wconf 87' lang='lat' dir='ltr'>ageres</span> <span class='ocrx_word' id='word_1_832' title='bbox 3629 4817 3804 4885; x_wconf 84' lang='lat' dir='ltr'>juxta</span> 
     </span>
    </p>
   </div>
   <div class='ocr_carea' id='block_1_111' title="bbox 2172 4897 3812 4973">
    <p class='ocr_par' dir='ltr' id='par_1_111' title="bbox 2172 4897 3812 4973">
     <span class='ocr_line' id='line_1_111' title="bbox 2172 4897 3812 4973; baseline 0.005 -22"><span class='ocrx_word' id='word_1_833' title='bbox 2172 4897 2389 4952; x_wconf 91' lang='lat' dir='ltr'>Domini</span> <span class='ocrx_word' id='word_1_834' title='bbox 2421 4897 2620 4951; x_wconf 90' lang='lat' dir='ltr'>dictum</span> <span class='ocrx_word' id='word_1_835' title='bbox 2651 4899 2836 4968; x_wconf 87' lang='lat' dir='ltr'>(Deut.</span> <span class='ocrx_word' id='word_1_836' title='bbox 2873 4914 3033 4966; x_wconf 76' lang='lat' dir='ltr'>xxvr,</span> <span class='ocrx_word' id='word_1_837' title='bbox 3066 4903 3159 4972; x_wconf 74' lang='lat'>2&#39;7)</span> <span class='ocrx_word' id='word_1_838' title='bbox 3185 4900 3358 4969; x_wconf 88' lang='lat' dir='ltr'>:Quid</span> <span class='ocrx_word' id='word_1_839' title='bbox 3377 4902 3569 4973; x_wconf 62' lang='lat' dir='ltr'>quaerit</span> <span class='ocrx_word' id='word_1_840' title='bbox 3594 4905 3812 4960; x_wconf 85' lang='lat' dir='ltr'>Domi-</span> 
     </span>
    </p>
   </div>
   <div class='ocr_carea' id='block_1_112' title="bbox 2171 4986 3804 5056">
    <p class='ocr_par' dir='ltr' id='par_1_112' title="bbox 2171 4986 3804 5056">
     <span class='ocr_line' id='line_1_112' title="bbox 2171 4986 3804 5056; baseline 0.007 -18"><span class='ocrx_word' id='word_1_841' title='bbox 2171 5001 2274 5038; x_wconf 92' lang='lat' dir='ltr'>nus</span> <span class='ocrx_word' id='word_1_842' title='bbox 2305 4986 2452 5040; x_wconf 90' lang='lat' dir='ltr'>Deus</span> <span class='ocrx_word' id='word_1_843' title='bbox 2481 4993 2604 5040; x_wconf 89' lang='lat' dir='ltr'>tuus</span> <span class='ocrx_word' id='word_1_844' title='bbox 2634 5001 2666 5040; x_wconf 90' lang='lat' dir='ltr'>a</span> <span class='ocrx_word' id='word_1_845' title='bbox 2697 4993 2768 5056; x_wconf 91' lang='lat' dir='ltr'>te,</span> <span class='ocrx_word' id='word_1_846' title='bbox 2799 4987 2905 5042; x_wconf 91' lang='lat' dir='ltr'>nisi</span> <span class='ocrx_word' id='word_1_847' title='bbox 2931 4995 2989 5042; x_wconf 90' lang='lat' dir='ltr'>ut</span> <span class='ocrx_word' id='word_1_848' title='bbox 3019 4989 3208 5044; x_wconf 89' lang='lat' dir='ltr'>timeas</span> <span class='ocrx_word' id='word_1_849' title='bbox 3247 4989 3536 5045; x_wconf 89' lang='lat' dir='ltr'>Dominum</span> <span class='ocrx_word' id='word_1_850' title='bbox 3599 4993 3804 5050; x_wconf 89' lang='lat' dir='ltr'>Deum</span> 
     </span>
    </p>
   </div>
   <div class='ocr_carea' id='block_1_113' title="bbox 2169 5073 3808 5152">
    <p class='ocr_par' dir='ltr' id='par_1_113' title="bbox 2169 5073 3808 5152">
     <span class='ocr_line' id='line_1_113' title="bbox 2169 5073 3808 5152; baseline 0.007 -25"><span class='ocrx_word' id='word_1_851' title='bbox 2169 5081 2341 5139; x_wconf 91' lang='lat' dir='ltr'>tuum,</span> <span class='ocrx_word' id='word_1_852' title='bbox 2375 5081 2429 5129; x_wconf 90' lang='lat' dir='ltr'>et</span> <span class='ocrx_word' id='word_1_853' title='bbox 2457 5073 2623 5129; x_wconf 88' lang='lat' dir='ltr'>facias</span> <span class='ocrx_word' id='word_1_854' title='bbox 2652 5075 2983 5131; x_wconf 88' lang='lat' dir='ltr'>voluntatem</span> <span class='ocrx_word' id='word_1_855' title='bbox 3016 5077 3149 5145; x_wconf 89' lang='lat' dir='ltr'>ejus,</span> <span class='ocrx_word' id='word_1_856' title='bbox 3209 5077 3540 5150; x_wconf 89' lang='lat' dir='ltr'>obediasque</span> <span class='ocrx_word' id='word_1_857' title='bbox 3603 5080 3808 5152; x_wconf 89' lang='lat' dir='ltr'>ipsius</span> 
     </span>
    </p>
   </div>
   <div class='ocr_carea' id='block_1_114' title="bbox 2167 5161 3812 5233">
    <p class='ocr_par' dir='ltr' id='par_1_114' title="bbox 2167 5161 3812 5233">
     <span class='ocr_line' id='line_1_114' title="bbox 2167 5161 3812 5233; baseline 0.008 -18"><span class='ocrx_word' id='word_1_858' title='bbox 2167 5161 2396 5233; x_wconf 90' lang='lat' dir='ltr'>imperio</span> <span class='ocrx_word' id='word_1_859' title='bbox 2425 5161 2452 5216; x_wconf 83' lang='lat'><strong><em>?</em></strong></span> <span class='ocrx_word' id='word_1_860' title='bbox 2476 5162 2628 5232; x_wconf 79' lang='lat' dir='ltr'>Quae,</span> <span class='ocrx_word' id='word_1_861' title='bbox 2660 5162 2846 5230; x_wconf 86' lang='lat' dir='ltr'>frater,</span> <span class='ocrx_word' id='word_1_862' title='bbox 2885 5164 3112 5220; x_wconf 87' lang='lat' dir='ltr'>sollicita</span> <span class='ocrx_word' id='word_1_863' title='bbox 3137 5166 3319 5221; x_wconf 91' lang='lat' dir='ltr'>cordis</span> <span class='ocrx_word' id='word_1_864' title='bbox 3343 5166 3654 5224; x_wconf 87' lang='lat' dir='ltr'>intentione</span> <span class='ocrx_word' id='word_1_865' title='bbox 3715 5187 3812 5229; x_wconf 86' lang='lat' dir='ltr'>re-</span> 
     </span>
    </p>
   </div>
   <div class='ocr_carea' id='block_1_115' title="bbox 2167 5249 3808 5324">
    <p class='ocr_par' dir='ltr' id='par_1_115' title="bbox 2167 5249 3808 5324">
     <span class='ocr_line' id='line_1_115' title="bbox 2167 5249 3808 5324; baseline 0.007 -20"><span class='ocrx_word' id='word_1_866' title='bbox 2167 5249 2341 5318; x_wconf 89' lang='lat' dir='ltr'>volve,</span> <span class='ocrx_word' id='word_1_867' title='bbox 2377 5258 2430 5304; x_wconf 90' lang='lat' dir='ltr'>et</span> <span class='ocrx_word' id='word_1_868' title='bbox 2471 5251 2717 5324; x_wconf 87' lang='lat' dir='ltr'>recogita</span> <span class='ocrx_word' id='word_1_869' title='bbox 2761 5252 2888 5323; x_wconf 89' lang='lat' dir='ltr'>quid</span> <span class='ocrx_word' id='word_1_870' title='bbox 2934 5253 3003 5307; x_wconf 92' lang='lat' dir='ltr'>sit</span> <span class='ocrx_word' id='word_1_871' title='bbox 3048 5254 3192 5324; x_wconf 90' lang='lat' dir='ltr'>quod</span> <span class='ocrx_word' id='word_1_872' title='bbox 3239 5254 3466 5309; x_wconf 81' lang='lat' dir='ltr'>dixisti:</span> <span class='ocrx_word' id='word_1_873' title='bbox 3518 5255 3678 5324; x_wconf 82' lang='lat' dir='ltr'>Quia</span> <span class='ocrx_word' id='word_1_874' title='bbox 3733 5277 3808 5316; x_wconf 83' lang='lat' dir='ltr'>ex</span> 
     </span>
    </p>
   </div>
   <div class='ocr_carea' id='block_1_116' title="bbox 2166 5339 3810 5420">
    <p class='ocr_par' dir='ltr' id='par_1_116' title="bbox 2166 5339 3810 5420">
     <span class='ocr_line' id='line_1_116' title="bbox 2166 5339 3810 5420; baseline 0.007 -28"><span class='ocrx_word' id='word_1_875' title='bbox 2166 5345 2291 5393; x_wconf 91' lang='lat' dir='ltr'>tunc</span> <span class='ocrx_word' id='word_1_876' title='bbox 2323 5339 2542 5410; x_wconf 88' lang='lat' dir='ltr'>quando</span> <span class='ocrx_word' id='word_1_877' title='bbox 2571 5339 2704 5394; x_wconf 89' lang='lat' dir='ltr'>mihi</span> <span class='ocrx_word' id='word_1_878' title='bbox 2734 5339 2944 5396; x_wconf 90' lang='lat' dir='ltr'>litteras</span> <span class='ocrx_word' id='word_1_879' title='bbox 2970 5341 3090 5395; x_wconf 89' lang='lat' dir='ltr'>illas</span> <span class='ocrx_word' id='word_1_880' title='bbox 3149 5341 3362 5412; x_wconf 84' lang='lat' dir='ltr'>misisti,</span> <span class='ocrx_word' id='word_1_881' title='bbox 3393 5349 3452 5397; x_wconf 90' lang='lat' dir='ltr'>ut</span> <span class='ocrx_word' id='word_1_882' title='bbox 3495 5345 3810 5420; x_wconf 86' lang='lat' dir='ltr'>archiepi-</span> 
     </span>
    </p>
   </div>
   <div class='ocr_carea' id='block_1_117' title="bbox 2164 5427 3804 5502">
    <p class='ocr_par' dir='ltr' id='par_1_117' title="bbox 2164 5427 3804 5502">
     <span class='ocr_line' id='line_1_117' title="bbox 2164 5427 3804 5502; baseline 0.008 -23"><span class='ocrx_word' id='word_1_883' title='bbox 2164 5441 2330 5498; x_wconf 93' lang='lat' dir='ltr'>scopo</span> <span class='ocrx_word' id='word_1_884' title='bbox 2361 5427 2718 5499; x_wconf 89' lang='lat' dir='ltr'>coepiscopus</span> <span class='ocrx_word' id='word_1_885' title='bbox 2749 5429 3126 5501; x_wconf 87' lang='lat' dir='ltr'>obtemperare</span> <span class='ocrx_word' id='word_1_886' title='bbox 3157 5431 3318 5487; x_wconf 89' lang='lat' dir='ltr'>debet</span> <span class='ocrx_word' id='word_1_887' title='bbox 3340 5431 3632 5502; x_wconf 87' lang='lat' dir='ltr'>canonice,</span> <span class='ocrx_word' id='word_1_888' title='bbox 3676 5438 3804 5494; x_wconf 83' lang='lat' dir='ltr'>sci—</span> 
     </span>
    </p>
   </div>
   <div class='ocr_carea' id='block_1_118' title="bbox 2164 5523 3808 5600">
    <p class='ocr_par' dir='ltr' id='par_1_118' title="bbox 2164 5523 3808 5600">
     <span class='ocr_line' id='line_1_118' title="bbox 2164 5523 3808 5600; baseline 0.01 -24"><span class='ocrx_word' id='word_1_889' title='bbox 2164 5538 2280 5580; x_wconf 90' lang='lat' dir='ltr'>rem</span> <span class='ocrx_word' id='word_1_890' title='bbox 2335 5523 2564 5598; x_wconf 88' lang='lat' dir='ltr'>obsequi</span> <span class='ocrx_word' id='word_1_891' title='bbox 2619 5525 2751 5580; x_wconf 88' lang='lat' dir='ltr'>mihi</span> <span class='ocrx_word' id='word_1_892' title='bbox 2811 5534 2862 5584; x_wconf 89' lang='lat' dir='ltr'>te</span> <span class='ocrx_word' id='word_1_893' title='bbox 2908 5543 3018 5584; x_wconf 89' lang='lat' dir='ltr'>non</span> <span class='ocrx_word' id='word_1_894' title='bbox 3053 5543 3238 5600; x_wconf 88' lang='lat' dir='ltr'>posse,</span> <span class='ocrx_word' id='word_1_895' title='bbox 3281 5535 3334 5585; x_wconf 87' lang='lat' dir='ltr'>et</span> <span class='ocrx_word' id='word_1_896' title='bbox 3377 5543 3578 5586; x_wconf 88' lang='lat' dir='ltr'>revoca</span> <span class='ocrx_word' id='word_1_897' title='bbox 3659 5541 3808 5593; x_wconf 86' lang='lat' dir='ltr'>ante</span> 
     </span>
    </p>
   </div>
  </div>
