4020 6182
204 264 311 319 509

928 253 1173 313 OPUSC.
1230 254 1322 311 ET
1373 253 1592 312 EPIST.
1653 253 1729 310 IN
1782 250 2013 310 CAUSA
2054 253 2398 314 HINCMARI
2447 256 2752 315 LAUDUN.

3406 264 3511 319 510

209 384 404 443 oculos
446 382 597 456 quod
637 396 824 438 coram
868 379 1140 452 episcOpis
1184 380 1374 436 decem
1413 378 1820 451 provinciarum
1846 376 1904 439 A
1920 377 2083 436 dicio.
2115 380 2241 436 Non
2266 379 2412 437 enim
2440 381 2509 437 de
2535 397 2625 438 me
2651 398 2841 439 verum
2884 398 3009 441 esse
3035 382 3247 442 valebis
3271 400 3515 459 unquam

208 472 502 546 professus
529 487 610 537 es,
641 478 694 525 et
722 484 887 525 manu
927 468 1149 541 propria
1191 468 1578 539 subscripsisti,
1614 467 1821 524 scilicet

206 562 340 635 quia
367 559 664 632 privilegio
698 556 1097 630 metrOpolitani
1142 556 1439 628 provincia
1486 557 1820 613 Rhemorum

212 649 491 716 ecclesia,
516 647 817 704 secundum
847 661 1030 704 sacros
1059 659 1315 710 canones,
1348 652 1402 700 et
1425 644 1643 700 decreta
1672 645 1821 701 sedis

208 737 531 810 apostolica
561 736 735 792 sacris
761 734 1059 791 canonibus
1088 733 1441 807 promulgata,
1465 748 1567 805 pro
1596 732 1738 789 scire
1769 741 1821 790 et

210 842 378 899 posse
422 833 481 881 te
522 824 864 880 obediturum
909 820 1247 893 profitereris
1268 864 1281 888 ,
1330 829 1383 877 et
1430 821 1817 893 subscripsisti.

210 915 328 981 Dic,
363 911 559 978 frater,
593 912 830 984 quando,
869 918 923 965 et
955 910 1068 976 ubi,
1101 910 1188 967 vel
1216 909 1273 964 in
1301 909 1496 982 quibus
1516 925 1549 965 a
1571 918 1624 965 te
1644 909 1820 982 requi-

209 1002 311 1059 sivi
341 1001 436 1058 vel
469 1008 794 1072 extorquere
821 997 987 1064 volui,
1019 1006 1077 1053 ut
1103 998 1237 1053 mihi
1279 1006 1465 1054 contra
1493 998 1611 1055 hac
1638 998 1695 1053 in
1724 998 1820 1054 ali-

212 1106 318 1163 quo
337 1088 602 1145 obedires
617 1088 644 1142 ?
667 1087 759 1159 qui
779 1101 1058 1159 nunquam
1078 1094 1188 1156 tua,
1214 1087 1313 1143 sed
1325 1087 1479 1157 juxta
1499 1088 1820 1158 Apostolum

208 1186 259 1234 te
290 1176 560 1249 quasivi,
593 1183 643 1231 et
669 1174 761 1247 qui
791 1189 944 1230 meas
990 1173 1213 1243 injurias
1231 1217 1245 1241 ,
1296 1173 1504 1230 scilicet
1530 1190 1668 1231 mea
1695 1191 1821 1246 per-

211 1282 382 1333 sona,
419 1264 584 1321 facile
611 1265 726 1319 Deo
754 1262 964 1337 gratias
1009 1277 1233 1334 possum
1280 1262 1570 1330 dimittere,
1603 1263 1741 1320 sicut
1769 1271 1822 1319 et

209 1369 307 1428 pro
338 1361 393 1410 te
424 1351 667 1426 quotidie
713 1350 1158 1422 omnipotentiam
1204 1350 1422 1407 Domini
1467 1351 1664 1408 devote
1690 1367 1820 1409 exo-

211 1459 337 1498 rans
369 1439 544 1508 facio,
576 1439 799 1510 injurias
840 1438 1194 1495 ordinationis
1239 1438 1467 1507 divina,
1516 1456 1638 1512 qua
1665 1455 1699 1496 a
1729 1447 1823 1497 tua

209 1530 516 1587 insolentia
562 1528 935 1602 exquiruntur,
977 1537 1036 1583 ut
1079 1528 1493 1600 metropolitano
1533 1528 1822 1603 privilegio

211 1618 487 1677 canonice
516 1633 627 1674 non
654 1617 929 1687 subdaris,
952 1616 1009 1672 in
1030 1633 1153 1673 eum
1182 1616 1568 1683 redundantes,
1595 1618 1687 1690 qui
1708 1618 1825 1690 Spi-

1920 464 2007 522 vel
2037 483 2267 541 usquam
2293 469 2531 540 probare
2561 471 2708 543 quod
2754 470 2914 538 dicis,
2943 472 3015 527 ab
3044 473 3150 540 his,
3181 473 3453 546 inquiens,
3484 490 3520 532 a

1919 555 2117 627 quibus
2146 574 2248 629 pro
2275 558 2589 629 apostolica
2616 558 2765 615 sedis
2812 560 3138 635 privilegiis,
3170 578 3291 634 qua
3320 562 3518 620 Christi

1921 652 2078 711 sunt,
2121 661 2295 719 usque
2321 646 2390 702 ad
2418 655 2649 704 mortem
2684 647 2766 703 fas
2808 656 2924 705 erat
2964 649 3264 718 decretari,
3310 651 3515 723 pradi-

1920 740 2075 788 catnr
2102 741 2154 790 et
2180 735 2426 802 docetur,
2450 736 2508 791 in
2526 737 2611 792 his
2642 754 2763 809 qua
2789 738 2985 794 eadem
3012 738 3175 795 sedes
3204 740 3407 807 statuit,
3431 739 3518 797 vel

1922 828 1980 877 ut
2009 822 2378 894 respuendum
2420 824 2659 896 probari.
2692 826 2802 881 Sed
2828 833 2886 881 tu
2915 826 3170 898 probaris
3198 828 3316 897 ejus
3342 827 3517 900 privi-

1922 907 2068 981 legio
2097 911 2381 977 resultare,
2414 912 2506 984 qui
2534 914 2831 970 secundum
2877 922 3351 972 sacrosanctorum
3378 931 3518 978 con-

1924 998 2175 1054 ciliorum
2204 1013 2444 1055 canones
2474 1016 2644 1073 supra
2669 1002 2898 1073 positos,
2920 1003 2989 1058 ab
3017 1002 3135 1074 ipsa
3157 1004 3337 1075 prima
3363 1004 3515 1071 sede,

1923 1090 2088 1155 atque
2118 1084 2185 1138 ab
2215 1084 2363 1140 omni
2388 1085 2641 1141 Ecclesia
2669 1086 2931 1145 catholica
2957 1089 3361 1161 comprobatos,
3385 1097 3442 1146 ut
3462 1104 3522 1147 re

1923 1187 2058 1228 vera
2085 1172 2279 1243 spiritu
2305 1173 2408 1229 Dei
2438 1173 2709 1241 conditos,
2732 1184 2787 1231 et
2809 1176 2968 1233 totius
2996 1177 3186 1234 mundi
3212 1177 3522 1235 reverentia

1925 1269 2296 1328 consecratos,
2329 1270 2383 1318 et
2402 1263 2551 1332 juxta
2580 1263 2801 1320 decreta
2846 1263 3016 1336 ipsius
3045 1272 3247 1323 sancta
3275 1266 3422 1323 sedis
3453 1281 3522 1323 ex

1927 1348 2134 1405 eisdem
2163 1349 2337 1405 sacris
2366 1351 2670 1408 canonibus
2711 1353 3076 1426 promulgata,
3107 1354 3522 1427 metropolitano

1924 1436 2217 1510 privilegio
2262 1439 2433 1494 semel
2478 1446 2531 1496 et
2560 1440 2802 1497 secundo
2847 1455 2915 1498 ac
2956 1440 3119 1497 tertio
3164 1441 3523 1500 commonitus

1928 1524 2152 1582 obedire
2179 1526 2514 1593 detrectasti,
2543 1535 2604 1584 ut
2631 1529 3012 1601 colligationes
3047 1529 3358 1602 impietatis,
3387 1544 3525 1603 quas

1928 1620 2118 1670 contra
2146 1614 2523 1688 evangelicam
2551 1617 2855 1688 veritatem,
2887 1625 2942 1674 et
2967 1618 3323 1690 apostolicam
3364 1626 3525 1691 atque
3624 1646 3629 1651 -

209 1710 313 1765 ritu
342 1715 548 1764 sancto
579 1722 695 1771 suo,
730 1721 763 1761 a
789 1722 893 1777 que
940 1705 1271 1778 promulgati
1312 1705 1571 1779 leguntur
1607 1714 1660 1761 et
1696 1722 1822 1763 cre-
1851 1733 1905 1794 Β
1927 1702 2306 1773 prapbeticam
2335 1704 2725 1794 auctoritatem,
2756 1714 3055 1779 contraque
3083 1715 3399 1765 sanctorum
3427 1722 3527 1764 ca-

215 1797 416 1853 duntur
467 1810 725 1862 canones,
755 1794 1002 1861 instituit,
1032 1794 1301 1865 patienter
1346 1794 1491 1850 ferre
1537 1810 1645 1851 non
1696 1810 1825 1867 pos-

150 1908 159 1919 -
215 1902 334 1942 sum
357 1927 374 1954 ,
428 1901 536 1940 nec
564 1884 773 1950 debeo,
822 1883 954 1955 quin
999 1890 1202 1937 tantum
1249 1883 1375 1939 inde
1420 1899 1532 1940 non
1579 1891 1824 1955 satagam

216 1982 488 2047 quantum
536 1980 748 2043 potero.
781 1972 921 2026 Nam
950 1971 1089 2027 sicut
1119 1971 1426 2027 sollicitudo
1468 1979 1521 2028 et
1564 1973 1825 2044 primatus

215 2063 376 2118 totius
406 2060 681 2118 Ecclesia
708 2059 992 2116 catholica
1018 2067 1220 2116 sancta
1241 2059 1388 2116 sedis
1408 2062 1668 2117 Romana
1696 2076 1828 2132 pon-

213 2149 343 2206 tiﬁci
388 2149 657 2205 divinitus
685 2157 767 2204 est
795 2148 1009 2215 collata,
1042 2148 1115 2203 ita
1144 2155 1197 2203 et
1225 2148 1524 2221 uniquique
1553 2157 1827 2221 metropo-

214 2239 378 2294 litano
408 2255 480 2293 ac
508 2236 727 2309 primati
754 2236 1051 2308 provincia
1098 2236 1405 2292 sollicitudo
1432 2238 1535 2293 sibi
1564 2237 1828 2311 delegata

214 2327 522 2401 provincia
564 2341 666 2398 per
711 2339 901 2381 sacros
942 2340 1181 2381 canones
1209 2324 1399 2395 spiritu
1428 2326 1529 2381 Dei
1554 2327 1824 2395 conditos,

219 2425 270 2472 et
294 2416 469 2472 totius
503 2414 693 2469 mundi
722 2412 1024 2470 reverentia
1050 2421 1404 2470 consecratos
1431 2414 1676 2470 noscitur
1704 2432 1828 2471 esse

218 2504 542 2568 commissa,
580 2526 601 2551 ι»
634 2509 689 2558 et
715 2509 932 2558 catera.
963 2501 1278 2573 Sequuntur
1305 2502 1543 2574 denique
1570 2504 1730 2574 plura
1758 2504 1829 2560 de

218 2591 660 2666 professionibus
679 2597 732 2646 et
752 2588 1243 2661 subscriptionibus
1263 2591 1509 2660 ejusdem
1527 2592 1826 2661 Hincmari,

134 2680 147 2689 ’
215 2691 267 2739 et
293 2678 741 2753 correptionibus
772 2679 910 2749 ejus,
941 2694 1114 2751 usque
1142 2678 1213 2734 ad
1243 2677 1409 2735 ﬁnem
1437 2680 1657 2755 operis.

383 2884 733 2943 EPISTOLA
768 2883 1116 2940 HINCMARI
1161 2881 1654 2939 LAUDUNENSIS

598 2998 674 3037 AD
710 2995 1044 3037 RINCIARUI
1083 2994 1449 3035 RHBIBNSEM.

219 3071 537 3153 Respondet
558 3072 639 3153 ‘ad
662 3070 1001 3153 opusculum
1020 3070 1435 3153 quinquaginta
1463 3070 1707 3153 quiaque
1737 3084 1832 3153 δατ
1857 3087 1907 3153 C

286 3141 485 3270 p‘zttum
514 3146 571 3200 et
599 3144 673 3199 ad
700 3141 818 3198 alia
848 3157 970 3213 qua
1011 3141 1213 3197 contra
1258 3141 1449 3210 ipsum
1494 3142 1709 3211 scripta
1739 3141 1826 3197 vet

290 3234 359 3270 ac
389 3233 447 3270 α.

290 3233 447 3272 acra.

350 3302 518 3376 (Vide
548 3300 892 3374 Patrologia,
924 3307 1056 3355 tom.
1090 3299 1335 3365 CXXIV,
1367 3298 1474 3354 col.
1508 3301 1692 3370 1027.)

581 3396 927 3454 HINCMARI
978 3396 1472 3453 LAUDUNENSIS

859 3501 931 3540 AD
967 3500 1201 3542 BUIDBI

214 3582 290 3637 De
319 3592 609 3637 consensu
636 3578 700 3633 in
729 3574 1382 3632 excommunicationem
1420 3572 1486 3629 ab
1516 3588 1577 3631 co
1604 3574 1826 3645 factum

755 3662 918 3719 quem
953 3645 1229 3717 exigebat.

600 3735 760 3805 (Vide
789 3734 883 3789 ubi
914 3749 1099 3805 supra,
1134 3732 1240 3789 col.
1275 3731 1458 3803 1069.)

442 3841 789 3899 EPISTOLA
825 3839 1167 3895 HINCMARI
1204 3837 1606 3894 RHEMENSIS

582 3944 656 3985 AD
694 3943 1025 3984 HINCIARUI
1062 3941 1497 3983 ιΑυοσΝΕΝεειι.

365 4019 539 4077 (Apud
560 4017 831 4073 Sirmond.,
856 4027 917 4063 ex
937 4014 1222 4068 Flodoardi,
1247 4014 1334 4060 lib.
1355 4025 1428 4068 in,
1457 4024 1566 4070 cap.
1591 4014 1681 4068 22.)

288 4111 630 4167 HINCIABUS
659 4109 993 4165 Rbemorum
1024 4105 1315 4177 episcOpus
1345 4104 1644 4159 Hmcuano
1691 4103 1831 4158 Lau-

214 4199 488 4256 dunensis
514 4197 797 4269 episcopo.

288 4290 392 4344 Vir
419 4286 658 4343 diversis
686 4284 921 4358 flagellis
940 4298 973 4338 a
994 4282 1229 4339 diversis
1257 4281 1500 4337 attristus
1527 4280 1696 4337 dicit:
1722 4278 1831 4349 Qui

215 4394 306 4433 me
368 4374 671 4433 comedunt
720 4389 829 4428 non
886 4371 1192 4438 dormiunt;
1250 4385 1315 4427 ac
1370 4369 1418 4425 si
1464 4369 1687 4436 diceret,
1718 4384 1829 4425 non

1925 1805 2150 1856 nonum,
2183 1798 2235 1847 et
2263 1791 2481 1848 decreta
2510 1792 2683 1864 ipsius
2710 1796 3039 1851 veneranda
3076 1795 3243 1863 sedis,
3276 1795 3526 1851 exitiabi-

1925 1872 2048 1929 liter
2075 1874 2132 1930 in
2162 1883 2313 1930 tuum
2342 1884 2396 1933 et
2422 1877 2717 1934 multorum
2745 1879 3049 1950 periculum
3079 1880 3377 1953 colligasti,
3408 1880 3527 1936 dis-

1927 1962 2192 2019 solveres.
2218 1964 2445 2037 Insuper
2464 1974 2656 2022 contra
2675 1982 2862 2023 sacras
2883 1967 3107 2040 regulas
3135 1968 3400 2024 adversus
3418 1984 3528 2025 meo

1926 2052 2315 2123 tropolitanum
2359 2054 2706 2127 privilegium
2731 2055 2915 2111 libello
2942 2056 3254 2127 perniciose
3280 2057 3527 2112 subscri-

1925 2139 2104 2211 psisti,
2128 2147 2181 2195 et
2199 2142 2472 2198 subscribi
2497 2142 2691 2199 fecisti.
2719 2144 2875 2201 Unde
2901 2143 2959 2200 in
2986 2144 3197 2215 synodo
3227 2152 3527 2202 conventus

1927 2227 1997 2284 ab
2018 2228 2292 2301 episcOpis
2307 2230 2502 2287 decem
2521 2231 2949 2303 provinciarum,
2961 2232 3208 2289 libellum
3221 2232 3526 2305 professio-

1927 2314 2015 2371 nis
2044 2317 2114 2372 de
2142 2316 2319 2373 futura
2345 2326 2435 2374 tua
2463 2320 2792 2388 obedientia,
2825 2320 3189 2393 subscriptum
3209 2337 3372 2377 manu
3399 2337 3529 2393 pro-

1928 2404 2069 2475 pria,
2106 2406 2251 2477 quod
2293 2407 2492 2476 habeo,
2524 2409 2809 2480 porrexisti
2839 2426 2855 2465 :
2887 2416 3076 2466 contra
3122 2426 3287 2483 quem
3331 2410 3530 2466 iterum

1930 2493 2384 2566 resubscripsisti.
2432 2497 2573 2552 Nam
2619 2513 2727 2571 ego
2772 2498 3069 2555 decretales
3112 2498 3344 2570 epistola
3380 2498 3530 2555 sedis

1928 2582 2261 2653 apostolica,
2303 2584 2528 2641 divertis
2570 2587 2907 2658 temporibus
2934 2603 3037 2659 pro
3065 2587 3406 2645 diversorum
3433 2604 3531 2659 pa-

1925 2677 2071 2725 trum
2099 2672 2472 2729 consolatione
2490 2673 2575 2729 vel
2595 2674 2991 2731 consultatione
3010 2676 3078 2731 ab
3104 2676 3351 2745 ejusdem
3377 2675 3529 2733 sedis

1926 2757 2273 2829 pontificibus
2299 2759 2474 2827 datas,
2507 2769 2561 2818 et
2588 2762 2977 2820 venerabiliter
3004 2764 3263 2836 suscipio,
3297 2770 3353 2820 et
3370 2779 3531 2821 vene-

1928 2846 2172 2903 rabiliter
2199 2848 2576 2922 suscipiendas
2604 2850 2749 2919 dico,
2774 2858 2826 2908 et
2846 2851 3049 2919 scribo,
3081 2860 3136 2908 et
3158 2860 3532 2910 sacrosancto-
3622 2876 3630 2885 ’

1928 2952 2049 2990 rum
2091 2937 2445 2993 conciliorum
2491 2953 2750 3007 canones,
2782 2955 2908 2996 cum
2936 2940 3174 2998 decretis
3220 2940 3534 3012 apostolica

1927 3023 2077 3080 sedis
2107 3040 2174 3082 ex
2203 3025 2414 3082 eisdem
2440 3027 2611 3084 sacris
2640 3029 2939 3086 canonibus
2966 3028 3327 3104 promulgatis
3356 3036 3412 3087 et
3436 3045 3532 3087 re-

1927 3112 2211 3186 cipiendos
2240 3124 2293 3170 et
2323 3117 2713 3173 custodiendos
2743 3125 2798 3175 et
2822 3120 3146 3189 servandos,
3187 3118 3328 3174 sicut
3367 3132 3534 3189 supra

1926 3203 2162 3275 ostendi,
2210 3203 2487 3275 profiteor.
2533 3207 2603 3261 Et
2632 3206 2778 3278 quod
2807 3214 2860 3262 te
2885 3206 3025 3263 dicis
3071 3206 3259 3263 audire
3306 3205 3533 3278 obloqui

1925 3290 1995 3346 de
2015 3291 2220 3360 judicio
2250 3292 2436 3347 domui
2461 3308 2618 3365 papa
2647 3294 2875 3361 Nicolai,
2903 3294 2951 3351 si
2978 3295 3049 3351 de
3074 3311 3163 3350 me
3191 3294 3349 3361 dicis,
3380 3310 3536 3351 men-

1929 3378 2147 3434 dacium
2193 3379 2350 3435 dicis.
2397 3382 2537 3436 Nam
2582 3382 2729 3454 quod
2770 3382 2862 3438 ille
2906 3383 2975 3438 de
3013 3383 3282 3451 Rothodo,
3316 3382 3432 3439 sive
3460 3382 3533 3440 de

1926 3466 2155 3523 Vulfado
2179 3468 2458 3537 judicavit,
2481 3485 2591 3524 non
2621 3469 2943 3538 contradixi,
2968 3471 3066 3526 sed
3090 3470 3230 3528 sicut
3254 3470 3371 3542 ipse
3398 3486 3535 3543 pra-

1926 3555 2071 3627 cepit
2110 3556 2331 3612 obedire
2374 3557 2579 3613 curavi.
2612 3559 2694 3614 De
2723 3573 2789 3614 eo
2818 3558 2966 3631 quod
2995 3558 3135 3615 dicis
3160 3560 3232 3616 de
3259 3559 3530 3630 Rothado,

1853 3714 1860 3721 .
1927 3644 2058 3717 quia
2084 3644 2140 3699 in
2170 3644 2288 3715 ejus
2317 3645 2659 3718 depositione
2678 3661 2788 3703 non
2808 3648 3154 3715 consensisti,
3187 3648 3533 3720 subscriptio-

1844 3770 1849 3773 -
1926 3747 2029 3788 nes
2066 3739 2171 3789 tua
2217 3750 2409 3790 manus
2455 3736 2695 3807 propria
2740 3743 2794 3792 te
2837 3736 3145 3793 revincunt.
3192 3736 3341 3793 Nihil
3383 3736 3531 3795 enim

1927 3821 2055 3878 inde
2084 3822 2175 3897 egi
2205 3824 2350 3896 quod
2375 3839 2595 3881 mecum
2640 3840 2751 3881 non
2796 3824 2999 3899 egeris,
3047 3825 3183 3881 nihil
3229 3825 3531 3898 subscripsi

1930 3910 2078 3983 quod
2105 3927 2218 3967 non
2246 3912 2663 3984 subscripseris.
2694 3914 2886 3972 Habeo
2911 3914 3059 3972 enim
3082 3914 3204 3973 illas
3231 3914 3379 3989 ipsas
3405 3930 3531 3973 ma-

1929 4013 2033 4054 nus
2064 4007 2171 4057 tua
2190 4000 2601 4058 subscritiones.

1999 4088 2072 4143 Et
2098 4087 2249 4145 circa
2278 4089 2436 4159 hujus
2463 4090 2648 4162 operis
2675 4089 2859 4148 ﬁnem.
2884 4092 2966 4148 De
2995 4091 3115 4148 aliis
3143 4107 3295 4160 vero,
3328 4108 3449 4165 qua
3476 4093 3532 4151 in

1931 4175 2136 4248 scripto
2183 4177 2327 4248 apud
2372 4178 2700 4235 Attiniacum
2746 4180 2871 4235 dato
2914 4180 3049 4236 mihi
3108 4181 3533 4253 improperando

1930 4265 2268 4322 mendaciter
2296 4265 2455 4335 dicis,
2479 4267 2577 4323 tibi
2597 4269 2933 4340 respondere
2951 4284 3064 4324 non
3080 4284 3233 4326 curo.
3259 4270 3367 4325 Sed
3388 4270 3532 4327 scias

1931 4352 2061 4425 quia
2088 4368 2199 4409 non
2227 4369 2347 4409 sum
2377 4354 2577 4411 oblitus
2606 4356 2752 4427 quod
2777 4356 3038 4428 scriptum
3060 4364 3143 4412 est
3164 4357 3221 4411 in
3238 4357 3382 4412 Isaia
3407 4371 3534 4428 pro-

214 4466 534 4539 quiescunt.
559 4464 630 4518 Et
648 4470 726 4529 tu,
748 4461 936 4528 frater,
958 4477 1046 4517 me
1075 4468 1180 4516 tua
1207 4458 1410 4531 lingua
1440 4458 1670 4529 flagellis
1697 4464 1823 4514 atte-

1936 4442 2117 4513 pheta,
2152 4442 2410 4513 quoniam
2439 4451 2657 4499 sanctus
2697 4443 2963 4501 Ezechias
2991 4451 3229 4501 arctatus
3257 4444 3527 4518 angustia,

216 4572 365 4622 rere,
398 4563 455 4610 et
484 4552 776 4609 venenosis
805 4550 1019 4621 scriptis
1066 4548 1173 4604 tuis
1218 4548 1285 4603 ad
1334 4546 1671 4604 iracundiam
1700 4561 1832 4616 pro-

212 4643 476 4702 vocando
522 4640 749 4698 inﬁcere
786 4654 896 4694 non
940 4632 1200 4710 quiescis.
1236 4636 1345 4693 Sed
1373 4635 1464 4692 ille
1494 4634 1585 4707 qui
1616 4650 1833 4690 servum

214 4748 384 4789 suum
413 4729 710 4788 custodivit
735 4744 766 4783 a
795 4725 1336 4791 murmurationibus,
1367 4740 1456 4780 me
1485 4730 1834 4795 peccatorem

213 4830 270 4878 et
299 4819 567 4893 fragilem
594 4818 651 4871 in
680 4833 741 4873 se
771 4813 1130 4873 confidentem
1161 4820 1340 4885 potest
1369 4810 1647 4870 custodire
1664 4826 1696 4865 a
1716 4826 1836 4866 ran-

213 4926 350 4966 core
400 4916 456 4963 et
502 4905 708 4963 malitia
770 4912 962 4961 contra
1008 4911 1128 4959 tuas
1175 4901 1342 4958 falsas
1401 4900 1830 4957 criminationes.

213 4999 353 5053 Post
388 4995 495 5051 alia
537 4994 710 5050 multa
755 5007 922 5065 super
969 4991 1213 5048 dolorem
1255 4990 1543 5047 vulnerum
1590 5004 1834 5045 meorum

211 5086 439 5143 addens
469 5083 609 5140 dicis
642 5099 655 5138 :
692 5082 841 5139 Sicut
868 5081 924 5137 in
953 5081 1171 5153 scriptis
1194 5080 1312 5136 'tuis
1353 5077 1631 5150 perversis
1675 5077 1834 5133 inve-

211 5174 311 5231 nio
330 5218 349 5241 ,
385 5173 514 5246 quia
555 5169 872 5244 apostolica
919 5168 1068 5226 sedis
1114 5167 1368 5240 potestati
1416 5167 1646 5238 derogo.
1681 5165 1837 5222 Unde

212 5278 392 5320 nemo
420 5277 617 5317 sanum
636 5259 853 5331 sapiens
871 5257 966 5314 tibi
988 5272 1231 5329 unquam
1250 5255 1483 5312 credidit
1502 5255 1590 5311 vel
1609 5253 1795 5312 credet
1818 5270 1831 5310 :

210 5351 489 5425 quoniam
515 5357 569 5405 et
595 5349 715 5420 ipsa
743 5346 949 5419 scripta
1015 5362 1137 5418 qua
1165 5345 1234 5400 ad
1263 5343 1620 5416 apostolicam
1648 5343 1837 5399 sedem

211 5439 530 5511 saepissime
562 5436 705 5519 misi,
732 5444 786 5491 et
804 5435 897 5491 illa
918 5450 1039 5508 qua
1067 5433 1163 5490 tibi
1191 5432 1473 5490 resultanti
1503 5448 1650 5503 sape
1670 5438 1836 5487 trans-

212 5528 374 5594 misi,
406 5535 458 5583 te
490 5526 786 5592 revincent,
820 5532 872 5581 et
900 5524 957 5580 in
984 5523 1091 5581 isto
1138 5522 1340 5581 saculo
1365 5529 1421 5579 et
1447 5520 1503 5577 in
1530 5521 1713 5577 futuro
1749 5520 1839 5591 ju-

1931 4529 2279 4600 blasphemas
2322 4530 2581 4601 epistolas
2629 4530 2733 4587 sibi
2778 4532 3014 4589 directas
3035 4532 3091 4588 in
3120 4532 3326 4605 templo
3349 4548 3529 4589 coram

1932 4617 2164 4674 Domino
2205 4618 2480 4690 expandit,
2513 4627 2566 4676 et
2592 4620 2660 4675 ad
2687 4636 2815 4677 eum
2860 4620 3131 4688 clamavit,
3167 4629 3220 4677 et
3249 4620 3529 4678 exauditus

1932 4713 2032 4762 est.
2063 4706 2384 4779 Expandam
2409 4716 2590 4765 autem
2608 4725 2802 4766 manus
2820 4724 2976 4767 meas
2995 4710 3065 4766 ad
3085 4709 3377 4766 Dominum
3403 4724 3530 4767 cum

1931 4794 2270 4867 blasphemis
2307 4805 2360 4852 et
2396 4798 2805 4870 superbissimis
2849 4797 3068 4870 scriptis
3113 4797 3220 4854 tuis
3255 4797 3388 4853 mihi
3413 4812 3449 4854 a
3475 4805 3530 4855 te

1933 4882 2158 4940 directis
2175 4924 2190 4953 ,
2242 4901 2410 4941 orans
2446 4894 2504 4941 ut
2532 4887 2750 4959 quando
2790 4886 2925 4955 scit,
2958 4892 3011 4942 et
3039 4886 3258 4958 quando
3298 4886 3446 4957 vult,
3476 4894 3535 4945 et

1934 4971 2072 5029 sicut
2101 4971 2221 5041 scit,
2254 4981 2309 5030 et
2338 4974 2477 5031 sicut
2504 4974 2644 5041 vult,
2677 4982 2730 5030 te
2758 4980 3055 5051 convertat.
3076 4975 3146 5030 ad
3191 4991 3336 5033 vera
3377 4976 3533 5050 pacis

1935 5068 1989 5117 et
2015 5061 2321 5119 dilectionis
2351 5069 2513 5135 atque
2549 5062 2766 5119 debitia
2792 5062 3099 5121 obedienta
3138 5063 3489 5123 dilectionem
3510 5105 3526 5132 ,

1935 5158 1988 5206 et
2016 5166 2104 5205 me
2134 5150 2328 5207 liberet
2358 5166 2393 5206 a
2416 5150 2574 5206 labiis
2600 5149 2820 5223 iniquis,
2850 5159 2905 5208 et
2930 5167 2963 5207 a
2991 5152 3177 5226 lingua
3219 5153 3430 5210 dolosa.
3462 5154 3533 5208 Et

1935 5239 2180 5296 Domina
2204 5254 2343 5295 mea
2370 5239 2540 5296 beata
2560 5246 2613 5295 et
2630 5238 2889 5313 gloriosa
2915 5241 3018 5298 Dei
3041 5240 3320 5313 genitricis
3344 5239 3533 5299 Maria

1933 5326 2162 5396 meritis,
2194 5342 2261 5384 ac
2287 5327 2540 5399 precibus
2568 5329 2743 5385 sancti
2771 5329 3024 5403 Remigii,
3056 5329 3211 5399 cujus
3242 5328 3531 5403 privilegio

1934 5415 2191 5488 derogas,
2223 5416 2469 5473 exaudiet
2501 5431 2589 5472 me
2615 5416 2826 5487 adjutor
2853 5417 2907 5473 in
2936 5417 3427 5489 opportunitatibus
3471 5418 3531 5478 in
3612 5410 3617 5417 ’

1936 5510 2297 5569 tribulatione.
2330 5511 2401 5568 Et
2426 5510 2553 5584 quia
2578 5511 2768 5572 beatus
2797 5510 3158 5590 Hieronymus
3177 5512 3248 5573 de
3267 5513 3375 5584 his,
3402 5529 3535 5593 quo-
