4020 6182
493 269 592 322 5M

1383 259 1724 318 HINCMARI
1759 256 2162 316 BHEMENSIS
2191 255 2745 312 ARCHIEPISCOPI.

3695 262 3791 316 512

491 405 616 446 rum
665 388 950 444 adversum
978 401 1066 442 me
1096 387 1266 460 gratis
1296 386 1580 458 suscepisti
1629 384 1880 450 officium,
1916 383 2044 439 dicit
2077 401 2089 438 :
2113 383 2168 444 Α
2187 381 2356 436 Maias
2377 387 2564 452 pastor
2590 387 2776 436 noster
2805 381 2860 435 in
2890 388 3073 436 monte
3097 381 3353 437 Lauduno
3373 383 3430 436 in
3451 399 3553 438 sua
3583 383 3790 456 synodo

495 499 520 528 «
557 477 794 532 Audiant
837 493 1000 532 canes
1029 477 1156 542 mei,
1190 484 1244 530 tu
1275 476 1366 547 qui
1395 475 1463 530 de
1503 473 1612 530 filio
1639 474 1694 528 in
1727 473 1970 540 fratrem,
2002 472 2090 528 in-

494 566 672 637 deque
720 566 940 621 crevisti
967 565 1023 618 in
1064 565 1466 636 coepiscopum,
1501 571 1552 618 et
1579 571 1702 633 post
1731 563 1870 616 adeo
1899 559 2090 632 profe-

495 655 614 710 cisti
673 662 730 708 ut
757 654 814 708 in
841 669 1033 709 canem
1091 669 1274 708 meum
1332 653 1664 718 excreveris,
1718 651 1905 720 accipe
1952 651 2092 706 hanc

493 741 743 814 perversi
784 742 1144 798 contumacia:
1190 751 1296 796 tua;
1341 740 1603 811 pittacioli
1641 739 1893 812 exigente
1923 754 2094 794 causa

493 831 764 904 prolixam
790 831 1225 901 responsionem.
1260 830 1396 884 Cum
1421 838 1602 884 autem
1632 829 1763 882 mihi
1795 827 2088 894 vacaverit,

492 919 820 976 succinctius
849 920 920 974 de
947 919 1066 973 aliis
1097 919 1371 989 perversis
1394 926 1446 973 et
1475 917 1849 988 incompositis
1868 915 2089 985 scriptis

493 1007 615 1075 tuis,
649 1008 706 1061 in
735 1008 931 1078 quibus
965 1009 1214 1078 quaedam
1245 1005 1599 1070 mendaciter,
1623 1005 1874 1076 quaedam
1907 1019 2092 1074 repre-

493 1095 834 1150 hensibiliter
862 1112 949 1150 me
977 1095 1449 1166 reprehendendo,
1487 1094 1735 1164 quadam
1765 1091 1886 1147 ficte
1917 1091 2091 1146 humi-

492 1183 618 1239 liter
646 1191 699 1238 et
727 1201 854 1241 vere
885 1185 1124 1254 superbe
1155 1183 1441 1252 scripsisti,
1482 1181 1800 1250 rescribam,
1835 1189 1886 1235 et
1915 1181 1968 1234 in
1999 1180 2092 1235 illo

493 1272 718 1343 scripto,
755 1273 882 1344 quia
902 1273 1025 1342 lego
1047 1272 1248 1325 dixisse
1271 1271 1558 1325 Dominum
1583 1287 1594 1323 :
1619 1271 1735 1323 Jam
1757 1285 1865 1323 non
1885 1268 2094 1324 irascar

491 1361 590 1415 tibi
619 1361 875 1430 amplius,
929 1368 1188 1430 quantum
1221 1359 1349 1412 mihi
1378 1359 1554 1414 adhuc
1593 1367 1765 1428 paret,
1799 1358 1868 1412 de
1897 1357 2092 1425 hujus-

493 1449 642 1504 modi
683 1447 1124 1502 altercationibus
1155 1447 1249 1501 tibi
1281 1447 1556 1502 scribendi
1586 1445 1748 1501 ﬁnem
1797 1445 2090 1516 imponam.

493 1538 576 1592 De
605 1538 708 1591 hoc
739 1536 884 1606 quod
939 1535 1094 1602 dicis,
1129 1536 1257 1606 quia
1311 1535 1498 1590 dicunt
1553 1535 1620 1589 de
1677 1551 1764 1589 me
1793 1534 2041 1589 homines
2077 1551 2088 1589 :

497 1623 689 1692 Qualis
719 1631 801 1677 est
829 1623 918 1678 ille
949 1624 1269 1689 avunculus,
1295 1623 1386 1694 qui
1404 1623 1530 1677 talia
1548 1639 1645 1678 suo
1675 1623 1859 1692 nepoti
1888 1623 2090 1689 scribit,

2191 470 2258 524 de
2313 469 2658 540 perplurimis
2723 469 3039 524 utilitatibus
3094 486 3206 525 sua:
3263 479 3466 526 sanctae
3522 473 3790 538 ecclesiae,

2190 557 2489 612 ordinando
2509 565 2560 612 et
2591 557 2960 612 emeliorando
2993 559 3237 629 quazdam
3269 560 3324 614 in
3353 559 3434 614 eis
3451 559 3752 630 disputaret
3777 581 3791 625 ;

2190 647 2426 702 occurrit
2454 662 2555 717 pro
2585 662 2838 702 successu
2869 655 3170 717 temporum
3201 649 3448 718 quaedam
3477 663 3612 718 pars
3646 650 3788 716 ejus-

2189 735 2316 790 dem
2357 733 2754 804 disputationis,
2798 751 2897 805 pro
2942 752 3044 806 qua
3102 737 3230 805 quia
3283 737 3578 790 ordinandi
3607 753 3790 791 rerum

2189 822 2682 878 ecclesiasticarum
2729 831 2969 892 potestas
3000 824 3066 876 ab
3097 839 3182 889 eo,
3225 838 3347 878 cum
3370 825 3460 892 jus
3493 833 3546 878 et
3578 825 3670 879 lex
3702 841 3790 880 ca-

2191 927 2394 966 nonum
2427 911 2670 980 jubendo
2714 911 2974 981 praecipit,
3005 919 3064 966 ut
3094 912 3383 982 episcOpus
3416 928 3506 966 res
3540 913 3788 969 ecclesiae

2191 1015 2304 1054 suae
2335 999 2530 1070 quibus
2559 999 2806 1064 voluerit,
2827 1007 2878 1054 et
2905 999 3176 1071 quomodo
3197 1000 3425 1054 voluerit
3446 1001 3788 1072 disponendo

2190 1087 2502 1157 dispenset,
2588 1086 2930 1154 auferretur;
3019 1087 3368 1158 perplurima?
3445 1089 3792 1144 auctoritates

2191 1176 2362 1230 sancti
2421 1175 2560 1229 Petri
2615 1191 3104 1246 successorumque
3164 1177 3298 1244 ejus,
3331 1177 3531 1248 quibus
3563 1178 3791 1248 qualiter

2192 1271 2245 1318 et
2274 1263 2701 1334 quomodo-data
2731 1264 2798 1317 sit
2823 1271 3062 1334 potestas
3097 1263 3308 1336 ligandi
3337 1273 3389 1318 et
3419 1265 3698 1334 solvendi,
3729 1266 3791 1319 ab

2192 1352 2386 1407 eodem
2417 1359 2634 1423 pastore
2663 1361 2848 1407 nostro
2877 1354 2933 1406 in
2961 1353 3249 1424 praesentia
3279 1353 3442 1407 totius
3471 1353 3680 1424 synodi
3709 1370 3792 1408 eas

2193 1440 2487 1510 relegendo
2531 1439 2774 1494 recitata:
2822 1447 2967 1492 sunt.
3017 1439 3225 1508 Quibus
3269 1441 3529 1507 recitatis,
3585 1457 3792 1496 memor

2191 1528 2509 1597 injuriarum
2578 1543 2813 1596 suarum,
2874 1544 2996 1599 qua
3053 1529 3104 1583 ei
3157 1529 3421 1583 moderno
3479 1529 3796 1584 acciderant

2192 1624 2435 1687 tempore
2481 1615 2706 1684 addidit,
2740 1617 2885 1687 quod
2940 1615 3247 1671 immineret
3291 1625 3505 1688 tempus
3539 1633 3792 1689 compro-

494 1712 678 1766 dicant
706 1721 756 1766 et
788 1713 856 1766 de
886 1720 938 1767 te
963 1712 1068 1782 ipsi
1117 1711 1365 1766 homines
1397 1728 1408 1766 :
1445 1711 1634 1779 Qualis
1665 1719 1744 1766 est
1773 1711 1865 1766 ille
1897 1727 2090 1781 nepos,
2122 1737 2174 1796 Β
2195 1704 2438 1759 vincialis
2495 1704 2710 1775 synodi,
2769 1720 2890 1796 qpaa
2923 1703 2975 1758 in
3039 1705 3313 1759 Vermeria
3349 1705 3547 1776 palatio
3577 1707 3738 1778 regio
3765 1722 3794 1762 a

491 1801 565 1854 ab
596 1801 864 1856 avunculo
920 1815 1019 1854 suo
1077 1800 1197 1854 talis
1227 1807 1284 1854 ut
1315 1807 1439 1854 tunc
1495 1807 1614 1854 erat
1673 1808 2005 1869 assumptus,
2039 1807 2092 1853 et

493 1888 618 1943 talis
647 1889 785 1944 sicut
835 1904 978 1944 nunc
1020 1895 1101 1942 est
1129 1888 1184 1942 in
1216 1887 1438 1958 spiritali
1467 1904 1530 1944 ac
1569 1887 1854 1958 temporali
1883 1888 2090 1942 honore

495 1971 740 2038 effectus,
773 1973 862 2044 qui
891 1971 1020 2026 talia
1068 1972 1170 2026 sibi
1211 1971 1378 2042 exigit
1404 1973 1472 2026 ab
1501 1971 1670 2026 invito
1700 1970 1988 2032 avunculo,
2021 1987 2090 2024 ne

493 2061 614 2116 talis
646 2061 716 2115 ab
745 2060 886 2126 aliis,
920 2061 1058 2115 sicut
1087 2076 1119 2115 a
1147 2069 1346 2132 nepote
1377 2075 1476 2115 suo
1505 2059 1837 2132 depingitur,
1861 2059 2092 2114 aestima-

491 2156 595 2215 tus,
634 2166 731 2219 per
755 2165 879 2204 eum
909 2149 1319 2220 blasphematur
1359 2165 1558 2203 nomen
1589 2148 1826 2212 Domini,
1863 2155 1916 2202 et
1945 2148 2090 2202 vitu-

491 2245 712 2308 peretur
758 2237 1120 2293 ministerium
1165 2239 1316 2306 ejus;
1351 2245 1567 2292 secutus
1596 2235 1918 2306 Apostolum
1946 2235 2090 2290 scri-

489 2327 708 2381 bentem
757 2327 828 2381 ad
875 2326 1181 2380 Corinthios
1231 2333 1418 2380 contra
1449 2341 1508 2380 se
1550 2325 2006 2395 blasphemantes,
2041 2331 2092 2379 et

493 2415 750 2485 vilipendi
805 2415 870 2468 ab
899 2413 1020 2468 aliis
1077 2415 1411 2468 laborantes.
1471 2414 1597 2486 Egit
1649 2414 1849 2485 quippe
1897 2413 2092 2468 doctor

491 2503 770 2576 egregius,
804 2510 864 2557 ut
880 2503 1008 2557 dum
1029 2503 1148 2574 ipse
1170 2503 1346 2574 qualis
1366 2511 1513 2556 esset
1534 2501 1874 2575 agnoscitur,
1909 2509 1962 2556 et
1982 2501 2092 2556 vita

490 2599 544 2647 et
570 2591 757 2664 lingua
786 2591 927 2646 male
957 2591 1366 2661 praedicantium
1395 2591 1511 2659 ejus
1540 2589 1927 2661 praedicatione
1959 2589 2091 2644 vile-

490 2687 684 2735 sceret.
718 2680 843 2735 Illos
885 2680 1137 2735 videlicet
1183 2679 1608 2745 commendaret,
1661 2679 1708 2732 si
1757 2695 1816 2733 se
1855 2679 2090 2733 abscon-

489 2767 662 2823 deret.
700 2769 944 2839 Cumque
975 2785 1034 2823 se
1063 2785 1170 2822 non
1211 2768 1544 2836 ostenderet,
1579 2767 1750 2822 errori
1779 2767 1961 2821 locum
1989 2767 2092 2821 de-

492 2856 680 2910 disset.
714 2857 910 2911 Dicunt
958 2857 1121 2910 etiam
1149 2856 1253 2926 ipsi
1277 2855 1526 2910 homines
1555 2857 1624 2910 de
1655 2864 1707 2909 te
1742 2873 1754 2908 :
1789 2855 1982 2921 Qualis
2011 2863 2094 2909 est

490 2942 582 2997 ille
610 2959 802 3014 nepos,
840 2945 930 3014 qui
980 2943 1108 2997 talia
1138 2950 1330 2998 contra
1362 2959 1520 2997 suum
1550 2943 1872 2998 avunculum
1903 2951 1956 2996 et
1987 2960 2092 2997 nu-

493 3030 740 3086 tritorem
769 3039 930 3102 atque
957 3031 1326 3086 ordinatorem
1355 3030 1712 3096 machinatur,
1747 3039 1799 3085 et
1827 3040 2090 3102 quantum

491 3125 668 3190 potest
689 3119 971 3190 maligagit,
1002 3128 1052 3174 et
1081 3119 1370 3190 plusquam
1401 3127 1576 3190 potest
1606 3135 1770 3190 agere
1803 3120 1984 3190 cupit?
2007 3119 2088 3174 Si-

491 3215 582 3264 cut
603 3215 659 3261 tu
679 3207 734 3262 in
755 3208 843 3262 die
867 3208 1252 3280 magnijudicii
1274 3207 1559 3262 manifeste
1581 3207 1815 3275 videbis,
1841 3208 1887 3261 si
1909 3217 1960 3262 te
1985 3223 2089 3262 an-

489 3303 579 3351 tea
595 3296 720 3350 inde
737 3312 847 3351 non
875 3297 1286 3369 recognoveris,
1307 3303 1359 3350 et
1379 3296 1560 3368 dignis
1581 3295 1912 3366 pmnitentiae
1935 3295 2088 3351 fruc-

490 3385 633 3440 tibus
649 3401 758 3440 non
779 3385 1174 3440 emendaveris.
1200 3385 1426 3439 Multum
1443 3401 1531 3439 me
1561 3383 1778 3456 fatigas,
1803 3391 1858 3438 et
1873 3385 2086 3450 merito,

486 3489 596 3528 non
615 3473 910 3544 imputetur
945 3473 1060 3528 tibi.
1087 3473 1196 3529 Sed
1227 3473 1603 3544 fatigationem
1633 3489 1808 3527 meam
1831 3473 2089 3528 consola-

489 3568 596 3632 tur,
613 3563 758 3633 quod
769 3563 908 3618 sicut
921 3561 1016 3615 tibi
1027 3561 1220 3631 scripsi
1243 3561 1372 3615 dicit
1389 3561 1717 3634 Gregorius:
1739 3583 1760 3610 α
1779 3563 1845 3615 Et
1857 3561 1902 3615 si
1915 3562 2089 3616 .Etbi-

495 3671 518 3700 ι
544 3665 644 3721 ops
662 3651 822 3723 niger
862 3650 1118 3705 balneum
1153 3650 1340 3714 intrat,
1377 3657 1429 3703 et
1461 3649 1620 3720 niger
1640 3650 1708 3704 de
1741 3649 1937 3705 balneo
1959 3650 2086 3719 exit,

496 3759 518 3788 α
545 3746 726 3794 tamen
766 3739 1054 3793 balneator
1080 3737 1366 3792 denarium
1397 3737 1576 3791 balnei
1597 3737 1681 3791 sui
1697 3753 1805 3791 non
1827 3738 2022 3806 perdit.
2063 3757 2084 3786 »

488 3826 674 3882 Timeo
703 3827 772 3882 de
799 3835 849 3880 te
896 3841 1021 3880 meo
1063 3825 1396 3888 Alexandro,
1448 3825 1595 3894 quod
1643 3825 1710 3879 de
1745 3840 1845 3880 suo
1877 3825 2091 3880 dicebat

487 3915 686 3968 Paulus
718 3930 730 3968 :
763 3913 1072 3968 Alexander
1100 3912 1330 3966 aerarius
1361 3911 1532 3966 multa
1565 3913 1708 3967 mala
1739 3913 1870 3966 mihi
1904 3921 2090 3969 osten-

492 4000 590 4067 dit,
623 4001 816 4055 reddet
843 4000 920 4055 illi
949 3999 1234 4054 Dominus.
1273 4019 1296 4048 ν

905 4245 1246 4302 HINCMARI
1283 4245 1688 4302 RHEMENSIS

1111 4386 1184 4425 AD
1221 4387 1452 4426 EUMDEM
1461 4413 1472 4426 .

629 4497 714 4551 (Ex
744 4493 976 4541 Conciliis
1009 4493 1205 4550 Labbei,
1234 4495 1292 4540 ut
1319 4495 1369 4540 et
1395 4495 1665 4550 sequentes
1695 4493 1957 4550 epistolae.)

561 4605 889 4660 Hthuaaus
911 4603 1245 4659 Rhemorum
1269 4603 1578 4673 episcopus,
1603 4619 1666 4659 ac
1695 4604 1871 4674 plebis
1893 4603 1993 4660 Dei
2013 4603 2092 4659 fa-

491 4693 692 4761 mulus,
743 4691 1102 4763 presbyteris,
1153 4691 1494 4758 diaconibus,
1547 4706 1612 4746 ac
1656 4692 1866 4763 reliquo
1906 4692 2088 4748 eccle-

490 4781 704 4836 siastico
731 4781 930 4848 ordini,
983 4789 1034 4835 et
1078 4779 1286 4836 cunctis
1330 4779 1386 4833 in
1433 4780 1780 4834 Laudunensi
1826 4781 2090 4851 parochia

496 4869 920 4925 consistentibus
952 4868 1202 4924 salutem.

563 4973 877 5030 Confratres
908 4991 971 5030 ac
993 4975 1415 5031 consacerdotes
1435 4974 1608 5029 nostri
1635 4975 1815 5042 Hetto,
1843 4974 2086 5046 Ermino,

491 5061 772 5127 Hadult‘us,
805 5069 858 5118 et
902 5063 1202 5118 Clarentius
1251 5063 1561 5134 presbyteri
1606 5062 1853 5118 ecclesiae
1901 5071 2090 5120 vestrae

489 5152 630 5224 prid.
667 5151 785 5206 Kal.
820 5151 1008 5205 Junias
1037 5152 1323 5220 praesentis
1351 5151 1605 5208 secundae
1625 5151 1935 5207 indictionis
1965 5153 2090 5207 data

489 5241 622 5296 mihi
677 5240 746 5296 ad
802 5239 980 5296 vicem
1035 5239 1278 5294 omnium
1333 5247 1569 5296 vestrum
1623 5240 1902 5311 petitione,
1937 5242 2089 5310 cujus

491 5329 618 5384 hinc
655 5329 850 5398 partim
889 5333 1084 5393 textus,
1131 5335 1392 5398 quantum
1439 5329 1687 5384 sufficere
1743 5330 1872 5398 vidi,
1908 5331 2090 5401 sequi-

491 5423 596 5484 tur,
629 5416 696 5470 de
745 5417 1073 5487 quibusdam
1117 5415 1369 5487 capitulis
1413 5411 1611 5473 vestrae
1655 5420 1957 5474 communis
1987 5435 2090 5474 ne-

491 5501 761 5558 cessitatis
807 5505 1216 5572 consuluerunt,
1261 5505 1368 5560 hoc
1415 5506 1579 5562 modo
1611 5522 1622 5561 :
1659 5508 1801 5562 Dum
1829 5523 1932 5563 xm
1965 5507 2087 5563 Kal.

2195 1792 2349 1847 vobis
2377 1792 2680 1863 vestrisque
2725 1790 3082 1864 suﬁ‘raganeis
3110 1809 3208 1848 vm
3239 1793 3360 1847 Kal.
3401 1794 3581 1848 Maias
3613 1795 3794 1848 habita

2194 1889 2294 1935 est.
2328 1880 2412 1935 Ad
2441 1897 2603 1952 quam
2655 1881 2848 1936 vestris
2879 1881 3072 1935 litteris
3101 1889 3360 1936 evocatus
3391 1881 3588 1936 libenti
3619 1883 3793 1938 animo

2193 1984 2374 2024 coram
2422 1968 2673 2024 omnibus
2717 1968 2998 2038 professus
3028 1977 3129 2038 est,
3164 1985 3223 2024 se
3254 1970 3370 2024 sine
3411 1971 3524 2025 ulla.
3555 1970 3792 2026 interca-

2192 2058 2390 2128 pedine
2419 2073 2860 2129 progressurum.
2896 2057 3004 2112 Sed
3034 2057 3159 2128 quia
3189 2058 3448 2113 credebat
3479 2059 3539 2112 in
3573 2059 3692 2129 ipsa
3720 2077 3794 2130 sy-

2191 2146 2358 2211 nodo,
2405 2146 2550 2218 quod
2591 2161 2710 2200 mos
2760 2146 2902 2199 haud
2935 2146 3176 2215 exposcit
3206 2147 3522 2212 canonicus,
3559 2147 3794 2219 aliquam

2191 2233 2506 2288 violentiam
2563 2233 2666 2287 sibi
2714 2233 3005 2306 illegaliter
3035 2241 3087 2288 et
3113 2243 3304 2288 contra
3339 2235 3492 2308 leges
3527 2251 3794 2290 canonum

2193 2339 2225 2376 a
2257 2337 2579 2393 quocunque
2627 2319 2768 2392 fieri,
2807 2337 3060 2376 sermone
3105 2324 3488 2378 contestatorio
3519 2332 3576 2378 et
3609 2333 3794 2379 aucto-

2191 2410 2350 2465 ritate
2409 2409 2584 2465 sancti
2637 2410 2798 2479 Petri,
2859 2411 3005 2480 quod
3063 2409 3109 2464 si
3138 2411 3189 2465 ei
3217 2410 3436 2465 licentia
3483 2413 3654 2466 eundi
3687 2413 3790 2468 Ro-

2191 2515 2339 2553 mam
2367 2499 2766 2568 prohiberetur,
2800 2507 2890 2552 aut
2919 2499 3040 2569 ipse
3068 2507 3256 2569 captus
3287 2500 3646 2567 obtineretur,
3679 2517 3794 2556 om-

2191 2603 2290 2642 nes
2329 2587 2643 2642 sacerdotes
2698 2587 2860 2641 totius
2911 2588 3178 2656 parochite
3235 2605 3346 2642 suae
3405 2589 3711 2660 colligavit,
3745 2597 3796 2644 ut

2193 2691 2578 2732 nemo.eorum
2604 2676 2660 2728 in
2692 2691 2757 2730 ea
2789 2675 3117 2730 sacerdotali
3147 2676 3448 2731 ministerio
3479 2679 3675 2732 tandiu
3694 2685 3797 2733 ute-

2193 2773 2362 2830 retur,
2397 2781 2569 2834 usque
2600 2764 2728 2818 dum
2745 2764 2836 2818 ille
2856 2764 2972 2834 ipse
2993 2765 3281 2820 nobiscum
3302 2765 3496 2820 iterum
3515 2767 3642 2820 viva
3665 2783 3792 2822 voce

2192 2853 2536 2923 loqueretur;
2569 2861 2660 2906 aut
2715 2852 2912 2907 littera:
2965 2869 3031 2906 ex
3059 2853 3180 2922 ipsa
3236 2861 3426 2908 sancta
3483 2855 3622 2909 sede
3654 2855 3794 2910 beati

2192 2941 2338 2995 Petri
2393 2941 2622 3010 apostoli
2679 2940 2838 2995 nobis
2893 2941 3250 2996 mitterentur.
3313 2941 3434 3010 Quo
3477 2941 3626 2998 facto
3657 2945 3795 3015 quod

2190 3036 2315 3083 tunc
2344 3044 2453 3083 non
2483 3027 2696 3094 accidit,
2729 3045 2872 3084 nunc
2905 3029 2960 3083 in
2989 3029 3202 3084 Silvaco
3241 3029 3442 3100 palatio
3473 3046 3508 3082 v
3543 3031 3670 3086 Kal.
3699 3034 3795 3086 Ju-

2191 3116 2309 3172 nias
2338 3125 2622 3187 peractum
2657 3125 2761 3172 est.
2795 3117 2917 3186 Qua
2943 3125 3128 3171 tamen
3157 3118 3245 3172 die
3275 3117 3594 3190 priusquam
3627 3121 3700 3174 ad
3719 3120 3794 3190 ip-

2189 3221 2312 3259 sum
2343 3205 2615 3260 Silvacum
2645 3205 2977 3275 perveniret,
3010 3205 3280 3275 praescius
3313 3213 3554 3261 ventura:
3583 3207 3794 3263 violen-

2191 3294 2279 3348 tiae
2319 3309 2451 3359 sum,
2510 3293 2760 3363 praedixit
2817 3293 3090 3349 sacerdoti
3147 3302 3334 3349 nostro
3391 3294 3685 3364 Clarentio,
3719 3296 3794 3350 si-

2191 3381 2409 3452 mulque
2457 3381 2688 3436 diacono
2735 3382 3057 3448 Teutlando,
3105 3391 3162 3436 ut
3207 3383 3364 3436 nobis
3411 3383 3795 3438 denuntiarent

2191 3485 2291 3540 per
2320 3469 2504 3524 omnia
2531 3485 2633 3524 nos
2664 3478 2999 3538 servaturos,
3036 3487 3158 3541 qua:
3186 3486 3353 3526 causa
3396 3487 3616 3525 suarum
3653 3473 3796 3542 inju-

2191 3558 2414 3627 riarum,
2449 3567 2502 3613 et
2532 3567 2588 3612 ut
2618 3559 2788 3613 satius
2843 3559 3108 3625 dicamus,
3141 3575 3238 3629 pro
3295 3567 3436 3613 statu
3481 3565 3794 3616 sanctarum

2192 3647 2569 3712 ecclesiarum,
2603 3647 2658 3700 in
2715 3647 3032 3718 praescripta
3090 3648 3298 3717 synodo
3339 3663 3442 3702 xm
3473 3649 3594 3702 Kal.
3629 3649 3794 3702 Maias

2191 3735 2446 3790 omnibus
2495 3735 2874 3790 sacerdotibus
2921 3752 3034 3790 suae
3062 3736 3334 3806 parochiaa
3364 3737 3668 3792 observare
3696 3755 3794 3792 au-

2193 3824 2439 3878 ctoritate
2471 3824 2646 3878 sancti
2679 3824 2821 3878 Petri
2852 3824 2968 3894 ipse
2999 3833 3347 3894 praeceperat.

2261 3912 2331 3966 Et
2363 3920 2485 3982 post
2521 3911 2796 3982 aliquanta
2830 3929 2842 3965 :
2877 3912 3213 3983 Quapropter
3249 3913 3376 3984 quia
3405 3913 3662 3968 eumdem
3693 3915 3794 3969 do-

2191 3999 2396 4054 minum
2424 4008 2670 4054 nostrum
2716 4001 2872 4072 regia
2919 4008 3184 4071 potestate
3233 4008 3500 4055 retentum
3526 4009 3580 4056 et
3607 4003 3794 4058 reclu-

2192 4105 2310 4142 sum
2341 4088 2465 4144 viva
2493 4103 2628 4143 voce
2686 4089 2833 4144 adire
2889 4105 2998 4144 non
3026 4098 3359 4160 poteramus,
3395 4098 3447 4143 et
3473 4089 3796 4145 sacerdotali

2191 4177 2492 4231 ministerio
2547 4177 2806 4247 prohibiti
2862 4178 2927 4231 ab
2985 4193 3050 4233 eo
3107 4177 3210 4232 frui
3261 4194 3374 4233 non
3431 4179 3794 4244 audebamus,

2193 4281 2252 4318 ιιι
2285 4265 2403 4319 Kal.
2435 4265 2618 4320 lunias
2649 4266 2717 4320 ad
2749 4265 3056 4336 capitolium
3110 4273 3359 4321 nostrum
3417 4267 3794 4328 convenimus,

2193 4360 2246 4408 et
2293 4353 2494 4408 ibidem
2541 4354 2815 4410 communi
2874 4354 3147 4426 colloquio
3205 4363 3560 4410 retractantes
3615 4364 3797 4409 ratum

2111 4441 2166 4500 D
2189 4439 2304 4498 fore
2345 4442 2614 4510 duximus,
2649 4450 2706 4496 ut
2736 4443 2930 4498 exinde
2975 4443 3262 4498 consilium
3311 4453 3514 4498 nostrae
3541 4443 3738 4497 salutis
3767 4459 3798 4498 a

2190 4546 2346 4587 sacra
2389 4531 2707 4601 paternitate
2755 4531 3010 4586 almitatis
3067 4540 3261 4586 vestrae
3307 4532 3578 4586 humiliter
3623 4532 3802 4602 depo-

2190 4635 2490 4686 sceremus,
2539 4627 2718 4674 utrum
2750 4619 3108 4675 sacerdotalis
3139 4620 3423 4675 ministerii
3453 4619 3629 4675 ofﬁcio
3661 4621 3794 4674 mis-

2190 4725 2281 4763 sas
2311 4708 2663 4774 celebrando,
2697 4717 2748 4763 et
2776 4709 2998 4764 domino
3051 4725 3150 4778 pro
3181 4709 3499 4778 receptione
3553 4709 3794 4778 pastoris

2190 4797 2362 4851 nostri
2407 4813 2472 4852 ac
2511 4797 2786 4852 communi
2831 4797 3058 4851 utilitate
3105 4797 3267 4850 totius
3298 4805 3505 4852 sanctae
3531 4796 3797 4851 Ecclesia:

2191 4883 2454 4940 sacrificia
2501 4883 2798 4954 offerendo,
2859 4884 3188 4955 baptizando
3253 4899 3474 4954 pueros,
3523 4883 3794 4939 visitando

2187 4971 2435 5027 infirmos
2492 4973 2896 5028 reconciliando
2953 4987 3076 5028 cum
3130 4972 3325 5028 viatico
3354 4988 3580 5028 munere
3607 4971 3793 5041 pinni-

2191 5061 2411 5116 tentiam
2439 5069 2704 5132 petentes,
2739 5061 3054 5132 sepeliendo
3103 5069 3368 5124 mortuos,
3421 5077 3546 5116 cum
3575 5059 3795 5131 penitus

2191 5151 2259 5204 ab
2289 5150 2372 5204 his
2403 5151 2656 5205 omnibus
2703 5150 2957 5220 prohibiti
3005 5149 3196 5204 simus.
3229 5151 3294 5204 Et
3337 5149 3500 5220 paulo
3531 5155 3650 5219 post
3685 5165 3700 5201 :
3735 5147 3793 5201 in

2190 5235 2446 5305 parochia
2501 5243 2690 5289 nostra
2747 5234 2823 5288 uti
2879 5235 3096 5300 debeat,
3153 5249 3224 5288 an
3279 5249 3408 5300 non,
3459 5243 3512 5288 et
3559 5231 3794 5302 reliqua.

2192 5322 2370 5392 Quam
2399 5323 2653 5396 relegens
2681 5323 2812 5378 satis
2841 5339 3110 5394 superque
3141 5321 3290 5376 dolui
3319 5321 3509 5386 fateor,
3549 5319 3670 5391 quia
3703 5319 3796 5372 di-

2191 5411 2362 5466 lectus
2391 5409 2557 5466 frater
2585 5420 2638 5466 et
2667 5411 3026 5482 coepiscopus
3047 5418 3232 5466 noster
3252 5411 3573 5466 Hincmarus
3593 5415 3796 5462 contra

2193 5507 2555 5579 episcOpalem
2597 5509 2944 5582 gravitatem,
2977 5517 3032 5564 et
3059 5515 3246 5563 contra
3294 5505 3669 5580 evangelicam
3701 5519 3800 5558 ve-
