4054 6180
247 243 346 296 543

1065 236 1307 295 OPUSC.
1363 236 1454 291 ΕΤ
1501 226 1724 292 EPIS‘I‘.
1788 233 1862 291 IN
1897 230 2126 291 CAUSA
2173 233 2515 315 HINCMARI
2560 232 2865 290 LAUDUN.

3399 298 3403 304 .
3439 238 3547 301 514

261 363 499 427 ritatem,
528 369 686 432 atque
715 360 1075 431 apostolicam
1104 370 1159 416 et
1186 361 1508 418 canonicam
1564 359 1865 415 auctorita-
1884 359 1943 420 A
1971 374 2135 415 nosse
2163 358 2645 431 metropolitanum
2675 358 2995 430 episcopum
3023 358 3438 414 sollicitudinem
3482 366 3565 414 to-

257 459 363 506 tem
393 449 526 503 talia
554 449 860 504 inconsulte
888 464 1055 505 causa
1085 465 1308 504 suarum
1351 449 1674 518 injuriarum
1702 463 1870 519 agere

258 537 644 609 praesumpsit;
679 537 865 608 qualia
918 538 1100 592 nullus
1156 546 1283 593 ante
1338 538 1516 608 ipsum
1575 537 1868 607 episcopus

260 627 371 699 egit
403 644 419 680 :
450 641 571 697 quae
598 641 706 680 non
736 626 900 681 modo
920 641 1206 681 sacrarum
1236 625 1637 696 Scripturarum
1670 624 1869 680 tramiti

256 714 552 779 contraria,
587 722 640 768 et
670 714 905 769 decretis
934 721 1058 768 sunt
1100 722 1415 769 sanctorum
1464 714 1716 780 adversa,
1766 729 1865 769 ve-

260 818 380 856 rum
442 810 495 857 et
541 801 700 856 saluti
741 803 996 857 humanae
1045 818 1107 858 ac
1156 802 1428 858 universas
1476 802 1866 857 Christianitati

259 899 383 945 sunt
411 889 664 945 animica.
709 889 865 958 Quia,
918 890 1060 945 sicut
1098 891 1310 945 Hilarus
1358 906 1503 962 papa
1540 890 1690 957 dicit,
1756 906 1867 945 non

255 979 440 1033 minus
468 978 523 1032 in
553 994 834 1034 sacrarum
874 979 1225 1034 traditionum
1271 979 1600 1051 delinquitur
1621 979 1863 1034 sanctio-

255 1083 374 1133 nes,
436 1083 600 1138 quam
647 1066 705 1120 in
759 1067 1012 1135 injuriam
1060 1068 1231 1138 ipsius
1275 1068 1463 1122 domni
1535 1067 1855 1138 prosillitur.

252 1156 505 1211 Vestram
532 1164 710 1210 autem
785 1155 1062 1211 solertiam
1090 1156 1275 1222 laudo,
1308 1155 1405 1209 ﬁlii
1434 1172 1498 1211 ac
1520 1155 1720 1211 fratres
1741 1157 1866 1212 cha-

256 1243 482 1309 rissimi,
514 1259 653 1315 quos
681 1252 958 1315 praecepta
989 1260 1270 1300 sacrorum
1304 1259 1576 1300 canonum
1605 1260 1715 1299 non
1735 1260 1862 1315 per-

257 1331 529 1387 functorie
557 1332 759 1405 legisse
777 1348 1072 1405 cognosco.
1111 1334 1199 1387 Ait
1217 1334 1363 1387 enim
1381 1348 1539 1388 sacra
1562 1340 1614 1387 et
1634 1332 1861 1403 mystica

1969 448 2078 502 tius
2106 447 2404 518 provinciae
2435 464 2652 521 gerere.
2688 447 2921 518 Propter
2949 447 3095 518 quod
3123 446 3194 503 ad
3223 446 3567 519 metropolim

1968 536 2206 608 undique
2236 536 2325 609 qui
2355 536 2574 608 negotia
2600 536 2854 593 videntur
2880 536 3087 591 habere
3145 543 3490 592 concurrant.

2038 625 2214 693 Unde,
2249 624 2448 680 fratres
2470 624 2798 691 charissimi,
2831 625 3062 680 docente
3093 640 3194 680 nos
3226 625 3387 680 beato
3419 623 3566 680 Gre-

1968 712 2125 784 gorio
2152 727 2217 769 ac
2246 713 2478 781 dicente,
2511 735 2532 762 α
2569 712 2662 784 qui
2691 729 2799 768 non
2831 712 3057 786 corrigit
3079 713 3396 777 resecanda,
3424 726 3567 768 com-

1967 800 2145 869 mittit,
2187 823 2208 850 »
2243 802 2313 856 ad
2333 800 2617 872 praefatum
2649 800 2875 857 fratrem
2904 808 2958 856 et
3016 801 3403 872 coepiscopum
3461 816 3566 856 no-

1968 897 2137 944 strum
2167 889 2517 945 Hincmarum
2545 890 2647 944 has
2674 907 2794 961 quae
2851 897 3152 962 sequuntur
3207 890 3415 945 litteras
3469 905 3566 946 au-

1978 978 2224 1034 ctoritate
2256 979 2674 1050 metropolitana
2711 979 2947 1052 dirigere
2993 979 3365 1035 necessarium
3394 979 3562 1047 duxi;
3642 1008 3649 1017 ι

1966 1082 2197 1122 monens
2226 1066 2376 1121 illum
2434 1075 2664 1139 paterna
2719 1084 2782 1123 ac
2840 1067 3079 1123 fraterna
3134 1068 3444 1133 dilectione,
3502 1075 3562 1123 ut

1958 1155 2107 1224 juxta
2139 1155 2286 1210 beati
2313 1172 2467 1226 papae
2496 1156 2667 1210 Hilari
2697 1157 2915 1213 decreta
2943 1156 3059 1227 ipse
3084 1156 3408 1228 quantocius
3449 1155 3560 1211 ini-

1964 1260 2132 1314 quum
2160 1243 2358 1300 factum
2389 1260 2549 1298 suum
2579 1244 2857 1301 dissolvat.
2891 1243 3051 1312 Quod
3083 1245 3129 1299 si
3157 1261 3325 1316 agere
3370 1244 3563 1301 nolue-

1964 1330 2049 1400 rit,
2106 1339 2160 1387 et
2215 1332 2624 1399 contumaciter,
2694 1332 2838 1404 quod
2891 1332 3050 1397 absit,
3108 1332 3287 1404 magis
3344 1330 3564 1388 diﬂ‘erre

254 1420 476 1475 Nicaeus
506 1421 750 1491 synodus
785 1438 798 1474 :
834 1442 856 1470 α
880 1421 1116 1493 Antiqua
1136 1421 1472 1476 consuetudo
1503 1428 1749 1477 servetur
1762 1435 1863 1490 per
1963 1434 2126 1492 quam
2156 1420 2380 1475 obedire
2408 1421 2675 1486 maluerit,
2709 1421 2847 1476 sciat
2875 1420 3207 1493 generalitas
3254 1419 3563 1476 fraternita-

254 1508 567 1579 Egyptum,
601 1508 828 1579 Libyam
855 1517 907 1564 et
963 1508 1319 1579 Pentapolim,
1378 1509 1451 1563 ita
1507 1516 1565 1563 ut
1619 1508 1861 1564 Alexan-
1961 1507 2031 1562 tis
2061 1517 2258 1565 vestrae
2285 1510 2481 1566 virtute
2511 1509 2729 1565 Domini
2757 1510 2926 1565 nostri
2980 1510 3110 1564 Jesu
3167 1508 3387 1577 Christi,
3448 1508 3560 1580 qui,

254 1596 447 1650 drinus
475 1595 768 1666 episcopus
797 1598 993 1652 horum
1014 1596 1257 1653 omnium
1275 1597 1471 1653 habeat
1489 1604 1815 1668 potestatem
1841 1615 1856 1663 ;
1961 1604 2020 1650 ut
2049 1597 2167 1669 ipse
2196 1598 2343 1668 dicit,
2377 1598 2524 1653 venit
2551 1598 2759 1653 animas
2789 1598 3027 1663 salvere,
3057 1614 3166 1654 non
3195 1597 3448 1669 perdere,
3508 1603 3562 1651 et

254 1684 382 1755 quia
411 1691 471 1738 ut
499 1684 653 1739 urbis
683 1685 870 1741 Romze
899 1685 1158 1756 episcopo
1177 1686 1365 1756 parilis
1397 1701 1516 1740 mos
1547 1692 1651 1742 est.
1700 1684 1859 1739 Simi-
1885 1711 1939 1770 Β
1962 1685 2109 1741 venit
2140 1702 2387 1758 quaerere
2419 1693 2471 1741 et
2499 1687 2713 1742 salvare
2744 1685 2892 1757 quod
2919 1686 3158 1758 perierat
3190 1704 3204 1741 :
3240 1685 3333 1757 qui
3362 1692 3464 1751 est,
3506 1691 3567 1739 ut

256 1772 376 1826 liter
405 1780 589 1828 autem
619 1780 673 1827 et
701 1774 845 1843 apud
876 1773 1220 1829 Antiochiam
1250 1782 1588 1845 caaterasque
1625 1773 1856 1844 provin-
1962 1773 2081 1844 ipse
2103 1774 2356 1842 insinuat,
2380 1776 2492 1841 via,
2516 1776 2726 1831 veritas
2747 1779 2804 1830 et
2826 1776 2943 1830 vita
2960 1775 3146 1845 (Joan.
3171 1774 3251 1846 ιν)
3275 1791 3287 1828 :
3315 1773 3405 1829 via
3425 1772 3567 1829 scili-

255 1860 369 1916 cias
400 1860 517 1915 suis
546 1861 835 1934 privilegia
864 1869 1151 1917 serventur
1182 1862 1450 1918 ecclesiis.
1492 1882 1514 1912 ι
1536 1861 1696 1931 Quod
1714 1862 1861 1933 capi-
1962 1870 2047 1918 cet
2072 1862 2500 1918 conversationis
2531 1871 2748 1933 sancta,
2782 1862 2985 1919 veritas
3014 1861 3272 1919 doctrinae
3340 1861 3558 1928 divinae,

254 1948 425 2004 tulum
456 1958 678 2005 sanctus
705 1949 1014 2006 Bonifacius
1042 1966 1186 2021 papa
1217 1951 1462 2006 scribens
1493 1951 1561 2005 ad
1591 1950 1859 2006 Hilarium

256 2037 674 2094 Narbonensem
695 2038 1013 2110 episcopum
1035 2040 1256 2109 exponit
1283 2040 1391 2095 hoc
1419 2039 1582 2094 modo
1616 2057 1630 2093 :
1665 2065 1686 2088 ι
1720 2039 1861 2094 Con-

257 2126 403 2181 venit
447 2142 552 2182 nos
604 2135 956 2197 paternarum
1012 2128 1354 2183 sanctionum
1401 2127 1692 2199 diligentes
1739 2143 1861 2182 esse

256 2214 535 2270 custodes.
572 2215 716 2269 Nulli
740 2216 935 2270 etenim
967 2216 1181 2272 videtur
1208 2215 1487 2289 incognita
1508 2215 1701 2288 synodi
1723 2231 1861 2272 con-

252 2303 461 2357 stitutio
491 2303 748 2371 Nicaanae,
785 2320 905 2375 quae
934 2305 1009 2359 ita
1036 2305 1299 2375 praecipit,
1322 2312 1382 2359 ut
1403 2304 1593 2360 eadem
1637 2304 1860 2376 proprie

254 2391 421 2447 verba
451 2407 755 2462 ponamus;
787 2408 886 2463 per
911 2408 1353 2464 unamquamque
1396 2393 1734 2464 provinciam
1772 2394 1861 2462 jus

254 2480 705 2551 metropolitanos
737 2481 984 2552 singulos
1011 2482 1215 2537 habere
1235 2482 1460 2551 debere,
1485 2497 1585 2538 nec
1606 2481 1859 2553 cuiquam

258 2568 393 2623 duas
417 2585 545 2625 esse
576 2569 849 2639 subjectas
883 2585 896 2624 :
929 2569 1075 2641 quod
1122 2570 1220 2640 illi,
1269 2569 1398 2642 quia
1438 2570 1595 2626 aliter
1621 2570 1859 2626 creden-

258 2656 385 2712 dum
412 2673 526 2712 non
556 2666 656 2727 est,
690 2658 1045 2725 servandum,
1070 2658 1273 2729 Spiritu
1295 2667 1482 2714 sancto
1504 2667 1859 2733 suggerente,

262 2745 479 2800 sibimet
509 2754 860 2801 censuerunt.
902 2767 923 2797 ι
969 2748 1037 2801 Et
1080 2754 1206 2818 post
1245 2747 1568 2819 aliquanta:
1626 2769 1648 2796 α
1701 2746 1861 2815 Quod

259 2831 465 2889 idcirco
495 2833 747 2901 dicimus,
782 2842 839 2889 ut
868 2835 1112 2890 advertat
1142 2835 1382 2891 charitas
1411 2843 1523 2902 tua,
1574 2835 1710 2891 adeo
1760 2850 1861 2891 nos

261 2937 532 2976 canonum
559 2931 834 2994 praecepta
866 2939 1108 2992 servare,
1128 2931 1183 2978 ut
1202 2924 1275 2979 ita
1301 2923 1610 2980 constitutio
1644 2939 1860 2996 quoque

260 3018 446 3065 nostra
475 3009 732 3077 diﬂiniat;
765 3020 1028 3083 quatenus
1058 3012 1458 3088 metrOpolitani
1487 3012 1571 3067 sui
1611 3028 1860 3084 unaqua-

1961 1950 2071 2006 vita
2102 1951 2447 2006 beatitudinis
2476 1951 2841 2023 sempiternae.
2865 1953 2912 2007 A
2945 1968 3071 2023 quo,
3134 1960 3187 2007 et
3243 1968 3343 2023 per
3398 1966 3561 2022 quem

1959 2037 2017 2093 in
2043 2037 2474 2109 aedificationem,
2507 2047 2559 2095 et
2580 2055 2690 2095 non
2718 2040 2772 2094 in
2792 2039 3215 2096 destructionem
3236 2054 3400 2095 sacer
3421 2039 3558 2094 ordo

1962 2127 2289 2198 episcopalis
2318 2128 2530 2200 accepit
2586 2128 2886 2184 exordium.
2918 2127 3131 2184 Iudicio
3192 2127 3356 2184 etiam
3385 2126 3563 2182 sancti

1966 2216 2216 2287 Spiritus,
2251 2233 2359 2288 quo
2406 2216 2548 2274 sacri
2601 2216 2935 2289 promulgati
2992 2223 3116 2272 sunt
3169 2231 3443 2282 canones;
3506 2220 3561 2270 et

1966 2304 2141 2360 sancti
2162 2305 2443 2376 praphetze
2470 2314 2635 2377 atque
2663 2305 2915 2377 apostoli,
2950 2320 3251 2377 eorumque
3281 2317 3563 2361 successo-

1963 2409 2075 2463 res,
2118 2400 2173 2448 et
2200 2393 2511 2464 apostolicae
2540 2394 2682 2449 beati
2712 2394 2854 2449 Petri
2884 2394 3032 2450 sedis
3057 2392 3344 2465 pontifices
3398 2391 3559 2448 nobis

1962 2482 2288 2538 documenta
2319 2482 2508 2537 salutis
2564 2492 2614 2538 et
2672 2482 2892 2554 regulas
2945 2498 3010 2539 ac
3056 2483 3276 2538 decreta
3330 2480 3562 2537 salubria

1963 2570 2272 2638 ediderunt,
2306 2578 2365 2626 et-
2386 2572 2657 2627 servanda
2686 2571 3070 2627 inviolabiliter
3097 2570 3459 2637 tradiderunt,
3486 2569 3561 2625 si-

1962 2668 2052 2715 cut
2072 2659 2128 2714 in
2158 2660 2615 2731 subsequentibus
2646 2659 2905 2731 relegetis
2934 2667 3133 2716 cuncta
3159 2676 3278 2731 qua:
3334 2658 3405 2714 de
3461 2673 3558 2715 ca-

1960 2748 2145 2819 pitulis
2175 2748 2231 2802 in
2257 2756 2439 2804 vestra
2469 2748 2728 2818 petitione
2763 2748 3088 2821 conscriptis
3138 2747 3412 2804 contraria
3469 2746 3560 2802 di-

1961 2836 2103 2893 vina
2130 2836 2461 2903 auctoritati,
2494 2853 2616 2908 quae
2639 2843 2853 2894 tenetur
2878 2837 2935 2893 in
2964 2837 3215 2907 subditis,
3243 2844 3335 2892 aut
3389 2835 3560 2892 verbo

1961 2925 2244 2997 praecepit,
2278 2933 2369 2981 aut
2420 2925 2623 2996 scripto
2668 2926 2931 2996 decrevit,
2981 2926 3139 2981 irrita
3187 2934 3241 2981 et
3288 2940 3456 2982 vacua
3485 2932 3560 2983 .et

1963 3015 2165 3070 nullius
2195 3014 2410 3071 virtutis
2440 3015 2527 3071 vel
2546 3015 2884 3071 auctoritatis
2912 3031 3034 3071 esse
3061 3016 3351 3087 pronuntio
3396 3024 3561 3088 atque

720 3065 731 3077 .
773 3065 799 3083 τ
846 3065 867 3066 η
1009 3065 1021 3067 ἡ
1492 3065 1569 3067 ηκ
1964 3065 2162 3070 -----κ-
2208 3065 2407 3071 -----τ--
2451 3065 2880 3071 mum-mn—
2916 3065 3032 3071 ----
3063 3065 3347 3087 τ-ν---ην
3396 3065 3559 3088 --τη

263 3114 365 3170 que
385 3099 664 3169 provincia
684 3099 740 3154 in
759 3100 1009 3155 omnibus
1025 3101 1189 3156 rebus
1217 3101 1614 3156 ordinationem
1648 3118 1865 3173 semper
1891 3065 1942 3129 Ο
1963 3106 2200 3162 decerno
2225 3122 2239 3170 ;
2272 3103 2537 3176 vobisque
2563 3104 2826 3159 ministris
2881 3104 3127 3161 ecclesiae
3183 3104 3561 3161 Laudunensis

257 3194 551 3257 exspectet.
592 3209 613 3237 ι
648 3189 716 3243 Et
747 3189 1048 3245 secundum
1080 3189 1394 3245 Africanum
1408 3190 1699 3246 concilium
1720 3190 1862 3246 scri-

258 3274 392 3329 bens
420 3276 492 3332 ad
519 3275 876 3331 leestinum
910 3293 1110 3349 papam
1141 3296 1154 3332 :
1195 3299 1217 3329 (ι
1255 3279 1515 3345 Decreta,
1549 3277 1741 3351 inquit,
1761 3278 1864 3334 Ni-

261 3378 409 3419 caena
439 3364 555 3419 sive
582 3364 858 3421 inferioris
877 3367 1080 3438 gradus
1109 3366 1356 3432 clericos,
1410 3366 1526 3422 sive
1574 3366 1864 3438 episcOpos

260 3450 406 3522 ipsos
462 3452 573 3507 suis
641 3454 1072 3525 metropolitanis
1154 3455 1497 3527 apertissime
1574 3453 1865 3511 commise-

266 3548 405 3596 runt.
445 3561 469 3591 r

268 3694 273 3698 ,
327 3630 394 3683 Et
421 3631 796 3687 venerandum
810 3632 1213 3689 Antiochenum
1230 3632 1557 3691 concilium:
1582 3655 1604 3686 α
1632 3635 1737 3690 Per
1759 3633 1864 3688 sin-

264 3715 439 3790 gulas,
487 3719 680 3791 inquit,
731 3720 988 3794 regiones
1036 3722 1326 3794 episcopos
1372 3723 1629 3779 convenit
1697 3738 1863 3778 nosse

259 3807 727 3878 metropolitanum
758 3810 1077 3881 episcopum
1105 3809 1528 3866 sollicitudinem
1548 3811 1714 3867 totius
1733 3825 1864 3883 pro-

260 3893 451 3950 vinciae
477 3912 692 3968 gerere.
726 3898 955 3969 Pr0pter
983 3898 1132 3970 quod
1158 3898 1227 3953 ad
1278 3899 1619 3970 metropolim
1670 3915 1863 3956 omnes

261 3982 498 4055 undique
545 3985 640 4057 qui
684 3986 907 4058 negotia
951 3986 1207 4042 videntur
1251 3987 1456 4042 habere
1505 3996 1858 4045 concurrant.

264 4069 415 4126 Unde
445 4072 645 4144 placuit
699 4090 822 4129 eum
870 4074 939 4129 de
980 4075 1188 4130 honore
1235 4076 1574 4146 pracellere,
1626 4084 1681 4132 et
1727 4077 1862 4132 nihil

260 4160 491 4230 amplius
520 4170 717 4232 praeter
746 4178 872 4218 eum
920 4173 1147 4220 caeteros
1193 4164 1484 4236 episcopos
1524 4180 1715 4238 agere,
1766 4181 1860 4221 se-

260 4248 495 4304 cundum
523 4250 797 4323 antiquam
826 4268 856 4306 a
885 4253 1131 4323 patribus
1172 4252 1377 4309 nostris
1424 4252 1674 4327 regulam
1721 4270 1859 4310 con-

1962 3192 2238 3266 parochize
2265 3193 2496 3264 praefata
2524 3194 2842 3249 auctoritate
2869 3193 3145 3265 prmcipio,
3180 3201 3237 3248 ut
3269 3201 3322 3248 et
3349 3193 3405 3247 in
3434 3193 3562 3247 mis-

1963 3296 2146 3336 sarum
2201 3280 2681 3351 celebrationibus,
2736 3289 2790 3336 et
2826 3280 2881 3336 in
2920 3281 3132 3337 caeteris
3170 3280 3381 3351 ofﬁciis,
3444 3287 3559 3335 tam

1963 3369 2188 3435 diurnis,
2222 3385 2388 3441 quam
2417 3368 2718 3438 nocturnis,
2752 3376 2806 3424 et
2833 3372 2889 3423 in
2916 3368 3295 3425 distributione
3351 3383 3555 3424 secun-

1962 3456 2093 3511 dum
2122 3457 2467 3513 traditionem
2498 3456 2713 3512 Domini
2743 3464 3210 3513 sacramentorum
3234 3456 3558 3513 caelestium

1961 3542 2216 3601 fratribus
2245 3554 2299 3601 et
2326 3545 2543 3618 populis
2573 3545 2941 3612 consulendis,
2976 3546 3075 3601 sed
3104 3552 3158 3601 et
3186 3545 3242 3600 in
3271 3545 3556 3616 baptizan-

1962 3633 2048 3690 dis
2076 3634 2336 3705 parvulis,
2371 3642 2424 3690 et
2451 3634 2508 3689 in
2537 3633 2901 3705 suscipiendis
2928 3634 2997 3689 ad
3023 3634 3395 3705 penitentiam
3421 3634 3553 3691 indi-

1962 3723 2237 3795 gentibus,
2272 3723 2399 3778 etin
2431 3723 2818 3779 subveniendis
2846 3722 3041 3780 viatico
3078 3740 3304 3780 munere
3355 3739 3556 3780 secun-

1962 3798 2092 3867 dum
2123 3826 2311 3868 sacros
2342 3827 2580 3867 canones
2609 3811 2956 3881 abeuntihus,
3015 3819 3069 3867 et
3122 3811 3179 3867 in
3229 3812 3558 3883 sepeliendis

1961 3900 2210 3970 mortuis,
2272 3901 2389 3957 sine
2444 3900 2556 3956 ulla
2606 3900 2987 3957 retractatione
3041 3908 3134 3956 aut
3196 3900 3557 3974 negligentia,

1962 3998 2218 4063 quantum
2248 3990 2448 4062 patitur
2466 3990 2705 4046 humana
2734 3988 3026 4062 fragilitas,
3088 3990 3386 4046 secundum
3439 3996 3559 4046 tra-

1960 4079 2149 4135 mitem
2181 4094 2461 4135 sacrarum
2493 4078 2894 4149 Scripturarum
2922 4077 3380 4151 traditionemque
3434 4095 3561 4135 ma-

1958 4167 2140 4238 jorum
2171 4167 2352 4223 divina
2381 4167 2569 4222 munia
2597 4167 2948 4238 exsequendo
2980 4166 3241 4222 fratribus
3271 4175 3325 4223 et
3345 4167 3564 4240 populis

1960 4256 2252 4312 consulere
2282 4256 2542 4311 studeatis
2566 4273 2580 4309 :
2602 4255 2839 4312 scientes
2855 4271 2953 4310 vos
2973 4256 3229 4311 ordinum
3251 4264 3560 4311 vestrorum

259 4336 513 4404 stitutam,
576 4339 681 4393 nisi
723 4356 785 4396 ea
828 4348 1040 4395 tantum
1093 4359 1216 4414 quae
1261 4343 1330 4398 ad
1376 4356 1534 4397 suam
1579 4342 1861 4399 dimcesim
1961 4345 2231 4399 sustinere
2254 4344 2543 4412 jacturam,
2576 4343 2623 4397 si
2654 4342 2891 4399 confessi
2921 4351 3015 4398 aut
3041 4343 3367 4415 regulariter
3419 4358 3557 4398 con-

255 4425 525 4494 pertinent
568 4429 1062 4502 possessionesque
1102 4431 1395 4501 subjectas.
1470 4431 1859 4503 Unusquisque
1884 4419 1939 4480 D
1961 4433 2089 4489 victi
2118 4432 2327 4487 fueritis
2355 4432 2425 4487 de
2454 4431 2824 4502 proximorum
2856 4448 2956 4502 per
2983 4439 3220 4488 vestram
3264 4430 3558 4502 negligen-

252 4512 396 4567 enim
438 4515 730 4587 episcOpus
779 4518 975 4573 habeat
1029 4536 1142 4575 suae
1184 4519 1462 4591 parochias
1530 4526 1860 4591 potestatem
1959 4521 2107 4587 tiam,
2136 4520 2285 4592 quod
2313 4519 2472 4586 absit,
2504 4519 2767 4590 periculo.
2795 4520 2852 4576 Si
2877 4528 3075 4588 autem,
3112 4520 3259 4591 quod
3307 4535 3416 4574 non
3474 4526 3559 4574 est

254 4609 313 4655 ut
340 4611 496 4675 regat
520 4604 676 4672 juxta
704 4607 1068 4662 reverentiam
1087 4608 1319 4679 singulis
1335 4616 1733 4679 competentem
1750 4627 1765 4677 ;
1783 4616 1858 4679 et,

256 4691 656 4760 providentiam
684 4702 842 4765 gerat
869 4697 1047 4751 omnis
1075 4696 1441 4769 possessionis
1471 4713 1592 4769 quae
1608 4697 1711 4752 sub
1741 4697 1859 4767 ejus

258 4786 340 4833 est
367 4787 634 4850 potestate
658 4799 672 4835 :
704 4782 781 4837 ita
810 4791 867 4838 ut
894 4785 1243 4857 presbyteros
1264 4793 1315 4841 et
1337 4786 1597 4842 diacanos
1619 4786 1854 4852 ordinet,

255 4873 309 4921 et
337 4868 553 4939 singula
582 4886 684 4926 suo
705 4872 913 4941 judicio
934 4874 1379 4944 comprehendat.
1403 4874 1651 4946 Amplius
1674 4882 1859 4930 autem

250 4954 383 5009 nihil
403 4973 571 5029 agere
587 4966 756 5015 tentet
776 4968 976 5031 praeter
996 4961 1287 5018 antistitem
1301 4963 1798 5033 metropolitanum.
1829 4982 1852 5012 ι

252 5040 629 5114 Presbyteros,
654 5047 847 5119 inquit,
872 5057 924 5103 et
944 5049 1207 5106 diaconos
1228 5049 1508 5121 parochias
1519 5067 1633 5106 sum
1650 5050 1856 5122 episco-

245 5144 350 5201 pus
360 5131 598 5204 ordinet,
622 5142 796 5191 etnon
817 5137 1119 5194 exordinet.
1145 5137 1284 5207 Quia
1305 5153 1444 5210 quos
1464 5139 1613 5193 solus
1636 5139 1854 5210 episco-

243 5236 348 5290 pus
368 5220 627 5278 ordinare
643 5231 842 5294 potest,
868 5225 1016 5280 solus
1033 5226 1137 5282 nisi
1160 5235 1219 5281 ut
1235 5228 1531 5283 venerandi
1566 5225 1856 5301 praeﬁgunt

240 5322 481 5365 canones
509 5327 540 5364 a
568 5312 739 5367 sacris
770 5311 963 5370 ofﬁciis
995 5315 1325 5373 submovere
1368 5316 1453 5371 vel
1519 5316 1855 5387 suspendere

242 5412 587 5469 nequaquam
633 5408 831 5470 potest.
878 5403 945 5458 Et
992 5402 1229 5476 singula,
1282 5404 1477 5479 inquit,
1522 5420 1633 5460 non
1671 5412 1855 5460 autem

239 5487 517 5557 generalia
546 5503 648 5544 suo
669 5488 876 5560 judicio
904 5493 1356 5565 comprehendat,
1390 5508 1553 5567 quem
1602 5493 1854 5551 convenit

1959 4608 2317 4679 credendum,
2350 4606 2519 4664 frater
2548 4616 2600 4664 et
2628 4609 2989 4681 coepiscopus
3017 4614 3202 4665 noster
3228 4608 3559 4663 Hincmarus

1959 4713 2287 4770 quocunque
2340 4705 2587 4770 tempore
2641 4698 2951 4771 cuicunque
2986 4698 3074 4755 vel
3139 4696 3556 4769 quibuseunque

1958 4796 2200 4843 vestrum
2229 4804 2330 4859 pro
2357 4788 2463 4845 hoc
2501 4788 2630 4860 quia
2676 4787 2795 4857 ejus
2842 4787 3087 4843 illicitam
3129 4785 3556 4857 praeceptionem

1956 4893 2064 4933 non
2111 4876 2459 4945 observastis,
2508 4884 2697 4934 contra
2734 4876 2952 4950 regulas
2989 4875 3046 4930 in
3086 4874 3313 4955 antiquo
3343 4875 3555 4947 fecerit,

1957 4966 2257 5023 secundum
2287 4982 2478 5023 sacros
2507 4980 2748 5022 canones
2777 4965 2849 5020 ad
2887 4964 3235 5037 metropolim
3289 4973 3552 5031 vestram,

1914 5081 1923 5088 -
1956 5055 2045 5112 vel
2070 5056 2139 5110 ad
2168 5054 2501 5126 provinciale
2531 5053 2822 5111 concilium
2852 5053 2945 5125 qui
2974 5054 3137 5110 laesos
3171 5070 3231 5109 se
3270 5055 3554 5110 existima—

1952 5145 2130 5200 verint
2160 5143 2418 5199 festinent
2448 5159 2735 5200 recurrere
2759 5162 2774 5210 ;
2810 5151 2869 5197 ut
2899 5143 3045 5215 quod
3072 5155 3384 5215 perperam
3420 5142 3549 5208 illis,

1956 5233 2104 5305 quod
2135 5233 2280 5288 Deus
2309 5232 2473 5304 longe
2518 5232 2703 5298 faciat,
2762 5231 2925 5288 fuerit
2978 5232 3297 5306 irrogatam,
3359 5230 3561 5303 synodi

1955 5320 2164 5393 experti
2195 5336 2427 5376 examen
2456 5320 2698 5377 debitam
2726 5328 2781 5377 et
2810 5320 3187 5379 necessariam
3212 5319 3555 5379 emendatio-

1953 5426 2080 5468 nem
2129 5409 2445 5481 suscipiant.
2494 5480 2495 5483 η
