4020 6182
477 245 584 300 515

885 367 1228 426 HINCMARI
1265 368 1407 425 RHE
1415 369 1672 426 MENSIS

1093 474 1166 513 AD
1195 471 1450 513 EUMDEM.

554 549 881 604 Hmcmaus
928 547 1262 604 Rhemorum
1329 546 1618 618 episcopus
1671 545 1870 601 dilecto
1920 545 2078 601 fratri

485 637 781 692 ΗιΝοιιΑιιο
811 635 1158 691 Laudunensi
1180 635 1507 706 coepiscopo
1537 641 1723 690 nostro
1752 635 2008 689 salutem.

551 725 733 781 Pridie
754 725 872 780 Kal.
905 725 1089 779 Junias
1115 724 1402 796 praesentis
1433 725 1690 780 secundae
1765 722 2079 778 indictionis

481 814 627 869 misit
654 815 723 868 ad
751 829 839 868 me
868 829 1004 885 grex
1034 813 1409 869 Laudunensis
1432 811 1679 868 ecclesia:
1709 827 1807 882 per
1863 812 2078 885 legatos

483 919 631 972 suos,
665 917 895 974 quorum
925 903 1146 958 nomina
1174 901 1379 972 scripta
1407 901 1692 966 habemus,
1723 900 1964 956 oblatam
1983 917 2080 973 pe-

483 991 744 1057 titionem,
779 991 833 1046 in
865 1007 970 1064 qua
997 990 1138 1046 inter
1167 999 1364 1046 caetera
1393 990 1702 1045 continetur
1735 1007 1748 1043 :
1782 990 1922 1044 Dum
1975 1005 2079 1044 xm

485 1080 605 1135 Kal.
638 1079 804 1134 Maias
818 1081 962 1136 idem
993 1088 1179 1150 pastor
1229 1087 1416 1134 noster
1471 1078 1525 1132 in
1581 1085 1762 1133 monte
1818 1078 2079 1134 Lauduno

482 1167 540 1224 in
570 1185 664 1224 sua
694 1169 903 1240 synodo
929 1169 997 1223 de
1026 1167 1376 1238 perplurimis
1402 1166 1722 1221 utilitatibus
1744 1183 1857 1222 suae
1877 1175 2080 1223 sancta:

483 1257 745 1313 Ecclesiae
773 1257 1075 1312 ordinando
1105 1265 1158 1310 et
1179 1254 1551 1310 emeliorando
1600 1255 1850 1325 quaedam
1897 1255 1953 1310 in
1999 1255 2078 1310 eis

481 1345 1058 1419 disputaret,'occurrit
1085 1359 1186 1415 pro
1217 1359 1474 1400 successu
1501 1351 1809 1415 temporum
1830 1345 2081 1415 quedam

483 1451 614 1507 pars
643 1433 887 1504 ejusdem
916 1432 1314 1504 disputationis,
1346 1449 1448 1503 pro
1479 1447 1587 1503 qua
1629 1432 1759 1504 quia
1798 1432 2082 1489 ordinandi

483 1540 669 1579 rerum
698 1521 1195 1578 ecclesiasticarum
1221 1527 1464 1592 potestas
1495 1521 1563 1576 ab
1593 1536 1677 1586 eo,
1712 1537 1834 1576 cum
1885 1522 1974 1590 jus
2031 1530 2084 1577 et

483 1613 574 1667 lex
605 1626 878 1667 canonum
899 1609 1140 1680 jubendo
1168 1609 1436 1682 precipit,
1469 1609 1829 1680 utepisc0pus
1850 1627 1938 1665 res
1969 1627 2083 1666 suae

484 1699 752 1766 ecclesia,
785 1699 983 1772 quibus
1011 1699 1239 1755 voluerit
1271 1706 1322 1753 et
1353 1698 1624 1770 quomodo
1653 1697 1904 1765 voluerit,
1963 1699 2082 1753 dis-

486 1787 740 1860 ponendo
785 1787 1083 1859 dispenset,
1125 1785 1454 1854 auferretur,
1501 1785 1847 1859 perplurima:
1893 1795 2083 1844 aucto-

484 1876 667 1932 ritates
699 1876 868 1932 sancti
893 1875 1032 1932 Petri
1061 1890 1550 1947 successorumque
1569 1877 1704 1946 ejus,
1731 1878 1928 1948 quibus
1950 1893 2084 1949 qua-

487 1965 613 2021 liter
640 1973 692 2020 et
722 1965 996 2037 quomodo
1027 1964 1154 2019 data
1171 1965 1216 2018 si
1235 1971 1482 2035 potestas
1503 1965 1710 2037 ligandi
1739 1975 1792 2021 et
1811 1965 2080 2032 solvendi,

486 2053 555 2109 ab
584 2053 774 2109 eodem
805 2061 1021 2124 pastore
1047 2061 1235 2108 nostro
1263 2053 1318 2107 in
1347 2053 1641 2124 prmsentia
1670 2054 1835 2110 totius
1892 2054 2086 2126 synodi

483 2159 578 2198 eas
605 2141 903 2214 relegendo
931 2141 1168 2197 recitata
1199 2149 1341 2213 sunt.
1368 2141 1576 2209 Quibus
1594 2142 1854 2210 recitatis,
1873 2159 2086 2199 memor

483 2231 798 2301 injuriarum
849 2247 1086 2300 suarum,
1143 2247 1264 2302 qua:
1330 2229 1380 2285 ei
1445 2231 1712 2287 moderno
1778 2233 2086 2288 acciderant

485 2326 752 2391 tempore,
778 2319 926 2374 addit
955 2319 1103 2391 quod
1131 2317 1440 2373 immineret
1469 2327 1686 2390 tempus
1733 2321 2085 2392 comprovin—

483 2407 636 2466 cialis
663 2408 878 2479 synodi,
911 2424 1031 2479 quae
1058 2407 1114 2461 in
1143 2405 1429 2462 Vermeria
1449 2409 1648 2478 palatio
1692 2409 1847 2481 regio
1903 2425 1938 2465 a
1989 2425 2087 2466 vo—

487 2497 572 2552 bis
599 2497 906 2568 vestrisque
928 2494 1296 2568 suﬁ‘raganeis
1323 2511 1425 2550 vm
1453 2497 1576 2553 Kal.
1593 2497 1763 2552 Maias
1779 2499 1960 2553 habita
1981 2507 2083 2566 est,

487 2586 556 2642 ad
587 2601 748 2660 quam
777 2585 970 2641 vestris
999 2583 1194 2640 litteris
1225 2593 1482 2642 evocatus
1510 2583 1701 2642 libenti
1727 2587 1909 2642 animo
1987 2603 2087 2644 co-

486 2691 606 2731 ram
633 2675 885 2731 omnibus
913 2673 1193 2744 professus
1223 2681 1308 2730 est
1329 2689 1390 2730 se
1421 2675 1538 2730 sine
1551 2675 1659 2730 ulla
1675 2675 2087 2748 intercapedine

484 2781 929 2838 progressurum.
965 2763 1074 2820 Sed
1114 2761 1242 2835 quia
1284 2763 1540 2819 credebat
1585 2764 1641 2819 in
1683 2765 1804 2836 ipsa
1853 2766 2084 2837 synodo,

487 2854 631 2919 quod
658 2869 779 2908 mos
808 2853 956 2908 haud
986 2851 1230 2923 exposcit
1259 2851 1550 2908 canonicus
1580 2853 1820 2924 aliquam
1873 2854 2088 2910 violen-

485 2941 616 2996 tiam
647 2941 749 2996 sibi
776 2941 1064 3013 illegaliter
1092 2947 1145 2994 et
1171 2947 1363 2994 contra
1391 2940 1544 3012 leges
1575 2956 1841 2996 canonum
1865 2959 1897 2996 a
1954 2959 2090 3014 quo-

489 3044 702 3100 cunque
731 3027 868 3097 fieri,
930 3043 1182 3082 sermone
1221 3029 1606 3084 contestatorio
1662 3037 1715 3084 et
1770 3031 2087 3086 auctoritate

489 3117 660 3172 sancti
689 3115 851 3186 Petri,
885 3116 1031 3188 quod
1052 3115 1097 3170 si
1127 3115 1178 3172 ei
1206 3114 1426 3171 licentia
1455 3117 1618 3171 eundi
1648 3117 1878 3174 Romam
1897 3119 2084 3190 prohi-

490 3207 729 3273 beretur,
767 3213 861 3261 aut
889 3205 1008 3276 ipse
1037 3212 1226 3276 captus
1255 3204 1604 3272 obtineretur,
1647 3221 1838 3263 omnes
1897 3223 2084 3264 sacer-

487 3295 644 3352 dotes
671 3295 834 3351 totius
863 3294 1139 3366 parochiaa
1169 3293 1606 3367 suaecolligavit,
1639 3303 1696 3350 ut
1711 3312 1872 3352 nemo
1893 3313 2085 3353 eorum

487 3385 543 3440 in
572 3399 638 3440 ea
667 3382 987 3441 sacerdotali
1029 3382 1328 3438 ministerio
1377 3383 1566 3438 tandiu
1611 3393 1870 3453 uteretur,
1913 3402 2088 3459 usque

487 3473 618 3528 dum
645 3472 736 3528 ille
765 3471 883 3543 ipse
913 3471 1198 3528 nobiscum
1227 3472 1420 3527 iterum
1449 3473 1573 3528 viva
1591 3489 1726 3529 voce
1745 3473 2082 3546 loqueretur,

488 3569 578 3617 aut
597 3561 790 3618 litterae
811 3577 876 3616 ex
893 3560 1008 3632 ipsa
1025 3567 1211 3617 sancta
1231 3561 1362 3616 sede
1375 3561 1517 3616 beati
1531 3561 1675 3617 Petri
1685 3563 1917 3633 apostoli
1929 3563 2087 3619 nobis

487 3651 851 3706 mitterentur.
873 3649 994 3718 Quo
1025 3649 1184 3717 facto,
1214 3649 1360 3722 quod
1389 3657 1518 3706 tunc
1546 3665 1656 3706 non
1685 3651 1900 3718 accidit,
1942 3667 2089 3707 nunc

487 3739 544 3794 in
573 3739 788 3795 Silvaco
818 3737 1017 3809 palatio
1045 3739 1200 3810 regio
1230 3753 1285 3793 ν.
1319 3737 1440 3793 Kal.
1465 3739 1654 3793 Junias
1681 3749 1962 3809 peractum
1983 3748 2085 3795 est.

490 3827 612 3896 Qua
637 3835 822 3883 tamen
839 3827 929 3882 die
949 3827 1268 3897 priusquam
1286 3827 1354 3880 ad
1369 3827 1550 3896 ipsum
1589 3827 1863 3883 Silvacum
1893 3845 2088 3899 perve-

486 3915 645 3980 niret,
679 3914 938 3986 praescius
983 3922 1222 3970 ventura:
1261 3913 1531 3970 violentiae
1572 3931 1684 3970 suae
1729 3916 1976 3986 praedixit
2005 3933 2090 3972 sa-

488 4001 697 4060 cerdoti
723 4010 908 4058 nostro
925 4001 1194 4058 Clarentio
1223 4003 1494 4074 simulque
1515 4002 1747 4059 diacono
1767 4005 2086 4073 Teutlando,

491 4099 552 4146 ut
577 4092 734 4147 nobis
763 4091 1146 4146 denuntiarent
1165 4106 1267 4162 per
1289 4091 1470 4148 omnia
1491 4108 1592 4146 nos
1613 4101 1944 4162 servaturos,
1970 4111 2091 4166 quae

491 4195 661 4236 causa
689 4195 910 4236 suarum
937 4180 1270 4250 injuriarum,
1303 4188 1355 4235 et
1384 4187 1443 4234 ut
1471 4179 1640 4236 satius
1670 4181 1935 4252 dicamus,
1993 4199 2092 4254 pro

492 4277 630 4325 statu
651 4276 964 4326 sanctarum
985 4267 1340 4326 ecclesiarum
1359 4269 1415 4324 in
1427 4269 1745 4342 prmscripta
1765 4271 1975 4342 synodo
1987 4285 2093 4326 xm

491 4357 615 4416 Kal.
647 4359 817 4414 Maias
849 4359 1101 4414 omnibus
1129 4358 1511 4415 sacerdotibus
1540 4375 1652 4415 suae
1679 4359 1956 4430 parochim
1985 4361 2090 4415 ob-

492 4465 716 4506 servare
746 4449 1062 4506 auctoritate
1093 4447 1267 4504 sancti
1293 4447 1440 4504 Petri
1461 4449 1576 4520 ipse
1627 4456 1979 4520 praeceperat.

559 4539 630 4594 Et
659 4547 783 4611 post
825 4539 1101 4611 aliquanta
1130 4557 1148 4593 :
1201 4559 1222 4588 α
1275 4535 1618 4609 QuaprOpter
1665 4538 1794 4609 quia
1835 4538 2086 4594 eumdem

491 4628 773 4684 dominum
802 4635 1050 4684 nostrum
1079 4625 1230 4699 regia
1258 4633 1523 4696 potestate
1575 4633 1845 4682 retentum
1893 4635 1946 4682 et
1991 4643 2086 4682 re-

489 4717 701 4774 clusum
731 4717 853 4773 viva
881 4731 1016 4773 voce
1047 4715 1198 4770 adire
1227 4729 1336 4770 non
1365 4722 1698 4784 poteramus,
1754 4723 1806 4770 et
1834 4717 2088 4772 sacerdo-

489 4805 585 4861 tali
611 4805 920 4862 ministerio
949 4803 1208 4876 prohibiti
1239 4803 1310 4858 ab
1326 4819 1392 4858 eo
1413 4801 1518 4857 frui
1540 4819 1651 4858 non
1673 4803 2010 4860 audebamus
2027 4819 2089 4860 ιιι

491 4893 616 4950 Kal.
647 4893 838 4950 Junias
867 4895 936 4949 ad
965 4892 1276 4965 capitolium
1307 4899 1558 4948 nostrum
1602 4892 1975 4962 convenimus,
2037 4901 2090 4949 et

490 4981 692 5038 ibidem
723 4983 996 5039 communi
1027 4981 1302 5054 colloquio
1331 4989 1690 5038 retractantes
1737 4989 1913 5037 ratum
1933 5003 1948 5009 ·
1972 4981 2091 5039 fore

489 5071 765 5141 duximus,
798 5078 856 5126 ut
885 5069 1086 5126 exinde
1115 5069 1400 5128 consilium
1427 5078 1624 5126 nostra;
1655 5069 1843 5125 salutis
1872 5085 1906 5127 a
1935 5087 2092 5128 sacra
2133 5073 2138 5076 ’

487 5161 814 5233 paternitate
842 5159 1090 5214 almitatis
1119 5167 1316 5216 vestrae
1349 5159 1626 5216 humiliter
1643 5159 2090 5232 deposceremus,

488 5257 670 5306 utrum
699 5247 1055 5306 sacerdotalis
1082 5247 1366 5304 ministerii
1386 5247 1560 5305 officio
1583 5248 1784 5305 missas
1805 5249 2092 5306 celebran-

490 5339 580 5406 do,
623 5347 677 5394 et
713 5337 936 5396 domino
972 5353 1075 5409 pro
1113 5337 1424 5408 receptione
1487 5339 1723 5410 pastoris
1791 5338 1966 5395 nostri
2031 5354 2096 5394 ac

493 5427 768 5483 communi
793 5427 1022 5484 utilitate
1051 5425 1215 5482 totius
1252 5433 1454 5482 sancta
1507 5427 1772 5484 Ecclesiae
1829 5425 2098 5484 sacriﬁcia

493 5512 794 5586 oﬂ‘erendo,
827 5515 1149 5588 baptizando
1197 5529 1416 5588 pueros,
1483 5515 1757 5574 visitando
1823 5515 2092 5584 inﬁrmos,

1399 241 1744 300 HINCMARI
1795 239 2194 300 RHEMENSIS
2251 243 2802 302 ARCHIEPISCOPI.

3669 255 3769 310 516

2107 365 2165 428 Α
2182 367 2590 426 reconciliando
2621 386 2744 427 cum
2773 371 2966 429 viatico
2995 387 3220 431 munere
3249 374 3626 445 paenitentiam
3671 394 3773 449 pe-

2180 463 2376 525 tentes,
2411 458 2727 530 sepeliendo
2785 469 3070 529 mortuos;
3129 477 3255 519 cum
3292 463 3506 534 penitus
3559 465 3632 520 ab
3691 466 3774 521 his

2177 546 2431 601 omnibus
2460 547 2719 617 prohibiti
2750 548 2938 604 simus.
2978 571 3000 598 ι»
3035 551 3104 606 Et
3131 550 3295 622 paulo
3325 560 3449 623 post
3478 570 3491 606 :
3531 575 3554 603 ι
3598 556 3656 608 ιιι
3679 568 3775 624 pa-

2177 634 2359 690 rochia
2386 643 2571 691 nostra
2601 637 2680 691 uti
2712 637 2923 704 debeat,
2958 653 3029 693 an
3056 654 3184 705 non,
3220 647 3276 695 et
3323 640 3552 712 reliqua.
3601 641 3776 710 Quam

2177 722 2470 778 novitatem
2499 739 2533 778 a
2563 725 2763 782 saeculo
2794 726 3059 782 hactenus
3090 728 3408 796 inauditam,
3443 729 3622 785 frater
3647 731 3775 786 cha-

2179 809 2412 881 rissime,
2447 813 2579 869 satis
2609 815 3032 870 contremiscens
3061 817 3338 884 exhorrui,
3389 818 3520 872 satis
3581 834 3776 890 super-

2178 915 2284 971 que
2313 899 2479 956 dolui.
2513 903 2667 958 Unde
2697 913 2968 975 augentur
2993 904 3126 960 mihi
3182 905 3439 976 lacrymae
3472 924 3486 961 :
3539 907 3776 980 gemitus

2179 1005 2238 1044 se
2267 989 2322 1043 in
2351 1005 2474 1045 meo
2502 991 2667 1046 corde
2695 1007 2805 1048 non
2832 992 3069 1063 capiunt,
3104 999 3262 1064 atque
3285 1009 3351 1050 ex
3372 994 3566 1050 intimo
3601 995 3776 1053 visce-

2178 1093 2302 1133 rum
2331 1077 2520 1135 dolore
2547 1079 2790 1150 peccatis
2819 1080 2956 1135 meis
2986 1089 3194 1152 reputo,
3231 1082 3378 1153 quod
3407 1091 3464 1139 tu
3484 1083 3625 1139 talia
3644 1083 3779 1140 ﬁlius

2177 1181 2334 1221 meus
2363 1167 2420 1222 in
2449 1174 2692 1238 tempore
2725 1169 2828 1225 ista
2858 1169 3114 1226 novitatis
3163 1173 3617 1243 praesumptione,
3667 1190 3780 1245 quae

2179 1253 2248 1309 de
2278 1255 2532 1325 superbia
2560 1255 2898 1312 descendere
2926 1258 3189 1324 noscitur,
3223 1259 3362 1332 agis,
3398 1260 3592 1331 qualia
3640 1277 3778 1316 nun-

2179 1357 2344 1413 quam
2399 1343 2544 1399 ullus
2595 1344 2976 1416 episcoporum
3013 1345 3212 1417 legitur
3247 1348 3695 1420 praesumpsisse.
3757 1371 3777 1402 ι

2178 1433 2320 1487 Nam
2351 1431 2490 1488 sicut
2518 1433 2574 1487 in
2605 1447 2764 1489 sacra
2793 1433 3033 1489 Historia
3061 1434 3260 1506 legitur
3293 1439 3536 1494 :Petrus
3559 1439 3780 1510 quidem

2180 1521 2510 1576 servabatur
2541 1521 2606 1576 in
2630 1537 2873 1588 carcere,
2918 1525 3098 1580 oratio
3129 1523 3300 1592 ﬁebat
3331 1527 3455 1580 sine
3491 1527 3785 1582 intermis-

2181 1611 2336 1665 sione
2347 1609 2414 1665 ab
2427 1611 2664 1666 ecclesia
2676 1611 2747 1666 ad
2759 1613 2936 1666 Deum
2943 1628 3044 1683 pro
3084 1628 3144 1668 eo
3156 1611 3300 1684 (Act.
3343 1615 3468 1686 xit).
3532 1615 3782 1671 Liberius

2106 1723 2160 1784 B
2180 1713 2339 1768 papa,
2358 1698 2586 1770 Vigilius
2603 1699 3009 1769 papa,Joannes
3026 1715 3186 1772 papa,
3203 1700 3556 1772 etpontiﬁces
3585 1711 3785 1760 sanctae

2183 1788 2443 1842 Romanae
2471 1785 2733 1843 Ecclesiae
2762 1787 2818 1842 in
2847 1787 3096 1844 exsilium
3126 1789 3300 1856 missi,
3333 1797 3385 1844 et
3415 1791 3650 1862 quidam
3693 1808 3785 1848 eo-

2183 1891 2302 1930 rum
2335 1890 2550 1932 carcere
2579 1875 2822 1932 conclusi
2853 1875 3071 1932 fuerunt
3101 1895 3116 1932 :
3162 1879 3487 1934 Athanasius
3541 1880 3785 1935 Alexan-

2185 1963 2358 2019 drina:
2389 1965 2644 2020 secundae
2672 1965 2818 2020 sedis
2847 1965 3157 2036 episcOpus,
3190 1973 3240 2021 et
3270 1975 3487 2023 sanctus
3539 1968 3786 2024 Meletius

2184 2053 2536 2110 Antiocheam
2564 2053 2740 2110 tertia
2767 2053 2915 2108 sedis
2946 2054 3254 2126 episcopus,
3291 2063 3344 2110 et
3375 2056 3620 2127 Cyrillus
3661 2058 3786 2113 Hie-

2185 2142 2608 2213 rosolymitanus
2655 2143 2962 2213 episcopus,
3021 2145 3261 2200 Joannes
3289 2145 3788 2218 Constantinopoli-

2185 2239 2344 2286 tanus
2376 2230 2687 2302 episcopus,
2759 2231 3015 2287 Paulinus
3054 2231 3404 2289 Treverensis
3471 2234 3786 2306 episcopus,

2187 2327 2406 2375 sanctus
2444 2318 2681 2375 Hilarius
2718 2319 3075 2376 Pictaviensis
3139 2321 3449 2393 episcOpus,
3519 2323 3792 2378 Eusebius

2187 2407 2552 2464 Vercellensis
2581 2407 2872 2479 episc0pus
2899 2409 2968 2465 de
2994 2411 3268 2480 parochiis
3295 2411 3410 2467 suis
3458 2411 3690 2468 abducti
3745 2419 3794 2466 et

2187 2495 2242 2552 in
2271 2495 2521 2552 exsilium
2549 2496 2702 2552 missi
2733 2496 2970 2565 fuerunt,
3003 2506 3057 2553 et
3087 2498 3194 2554 tale
3225 2499 3354 2570 quid
3400 2515 3598 2572 agere,
3659 2500 3796 2557 sicut

2187 2584 2368 2657 egisti,
2401 2600 2512 2640 non
2541 2594 3021 2656 praesumpserunt.
3057 2587 3252 2642 Beatus
3283 2588 3612 2643 Ambrosius
3633 2589 3690 2642 in
3711 2604 3796 2644 ec-

2189 2672 2357 2728 clesia
2409 2672 2808 2729 Mediolanensi
2861 2675 3072 2730 Iustina
3108 2676 3358 2732 haeretica
3441 2676 3794 2747 imperatrice

2187 2760 2557 2832 praecipiente,
2619 2761 2930 2828 conclusus,
2965 2771 3017 2818 et
3063 2764 3286 2819 armatis
3317 2765 3468 2821 circa
3495 2765 3796 2821 ecclesiam

2189 2849 2581 2906 excubantibus
2611 2850 2889 2918 obsessus,
2923 2859 2976 2906 et
3019 2859 3272 2922 carpento
3309 2853 3486 2922 posito
3523 2861 3656 2910 ante
3704 2869 3798 2911 os-

2187 2937 2342 3008 tium,
2375 2953 2481 3011 quo
2511 2938 2565 2994 in
2597 2938 2844 2995 exsilium
2875 2940 3199 3008 traheretur,
3233 2941 3466 2996 animam
3499 2957 3666 2997 suam
3713 2951 3798 2999 te-

2189 3043 2324 3082 nens
2355 3025 2411 3081 in
2433 3027 2685 3082 manibus
2717 3027 2849 3095 suis,
2885 3028 3016 3100 quid
3045 3029 3153 3084 tale
3175 3045 3286 3084 non
3313 3029 3443 3102 egit.
3459 3029 3800 3103 Rigobertus

2117 3082 2165 3146 α
2187 3111 2522 3168 Rhemorum
2552 3113 2840 3184 episcopus
2871 3082 3075 3168 ciudeli
3101 3082 3378 3170 violentiae
3411 3130 3444 3169 a
3501 3082 3641 3170 dee
3704 3130 3802 3170 sua

2189 3200 2466 3270 expulsus,
2499 3207 2552 3257 et
2580 3200 2638 3256 in
2659 3201 2990 3272 proprietate
3019 3201 3116 3257 sua
3145 3218 3254 3257 non
3283 3203 3449 3274 longe
3482 3204 3556 3258 ab
3604 3204 3800 3260 eadem

2188 3289 2322 3344 urbe
2352 3305 2475 3345 cum
2505 3305 2708 3363 magna
2737 3289 3038 3362 indigentia
3065 3290 3309 3362 pluribus
3341 3290 3500 3346 annis
3544 3294 3802 3348 residens

2190 3377 2398 3449 deguit,
2431 3379 2530 3434 sed
2559 3379 2688 3451 quid
2717 3379 2826 3434 tale
2857 3395 2981 3436 cum
3013 3379 3350 3452 coepiscopis
3380 3381 3492 3436 suis
3524 3397 3640 3437 non
3664 3383 3799 3454 egit.

2189 3467 2427 3522 Fuerunt
2453 3467 2616 3523 etiam
2645 3467 2734 3522 alii
2765 3475 2955 3523 nostra
2983 3475 3140 3524 aetate
3171 3485 3235 3524 ac
3256 3477 3498 3540 tempore
3520 3485 3554 3524 a
3575 3471 3804 3525 sedibus

2190 3555 2303 3609 suis
2331 3571 2433 3626 pro
2462 3555 2691 3612 diversis
2721 3556 2900 3612 causis
2929 3557 2999 3611 ad
3043 3565 3257 3628 tempus
3303 3557 3536 3628 expulsi,
3574 3559 3802 3630 quidam

2190 3643 2352 3700 etiam
2379 3643 2875 3715 irrecuperabiliter
2903 3645 3120 3714 abjecti,
3153 3653 3206 3702 et
3234 3645 3341 3701 tale
3375 3646 3504 3718 quid
3535 3663 3651 3703 non
3673 3665 3805 3721 ege-

2190 3739 2315 3788 runt
2339 3752 2352 3799 ;
2385 3733 2722 3790 attendentes
2752 3733 2855 3788 sibi
2885 3733 3088 3789 dixisse
3117 3735 3458 3806 Apostolum,
3489 3744 3544 3792 et
3565 3751 3632 3791 ex
3673 3752 3808 3808 pro-

2189 3821 2406 3893 phetico
2425 3821 2730 3878 testimonio
2752 3821 3105 3878 conﬁrmasse
3125 3841 3138 3877 :
3163 3825 3282 3880 Non
3301 3841 3392 3879 vos
3405 3823 3804 3896 defendentes,

2191 3910 2536 3980 charissimi,
2559 3910 2657 3966 sed
2673 3911 2802 3967 date
2824 3911 3007 3968 locum
3027 3913 3149 3968 irae.
3178 3912 3469 3984 Scriptum
3491 3916 3578 3967 est
3615 3915 3805 3968 enim.

2193 3999 2325 4054 Mihi
2342 3999 2611 4068 vindicta,
2631 4015 2725 4071 ego
2747 4001 3077 4072 retribuam,
3116 4001 3261 4057 dicit
3293 4002 3572 4057 Dominus
3609 4003 3806 4072 (Rom.

2193 4101 2276 4141 ιιιι
2299 4088 2493 4154 ;Hebr.
2525 4103 2604 4156 x;
2637 4089 2862 4145 Denter.
2895 4089 3104 4160 xxxn).
3137 4090 3205 4143 Et
3233 4087 3278 4142 si
3309 4089 3454 4144 enim
3508 4089 3664 4146 aliud
3721 4089 3813 4144 vel

2192 4175 2296 4231 hoc
2327 4183 2377 4230 te
2408 4175 2476 4230 ab
2507 4175 2608 4231 hac
2639 4177 3062 4247 praesumptione
3091 4177 3350 4232 cohibere
3381 4177 3674 4246 debuerat,
3739 4193 3812 4232 ne

2193 4263 2344 4319 solus
2375 4263 2502 4318 talia
2531 4264 2763 4332 faceres,
2800 4281 2921 4336 qua
2950 4281 3111 4321 nemo
3140 4265 3278 4320 alius
3309 4264 3437 4321 fecit
3472 4279 3486 4321 :
3519 4267 3658 4322 Cum
3677 4267 3814 4322 bea-

2193 4359 2280 4407 tus
2300 4353 2492 4407 Petrus
2515 4353 2793 4424 apostolus
2813 4353 2986 4409 dicat:
3021 4355 3189 4410 Nemo
3232 4359 3486 4410 vestrum
3538 4357 3816 4428 patiatur

2123 4439 2180 4502 D
2207 4444 2478 4514 tanquam
2505 4441 2808 4511 homicida,
2837 4447 2939 4498 aut
2969 4445 3086 4514 fur,
3113 4441 3600 4514 autmaledicus(l
3639 4445 3810 4500 Petr.

2198 4533 2300 4593 tv).
2349 4529 2627 4601 Tanquam
2645 4529 2960 4597 maledicus,
2980 4530 3228 4602 inquiunt
3247 4529 3500 4586 catholici
3528 4531 3814 4596 doctores,

2189 4617 2408 4689 patitur,
2435 4617 2527 4689 qui
2555 4617 2948 4689 persecutionis
2979 4635 3092 4674 suae
3121 4627 3369 4690 tempore
3397 4619 3456 4673 in
3488 4619 3570 4674 sui
3601 4619 3818 4676 saltem

2189 4705 2388 4776 injuria
2417 4707 2784 4778 persecutoris
2807 4705 3120 4763 eﬂ'renatur.
3155 4709 3225 4763 Et
3267 4707 3400 4762 item
3455 4708 3600 4764 idem
3665 4723 3817 4780 apo—

2193 4795 2460 4852 stolorum
2473 4795 2732 4868 princeps
2751 4796 2880 4852 dicit
2905 4814 2917 4850 :
2942 4798 3198 4854 Christus
3203 4813 3412 4869 passus
3437 4801 3524 4853 est
3555 4814 3663 4869 pro
3707 4815 3820 4854 no-

2193 4885 2293 4952 bis,
2301 4884 2448 4942 vobis
2460 4886 2787 4958 relinquens
2802 4901 3001 4958 exemp
3009 4885 3127 4941 tum
3133 4887 3554 4958 ,utsequa-mini
3569 4887 3820 4958 vestigia

2195 4977 2316 5044 ejus
2335 4992 2354 5028 :
2366 4975 2463 5046 qui
2472 4979 2769 5046 peccatum
2781 4991 2896 5030 non
2912 4975 3166 5046 fecitnec
3179 4975 3450 5030 inve-ntus
3464 4979 3550 5030 est
3561 4974 3734 5030 dolus
3755 4977 3824 5030 in

2195 5079 2290 5119 ore
2314 5047 2456 5134 ejus,
2489 5064 2585 5136 qui
2618 5081 2749 5120 cum
2777 5063 3217 5120 malediceretur
3255 5079 3371 5119 non
3408 5063 3818 5132 maledicebat,

2196 5167 2326 5208 cum
2363 5156 2658 5224 pateretur
2691 5169 2806 5209 non
2823 5151 3309 5218 comminabatur;
3334 5151 3591 5207 tradebat
3607 5156 3824 5208 autem

2195 5240 2482 5308 iudicanti
2499 5257 2559 5296 se
2569 5242 2784 5313 injuste
2795 5242 3004 5312 (IPetr.
3021 5240 3104 5308 ιι).
3119 5239 3396 5296 Tradebat
3409 5247 3608 5306 autem,
3625 5247 3686 5295 et
3700 5256 3826 5295 non

2199 5329 2704 5386 excommunicabat
2731 5345 2908 5402 neque
2938 5327 3316 5385 maledicebat.
3343 5329 3412 5384 Et
3429 5328 3626 5384 Paulus
3665 5343 3826 5400 apo-

2200 5416 2373 5472 stolus
2385 5417 2532 5474 dicit:
2547 5419 2774 5474 Nemini
2785 5418 2897 5474 dan
2905 5423 2983 5474 tes
2999 5419 3182 5474 ullam
3194 5417 3583 5490 offensionem,
3603 5421 3676 5471 ut
3697 5433 3830 5474 non

2197 5515 2559 5588 vituperetur
2577 5517 2966 5574 ministerium
2993 5519 3288 5584 nostrum;
3313 5517 3412 5573 sed
3436 5515 3502 5572 in
3536 5513 3824 5575 omnibus
