4054 6180
282 213 391 269 517

963 208 1206 269 OPUSC.
1266 208 1359 271 ET
1413 208 1631 268 EPIST.
1690 206 1765 265 IN
1821 202 2048 264 CAUSA
2103 203 2447 263 HINCMARI
2501 204 2809 265 LAUDUN.

3474 210 3582 264 518

283 336 655 393 exhibeamus
671 337 1042 406 nosmetipsos
1059 338 1319 393 sicutDei
1334 335 1719 402 ministro:,in
1735 333 1885 390 mul-
1912 330 2088 392 Ased
2116 329 2223 385 illis
2266 330 2504 387 maxime
2559 348 2683 387 esse
2737 331 3001 387 debemus
3048 330 3281 387 humiles
3314 347 3349 387 α
3396 331 3591 403 quibus

284 429 345 480 ta
365 424 676 497 patientia.
701 425 771 479 Et
819 426 1102 495 patientes
1123 414 1393 481 estote'ad
1414 440 1609 481 omnes
1628 424 1706 496 (II
1754 424 1875 479 Cor.

281 512 365 583 Vt)
384 513 452 567 Et
471 520 692 567 sanctus
703 512 1003 583 Gregorius
1022 512 1265 568 scribens
1286 515 1356 568 ad
1374 512 1689 568 Ianuarium
1709 511 1840 566 dicit
1863 527 1877 565 :

285 623 308 648 α
342 599 494 655 Inter
523 600 775 672 querelas
796 601 1145 671 multiplices,
1179 601 1371 673 inquit,
1398 601 1637 657 Isidorus
1656 600 1745 654 vir
1774 599 1883 655 cla-

282 688 556 743 ressimus
583 703 616 743 a
647 687 985 744 fraternitate
1010 697 1100 744 tua
1118 688 1318 743 frustra
1348 705 1409 745 se
1436 688 1878 745 excommunica-

282 783 399 831 tum
456 777 1077 849 anathematizatumque
1147 785 1479 850 conquestus
1556 785 1657 833 est.
1722 775 1882 845 Quod

281 880 447 936 quam
475 864 549 919 ob
578 880 697 919 rem
727 864 930 920 factum
958 864 1120 920 fuerit
1150 867 1280 921 dum
1320 882 1354 922 a
1385 866 1584 922 clerico
1630 874 1741 932 tuo,
1790 863 1883 937 qui

280 968 531 1024 prasens
560 960 696 1019 erat,
738 953 1102 1009 voluissemus
1139 954 1447 1021 addiscere,
1480 971 1582 1026 pro
1610 954 1759 1009 nulla
1780 953 1883 1009 alia

279 1056 444 1097 causa
463 1040 570 1096 nisi
585 1056 683 1112 pro
714 1055 780 1096 eo
807 1042 953 1114 quod
1005 1049 1057 1098 te
1084 1042 1436 1112 injuriaverat
1483 1042 1683 1098 factum
1718 1041 1881 1098 inno-

276 1128 403 1184 tuit.
444 1126 581 1197 Qua
609 1145 699 1185 res
729 1145 831 1185 nos
860 1130 1210 1185 vehementer
1227 1130 1431 1185 afﬂixit.
1451 1129 1588 1199 Quia
1618 1131 1665 1185 si
1682 1130 1757 1185 ita
1778 1137 1879 1199 est,

277 1217 354 1272 nil
382 1226 435 1272 te
465 1218 709 1273 ostendis
739 1218 808 1273 de
835 1217 1145 1273 calestibus
1184 1219 1446 1292 cogitare,
1498 1220 1595 1274 sed
1613 1226 1883 1275 terrenam

278 1312 329 1359 te
378 1305 581 1360 habere
629 1306 1104 1362 conversationem
1134 1305 1446 1380 signiﬁcas}
1491 1308 1621 1362 dum
1640 1324 1743 1379 pro
1771 1307 1885 1363 vin-

278 1393 424 1449 dicta
452 1392 689 1464 propria
717 1393 947 1463 injuria,
982 1394 1127 1467 quod
1174 1395 1344 1451 sacris
1372 1395 1579 1467 regulis
1619 1396 1881 1468 prohibe-

282 1488 391 1548 tur,
420 1481 866 1537 maledictionem
894 1483 1254 1539 anathematis
1276 1483 1555 1540 invexisti.

350 1592 372 1615 ιι
400 1570 449 1625 U
461 1570 569 1625 nde
594 1570 663 1625 de
676 1578 876 1626 catero
895 1571 1118 1626 omnino
1140 1578 1261 1627 esto
1280 1571 1705 1644 circumspectus
1720 1578 1882 1645 atque

275 1657 560 1726 sollicitus,
586 1667 640 1713 et
663 1658 790 1714 talia
807 1660 1059 1732 cuiquam
1079 1676 1183 1732 pro
1201 1659 1521 1716 defensione
1543 1660 1756 1731 injuria
1774 1669 1879 1717 tua
1907 1687 1961 1748 Β

1976 417 2162 491 aliqua
2189 418 2440 490 patimur.
2470 440 2492 470 ι
2518 419 2805 475 Psalmista
2830 419 2960 476 dicit
2992 437 3006 474 :
3046 420 3173 477 Vide
3202 420 3591 477 humilitatem

1976 507 2240 563 meamde
2256 508 2509 563 inimicis
2524 510 2665 564 mei:
2689 507 2977 579 (Psale).
3007 509 3073 563 Et
3103 508 3172 562 ad
3203 507 3587 564 Maximianum

1981 594 2299 666 episcopum
2324 595 2530 652 scribit:
2568 619 2590 644 α
2630 597 2984 667 Frequenter,
3017 596 3288 668 inquiens,
3341 612 3430 651 me
3484 596 3588 651 ad-

1980 682 2259 739 monuisse
2290 699 2388 739 vos
2417 684 2621 749 recolo,
2655 691 2712 739 ut
2741 685 2795 738 in
2812 683 3141 755 proferenda
3158 684 3428 740 sententia
3465 699 3590 740 esse

1981 770 2285 842 pracipites
2301 772 2607 827 nullatenus
2628 772 2918 828 deberetis.
2979 796 3000 821 n
3034 772 3105 827 Et
3133 773 3203 828 ad
3259 771 3590 829 Marcianum

1978 858 2127 923 dicit,
2163 859 2290 930 quia
2319 860 2496 914 nullus
2524 861 2642 915 sine
2672 860 2984 934 cOgnitione
3014 861 3357 917 damnandus
3410 868 3514 918 est.

2056 946 2376 1003 Continetur
2405 948 2567 1003 etiam
2595 949 2651 1003 in
2679 949 2899 1020 prafata
2925 950 3185 1021 petitione
3222 949 3291 1004 ab
3348 950 3589 1006 ecclesia

1981 1035 2329 1091 Laudunensi
2358 1036 2641 1108 exiguitati
2678 1053 2814 1093 mea
2869 1039 3071 1108 oblata,
3131 1046 3184 1094 te
3244 1038 3590 1110 prohibuisse

1980 1123 2114 1178 nulli
2141 1124 2598 1192 communionem,
2649 1141 2753 1182 nec
2799 1126 2962 1181 etiam
3029 1126 3254 1184 obeunti
3339 1126 3587 1182 ultimam

1980 1211 2374 1282 paenitentiam,
2398 1212 2486 1269 vel
2517 1213 2774 1270 viaticum
2814 1231 3010 1270 munus
3066 1215 3122 1270 in
3178 1215 3441 1286 parochia
3496 1223 3588 1270 tua

1981 1300 2162 1366 tribui,
2191 1300 2402 1356 nullum
2430 1300 2689 1357 infantem
2709 1302 2765 1357 in
2785 1304 2978 1358 eadem
2997 1304 3258 1375 parochia
3300 1303 3581 1375 baptizari,

1981 1387 2191 1444 nullum
2222 1397 2497 1445 mortuum
2529 1391 2771 1461 sepeliri,
2840 1390 2887 1445 si
2916 1390 3012 1446 tibi
3041 1391 3261 1447 licentia
3291 1392 3454 1448 eundi
3483 1393 3586 1449 Ro-

1980 1492 2127 1531 mam
2172 1477 2681 1548 prohiberetur,aut
2703 1487 2893 1551 captus
2924 1480 3211 1547 tenereris;
3230 1496 3405 1552 usque
3454 1481 3586 1536 dum

1981 1573 2038 1619 tu
2056 1565 2176 1635 ipse
2193 1566 2313 1623 viva
2333 1583 2469 1624 voce
2484 1584 2607 1623 cum
2628 1568 2709 1624 eis
2729 1568 3049 1641 loquereris,
3076 1577 3167 1624 aut
3193 1568 3384 1625 littera
3404 1584 3437 1623 a
3455 1569 3586 1626 sede

1982 1654 2283 1725 apostolica
2303 1656 2550 1712 ecclesia
2579 1657 2929 1713 Laudunensi
2964 1657 3323 1713 mitterentur.
3355 1657 3425 1712 Et
3442 1657 3589 1713 unde

281 1744 481 1801 inferre
511 1747 693 1802 denuo
722 1763 832 1803 non
878 1764 1203 1819 pmsumas,
1253 1750 1391 1804 Nam
1422 1750 1469 1805 si
1517 1750 1626 1806 tale
1673 1749 1880 1822 aliquid
1907 1742 1955 1748 _
1980 1742 2143 1809 nosti,
2176 1743 2367 1811 frater,
2401 1744 2447 1799 si
2477 1744 2563 1800 vel
2585 1761 2758 1817 usque
2788 1746 2844 1800 in
2881 1746 3176 1815 crastinum
3205 1746 3390 1803 vives?
3439 1762 3583 1802 sem-

280 1835 483 1907 δεδι-ξε,
519 1834 575 1889 in
602 1842 657 1890 te
686 1836 830 1892 scias
878 1844 1067 1907 postea
1122 1837 1536 1894 vindicandum,
1586 1840 1655 1894 Et
1699 1839 1879 1894 oblata
1976 1847 2075 1902 per
2103 1831 2330 1903 obligati
2362 1841 2525 1889 erunt
2553 1850 2692 1905 quos
2718 1834 3006 1891 decrevisti
3032 1834 3367 1908 ligari?Quo
3396 1844 3590 1892 contra

278 1923 411 1978 mihi
460 1923 650 1995 petitio
691 1925 1067 1980 Laudunensis
1114 1926 1363 1983 ecclesia
1408 1928 1549 1983 hanc
1586 1927 1877 1983 inauditam
1976 1919 2170 1976 beatus
2200 1922 2504 1994 Gregorius
2540 1922 2672 1979 dicit
2705 1940 2718 1976 ε
2751 1924 2956 1978 Durum
3000 1924 3200 1995 quippe
3251 1932 3354 1991 est,
3394 1933 3454 1979 ut
3495 1923 3588 1997 qui

277 2018 432 2066 antea
476 2013 1089 2069 excommunicationem
1136 2029 1301 2070 causa
1354 2014 1566 2084 injurias,
1610 2023 1715 2071 tua;
1758 2032 1789 2070 ε
1828 2023 1879 2070 te
1975 2009 2149 2065 nescit
2180 2016 2366 2065 tenere
2395 2010 2770 2067 moderamina
2798 2011 2920 2067 vita
2951 2028 3081 2079 sua,
3109 2012 3278 2081 judex
3308 2012 3432 2067 vita
3486 2011 3583 2067 ﬁat

278 2099 596 2172 priusquam
624 2100 744 2172 ipsa
773 2101 971 2171 injuria
999 2102 1096 2157 tibi
1125 2102 1461 2175 irregaretur
1502 2104 1878 2175 depromptam
1979 2096 2190 2153 aliena.
2230 2099 2298 2154 Et
2326 2098 2645 2171 plerumque
2661 2099 2927 2172 contingit
2945 2107 3002 2154 ut
3025 2101 3172 2156 hunc
3184 2099 3376 2169 judicii
3405 2099 3586 2156 locum

273 2186 447 2243 fuisse
491 2188 859 2245 demonstrat.
914 2190 1050 2260 Qua;
1083 2191 1250 2247 etiam
1300 2191 1576 2263 praterita
1628 2192 1880 2263 proxima
1977 2192 2175 2256 teneat,
2233 2187 2321 2243 cui
2344 2187 2415 2243 ad
2468 2187 2649 2244 locum
2704 2188 2817 2244 vita
2859 2187 3083 2245 minime
3142 2188 3439 2245 concordat
3473 2204 3486 2244 :
3519 2202 3587 2245 ac

280 2276 569 2332 Dominica
594 2277 683 2332 die
705 2293 762 2333 tv
795 2278 1048 2335 videlicet
1090 2279 1220 2335 Kal.
1257 2280 1444 2335 Junias
1477 2281 1762 2352 praesentis
1792 2296 1880 2337 se-
1978 2289 2126 2345 saepe
2155 2274 2405 2348 agiturut
2432 2276 2521 2331 vel
2551 2277 2771 2332 damnet
2799 2277 3123 2343 immeritos,
3156 2277 3247 2335 vel
3282 2276 3417 2333 alios
3464 2276 3584 2349 ipse

280 2364 801 2423 cundaindictionis
816 2366 1109 2423 missarum
1128 2368 1495 2426 celebratione
1513 2370 1879 2441 pratermissa
1975 2359 2179 2435 ligatus
2207 2363 2400 2420 Solvat.
2435 2364 2625 2436 Igitur,
2660 2363 2922 2437 quantum
2954 2381 3020 2422 ex
3049 2374 3103 2421 ιθ
3147 2373 3250 2434 θεῖν
3281 2366 3399 2422 haec
3455 2382 3586 2423 Cm-

280 2452 333 2508 in
362 2453 712 2511 Laudunensi
736 2456 1016 2526 parochia,
1048 2458 1185 2528 proh
1230 2457 1422 2513 dolorl
1482 2458 1684 2513 exstitit
1713 2475 1877 2514 exse-
1977 2450 2173 2507 delius
2204 2458 2293 2507 tua
2313 2467 2532 2508 omnem
2545 2453 2928 2511 crudelitatem
2960 2453 3205 2510 omnium
3223 2469 3582 2526 paganorum,

281 2548 424 2597 cuta.
477 2566 499 2591 η
534 2542 602 2598 Et
644 2543 774 2599 item
811 2552 1030 2601 sanctus
1061 2545 1361 2617 Gregorius
1390 2546 1447 2601 in
1492 2546 1714 2602 homilia
1757 2550 1827 2605 26
1860 2563 1873 2602 :

1977 2544 2030 2594 et
2057 2554 2248 2594 omnes
2275 2542 2691 2613 persecutiones
2721 2542 2965 2599 omnium
2987 2549 3426 2614 persecutorum,
3461 2560 3584 2616 qua

285 2630 603 2699 «Judicare,
623 2631 817 2704 inquit,
840 2633 1004 2706 digne
1034 2633 1103 2689 de
1132 2634 1363 2690 subditis
1390 2643 1688 2707 nequeunt,
1712 2635 1878 2708 quiin
1978 2626 2297 2683 Christianis
2326 2628 2490 2686 illata
2533 2629 2780 2697 fuerunt,
2843 2631 3128 2700 excedunt,
3192 2630 3409 2687 dicente
3464 2632 3583 2688 Do-

282 2718 622 2775 subditomm
649 2720 827 2777 causis
857 2737 956 2777 sua
983 2721 1073 2779 vel
1099 2723 1227 2778 odia
1252 2723 1341 2779 vel
1368 2723 1601 2795 gratiam
1631 2740 1876 2796 sequun-
1976 2713 2124 2770 mino
2151 2717 2369 2773 :Nolite
2396 2720 2597 2773 timere
2624 2734 2715 2775 eo:
2736 2720 2831 2791 qui
2841 2720 3174 2776 occiderunt
3199 2735 3418 2793 corpus,
3449 2722 3583 2777 ani-

283 2813 387 2862 tur.
422 2808 580 2865 Unde
606 2807 665 2863 ﬁt
693 2818 751 2864 ut
776 2810 896 2881 ipsa
944 2812 1050 2867 hac
1078 2810 1283 2884 ligandi
1329 2828 1392 2867 ac
1422 2812 1672 2868 solvendi
1715 2820 1876 2884 pote-
1976 2819 2133 2860 mam
2148 2808 2341 2860 autem
2358 2822 2475 2863 non
2499 2810 2739 2879 possunt
2766 2808 3018 2865 occidere
3053 2808 3584 2880 (Hatth.x).Tuau-

284 2903 421 2951 state
452 2912 512 2952 se
539 2896 737 2969 privet,
768 2899 859 2970 qui
889 2899 1029 2956 hanc
1078 2916 1179 2972 pro
1226 2900 1341 2956 suis
1384 2900 1770 2971 voluntatibus,
1825 2909 1879 2957 et
1976 2897 2106 2963 lem:
2147 2891 2333 2961 ίτείθτο
2358 2902 2616 2966 quantum
2646 2912 2711 2952 ex
2741 2902 2795 2951 ιθ
2825 2902 2926 2964 θεῖν
2977 2896 3213 2952 animam
3270 2905 3323 2953 θι
3381 2912 3583 2970 corpus

282 2999 389 3040 non
417 3000 518 3056 pro
549 2979 887 3042 subditorum
919 2988 1162 3044 moribus
1218 2997 1454 3046 exercet,
1516 2990 1674 3047 Unde
1729 2997 1877 3047 recte
1902 3041 1945 3056 Α
1975 2980 2145 3036 mittis
2174 2981 2228 3037 in
2250 2982 2561 3055 gehennam
2593 3002 2608 3052 ;
2640 2992 2693 3040 et
2713 3000 2825 3040 non
2846 2984 3023 3041 solum
3051 2985 3177 3041 illos
3207 3000 3399 3042 omnes
3428 2986 3582 3044 occi-

280 3088 378 3145 per
408 3041 732 3147 prophetam
757 3041 1458 3151 ἀίοίιυι-ξίιξιῷιῖρξαὺαηι
1489 3080 1718 3136 αηίηιαε
1753 3095 1877 3153 qua
1897 3041 1947 3108 α
1980 3068 2087 3137 dis,
2118 3041 2397 3142 quosvsine
2444 3072 2785 3145 baptismate,
2839 3081 2933 3130 aut
2984 3074 3101 3130 sine
3157 3074 3479 3146 panitentia
3532 3084 3587 3133 et

280 3179 394 3218 non
452 3166 800 3234 moriuntur,
835 3169 892 3222 et
917 3166 1279 3235 viviﬁcabant
1323 3169 1550 3224 animas
1608 3185 1731 3242 qua:
1758 3184 1875 3225 ηοη
1976 3159 2357 3216 communione
2386 3160 2456 3217 de
2484 3161 2589 3218 hoc
2619 3162 2822 3219 saculo
2843 3162 3002 3220 exire
3028 3162 3402 3234 pracipiendo
3422 3162 3577 3232 facis;

280 3252 481 3307 vivunt
504 3251 729 3323 (Ezech.
756 3254 904 3323 xm).
935 3254 1061 3309 Non
1087 3255 1415 3311 morientem
1446 3255 1647 3329 quippe
1685 3256 1875 3313 morti-

279 3337 423 3406 ﬁcat,
458 3339 549 3412 qui
558 3340 763 3409 justum
793 3341 1014 3397 damnat
1046 3362 1060 3410 ;
1121 3351 1174 3399 et
1226 3359 1337 3399 non
1375 3345 1649 3401 victurum
1702 3340 1875 3402 viviﬁ-

276 3441 403 3482 care
432 3427 641 3495 nititur,
677 3429 768 3502 qui
796 3447 954 3486 reum
983 3432 1247 3504 supplicio
1276 3432 1566 3489 absolvere
1624 3441 1870 3490 conatur.

282 3515 471 3572 Causa
497 3533 633 3590 ergo
663 3519 962 3589 pensanda
1008 3526 1152 3590 sunt,
1181 3528 1234 3576 et
1274 3528 1403 3578 tunc
1456 3521 1664 3595 ligandi
1709 3530 1875 3595 atque

280 3604 527 3660 solvendi
596 3613 842 3677 potestas
918 3609 1242 3666 exercenda.
1304 3630 1327 3661 ι
1412 3610 1511 3666 Cui
1580 3611 1877 3668 concordat

276 3700 521 3764 tempore
574 3694 747 3765 prior,
807 3697 905 3752 sed
952 3697 1075 3755 loco
1135 3698 1408 3770 posterior
1460 3707 1685 3756 sanctus
1761 3701 1875 3755 Άιι-

272 3782 525 3853 gustinus
553 3781 610 3837 in
629 3782 767 3840 libro
801 3785 870 3841 de
896 3786 1251 3860 Poenitentiaj:
1280 3808 1302 3838 ι
1334 3787 1540 3856 Noluit,
1598 3788 1869 3860 inquiens,

276 3869 557 3927 hominem
577 3872 648 3926 ab
667 3873 887 3929 homine
908 3874 1143 3943 judicari
1164 3892 1231 3931 ex
1261 3876 1486 3932 arbitrio
1522 3876 1869 3948 suspicionis,

271 3958 358 4014 vel
385 3960 552 4015 etiam
582 3962 1015 4020 extraordinario
1045 3972 1305 4036 usurpato
1321 3965 1549 4035 judicio,
1574 3967 1674 4022 sed
1688 3966 1869 4038 potius

270 4061 337 4102 ex
365 4047 492 4121 lege
516 4049 619 4105 Dei
649 4052 951 4107 secundum
980 4052 1231 4108 ordinem
1258 4053 1542 4121 Ecclesia,
1578 4054 1695 4111 sive
1724 4054 1869 4110 ultro

274 4137 607 4205 confessum,
639 4137 755 4195 sive
785 4148 1100 4197 accusatum
1128 4150 1291 4215 atque
1321 4142 1650 4199 convictum.
1713 4143 1872 4199 Unde

274 4239 372 4295 pro
392 4224 502 4280 tuis
534 4226 745 4297 injuriis
773 4245 885 4284 non
912 4230 1179 4286 debueras
1194 4231 1542 4303 presbyteros
1562 4247 1870 4288 excommu-

272 4311 460 4369 nicare
491 4314 562 4369 ab
610 4314 787 4372 oﬁicio
843 4317 1157 4374 celebrandi
1217 4327 1465 4376 sanctum
1498 4319 1865 4388 sacriﬁcium;

1976 3263 2169 3303 verum
2199 3256 2254 3304 et
2281 3264 2473 3305 omnes
2518 3250 2876 3322 presbyteros
2931 3266 3061 3307 reos
3116 3252 3310 3307 mortis
3364 3251 3583 3308 illorum

1976 3334 2165 3403 efﬁcis,
2206 3344 2366 3409 atque
2394 3336 2615 3393 illorum
2637 3338 2842 3407 judicio
2864 3337 2957 3411 qui
2992 3339 3106 3409 jam
3134 3338 3192 3393 in
3244 3337 3400 3395 calis
3458 3354 3584 3397 cum

1974 3424 2094 3480 Deo
2123 3432 2375 3498 regnant,
2400 3433 2453 3482 et
2474 3425 2528 3481 in
2560 3426 2724 3482 terris
2747 3426 3024 3483 miraculis
3063 3434 3372 3495 coruscant,
3406 3427 3582 3501 gradu

1973 3512 2215 3584 privatos
2237 3512 2442 3581 efﬁcis;
2478 3520 2532 3569 et
2560 3529 2663 3585 pro
2692 3514 2856 3570 tantis
2885 3530 2998 3571 non
3029 3514 3206 3571 solum
3235 3515 3293 3570 in
3348 3516 3579 3587 synodo,

1973 3615 2160 3657 verum
2190 3608 2245 3657 et
2269 3601 2324 3656 in
2354 3602 2539 3658 divino
2562 3602 2768 3673 judicio
2796 3602 3061 3660 rationem
3082 3604 3150 3660 de
3180 3603 3400 3661 illorum
3427 3620 3581 3662 mor-

1974 3688 2119 3746 tibus
2146 3689 2365 3746 reddes.
2399 3690 2541 3760 Quia
2570 3691 2713 3747 sicut
2744 3691 2968 3749 Paulum
3012 3691 3249 3765 legimus
3304 3700 3579 3750 tantorum

1973 3778 2225 3834 manibus
2246 3788 2489 3835 sanctum
2521 3780 2857 3852 Stephanum
2892 3780 3198 3852 lapidasse,
3236 3790 3472 3854 quantos
3504 3783 3575 3839 ad

1973 3866 2324 3939 lapidandum
2355 3875 2579 3925 exertos
2608 3868 2847 3924 reddidit
2877 3887 2892 3936 ;
2926 3870 2998 3924 ita
3029 3878 3082 3926 et
3109 3877 3169 3926 tu
3194 3877 3376 3927 tantos
3424 3872 3577 3929 occi-

1973 3954 2079 4022 dis,
2113 3965 2347 4028 quantos
2375 3965 2467 4012 tua
2495 3957 2834 4025 crudelitate,
2868 3965 2922 4013 et
2976 3958 3174 4029 injuste
3202 3968 3361 4031 atque
3389 3959 3578 4034 iniqua

1972 4046 2444 4103 commendatione
2474 4046 2593 4102 sine
2620 4045 2944 4118 baptismate
2975 4054 3137 4120 atque
3193 4048 3577 4107 communione

1971 4132 2041 4189 de
2070 4149 2303 4206 corpore
2332 4136 2482 4191 exire
2495 4134 2650 4192 facis.
2675 4134 2965 4204 Quomodo
2984 4137 3102 4204 tibi,
3124 4136 3313 4207 frater,
3335 4153 3368 4194 a
3393 4147 3578 4197 mente

1971 4223 2224 4290 excessit,
2253 4224 2400 4296 quod
2445 4223 2712 4280 Dominus
2768 4241 2872 4296 per
2922 4225 3245 4297 prophetam
3290 4227 3616 4302 unicuique'

1970 4317 2217 4366 nostrum
2251 4311 2383 4368 dicit
2417 4312 2877 4385 :Speculatorem
2908 4318 2962 4369 te
2990 4313 3121 4370 dedi
3159 4314 3350 4372 domui
3380 4317 3577 4374 Israel.

269 4416 389 4455 cum
414 4403 574 4472 juxta
594 4418 785 4461 sacros
800 4421 1042 4463 canones
1059 4405 1207 4463 solus
1225 4407 1407 4480 possis
1434 4408 1723 4481 episcopus
1746 4424 1870 4480 pre-
1887 4396 1942 4459 D
1976 4398 2036 4453 Si
2064 4415 2181 4455 non
2216 4400 2657 4455 annuntiavcri:
2706 4400 2901 4473 iniquo
2934 4400 3300 4473 iniquitatem
3327 4409 3581 4473 suam.“

271 4488 526 4560 sbyteros
552 4492 818 4561 ordinare,
852 4494 951 4550 sed
970 4510 1081 4550 non
1091 4494 1373 4552 confessos
1392 4512 1570 4569 neque
1591 4495 1869 4553 convictos

270 4576 340 4633 de
369 4578 601 4635 crimine
629 4581 779 4637 solus
809 4597 919 4638 non
949 4591 1146 4655 potest,
1175 4582 1280 4640 nisi
1310 4592 1369 4640 ut
1395 4585 1688 4641 venerandi
1724 4601 1868 4657 pra-

268 4663 446 4740 ﬁgunt
474 4683 734 4738 canones,
764 4670 833 4725 ab
861 4670 1040 4728 ofﬁcio
1060 4688 1366 4730 removere.
1410 4672 1627 4730 Minime
1687 4681 1869 4730 autem

268 4770 373 4825 pro
402 4764 496 4810 tua
525 4756 725 4826 injuria
754 4775 1085 4832 quemquam
1116 4762 1581 4833 presbyterorum,
1634 4771 1868 4835 quanto-

267 4843 452 4899 minus
480 4860 673 4902 omnes
700 4848 979 4919 parochia
995 4856 1100 4905 tua
1128 4851 1445 4907 sacerdotes
1467 4867 1578 4907 non
1598 4852 1868 4908 debueras

266 4931 448 4989 ofﬁcio
469 4935 829 5006 presbyterali
849 4937 1101 5008 privare?
1127 4962 1148 4987 n
1173 4954 1300 4995 cum
1319 4948 1540 4995 sanctus
1572 4940 1870 5014 Gregorius

263 5021 335 5076 ad
356 5021 721 5093 Euphemium
741 5025 989 5081 scribens
1028 5026 1192 5083 dicat:
1230 5046 1252 5079 α
1289 5027 1585 5085 Servorum
1628 5029 1732 5084 Dei
1760 5030 1868 5084 hu-

266 5109 476 5166 militas
505 5112 558 5166 in
588 5112 892 5170 alilictionis
935 5123 1180 5187 tempore
1238 5116 1401 5173 debet
1428 5132 1696 5189 apparere
1728 5135 1743 5185 ;
1778 5118 1871 5189 qui

263 5214 403 5255 vero
431 5215 492 5254 se
520 5210 706 5256 contra
734 5202 1059 5275 prapositos
1106 5218 1235 5260 suos
1290 5205 1562 5279 eriguent,
1621 5205 1869 5278 profecto

265 5286 593 5356 ostenditur,
626 5291 774 5363 quod
804 5307 928 5348 esse
988 5292 1137 5349 servi
1156 5292 1258 5350 Dei
1317 5302 1690 5351 contemnunt.
1745 5295 1871 5352 Non

261 5375 413 5430 enim
438 5376 649 5448 grande
670 5386 772 5447 est,
804 5379 890 5435 his
918 5394 1019 5438 nos
1049 5395 1172 5438 esse
1202 5382 1437 5439 humiles
1463 5398 1495 5438 a
1522 5382 1721 5456 quibus
1762 5384 1868 5441 ho-

262 5477 529 5523 noramur
561 5484 576 5535 ;
610 5468 760 5539 quod
787 5475 840 5525 et
867 5469 973 5528 hoc
1011 5469 1304 5529 saculares
1334 5471 1560 5546 quilibet
1615 5471 1820 5530 faciunt
1850 5490 1866 5529 :

1968 4500 2085 4542 non
2096 4503 2396 4545 conversus
2404 4489 2587 4559 fuerit
2595 4490 2809 4562 impius
2820 4490 2887 4546 ab
2897 4490 3193 4563 impietate
3202 4492 3453 4565 sua,ipse
3464 4494 3581 4567 qui.

1972 4576 2098 4631 dem
2127 4577 2189 4633 in
2198 4581 2431 4650 peccato
2452 4592 2552 4634 suo
2567 4579 2863 4649 morietur,
2878 4581 3215 4652 sanguinem
3237 4585 3433 4637 autem
3453 4584 3576 4655 ejus

1972 4670 2039 4727 de
2054 4688 2233 4728 manu
2255 4675 2357 4728 tua
2383 4674 2672 4746 requiram
2691 4675 2913 4745 (Ezech.
2935 4677 3168 4747 χχχιιι).
3199 4677 3265 4732 Et
3287 4676 3333 4731 si
3353 4676 3576 4733 illorum

1973 4759 2293 4832 sanguinem
2324 4761 2394 4817 de
2421 4777 2588 4819 manu
2618 4771 2711 4819 tua
2740 4764 2888 4821 Deus
2918 4763 3180 4837 requiret,
3240 4762 3437 4837 quibus
3465 4781 3576 4823 non

1973 4850 2308 4906 annuntiasti
2338 4867 2492 4907 suam
2522 4850 2879 4924 iniquitatem,
2910 4860 2969 4908 ut
3017 4852 3084 4907 ab
3138 4852 3419 4925 impietate
3475 4870 3577 4911 sua

1973 4946 2455 5008 converterentur;
2489 4940 2619 5013 quid
2636 4940 2805 5009 dices,
2837 4940 3020 5009 frater,
3052 4940 3206 4998 illiin
3215 4942 3421 5013 judicio
3451 4959 3572 5012 suo,

1974 5027 2068 5100 qui
2103 5026 2240 5085 sicut
2297 5028 2417 5099 ipse
2447 5027 2597 5096 dicit,
2629 5044 2739 5086 non
2767 5028 2915 5086 venit
2944 5029 3156 5087 animas
3186 5032 3443 5104 perdere,
3476 5032 3575 5088 sed

1975 5115 2191 5174 salvere
2218 5115 2247 5172 ‘P
2276 5116 2413 5172 Cum
2441 5116 2662 5174 venient
2689 5116 2797 5174 illa
2824 5117 3022 5176 anima
3068 5128 3193 5177 ante
3223 5120 3417 5187 Deum,
3480 5119 3574 5192 qui

1973 5212 2129 5259 natos
2158 5218 2288 5261 suos
2319 5205 2393 5269 ad
2418 5204 2672 5276 baptismi
2702 5205 2954 5279 gratiam,
2974 5214 3033 5263 ut
3062 5208 3131 5264 de
3159 5215 3426 5280 potestate
3446 5206 3571 5263 dia-

1974 5291 2086 5349 boli
2114 5291 2495 5361 liberarentur,
2530 5291 2764 5351 ﬁdeliter
2789 5302 3146 5367 portaverunt
3157 5304 3211 5353 et
3238 5294 3570 5365 obtulertmt,

1973 5379 2062 5438 vel
2088 5396 2191 5453 per
2209 5388 2475 5452 patronos
2504 5380 2570 5454 [γ’.
2604 5383 2872 5457 patrinos]
2900 5384 3209 5442 miserunt?
3237 5383 3348 5441 Sed
3378 5391 3433 5442 et
3460 5383 3572 5442 illa

1971 5483 2084 5526 non
2116 5469 2361 5529 minores
2407 5469 2701 5544 grandium
2756 5471 3010 5532 animula
3062 5470 3437 5548 parvulorum,
3476 5473 3572 5548 qui
