4054 6180
453 268 556 320 519

1421 262 1760 320 HINCMARI
1787 257 2186 316 RHEMENSIS
2213 257 2762 315 ARCHIEPISCOPI.

3645 259 3752 310 520

457 404 566 444 non
599 403 698 444 suo
729 388 828 445 sed
855 387 1033 444 alieno
1061 394 1286 459 peccato
1315 386 1566 443 obnoxiae
1611 385 1830 441 liberari
1849 392 2049 456 potue-
2079 383 2134 443 A
2160 382 2277 438 sine
2305 383 2640 438 dubitatione
2683 389 2970 449 testentur,
3001 396 3179 453 neque
3211 379 3312 450 ipsi
3343 387 3466 434 sunt
3495 395 3592 450 per
3618 387 3756 433 aeta-

451 485 596 544 runt,
655 477 760 532 nisi
787 485 876 531 tua
931 477 1249 532 crudelitate
1280 484 1333 531 et
1363 475 1549 530 furore
1575 491 1639 530 ac
1667 474 2056 550 indignatione

447 565 615 620 animi
645 565 1140 636 forentperditae,et
1154 565 1466 620 clamabunt
1481 564 1774 618 adversum
1807 572 1858 617 te
1905 564 1932 618 ‘P
1953 579 2054 634 pro

453 654 650 725 quibus
691 654 964 719 omnibus,
1021 654 1220 708 additis
1278 654 1442 708 etiam
1501 652 1606 706 tuis
1667 649 1921 722 peccatis,
1979 659 2056 706 tot

451 743 714 796 martibus
733 742 950 814 dignus,
983 751 1113 812 quot
1128 741 1374 797 occidisti
1415 739 1712 796 crudeliori
1731 739 1914 810 gladio
1947 747 2052 794 tuae

453 831 752 896 sententia,
783 846 948 902 quam
977 831 1240 885 materiali
1269 831 1542 886 machaera
1559 872 1572 885 .

523 919 678 974 Unde
700 918 895 992 dignas
911 918 1175 974 ultionum
1189 935 1376 990 poenas
1389 919 1508 973 sine
1555 918 1721 974 dubio
1771 917 1910 973 lues.
1945 918 2054 973 Cur

453 1023 562 1062 non
593 1015 644 1062 te
664 1007 876 1072 terruit,
903 1015 956 1063 et
989 1007 1058 1061 ab
1103 1007 1202 1062 hac
1237 1023 1496 1078 perversa
1541 1007 1804 1062 sententia
1860 1005 2051 1076 profe-

452 1096 626 1151 renda
655 1095 871 1150 Domini
901 1096 1192 1166 promissio
1221 1094 1570 1158 revocaverit,
1625 1111 1735 1166 qua
1761 1094 2053 1150 universali

451 1183 714 1240 Ecclesiae
743 1200 857 1238 suae
884 1200 984 1254 per
1029 1183 1223 1238 Isaiam
1267 1185 1586 1253 prophetam
1643 1183 1912 1254 pollicitus
1969 1190 2052 1238 est

453 1272 676 1328 dicens:
700 1273 776 1328 Ab
797 1274 1016 1328 oriente
1027 1271 1303 1326 adducam
1319 1288 1510 1326 semen
1541 1276 1706 1327 tuum
1727 1275 1783 1326 et
1811 1272 1878 1326 ab
1907 1272 2050 1326 occi-

451 1361 618 1417 dente
630 1360 966 1431 congregato
985 1363 1058 1413 te.
1079 1361 1124 1413 D
1137 1361 1284 1414 ieam
1303 1360 1588 1431 Aquiloni,
1613 1362 1727 1426 Da,-
1747 1363 1803 1414 et
1822 1363 2046 1427 Austro,

452 1450 578 1506 Noli
603 1448 892 1520 prohibere
907 1448 1286 1519 (lsa.xxxm).
1308 1448 1376 1502 Et
1408 1455 1462 1501 tu
1485 1448 1746 1518 prohibes
1789 1447 2050 1504 Ecclesiae

451 1536 522 1591 ab
549 1534 894 1590 immaculato
925 1535 1092 1590 divini
1121 1534 1285 1590 fontis
1305 1543 1461 1592 utero
1491 1538 1723 1592 Domino
1755 1535 1896 1591 filios
1951 1553 2048 1608 ge-

451 1639 670 1690 nerare,
703 1623 796 1694 qui
823 1639 932 1678 non
963 1623 1110 1678 venit
1137 1623 1348 1678 animas
1375 1624 1626 1694 perdere,
1661 1624 1758 1680 sed
1813 1623 2044 1680 salvere.

2155 479 2266 526 tem
2322 471 2390 526 de
2421 472 2638 526 traditis
2670 471 2773 526 sibi
2803 469 3157 526 sacramentis
3185 468 3366 523 idonei
3393 467 3750 537 respondere,

2157 560 2364 631 absque
2395 559 2506 616 ullo
2537 559 2794 630 scrupulo
2824 575 2918 614 eos
2949 574 3072 613 esse
3101 556 3454 628 baptizandos
3465 555 3755 626 praecepit,

2156 663 2224 702 ne
2253 648 2354 701 ista
2383 647 2675 718 trepidatio
2707 664 2802 702 eos
2834 646 2994 702 faciat
3024 653 3487 702 sacramentorum
3543 659 3757 714 purga-

2157 736 2302 790 tione
2332 735 2552 806 privari.
2587 737 2656 790 Et
2675 743 2892 790 sanctus
2923 735 3034 790 Leo
3063 734 3189 790 hinc
3219 733 3346 788 dicit
3385 751 3398 786 :
3435 755 3458 782 ¢
3495 731 3552 786 Si
3609 730 3760 785 nulla

2161 832 2372 879 exstant
2447 824 2646 880 indicia
2701 823 2840 879 inter
2893 823 3226 894 propinquos
3283 829 3376 876 aut
3431 819 3760 884 familiares,

2153 911 2301 966 nulla
2329 913 2472 968 inter
2501 912 2749 980 clericos,
2796 920 2886 966 aut
2915 910 3142 976 vicinos,
3191 909 3387 981 quibus
3417 909 3471 962 hi
3500 908 3568 962 de
3627 907 3758 979 qui-

2154 1009 2256 1064 bus
2284 1009 2529 1082 queritur
2575 1008 2823 1079 baptizati
2880 1008 3049 1063 fuisse
3105 1008 3420 1072 doceantur,
3477 1005 3758 1078 agendum

2151 1105 2234 1152 est
2265 1105 2322 1152 ut
2351 1105 2725 1164 renascantur,
2757 1113 2827 1151 ne
2859 1095 3142 1151 manifeste
3179 1103 3427 1166 pereant.
3461 1095 3520 1147 In
3552 1093 3759 1164 quibus

2152 1187 2296 1257 quod
2325 1203 2434 1242 non
2457 1186 2766 1241 ostenditur
2792 1193 3027 1256 gestum,
3062 1184 3199 1239 ratio
3247 1199 3356 1238 non
3405 1183 3511 1236 sint
3561 1189 3620 1235 ut
3673 1181 3760 1234 vi-

2152 1274 2347 1330 deatur
2375 1275 2661 1329 iteratum:
2691 1273 2780 1344 qui
2811 1281 2994 1328 autem
3023 1270 3578 1343 possuntmeminisse
3610 1269 3762 1340 quod

2151 1363 2222 1416 ad
2253 1363 2539 1418 ecclesiam
2577 1361 2864 1418 veniebant
2893 1377 3016 1417 cum
3037 1361 3355 1431 parentibus
3385 1359 3500 1414 suis
3524 1365 3764 1430 possunt

2152 1451 2428 1507 recordari
2459 1466 2528 1505 an
2561 1451 2704 1522 quod
2729 1465 2917 1505 eorum
2963 1449 3276 1520 parentibus
3307 1448 3532 1502 dabatur
3589 1463 3762 1502 acce-

2148 1539 2345 1610 perint.
2380 1539 2488 1595 Sed
2537 1539 2582 1592 si
2635 1541 2741 1594 hoc
2771 1538 2932 1593 etiam
2960 1538 3030 1592 ab
3059 1537 3178 1608 ipsa
3205 1535 3472 1591 memoria
3515 1535 3763 1589 alienum

2149 1635 2249 1693 est,
2284 1626 2676 1684 conferendum
2705 1627 2784 1682 eis
2827 1627 3060 1690 videtur,
3119 1625 3266 1697 quod
3323 1624 3580 1680 collatum
3629 1639 3760 1677 esse

451 1712 740 1781 Quomodo
757 1719 808 1766 te
836 1712 1091 1782 praeteriit
1123 1713 1268 1783 quod
1289 1712 1346 1766 in
1375 1713 1673 1783 Evangelia
1703 1713 1842 1784 legis
1865 1730 1878 1765 :
1907 1713 2050 1782 Oﬂ‘e-
2081 1733 2134 1794 Β
2153 1715 2422 1780 nescitur;
2455 1715 2580 1786 quia
2608 1731 2718 1770 non
2747 1715 3024 1770 temeritas
3051 1713 3344 1769 intervenit
3371 1711 3764 1783 presumptio—

461 1801 682 1867 rebant,
703 1800 896 1873 inquit,
933 1802 1024 1856 illi
1037 1802 1302 1872 parvulos
1323 1805 1388 1855 ut
1417 1805 1674 1871 tangeret
1700 1803 1850 1856 illos.
1877 1802 2054 1856 Disci-

448 1890 778 1962 puliautem
789 1891 1286 1946 comminabantur
1296 1891 1670 1961 a/ferre.Quos
1687 1907 1816 1946 cum
1843 1889 2056 1946 videret

451 1979 610 2034 Iesus
627 1979 857 2050 indigne
873 1979 1027 2043 tulit,
1043 1983 1098 2034 et
1112 1981 1198 2034 ait
1212 1980 1354 2036 illis:
1373 1981 1553 2036 Sinite
1562 1981 1828 2052 parvulos
1841 1981 2048 2034 venire.

452 2067 526 2122 ad
553 2083 664 2133 me,
683 2071 740 2122 et
769 2084 841 2122 ne
853 2067 1256 2139 prohibueritis
1287 2083 1378 2124 eos
1406 2069 1627 2139 (Matth.
1649 2083 1772 2132 xxx;
1793 2067 2049 2138 Marc.x).

449 2155 518 2211 Et
547 2164 602 2210 tu
633 2156 892 2227 prohibes
921 2155 1110 2212 oﬂ'erri
1139 2156 1371 2211 Domino
1401 2157 1690 2228 parvulos?
1719 2158 1788 2212 Et
1831 2157 1878 2210 si
1935 2164 2053 2212 tre-

448 2244 708 2300 mendum
737 2245 838 2300 Dei
859 2245 1128 2312 judicium
1171 2253 1224 2300 te
1267 2261 1377 2299 non
1426 2245 1631 2311 terruit,
1680 2253 1736 2299 et
1794 2261 1824 2298 a
1871 2245 2055 2303 furore

451 2331 616 2388 animi
645 2333 720 2386 tui
749 2339 807 2386 ut
863 2333 989 2386 talia
1033 2332 1366 2403 praeciperes
1413 2349 1678 2388 revocare
1721 2349 1830 2388 non
1859 2333 2050 2404 potuit,

450 2421 575 2492 quia
605 2435 882 2492 nunquam
911 2428 964 2475 et
984 2436 1254 2492 nusquam
1283 2429 1572 2492 postquam
1601 2438 1820 2478 sacrum
1865 2423 2048 2478 Nicat-

449 2524 580 2564 num
609 2508 902 2564 concilium
957 2517 1041 2563 est
1095 2508 1448 2578 celebratum,
1511 2510 1612 2565 tale
1668 2511 1797 2582 quid
1851 2511 2053 2567 factum

449 2595 618 2652 fuisse
644 2597 862 2664 audisti,
899 2597 1036 2652 sicut
1061 2596 1178 2652 fieri
1208 2598 1518 2669 praecepisti
1551 2616 1566 2652 :
1599 2599 1794 2654 timere
1845 2599 2050 2654 debue-

449 2701 538 2742 ras
567 2702 638 2740 ne
651 2685 800 2742 solus
827 2686 934 2741 hoc
961 2701 1158 2758 ageres
1205 2687 1350 2758 quod
1393 2687 1572 2742 nullus
1621 2687 2053 2743 Christianorum

449 2791 688 2846 unquam
719 2773 898 2830 facere
927 2790 1095 2830 ausus
1121 2775 1236 2830 fuit.
1267 2776 1410 2830 Nam
1438 2776 1508 2832 de
1537 2775 1834 2832 infantibus
1871 2776 2052 2846 bapti-

449 2863 636 2918 zandis
693 2864 786 2933 qui
827 2863 1062 2918 necdum
1119 2863 1386 2933 baptizare
1445 2873 1762 2934 noscuntur,
1841 2866 2052 2936 quoties

449 2951 752 3006 necessitas
781 2951 1045 3022 exegerit,
1073 2951 1264 3021 regula
1293 2951 1662 3008 ecclesiastica
1691 2969 1788 3024 per
1835 2953 2053 3008 beatum

452 3038 706 3094 Siricium
735 3039 946 3109 prolata
974 3039 1326 3104 demonstrat,
1385 3040 1574 3095 dicens
1603 3040 1678 3096 ita
1703 3057 1716 3096 :
1753 3041 2050 3096 Infantibus

450 3126 542 3202 qui
589 3127 826 3182 necdum
865 3126 1013 3198 loqui
1067 3135 1354 3198 potuerunt
1399 3144 1496 3199 per
1565 3137 1800 3198 aetatem,
1853 3138 1910 3184 ut
1963 3130 2050 3184 his

450 3215 645 3286 quibus
675 3215 732 3268 in
760 3214 996 3286 qualibet
1023 3215 1348 3272 necessitate
1377 3232 1515 3288 opus
1532 3217 1691 3272 fuerit
1719 3218 1860 3274 sacri
1907 3218 2050 3274 unda

445 3303 804 3375 baptismatis,
838 3304 988 3360 omni
1045 3304 1296 3360 volumus
1359 3305 1636 3362 celeritate
1685 3307 1947 3374 succurri,
1979 3323 2050 3362 ne

447 3393 519 3448 ad
549 3401 860 3448 nostrarum
875 3391 1178 3466 perniciem
1199 3394 1384 3449 tendat
1413 3394 1732 3466 animarum,
1776 3397 1822 3452 si
1851 3405 2050 3468 negato

447 3481 888 3536 desiderantibus
915 3481 1063 3538 fonte
1092 3482 1335 3550 salutari,
1371 3483 1560 3539 exiens
1575 3485 1948 3556 unusquisque
1979 3485 2050 3540 de

447 3571 646 3626 saeculo
677 3579 731 3626 et
751 3564 984 3644 regnum
1011 3573 1206 3643 perdat
1234 3579 1288 3626 et
1316 3572 1502 3628 vitam.
1525 3572 1849 3644 Quicunque
1881 3574 2050 3630 etiam

444 3658 736 3716 discrimen
767 3659 1058 3732 naufragii,
1079 3659 1388 3716 hostilitatis
1409 3661 1712 3729 incursum,
1746 3661 2048 3718 obsidionis

445 3748 784 3822 ambiguum,
844 3748 930 3803 vel
977 3749 1262 3817 cujuslibet
1310 3749 1612 3818 corporalis
1665 3751 2049 3820 aegritudinem

444 3835 839 3907 desperationis
865 3835 1170 3900 inciderint,
1229 3843 1282 3890 et
1343 3836 1447 3890 sibi
1497 3837 1656 3892 unico
1713 3838 2048 3894 credulitatis

445 3923 645 3980 auxilio
675 3923 1026 3994 poposcerint
1055 3923 1354 3988 subveniri,
1395 3924 1590 3978 eodem
1649 3941 1758 3996 quo
1813 3933 2052 3996 poscunt

441 4017 720 4066 momento
751 4011 1013 4080 temporis
1035 4009 1284 4080 expetitae
1329 4013 1762 4084 regenerationis
1819 4016 2050 4085 praemia

445 4105 870 4170 consequantur.
905 4099 1174 4154 Hactenus
1205 4107 1440 4154 erratum
1483 4101 1536 4156 in
1559 4101 1661 4158 hac
1679 4111 1836 4172 parte
1895 4102 2048 4158 sutii-

447 4186 553 4242 ciat
579 4204 592 4240 :
648 4203 794 4242 nunc
823 4185 1106 4258 praefatam
1138 4187 1386 4261 regulam
1407 4204 1599 4244 omnes
1618 4197 1834 4246 teneant
1860 4206 2049 4263 sacer-_-

445 4274 602 4332 dotes
621 4276 714 4348 qui
741 4275 930 4330 nolunt
962 4276 1030 4332 ab
1073 4277 1387 4350 apostolicae
1435 4287 1603 4349 petrae
1657 4295 1825 4350 super
1883 4297 2050 4352 quam

443 4365 690 4420 Christus
719 4365 1086 4422 universalem
1109 4367 1406 4424 construxit
1451 4368 1776 4439 Ecclesiam,
1851 4369 2045 4425 solidi-

2071 3089 2122 3154 Ο

2155 1805 2260 1872 nis,
2293 1803 2386 1858 ubi
2415 1811 2498 1860 est
2527 1804 2812 1876 diligentia
2843 1803 3080 1874 pietatis.
3127 1823 3149 1852 ι
3197 1803 3265 1856 Et
3311 1809 3530 1856 sanctus
3585 1799 3762 1854 Gela-

2155 1893 2304 1948 sius:
2344 1915 2364 1940 α
2399 1892 2714 1962 Baptizandi
2758 1892 2862 1946 sibi
2919 1891 3188 1962 quispiam
3257 1889 3464 1960 passim
3532 1904 3762 1960 quoque

2155 1989 2400 2052 tempore
2454 1980 2662 2034 nullam
2715 1980 2939 2035 credant
2991 1980 3174 2034 inesse
3231 1975 3482 2033 ﬁduciam
3553 1985 3762 2048 prater

2153 2069 2414 2140 paschale
2429 2068 2625 2124 festum
2642 2075 2693 2124 et
2719 2075 3064 2138 pentecostes
3081 2066 3393 2122 venerabile
3427 2081 3760 2120 sacramen-

2153 2167 2290 2224 tum,
2323 2165 2547 2228 excepto
2581 2157 2855 2228 duntaxat
2883 2155 3042 2228 gravi
3071 2154 3356 2228 languoris
3399 2153 3641 2222 incursu,
3701 2153 3764 2206 in

2155 2262 2262 2316 quo
2291 2246 2594 2302 verendum
2623 2251 2706 2301 est
2733 2261 2822 2312 ne,
2845 2243 3026 2298 morbi
3040 2251 3323 2299 crescente
3338 2241 3602 2312 periculo,
3633 2241 3762 2296 sine

2153 2335 2397 2390 remedio
2420 2333 2642 2389 salutari
2671 2331 2922 2388 fortassis
2952 2340 3228 2404 aegrotans
3259 2331 3421 2386 exitio
3439 2337 3762 2401 praeventus

2154 2423 2430 2478 abscedat.
2461 2423 2529 2476 Et
2558 2421 2777 2477 diaconi
2805 2421 3012 2492 absque
3035 2421 3292 2491 episcOpo
3329 2427 3382 2474 et
3427 2418 3762 2490 presbytero

2152 2510 2426 2582 baptizare
2449 2526 2560 2565 non
2589 2509 2845 2578 audeant,
2879 2509 2934 2564 ni
2963 2507 3238 2579 praedictis
3267 2505 3512 2563 fortassis
3557 2505 3760 2561 officiis

2151 2599 2368 2672 longius
2415 2599 2721 2654 constitutis
2759 2597 3060 2654 necessitas
3115 2605 3358 2652 extrema
3417 2594 3756 2665 compellat;

2154 2687 2300 2758 quod
2315 2695 2368 2742 et
2397 2687 2554 2742 laicis
2583 2686 2904 2741 Christianis
2935 2685 3116 2740 facere
3149 2685 3468 2755 plerumque
3496 2683 3758 2740 concedi-

2153 2783 2255 2830 tur.
2294 2797 2316 2825 ι
2349 2777 2417 2832 Et
2467 2783 2684 2831 sanctus
2735 2774 3036 2848 Gregorius
3085 2773 3330 2829 scribens
3367 2771 3440 2827 ad
3480 2772 3758 2827 Joannem

2151 2865 2472 2920 Larissaeum
2488 2864 2824 2935 episcopum,
2868 2861 2996 2918 dicit
3023 2880 3036 2916 :
3065 2883 3088 2912 ι
3115 2861 3446 2930 Secundum,
3465 2859 3754 2932 inquiens,

2153 2954 2220 3008 de
2244 2951 2618 3010 criminalibus
2649 2951 2948 3022 capitulum
2975 2951 3242 3006 adversus
3270 2950 3568 3006 Adrianum
3624 2949 3762 3019 epi-

2153 3057 2382 3113 scopum
2411 3041 2626 3098 videtur
2656 3055 2779 3096 esse
2801 3038 3144 3111 propositum
3173 3039 3244 3094 de
3279 3037 3578 3094 infantibus
3632 3039 3762 3106 ejus

2143 3132 2300 3200 jussu
2355 3146 2388 3185 a
2441 3129 2586 3185 sacri
2631 3129 2970 3200 baptismatis
2998 3127 3344 3198 susceptione
3418 3125 3756 3198 prohibitis;

2149 3227 2312 3290 atque
2341 3217 2398 3272 in
2423 3217 2693 3274 inablutos
2725 3217 2888 3273 sorde
2917 3215 3132 3286 peccati
3161 3214 3450 3271 defunctos
3511 3214 3566 3268 in
3593 3222 3760 3268 tene-

2149 3307 2284 3362 bris.
2322 3327 2344 3356 ι
2381 3305 2534 3374 Vide,
2567 3305 2752 3374 frater,
2790 3305 2916 3376 quia
2947 3321 3070 3358 esse
3099 3305 3204 3359 hoc
3259 3302 3540 3360 criminale
3593 3302 3762 3372 capi-

2147 3396 2320 3450 tulum
2362 3403 2584 3451 sanctus
2627 3393 2964 3450 demonstrat
3027 3392 3349 3464 Gregorius.
3411 3391 3518 3446 Sed
3573 3397 3628 3445 et
3687 3390 3764 3445 de

2147 3484 2334 3539 ultima
2363 3483 2698 3554 paenitentia,
2732 3491 2784 3538 et
2832 3481 3034 3538 viatico
3083 3497 3312 3560 munere
3361 3479 3494 3534 nulli
3545 3495 3762 3550 negare

2149 3573 2350 3628 debere
2380 3572 2526 3626 illius
2561 3571 2834 3628 sententia
2896 3568 3148 3625 sufﬁcere
3195 3569 3292 3624 tibi
3345 3569 3608 3624 debuerat
3666 3567 3768 3638 qui

2147 3661 2310 3717 dicit:
2353 3661 2512 3718 Venit
2537 3663 2692 3730 ﬁlius
2725 3661 2973 3716 hominis
3005 3675 3253 3732 quaerere
3281 3662 3336 3713 et
3355 3659 3576 3712 salvere
3607 3655 3762 3728 quod

2143 3753 2395 3822 perierat
2425 3751 2579 3820 (Luc.
2619 3751 2744 3818 xxx)
2779 3767 2792 3802 :
2825 3756 2880 3804 et
2933 3748 3060 3804 licet
3101 3745 3478 3802 misericordia
3533 3743 3762 3798 Domini

2149 3855 2252 3910 qua
2279 3838 2438 3910 plena
2467 3845 2550 3892 est
2582 3845 2728 3892 terra
2757 3837 2863 3892 illis
2912 3837 3004 3908 qui
3061 3837 3306 3892 ultimam
3357 3833 3758 3905 paenitentiam,

2149 3935 2202 3982 et
2250 3926 2500 3982 viaticum
2531 3942 2731 3982 munus
2773 3925 2877 3980 sibi
2903 3925 3022 3980 dari
3053 3925 3372 3996 deposcunt,
3408 3923 3455 3976 si
3481 3922 3562 3977 eis
3591 3919 3764 3976 fuerit

2149 4013 2516 4086 denegatum,
2551 4013 2844 4070 subvenire
2863 4013 3036 4084 possit
3066 4014 3158 4085 qui
3203 4012 3366 4068 corde
3413 4009 3640 4068 credunt
3687 4008 3766 4064 ad

2143 4102 2433 4172 justitiam,
2469 4119 2565 4158 ore
2596 4109 2778 4157 autem
2809 4101 3130 4158 confitentur
3159 4101 3226 4156 ad
3273 4099 3523 4164 salutem,
3580 4105 3766 4152 trans-

2149 4193 2240 4247 ﬁxi
2298 4192 2488 4248 dolore
2537 4191 2742 4258 cordis,
2794 4199 2846 4246 et
2917 4191 3184 4262 baptizata
3249 4187 3582 4245 conscientia
3637 4185 3765 4240 suis

2148 4280 2406 4354 lacrymis
2437 4281 2668 4354 gratiam
2725 4279 2823 4334 Dei
2891 4276 3515 4350 incomprehensibiliter
3565 4274 3764 4345 perci-

2154 4370 2324 4440 piant,
2361 4369 2506 4441 quod
2535 4370 2616 4424 eis
2633 4369 2907 4440 denegare
2930 4367 3157 4437 jussisti,
3175 4367 3312 4422 sicut
3339 4366 3394 4419 in
3424 4365 3516 4418 illo
3541 4363 3764 4418 latrone

439 4461 550 4516 tate
581 4453 784 4510 divelli.
823 4455 892 4510 Et
943 4455 1134 4511 beatus
1163 4457 1272 4512 Leo
1302 4456 1430 4512 dicit
1463 4474 1476 4510 :
1541 4480 1562 4504 «
1613 4457 1932 4530 Principalis
1991 4446 2116 4513 etD
2149 4459 2314 4531 quod,
2347 4465 2404 4512 ut
2443 4457 2637 4512 beatus
2659 4457 2996 4528 Augustinus
3017 4456 3166 4522 dicit,
3187 4471 3254 4510 ex
3279 4451 3536 4524 baptismi
3565 4466 3768 4505 sacra-

441 4543 664 4598 maximi
689 4544 1016 4600 sacramenti
1057 4545 1412 4600 custodienda
1459 4546 1619 4600 nobis
1675 4555 1756 4602 est
1817 4548 2045 4620 mystica

442 4641 496 4688 et
525 4631 863 4688 rationabilis
893 4633 1221 4704 exemplatio
1249 4649 1358 4688 non
1387 4633 1590 4691 indicta
1637 4635 1878 4704 licentia,
1935 4653 2046 4709 qua

440 4720 496 4774 in
529 4721 799 4791 baptismo
851 4721 1138 4777 tribuenda
1187 4721 1616 4792 periclitantibus
1667 4725 2040 4781 subvenitur:

439 4808 512 4862 ita
542 4809 686 4862 enim
715 4809 772 4864 in
801 4811 898 4864 has
939 4811 1076 4866 duas
1107 4809 1444 4876 festivitates,
1477 4812 1685 4868 Pascha
1712 4813 1940 4880 scilicet,
1992 4822 2046 4868 et

439 4897 817 4962 Pentecosten,
849 4913 1131 4954 connexas
1143 4899 1360 4955 sibimet
1387 4909 1550 4972 atque
1579 4909 1843 4974 cognatas
1895 4901 2046 4957 inco-

439 4983 666 5038 lumium
695 4993 750 5040 et
777 4985 832 5040 in
860 4987 1008 5056 pacis
1039 4988 1332 5044 securitate
1364 4989 1682 5062 degentium
1715 4990 1886 5046 libera
1917 4998 2044 5046 vota

441 5071 764 5140 differimus,
789 5081 846 5128 ut
873 5075 926 5128 in
957 5077 1146 5132 mortis
1173 5077 1438 5148 periculo,
1469 5079 1524 5132 in
1563 5079 1866 5134 obsidionis
1923 5079 2044 5134 dis—

441 5161 689 5232 crimine,
723 5163 780 5217 in
805 5165 1203 5234 persecutionis
1253 5167 1539 5239 angustiis,
1574 5167 1628 5222 in
1663 5167 1858 5224 timore
1913 5183 2046 5223 nau-

439 5249 618 5324 fragii,
645 5251 796 5306 nullo
851 5259 1098 5324 tempore
1155 5255 1259 5310 hoc
1314 5271 1458 5310 veras
1517 5255 1710 5312 salutis
1768 5256 2046 5328 singulare

439 5340 754 5409 prasidium
794 5341 1048 5414 cuiquam
1104 5343 1460 5414 denegemus.
1517 5365 1538 5394 ι
1603 5347 1672 5400 Et
1728 5345 2044 5402 Africanum

441 5427 732 5484 concilium
753 5430 918 5485 etiam
944 5431 1024 5486 eis
1051 5430 1347 5486 infantibus
1389 5433 1458 5488 de
1490 5433 1685 5506 quibus
1725 5449 1834 5489 non
1891 5435 2046 5490 inve-

441 5515 666 5572 niuntur
719 5519 1004 5575 certissimi
1060 5528 1224 5577 testes
1271 5521 1364 5592 qui
1411 5537 1508 5578 eos
1565 5521 1870 5594 baptizatos
1925 5540 2050 5580 esse

2145 4555 2326 4604 mento
2355 4545 2622 4612 defuerat,
2687 4544 2978 4616 complevit
3007 4544 3349 4615 omnipotens
3407 4539 3726 4613 benignitas
3755 4559 3774 4604 ;

2146 4636 2392 4708 quianon
2431 4633 2707 4705 superbia,
2731 4632 2820 4688 vel
2839 4639 3169 4703 contemptu,
3202 4631 3302 4686 sed
3330 4647 3396 4686 ex
3429 4625 3778 4684 necessitate

2144 4724 2221 4780 illi
2251 4721 2528 4778 defuerat:
2565 4731 2748 4778 tamen
2784 4719 3228 4778 manifestissime
3257 4727 3312 4772 tu
3349 4734 3472 4774 reus
3501 4715 3611 4770 eris
3641 4715 3748 4770 illa

2147 4829 2270 4867 rum
2304 4809 2550 4868 omnium
2584 4813 2907 4880 animarum,
2942 4809 2988 4864 si
3021 4817 3106 4864 tua
3135 4805 3496 4878 praeceptione
3509 4801 3625 4858 sine
3640 4817 3780 4872 pae-

2145 4900 2370 4956 nitentia
2400 4909 2455 4955 et
2489 4901 2684 4956 viatico
2707 4915 2934 4954 munere
2963 4897 3130 4952 rebus
3165 4895 3417 4950 humanis
3473 4892 3774 4948 excedant.

2221 4991 2302 5045 De
2329 4987 2524 5044 viatico
2567 5004 2792 5044 munere
2842 4994 3044 5043 sanctae
3093 4983 3490 5040 communionis
3541 4995 3778 5036 sacrum

2144 5078 2424 5134 Nicasnum
2457 5075 2746 5132 concilium
2767 5074 2932 5131 dicit:
2972 5096 2994 5124 α
3052 5069 3188 5141 Quia
3223 5069 3547 5144 generaliter
3597 5069 3766 5126 omni

2147 5167 2369 5222 cuilibet
2392 5165 2448 5220 in
2478 5163 2622 5220 exitu
2637 5163 2834 5236 posito,
2869 5171 2921 5218 et
2933 5159 3179 5233 poscenti
3207 5157 3311 5214 sibi
3353 5155 3770 5214 communionis

2151 5255 2386 5326 gratiam
2419 5253 2600 5320 tribui,
2635 5251 2926 5324 episcopus
2965 5247 3321 5322 probabiliter
3359 5263 3426 5302 ex
3479 5241 3770 5301 oblatione

2149 5343 2283 5399 dare
2312 5342 2554 5398 debebit.
2593 5363 2615 5392 ι
2651 5343 2732 5398 De
2761 5357 2867 5412 qua
2913 5347 3102 5396 sancta
3157 5345 3210 5393 et
3255 5336 3482 5407 mystica
3537 5331 3767 5404 synodo

2145 5431 2337 5487 beatus
2365 5433 2475 5486 Leo
2503 5445 2648 5502 papa
2678 5430 2750 5485 ad
2777 5427 3083 5484 Anatolium
3112 5425 3427 5497 episcopum
3477 5421 3766 5476 Constan-

2149 5519 2562 5592 tinopolitanum
2579 5517 2771 5575 scribit
2799 5517 3020 5574 dicens:
3051 5538 3074 5568 ι
3110 5511 3268 5583 Quod
3295 5511 3386 5570 illa
3405 5509 3772 5569 Nicaenorum
