4020 6182
198 272 293 325 521

912 270 1159 330 OPUSC.
1223 271 1312 328 ET
1366 270 1582 330 EPIST.
1642 266 1716 328 IN
1761 268 1989 330 CAUSA
2043 274 2385 336 HINCMARI
2438 276 2751 340 LAUDUN.

3390 290 3495 348 523

194 407 476 450 canonum
505 409 607 468 per
635 402 881 453 sanctum
909 413 1041 455 vere
1088 398 1350 471 Spiritum
1378 400 1632 459 ordinata
1659 417 1796 461 con-
1818 398 1870 461 A
1900 402 2271 462 interdicenda
2301 415 2401 476 est,
2434 423 2538 465 nec
2566 408 2933 466 reconciliatio
2974 410 3336 486 deneganda;
3373 414 3502 485 quia

198 491 328 548 ditio
359 492 419 548 in
451 493 599 549 nulla
633 495 704 550 sit
756 503 907 567 parte
961 496 1228 553 solubilis.
1289 495 1449 555 Nulla
1496 500 1712 559 sibimet
1739 505 1809 561 de

196 579 655 652 multiplicatione
733 586 1177 657 congregationis
1251 588 1532 660 synodalia
1581 591 1811 647 concilia

197 669 580 739 blandiantur,
605 687 783 745 neque
805 675 1061 730 trecentis
1090 674 1196 730 illis
1240 676 1433 732 decem
1462 685 1513 732 et
1533 686 1657 735 octo
1689 679 1809 752 epi-

192 757 375 830 scopis
422 760 825 832 quantumlibet
851 763 1127 834 copiosior
1180 780 1436 821 numerus
1466 767 1811 825 sacerdotum

196 847 281 903 vel
307 862 647 920 comparare
666 867 725 906 se
743 851 938 906 audeat
954 851 1041 909 vel
1056 851 1336 925 praeferre,
1363 870 1488 911 cum
1505 862 1654 912 tanto
1674 856 1811 912 divi-

197 935 341 992 nitus
370 937 676 1010 privilegio
707 939 779 995 sit
805 948 1145 1012 consecrata,
1163 948 1222 997 ut
1247 942 1362 998 sive
1380 959 1482 1015 per
1500 945 1806 1015 pauciores,

198 1024 311 1080 sive
358 1042 471 1098 per
525 1027 714 1098 plures
762 1028 1127 1088 ecclesiastica
1177 1030 1381 1100 judicia
1432 1032 1808 1102 celebrentur,

193 1115 339 1170 omni
399 1114 625 1187 penitus
680 1116 1002 1173 auctoritate
1061 1119 1128 1174 sit
1171 1134 1402 1176 vacuum
1447 1120 1711 1193 quidquid
1740 1120 1808 1177 ab

193 1203 416 1259 illorum
478 1203 643 1261 fuerit
685 1205 1065 1263 constitutione
1110 1206 1406 1264 diversum.
1445 1232 1467 1257 π
1489 1209 1560 1265 Et
1589 1216 1810 1265 sanctus

195 1291 430 1349 Siricius
472 1294 635 1349 etiam
673 1294 742 1350 de
777 1295 1070 1366 apostatis,
1107 1302 1159 1351 et
1206 1295 1478 1353 idolorum
1521 1297 1700 1367 cultu,
1744 1312 1812 1354 ac

192 1381 604 1439 sacriﬁciorum
645 1383 1103 1441 contaminatione
1131 1385 1434 1457 profanatis
1464 1386 1721 1456 decrevit,
1754 1393 1812 1442 ut

193 1469 247 1525 in
274 1469 484 1527 ultimo
511 1469 619 1527 ﬁne
647 1487 747 1528 suo
776 1473 1234 1529 reconciliationis
1263 1474 1437 1546 gratia
1468 1474 1549 1530 eis
1569 1489 1680 1531 non
1708 1474 1811 1530 de-

193 1566 436 1631 negatur
474 1576 492 1613 :
533 1559 677 1633 quia,
729 1560 942 1617 dicente
995 1562 1249 1633 Domino,
1298 1563 1551 1619 nolumus
1579 1571 1811 1620 mortem

194 1647 539 1719 peccatoris,
593 1655 798 1704 tantum
823 1656 881 1704 ut
910 1658 1258 1707 convertatur
1277 1658 1331 1708 et
1382 1651 1548 1709 vivat.
1582 1652 1650 1708 Et
1678 1666 1812 1709 san-

1906 493 2296 552 misericordiae
2337 496 2438 552 Dei
2467 513 2569 553 nec
2619 513 2907 554 mensuras
2939 513 3232 571 possumus
3274 517 3499 573 ponere,

1908 597 2009 638 nec
2039 590 2283 655 tempora
2308 583 2557 653 difﬁnire,
2585 587 2727 658 apud
2758 603 2919 660 quem
2966 588 3144 645 nullas
3172 588 3374 661 patitur
3401 606 3501 648 ve-

1906 669 2011 725 niae
2041 688 2226 729 moras
2260 689 2386 731 vera
2414 675 2706 743 confessio,
2776 676 2992 733 dicente
3017 678 3118 734 Dei
3150 678 3355 751 Spiritu
3406 696 3508 751 per
3574 688 3588 707 '

1907 755 2225 827 prOphetam
2258 775 2272 812 :
2299 758 2435 814 Cum
2461 775 2757 816 conversus
2788 762 3133 833 ingemueris
3154 766 3292 819 tunc
3313 764 3505 820 salvus

1910 846 2020 900 eris
2050 844 2250 916 (ibid.).
2272 870 2294 893 »ι
2316 846 2523 901 Etalibi
2548 865 2562 902 :
2594 849 2695 904 Dic
2735 852 2800 905 tu
2818 849 3152 923 iniquitates
3178 855 3304 908 tuas
3321 852 3497 925 prior,

1909 935 1976 988 ut
1996 934 2332 1004 justiﬁceris
2360 934 2540 1005 (Prov.
2561 936 2746 1008 xvm).
2769 936 2903 994 Item
2938 954 2951 994 :
2988 939 3128 1007 Quia
3146 940 3297 1013 apud
3324 941 3509 998 Domi-

1908 1036 2049 1076 num
2079 1022 2472 1079 misericordia
2503 1028 2606 1090 est,
2640 1030 2698 1081 et
2724 1027 2943 1098 copiosa
2958 1027 3109 1099 apud
3138 1045 3267 1084 eum
3288 1028 3504 1085 redem-

1907 1109 2026 1181 ptio
2061 1108 2238 1182 (Psal.
2295 1110 2482 1183 xxix).
2515 1112 2577 1167 In
2632 1113 3013 1184 dispensandis
3042 1115 3226 1189 itaque
3253 1116 3353 1172 Dei
3402 1115 3508 1173 do-

1910 1194 1996 1251 nis
2056 1213 2168 1254 non
2208 1197 2473 1256 debemus
2501 1216 2623 1256 esse
2681 1200 2947 1273 diﬁiciles,
2980 1219 3084 1261 nec
3137 1205 3505 1262 accusantium

1911 1300 1971 1340 se
1999 1285 2237 1358 gemitus
2265 1287 2647 1361 lacrymasque
2674 1290 2975 1363 negligere,
3016 1308 3140 1349 cum
3176 1294 3351 1366 ipsam
3382 1310 3504 1367 pm—

1910 1374 2117 1430 nitendi
2175 1374 2520 1434 affectionem
2579 1395 2645 1435 ex
2699 1379 2800 1435 Dei
2831 1381 3113 1437 credamus
3154 1382 3505 1455 inspiratione

1912 1471 2262 1536 conceptam,
2296 1465 2511 1522 dicente
2557 1468 2819 1538 Apostolo
2852 1487 2866 1523 :
2899 1471 2977 1527 Ne
3045 1473 3192 1543 forte
3249 1472 3341 1528 det
3388 1473 3508 1529 illis

1910 1553 2059 1609 Deus
2076 1553 2496 1626 paenitentiam,
2532 1559 2597 1611 ut
2625 1558 2971 1631 resipiscant
2998 1560 3253 1616 adiaboli
3266 1561 3500 1633 laqueis,

1912 1659 1948 1699 a
1963 1658 2067 1714 quo
2086 1646 2299 1715 captivi
2318 1648 2591 1701 tenentur
2609 1647 2682 1702 ad
2692 1648 2872 1719 ipsius
2892 1649 3242 1705 voluntatem
3264 1649 3342 1720 (II
3360 1650 3499 1707 Tim.

194 1745 313 1793 ctus
341 1737 710 1792 Innocentius
739 1737 888 1807 dicit,
922 1738 1051 1811 quia
1091 1740 1532 1798 communionem
1552 1734 1673 1797 dari
1701 1741 1807 1797 ob-
1836 1756 1890 1817 Β
1912 1730 1995 1803 ΙΙ)-
2046 1731 2249 1787 Vemm
2296 1732 2494 1801 “iam,
2526 1741 2583 1789 ιιι
2629 1734 2863 1791 ἀίλίωιιε
2887 1779 2901 1804 9
2955 1736 3144 1792 talium
3185 1737 3504 1794 Πθοθεείῖαῐί

197 1824 459 1883 euntibus
492 1824 712 1897 placuit,
738 1833 792 1881 et
844 1834 1067 1898 propter
1116 1828 1333 1885 Domini
1374 1829 1808 1887 misericordiam
1905 1818 1984 1876 ita
2065 1820 2432 1877 auxiliandum
2486 1829 2587 1890 est,
2619 1829 2679 1878 ut
2736 1824 2877 1881 actio
2948 1824 3095 1881 illius
3148 1827 3503 1899 poenitentiae,

198 1913 351 1987 quasi
383 1913 655 1970 viaticum
691 1913 1038 1986 proiecturis,
1071 1923 1125 1972 et
1153 1933 1222 1974 ne
1250 1917 1540 1974 Novatiani
1565 1918 1808 1976 haeretici

198 2002 463 2075 negantis
513 2002 730 2059 veniam
773 2003 1120 2076 asperitatem
1169 2013 1223 2061 et
1265 2005 1520 2062 duritiam
1548 2006 1809 2079 subsequi

195 2091 512 2147 videamur.
567 2090 844 2148 Tribuitur
899 2108 1031 2167 ergo
1075 2109 1199 2150 cum
1227 2095 1546 2166 poenitentia
1572 2086 1810 2152 extrema

196 2180 541 2247 communio,
573 2188 633 2236 ut
660 2181 910 2238 homines
951 2182 1266 2252 huiusmodi
1322 2184 1409 2241 vel
1437 2183 1495 2241 in
1543 2185 1810 2257 supremis

194 2269 306 2325 suis
335 2268 701 2342 permittente
732 2271 1018 2328 Salvatore
1047 2280 1238 2328 nostro
1269 2288 1302 2328 a
1330 2281 1596 2345 perpetuo
1648 2273 1811 2329 exitio

194 2358 574 2416 vindicentur.
606 2359 676 2415 Et
705 2368 927 2417 sanctus
944 2361 1268 2417 C(elestinus
1298 2362 1429 2418 dicit
1459 2380 1471 2416 :
1512 2384 1535 2414 ι
1568 2363 1813 2436 Agnovi-

1908 1923 2011 1965 nec
2027 1909 2426 1966 communionis
2455 1911 2647 1985 gratia,
2683 1912 2728 1967 si
2777 1928 2898 1968 eam
2927 1913 3090 1969 etiam
3128 1914 3330 1972 amisso
3360 1916 3511 1973 vocis

1910 1996 2085 2054 oﬁicio
2112 2015 2212 2070 per
2253 1998 2453 2055 indicia
2480 1999 2680 2073 integri
2728 2016 2924 2057 sensus
2950 2002 3225 2074 postulant
3252 2012 3504 2077 negetur.

1910 2087 1979 2142 At
2008 2087 2054 2141 si
2083 2086 2258 2159 aliqua
2283 2088 2337 2143 vi
2364 2088 2703 2160 aegritudinis
2744 2088 2822 2145 ita
2849 2089 3051 2147 fuerint
3107 2093 3408 2164 aggravati,
3456 2100 3514 2149 ut

1911 2172 2056 2248 quod
2082 2175 2243 2246 paulo
2262 2183 2385 2231 ante
2405 2178 2702 2248 poscebant
2730 2178 2832 2233 sub
2876 2179 3167 2251 praesentia
3213 2180 3512 2237 sacerdotis

1912 2262 2220 2335 signiﬁcare
2246 2281 2358 2321 non
2399 2265 2630 2334 valeant,
2660 2266 2970 2324 testimonia
2998 2268 3078 2324 eis
3132 2267 3373 2326 ﬁdelium
3403 2268 3516 2327 cir-

1914 2353 2296 2408 cumstantium
2340 2355 2609 2426 prodesse
2642 2355 2939 2428 debebunt,
2970 2364 3029 2412 ut
3074 2356 3234 2413 simul
3261 2364 3315 2414 et
3333 2358 3515 2431 paeni-

196 2462 337 2513 mus,
374 2447 661 2521 inquiens,
694 2450 1067 2520 pmmtenﬁam
1122 2450 1478 2507 morientibus
1523 2451 1810 2524 denegari,
1912 2441 2093 2496 tentia:
2135 2449 2188 2498 et
2216 2442 2673 2501 reconciliationis
2701 2443 3027 2502 beneﬁcium
3056 2454 3481 2519 consequantur.

196 2551 297 2593 nec
328 2536 567 2593 illorum
596 2537 883 2593 desideriis
911 2538 1078 2594 annui
1124 2538 1216 2611 qui
1237 2539 1418 2595 obitus
1447 2539 1531 2596 sui
1572 2547 1814 2612 tempore
1986 2585 2056 2640 Et
2073 2584 2204 2640 item
2224 2584 2371 2641 idem
2386 2592 2607 2642 sanctus
2623 2586 2732 2642 Leo
2752 2587 2884 2643 dicit
2908 2604 2922 2619 ,
2946 2607 2969 2639 ι
2995 2587 3306 2662 Hocitaque
3325 2589 3516 2646 adma.

198 2625 298 2662 ιυυι
332 2626 545 2662 animm
572 2642 684 2662 «suam
714 2627 937 2662 manian
986 2627 1229 2662 νονηαιιῖη
1275 2627 1552 2662 εἱειειειβηῖπῖ
1607 2630 1812 2662 Ῑ-Ῐηνηιιι-
2907 2628 2921 2642 ⁶

1916 2672 2049 2728 uitio
2078 2680 2267 2729 nostra
2305 2673 2615 2745 denuntiat,
2648 2674 2795 2746 quod
2823 2674 2871 2730 si
2920 2674 3042 2747 quis
3071 2675 3297 2732 fratrum
3324 2684 3515 2734 contra

1916 2761 2036 2818 hac
2060 2761 2355 2818 constituta
2392 2761 2579 2819 venire
2625 2762 2928 2829 tentaverit,
2961 2770 3015 2818 et
3042 2764 3317 2836 prohibita
3345 2766 3509 2823 fuerit

1919 2864 2085 2905 ausus
2113 2849 2419 2918 admittere,
2451 2866 2484 2905 a
2512 2865 2612 2907 suo
2641 2866 2702 2908 se
2734 2851 2948 2909 noverit
2975 2851 3153 2910 oﬁicio
3182 2854 3518 2912 submoven-

1920 2937 2066 3007 dum,
2097 2952 2202 2994 nec
2257 2938 2656 2995 communionis
2709 2947 2910 2996 nostra:
2938 2940 3179 2998 futurum
3225 2958 3350 3000 esse
3392 2957 3523 3000 cou-

1922 3034 2149 3095 sortem,
2179 3026 2273 3099 qui
2315 3027 2496 3084 socius
2519 3044 2644 3085 esse
2671 3029 2843 3085 noluit
2897 3029 3219 3102 discipline.
3252 3031 3336 3088 Ne
3385 3032 3516 3105 quid

1833 3110 1883 3175 C
1915 3131 2048 3172 vero
2079 3115 2149 3171 sit
2178 3116 2325 3187 quod
2353 3117 2782 3188 praetermissum
2811 3132 2845 3173 a
2874 3118 3035 3174 nobis
3070 3118 3210 3175 forte
3242 3121 3520 3187 credatur,

1922 3199 2106 3255 omnia
2131 3199 2423 3255 decretalis
2448 3208 2558 3255 tam
2588 3201 2762 3257 beatae
2788 3201 3179 3257 recordationis
3198 3203 3520 3271 Innocentii,

1924 3298 2089 3355 quam
2118 3283 2359 3338 omnium
2387 3285 2743 3341 decessorum
2757 3292 3087 3353 nostrorum,
3112 3302 3234 3359 qua
3251 3286 3322 3344 de
3351 3287 3525 3345 ecclcc

1924 3370 2155 3426 siasticis
2200 3371 2485 3428 ordinibus
2539 3381 2592 3428 et
2644 3388 2917 3429 canonum
2971 3374 3322 3448 promulgata
3376 3383 3523 3448 sunt,

1924 3454 2226 3525 disciplinis
2281 3455 2353 3510 ita
2408 3473 2439 3510 a
2467 3463 2646 3512 vestra
2697 3457 2987 3515 dilectione
3016 3459 3280 3516 custodiri
3317 3460 3524 3518 debere

1925 3542 2268 3613 mandamus,
2299 3550 2360 3599 ut
2415 3544 2463 3599 si
2510 3544 2631 3615 quis
2683 3545 2741 3600 in
2768 3544 2862 3601 illa
2907 3547 3274 3614 commiserit,
3308 3549 3526 3605 veniam

1927 3630 2031 3687 sibi
2059 3630 2321 3702 deinceps
2349 3632 2562 3688 noverit
2602 3633 2884 3706 denegari.
2916 3636 3050 3690 Item
3090 3634 3239 3691 idem
3267 3635 3337 3692 de
3366 3636 3524 3692 dam-

1926 3719 2145 3775 natione
2171 3719 2449 3776 violatoris
2477 3736 2758 3778 sacrorum
2787 3738 2854 3779 ex
2881 3723 3190 3792 hujusmodi
3220 3740 3283 3781 re
3312 3727 3522 3782 consti-

1927 3814 2187 3865 tutorum.
2218 3810 2285 3865 Et
2315 3809 2444 3880 quia
2471 3809 2608 3875 hac,
2639 3809 2829 3877 frater,
2859 3809 3113 3882 ignorare
3140 3828 3251 3868 non
3270 3814 3443 3881 vales,
3472 3823 3526 3871 et

1928 3897 2037 3954 hoc
2058 3896 2321 3967 judicium
2335 3898 2458 3967 jure
2478 3898 2855 3971 depromptum
2875 3915 2986 3956 non
3000 3900 3202 3970 nescis,
3223 3902 3529 3973 presertim

1930 4000 2053 4042 cum
2080 4001 2191 4041 non
2221 3985 2474 4043 catholici
2519 3987 2782 4060 episcopi,
2824 3989 2923 4045 sed
2951 3989 3239 4046 Novatiani
3267 3990 3528 4059 haeretici,

1930 4081 1991 4130 ut
2042 4075 2236 4131 beatus
2290 4074 2663 4143 Innocentius,
2725 4084 2780 4131 et
2825 4085 3044 4132 sanctus
3098 4078 3418 4134 Ambrosius
3474 4086 3530 4135 et

1930 4162 2109 4220 cateri
2155 4164 2358 4235 quique
2403 4164 2689 4219 orthodoxi
2754 4164 3006 4220 doctores
3037 4166 3429 4233 demonstrant,
3465 4168 3536 4223 sit

1933 4251 2039 4307 ista
2065 4252 2528 4324 perniciosissima
2558 4258 2611 4306 et
2658 4252 2942 4307 exitiabilis
2969 4260 3130 4324 atque
3185 4255 3533 4310 exsecrabilis

1932 4349 2082 4397 secta
2112 4356 2126 4397 :
2157 4356 2352 4397 cavere
2406 4339 2675 4394 debueras
2730 4356 2800 4395 ne
2838 4340 2965 4395 talia
3021 4340 3162 4396 sicut
3191 4341 3371 4396 oblata
3398 4342 3533 4398 mihi

1937 4427 2181 4485 ecclesiae
2200 4427 2297 4482 tibi
2326 4427 2633 4483 commissae
2675 4427 2863 4499 petitio
2918 4436 3198 4498 monstrat,
3231 4429 3534 4486 inconsulte

1934 4517 2264 4589 praeciperes
2296 4533 2310 4571 :
2344 4523 2475 4587 puto
2503 4516 2648 4572 enim
2703 4524 2759 4573 te
2788 4516 2990 4589 legisse
3043 4517 3332 4589 epistolam
3359 4518 3533 4574 sancti

1931 4604 2219 4678 Augustini
2249 4605 2320 4660 ad
2336 4606 2677 4661 Honoratum
2701 4605 3039 4677 episcopum,
3064 4606 3120 4661 in
3150 4623 3255 4679 qua
3283 4606 3530 4663 invenire

1929 4693 2151 4767 potuisti
2180 4693 2360 4765 potius
2388 4701 2441 4750 te
2487 4695 2628 4750 mori
2657 4694 2857 4751 debere
2884 4712 3004 4751 cum
3059 4695 3219 4766 plebe
3246 4695 3343 4749 tibi
3374 4711 3530 4751 com-

1928 4783 2117 4852 missa,
2177 4799 2340 4855 quam
2396 4790 2454 4838 ut
2483 4782 2591 4839 illis
2647 4783 2825 4839 desint
2883 4784 3000 4839 sine
3047 4783 3241 4855 quibus
3268 4783 3455 4841 vivere
3484 4792 3539 4841 et

1930 4871 2128 4928 salvari
2185 4888 2295 4927 non
2338 4879 2568 4943 possunt
2611 4879 2950 4928 sacramenta
2995 4870 3260 4928 coelestia.
3312 4871 3435 4942 Qua
3463 4874 3533 4930 de

1928 4976 2012 5028 re,
2046 4960 2235 5028 frater,
2269 4960 2395 5017 vide
2442 4977 2511 5016 ne
2543 4968 2600 5016 tu
2630 4960 2706 5015 sis
2733 4959 3022 5031 homicida,
3055 4969 3109 5017 et
3154 4961 3317 5017 etiam
3354 4963 3532 5017 homi-

1930 5049 2173 5106 cidarum
2212 5048 2503 5115 homicida,
2558 5049 2684 5119 quia
2730 5057 3067 5105 sacramenta
3114 5050 3355 5106 coelestia
3381 5050 3534 5121 plebi

197 2625 302 2682 hoc
330 2626 545 2681 anima:
572 2642 684 2683 sum
714 2627 939 2698 cupiunt
986 2627 1229 2685 remedio
1275 2627 1574 2686 subveniri.
1607 2630 1813 2685 Horre-

194 2731 351 2781 mus,
387 2715 575 2770 fateor
595 2757 610 2783 ,
640 2722 802 2771 tantae
856 2715 1143 2788 impietatis
1189 2715 1426 2790 aliquem
1468 2716 1729 2789 reperiri,
1759 2723 1818 2773 ut

197 2803 268 2860 de
297 2804 404 2860 Dei
426 2804 622 2876 pietati
648 2804 921 2877 desperet,
956 2805 1112 2877 quasi
1136 2822 1247 2861 non
1283 2806 1458 2878 possit
1486 2806 1554 2862 ad
1582 2822 1642 2861 se
1674 2821 1816 2878 quo-

194 2895 278 2950 vis
299 2903 570 2966 tempore
598 2895 942 2951 concurrenti
970 2910 1310 2963 succurrere,
1343 2903 1396 2951 et
1424 2894 1819 2966 periclitantem

203 2984 307 3040 sub
339 2999 524 3040 onere
550 2991 902 3054 peccatorum
929 2983 1207 3040 hominem
1234 2982 1479 3056 pondere
1509 3000 1615 3056 quo
1644 3000 1705 3040 se
1728 2982 1821 3041 ille

194 3072 458 3145 expediri
492 3070 771 3128 desiderat
798 3071 1056 3128 liberare.
1089 3072 1231 3142 Quid
1258 3072 1365 3129 hoc
1392 3088 1532 3145 rogo
1561 3072 1709 3129 aliud
1738 3079 1821 3128 est

194 3177 372 3233 quam
400 3160 667 3217 morienti
695 3168 931 3216 mortem
951 3161 1172 3229 addere,
1206 3161 1431 3234 ejusque
1460 3161 1694 3217 animam
1725 3178 1823 3217 sua

193 3250 543 3306 crudelitate
580 3264 649 3306 ne
704 3248 955 3305 absoluta
1011 3266 1135 3306 esse
1164 3250 1339 3323 possit
1368 3250 1623 3317 occidere
1644 3251 1672 3305 ?
1697 3265 1823 3308 cum

196 3339 356 3395 Deus
386 3338 465 3394 ad
501 3337 935 3394 subveniendum
976 3338 1353 3411 paratissimus
1384 3338 1470 3410 sit,
1514 3346 1566 3395 et
1594 3338 1824 3396 invitans

195 3428 269 3484 ad
286 3426 686 3499 paenitentiam
704 3427 782 3484 sic
799 3427 1078 3500 promittat
1096 3445 1110 3483 :
1129 3429 1396 3484 Peccator
1412 3430 1477 3484 in
1497 3443 1824 3501 quacunque

194 3518 291 3574 die
308 3532 631 3575 conversus
641 3519 823 3589 fuerit
831 3520 1064 3590 peccata
1076 3519 1199 3590 ejus
1213 3533 1329 3574 non
1344 3518 1761 3590 reputabuntur
1772 3515 1826 3573 ei

192 3605 439 3677 (Επειδὴ.
464 3607 702 3677 xxxm).
726 3605 797 3660 Et
822 3604 1022 3661 iterum
1047 3622 1060 3661 :
1080 3607 1214 3663 Nolo
1234 3610 1476 3663 mortem
1491 3606 1823 3678 peccatoris,

190 3696 295 3751 sed
329 3698 581 3751 tantum
610 3697 676 3750 ut
704 3699 1071 3751 convertatur
1098 3698 1156 3751 et
1180 3694 1547 3767 vivat(ibid.).
1586 3693 1827 3749 Salutem

192 3798 343 3857 ergo
373 3782 595 3838 homini
623 3783 813 3838 adimit
850 3782 1100 3856 quisquis
1130 3783 1180 3838 ei
1205 3783 1399 3839 mortis
1426 3791 1670 3854 tempore
1698 3797 1821 3853 pcn-

188 3872 510 3929 nitentiam
525 3870 816 3944 denegavit
838 3890 851 3927 :
872 3880 925 3927 et
952 3871 1269 3944 desperavit
1288 3872 1358 3928 de
1383 3870 1673 3927 clementia
1702 3870 1824 3937 Dei,

187 3961 288 4034 qui
357 3976 498 4017 eum
542 3961 613 4016 ad
658 3960 1089 4017 subveniendum
1131 3960 1382 4018 morienti
1439 3960 1688 4017 suﬁicere
1742 3957 1830 4015 vel

192 4056 504 4106 momento
556 4064 722 4120 posse
762 4065 875 4105 non
928 4049 1180 4106 credidit.
1241 4048 1577 4105 Perdidisset
1606 4047 1745 4104 latro
1776 4048 1833 4103 in

193 4153 381 4196 cruce
401 4136 698 4210 praemium
714 4139 785 4193 ad
800 4137 998 4193 Christi
1018 4138 1296 4194 dexteram
1317 4138 1583 4211 pendens,
1607 4138 1654 4192 si
1681 4137 1832 4192 illum

195 4229 382 4285 unius
441 4229 599 4283 horae
653 4227 971 4299 poenitentia
1000 4243 1110 4284 non
1154 4227 1415 4297 juvisset;
1449 4242 1572 4284 cum
1603 4226 1834 4283 essetin

193 4332 381 4389 poena
414 4315 693 4389 paenituit,
727 4324 782 4372 et
808 4334 910 4388 per
935 4316 1097 4372 unius
1127 4315 1398 4373 sermonis
1417 4314 1834 4387 promissionem

188 4404 593 4462 habitaculum
625 4404 868 4477 paradisi
898 4406 1130 4461 Domino
1150 4405 1498 4477 promittente
1514 4403 1830 4476 promeruit.

186 4495 354 4552 Vera
391 4511 539 4568 ergo
587 4495 653 4549 ad
682 4494 973 4551 Dominum
1030 4495 1319 4552 conversio
1361 4494 1416 4551 in
1446 4494 1649 4550 ultimis
1676 4492 1830 4565 posi-

186 4593 400 4643 torum
430 4591 622 4640 mente
657 4583 839 4656 potius
868 4591 950 4641 est
990 4584 1309 4641 aestimanda
1351 4599 1517 4656 quam
1560 4589 1826 4654 tempore,

182 4675 499 4747 prapheta
518 4673 623 4729 hoc
637 4673 817 4729 taliter
850 4682 1131 4730 asserente
1155 4692 1169 4729 :
1197 4674 1335 4730 Cum
1355 4689 1657 4730 conversus
1675 4674 1831 4744 inge-

182 4763 459 4828 mueris,
482 4766 625 4818 tunc
644 4763 832 4819 salvus
848 4766 960 4820 eris
989 4763 1191 4835 (ibid.).
1236 4762 1367 4818 Cum
1404 4778 1534 4833 ergo
1564 4760 1829 4817 Dominus

182 4851 264 4909 sit
299 4851 511 4909 cordis
557 4850 852 4924 inspector,
885 4852 1078 4925 quovis
1121 4859 1364 4923 tempore
1409 4866 1521 4907 non
1551 4858 1634 4905 est
1663 4850 1831 4905 dene-

178 4942 401 5015 ganda
430 4938 754 5012 poenitentia
779 4940 1109 5013 postulanti;
1140 4956 1263 4997 cum
1308 4938 1387 4994 illi
1415 4955 1476 4996 se
1507 4939 1714 5012 obliget
1736 4939 1828 5007 ju-

177 5031 338 5097 dici,
386 5030 478 5086 cui
500 5028 712 5086 occulta
740 5030 920 5086 omnia
950 5029 1159 5086 noverit
1179 5026 1427 5086 revelari.
1469 5052 1491 5077 »
1522 5029 1590 5085 Et
1611 5034 1829 5085 sanctus

178 5122 319 5177 Leo
366 5136 387 5174 :
420 5140 444 5170 e
486 5118 830 5185 Poenitentia,
860 5119 1052 5192 inquit,
1084 5135 1206 5191 qum
1251 5116 1414 5174 dilata
1441 5125 1522 5173 est
1552 5133 1677 5173 cum
1708 5125 1827 5172 stu-

171 5208 433 5268 diosius
459 5207 627 5278 petita
655 5206 818 5263 fuerit
847 5225 956 5264 non
984 5215 1234 5281 negetur,
1260 5214 1318 5262 ut
1345 5206 1729 5279 quoquomodo
1759 5205 1829 5261 ad

174 5295 581 5368 indulgentiae
616 5296 944 5353 medicinam
983 5296 1164 5352 anima
1203 5295 1481 5352 vulnerata
1527 5294 1825 5366 perveniat.

168 5388 257 5444 Et
294 5388 453 5442 item
488 5401 502 5440 :
536 5385 634 5440 His
660 5393 841 5442 autem
888 5385 1061 5457 quiin
1089 5392 1337 5456 tempore
1379 5382 1751 5474 necessitatis,
1776 5390 1829 5438 et
2058 5457 2125 5474 np
2170 5452 2203 5474 ι.
2442 5451 2495 5474 Α
2522 5453 2584 5474 .L
2657 5452 2668 5469 ⁵
2734 5473 2767 5474 ﬂ
2867 5471 2873 5474 _
2932 5456 2949 5474 ‘
2989 5454 3005 5474 θ
3164 5466 3175 5474 ⁸
3258 5460 3291 5474 η
3488 5456 3522 5474 Α

169 5477 241 5533 in
275 5473 542 5548 periculi
568 5474 817 5548 urgentis
857 5453 1111 5531 ίιίεηωιία
1141 5453 1451 5546 ρτξθείάίωη
1472 5471 1825 5546 Ρωηίιρηιίω,
2004 5478 2027 5509 ι
2058 5453 2393 5514 Pertimesce
2423 5453 2776 5514 nihilominus
2807 5456 2952 5530 quod
2974 5454 3041 5514 de
3060 5460 3326 5516 sententia
3347 5456 3527 5519 sancti

175 5574 244 5624 et
288 5579 447 5621 mox
493 5563 952 5622 reconciliationis
999 5563 1349 5638 implorant,
1374 5579 1477 5620 nec
1531 5559 1828 5618 satisfactio
1927 5554 2213 5627 Evangelii
2243 5571 2350 5628 qua
2378 5554 2644 5612 Dominus
2675 5555 2803 5613 dicit
2852 5573 2864 5612 :
2898 5557 2957 5613 Si
2985 5558 3108 5631 quis
3140 5559 3288 5616 vobis
3309 5554 3528 5633 aliquid

516 5671 760 5729 PATROL.
791 5671 1034 5729 CXXVI.
3032 5667 3098 5719 l7

1930 5138 2171 5195 subtrahi
2197 5137 2354 5205 facis,
2387 5137 2506 5193 sine
2552 5136 2748 5208 quibus
2777 5136 2963 5195 vivere
2992 5154 3103 5195 non
3154 5147 3352 5211 potest,
3401 5155 3526 5194 cum

1928 5227 2109 5284 adsint
2164 5226 2259 5298 qui
2302 5225 2497 5284 eadem
2527 5234 2864 5284 sacramenta
2915 5227 3060 5285 licite
3116 5227 3263 5299 plebi
3318 5227 3537 5284 valeant

1928 5316 2260 5373 ministrare.
