4054 6180
463 279 566 338 523

1529 257 1869 316 HINCMARI
1906 248 2306 310 RHEMENSIS
2343 223 2894 304 Ancntnplscorl.

3657 233 3769 290 524

472 403 706 470 dixerit,
741 400 912 454 dicite
932 397 1064 470 quia
1085 392 1357 451 Dominus
1386 390 1472 444 his
1491 403 1626 460 Opus
1657 385 1840 448 habet,
1865 384 1921 436 et
1937 396 2070 436 con-
2098 375 2407 438 Adendum
2437 388 2547 426 non
2577 379 2680 436 est,
2723 365 3056 424 servandum
3109 369 3294 418 sancto
3323 359 3526 432 Spiritu
3555 373 3770 430 sugge-

471 493 668 566 festim
693 466 955 544 dimittet
970 501 1058 540 eos
1079 483 1296 555 (Matth.
1329 477 1474 549 xxx),
1499 475 1753 547 loquente
1775 471 1828 526 in
1846 469 1926 525 eis
1957 466 2070 564 Spi-

473 556 578 636 ritu
611 585 797 634 sancto
827 573 998 629 nostri
1046 572 1235 626 dixere
1291 567 1524 640 majores
1557 581 1568 616 :
1603 559 1948 624 Doctoribus,
1981 556 2070 609 in-

413 721 416 724 .
474 669 664 742 quiunt
686 711 698 733 ,
734 661 1060 736 praecipitur,
1093 668 1151 714 ut
1180 658 1227 714 si
1267 655 1394 728 quid
1426 654 1505 710 eis
1535 647 1805 707 obstiterit
1833 644 2068 710 adversi,

476 730 523 814 si
555 730 694 829 quis.
721 730 1307 812 verbo—contradixerit
1349 741 1610 809 veritatis,
1644 738 1691 794 si
1737 735 1856 808 quis
1884 730 2072 805 prohi—

479 825 658 902 buerit
711 849 1029 914 peccatores
1081 835 1220 892 solvi
1249 850 1283 889 a
1337 830 1546 903 laqueis
1591 825 1830 892 diaboli,
1871 829 1925 876 et
1975 835 2076 892 per

479 932 878 991 confessionem
933 926 1061 981 tidei
1115 923 1349 980 Domino
1405 917 1632 985 adduci,
1666 929 1774 970 non
1820 919 2005 967 tamen
2045 924 2074 962 a

479 1020 827 1096 praedicando
849 1016 1134 1080 desistant,
1168 1012 1266 1068 sed
1287 1014 1602 1066 constanter
1629 1002 1920 1068 insinuent,
1955 996 2078 1070 quia

480 1087 768 1174 Dominus
803 1107 869 1161 ad
924 1101 1303 1161 aedificandam
1347 1094 1647 1152 Ecclesiam
1695 1105 1850 1146 suam
1881 1087 2078 1142 talibus

483 1216 620 1272 opus
647 1197 830 1254 habet.
865 1195 934 1248 Et
978 1192 1119 1264 proh
1147 1184 1337 1245 dolor!
1372 1199 1496 1240 cum
1529 1195 1690 1236 nemo
1743 1178 1828 1232 his
1857 1183 2078 1232 contra—

484 1263 649 1355 dicat,
683 1294 740 1342 tu
769 1263 991 1340 econtra
1007 1275 1420 1349 implorantibus
1437 1267 1767 1328 contradicis
1795 1285 1809 1334 ;
1845 1263 2079 1335 alligans

488 1394 585 1435 eos
611 1392 682 1432 ne
711 1373 894 1430 divina
930 1367 1112 1424 munia
1167 1362 1385 1436 populis
1429 1364 1814 1430 exsequantur,
1848 1367 2082 1424 quorum

485 1469 712 1524 interest
740 1474 897 1516 sacra
923 1457 1218 1512 missarum
1247 1449 1424 1507 oﬁicia
1469 1447 1766 1508 celebrare,
1799 1441 2081 1511 mysticam

488 1551 918 1610 distributionem
949 1541 1245 1617 spiritualis
1282 1537 1550 1594 alimonia;
1581 1531 1826 1604 corporis
1877 1529 2084 1585 scilicet

488 1650 542 1698 et
563 1637 846 1712 sanguinis
874 1632 1090 1690 Domini
1118 1627 1291 1686 nostri
1321 1629 1449 1684 Jesu
1479 1622 1676 1680 Christi
1717 1621 1770 1676 in
1799 1617 2082 1674 remissio-

489 1745 618 1788 nem
644 1709 994 1801 peccatorum
1024 1719 1276 1776 ﬁdelibus
1302 1715 1652 1801 distribuere,
1683 1726 1784 1781 per
1809 1709 2080 1801 lavacrum
2101 1733 2154 1792 B

493 1789 923 1888 regenerationis
939 1808 1009 1862 de
1027 1810 1295 1877 potestate
1323 1798 1522 1856 diaboli
1550 1798 1608 1852 in
1633 1810 1866 1868 regnum
1885 1789 2082 1848 Christi

491 1879 602 1961 non
643 1900 941 1972 baptizatos
994 1891 1320 1958 transferre;
1350 1905 1447 1960 per
1489 1887 1710 1956 januam
1764 1879 2086 1938 reconcilia-

489 1987 651 2043 tionis
680 1963 733 2041 εἰ
760 1980 940 2039 viatici
971 1977 1212 2034 muneris
1265 1971 1748 2030 sanctiﬁcationem
1777 1967 1986 2020 animas
2017 1963 2085 2018 ab

492 2083 692 2132 aeterno
722 2070 943 2128 interitu
987 2067 1238 2132 liberare,
1271 2061 1503 2118 Domino
1533 2059 1602 2114 de
1647 2055 1960 2112 caelestibus
1989 2051 2087 2106 tibi

492 2165 761 2222 clamante
793 2176 809 2217 :
840 2157 967 2231 quia
992 2153 1185 2229 pastor
1224 2153 1397 2208 bonus
1435 2149 1693 2204 animam
1734 2160 1899 2200 suam
1922 2140 2086 2214 ponit

487 2270 591 2328 pro
607 2251 794 2309 ovibus
813 2247 932 2303 suis
955 2245 1138 2316 (Joan.
1157 2240 1240 2313 χ).
1259 2238 1365 2308 Qui
1385 2237 1510 2292 fecit
1526 2234 1670 2307 quod
1690 2231 1891 2298 docuit,
1910 2236 2087 2285 osten-

495 2317 573 2398 dit
613 2338 757 2412 quod
797 2334 978 2406 jussit,
1029 2346 1153 2388 cum
1193 2327 1446 2400 praeduce
1491 2323 1630 2379 Juda
1659 2321 1855 2377 cohors
1897 2325 1950 2372 et
1977 2317 2086 2372 mi-

493 2427 651 2484 nistri
680 2425 990 2480 Iudaeorum
1044 2423 1329 2483 venerunt,
1363 2421 1422 2468 ut
1477 2428 1602 2468 eum
1648 2417 1703 2466 et
1759 2423 1889 2464 suos
1917 2421 2085 2477 cape-

499 2525 623 2574 rent
650 2513 784 2571 dixit
815 2529 828 2567 :
860 2511 920 2568 Si
946 2525 1036 2566 me
1073 2505 1348 2581 quaeritis,
1381 2503 1554 2558 sinite
1593 2501 1688 2556 hos
1718 2497 1870 2553 abire
1901 2496 2082 2566 (Joan.

499 2605 686 2676 xvm),
748 2601 936 2672 sicque
1020 2591 1408 2672 comprehendi
1462 2605 1522 2645 se
1575 2585 1830 2659 pertulit,
1884 2591 1938 2640 et
1995 2581 2087 2654 qui

487 2670 721 2768 populos
776 2670 864 2746 ad
897 2686 1062 2744 ﬁdem
1115 2670 1518 2744 converterent,
1553 2683 1608 2733 et
1671 2673 1948 2732 conversis
1995 2686 2078 2726 sa-

495 2759 592 2841 cra
632 2777 895 2853 mysteria
951 2773 1310 2837 celebrarent,
1357 2768 1563 2824 solutos
1621 2764 1773 2820 abire
1817 2759 2082 2834 permisit.

493 2873 637 2928 Nam
667 2848 796 2924 site
839 2869 1172 2936 provocante
1228 2857 1434 2929 aliquid
1461 2856 1557 2910 tibi
1609 2851 1826 2908 adversi
1867 2848 2082 2914 accidit,

483 2959 750 3032 patienter
778 2953 920 3010 ferre
949 2950 1238 3014 debueras,
1271 2960 1446 3016 usque
1475 2943 1604 2998 dum
1644 2956 1748 3013 ego
1779 2937 2087 3011 qualiscun—

489 3024 596 3120 que
622 3039 1074 3113 metropolitanus
1103 3044 1229 3091 tuus
1259 3049 1386 3089 cum
1412 3029 1752 3102 coepiscopis
1783 3035 1836 3083 et
1862 3024 2085 3082 confra—

487 3116 656 3192 tribus
685 3129 886 3187 nostris
916 3125 1134 3183 Domini
1163 3121 1333 3178 nostri
1361 3120 1506 3193 regis
1535 3116 1878 3174 clementiam
1911 3130 2014 3186 pro
2033 3121 2086 3169 te

487 3223 732 3288 adirem;
764 3225 818 3276 et
844 3218 982 3274 sicut
1005 3215 1122 3285 jam
1149 3211 1394 3280 fecimus,
1444 3207 1592 3280 quod
1627 3207 1770 3276 juste
1819 3211 1872 3260 et
1917 3201 2086 3258 ratio-

489 3311 742 3368 nabiliter
765 3307 834 3364 ab
880 3321 947 3362 eo
990 3301 1395 3376 postularemus
1417 3341 1430 3364 ,
1466 3297 1653 3368 utique
1700 3293 2085 3349 obtineremus.

488 3387 644 3458 Unde
672 3396 806 3453 nihil
835 3394 1148 3451 dubitamus
1168 3388 1296 3462 quin
1325 3386 1557 3443 Domino
1587 3389 1918 3456 cooperante
1945 3379 2090 3435 obti-

491 3489 740 3546 nebimus
767 3483 914 3558 quod
952 3483 1100 3552 juste
1126 3488 1180 3537 et
1235 3475 1627 3533 rationabiliter
1679 3469 2090 3543 postulabimus,

490 3583 702 3633 tantum
729 3582 787 3630 ut
814 3581 910 3629 tua
933 3568 1224 3626 insolentia
1261 3565 1461 3622 nostris
1481 3561 1830 3635 petitionibus
1859 3573 1970 3614 non
1997 3557 2096 3612 ob-

490 3667 641 3722 sistat
673 3679 689 3721 :
723 3663 849 3736 quia
893 3660 1054 3716 etiam
1083 3659 1140 3714 in
1195 3657 1297 3712 hac
1328 3662 1432 3710 tua
1491 3647 1932 3723 praesumptionis
1961 3660 2096 3716 prae.

491 3755 744 3826 captione
795 3757 985 3808 contra
1028 3746 1434 3817 Scripturarum
1491 3740 1762 3795 tramitem
1799 3743 2098 3805 contraque

489 3817 678 3895 sacras
707 3834 928 3906 regulas
957 3829 1160 3901 egeris,
1194 3827 1292 3882 tibi
1321 3843 1388 3882 ex
1419 3821 1526 3880 loci
1556 3821 1727 3878 nostri
1774 3817 1953 3876 ofﬁcio
1992 3832 2096 3872 ne-

494 3923 792 3982 cessarium
823 3919 951 3974 duxi
979 3915 1269 3973 ostendere
1300 3931 1315 3968 :
1347 3911 1614 3982 Scriptum
1646 3916 1730 3965 est
1769 3907 1912 3963 enim
1943 3923 1957 3960 :
1997 3907 2095 3962 In-

501 4019 722 4083 terroga
751 4012 980 4066 Patrem
1014 4010 1178 4060 tuum
1206 4007 1264 4059 et
1279 4001 1657 4056 annuntiabit
1685 3998 1825 4065 tibi;
1853 3998 2094 4067 majores

499 4107 643 4166 tuos,
667 4102 724 4154 et
753 4098 941 4153 dicent
959 4094 1060 4150 tibi
1089 4093 1274 4164 (Deut.
1305 4093 1495 4159 xxxii)
1519 4107 1534 4155 ;
1568 4095 1623 4143 et
1644 4105 1658 4141 :
1677 4085 1962 4158 Palpebrae
1983 4088 2096 4139 tua:

495 4187 820 4263 praecedant
834 4200 1054 4255 gressus
1075 4181 1393 4251 tuos(Prov.
1417 4177 1498 4248 ιν)
1521 4196 1536 4244 ;
1561 4183 1615 4232 et
1637 4194 1650 4230 ε
1669 4176 1872 4232 Omnia
1890 4176 1983 4246 fac
1993 4189 2096 4245 per

496 4261 806 4335 consilium
831 4317 846 4340 ,
879 4277 936 4330 et
977 4275 1104 4345 post
1149 4273 1372 4342 factum
1407 4283 1524 4322 non
1563 4264 1856 4338 pcenitebis
1893 4261 2090 4332 (Eccli.

494 4365 704 4438 xxxn).
735 4388 756 4414 υ
778 4364 846 4420 Et
879 4377 1094 4418 sacrum
1127 4359 1410 4414 Nicaenum
1447 4354 1736 4411 concilium
1755 4351 1882 4406 dicit
1901 4367 1916 4404 :
1935 4349 2093 4405 Anti-

2168 471 2322 518 rente
2351 461 2568 516 sibimet
2601 463 2947 513 censuerunt.

2239 552 2307 606 Et
2363 556 2488 621 post
2543 547 2860 618 aliquanta:
2899 566 2921 594 ι
2957 541 3118 612 Quod
3170 539 3373 596 idcirco
3429 537 3682 604 dicimus,
3713 541 3776 590 ut

2171 640 2416 696 advertat
2464 636 2701 694 charitas
2757 643 2850 690 tua
2905 633 3040 688 adeo
3070 646 3170 686 nos
3201 643 3470 686 canonum
3497 631 3780 698 pracepta

2173 743 2413 794 servare,
2455 735 2514 780 ut
2553 726 2624 780 ita
2677 722 2990 780 constitutio
3045 735 3260 792 quoque
3309 725 3490 772 nostra
3520 713 3777 780 difﬁniat,

2173 825 2438 890 quatenus
2475 811 2874 884 metrOpolitani
2902 810 2984 865 sui
3037 822 3378 880 unaquaeque
3407 802 3690 878 provincia
3723 802 3782 856 in

2175 905 2426 961 omnibus
2446 903 2608 958 rebus
2639 900 3035 957 ordinationem
3071 912 3291 966 semper
3315 901 3610 965 exspectet.
3651 912 3676 940 ι
3713 891 3784 948 Et
3851 917 3860 922 -

2175 993 2493 1049 Africanum
2547 989 2835 1046 concilium
2891 987 3138 1043 scribens
3182 984 3251 1040 ad
3281 981 3634 1038 Caelestinum
3687 995 3786 1049 pa-

2177 1098 2303 1154 pam
2325 1098 2336 1136 :
2363 1103 2384 1131 ι
2411 1082 2661 1144 Decreta,
2681 1077 2876 1148 inquit,
2899 1075 3124 1131 Nicaena
3145 1073 3260 1128 sive
3281 1069 3553 1127 inferioris
3570 1067 3786 1139 gradus

2179 1169 2425 1235 clericos,
2485 1169 2600 1224 sive
2657 1167 2941 1238 episcopos
2978 1164 3128 1234 ipsos
3184 1161 3294 1216 suis
3341 1155 3784 1229 metropolitanis

2179 1259 2590 1316 commiserunt.
2628 1279 2650 1304 ιι
2684 1256 2752 1310 Et
2768 1261 2987 1310 sanctus
3015 1253 3124 1308 Leo
3146 1249 3216 1308 ad
3229 1247 3578 1305 Anastasium
3597 1246 3786 1301 Thes-

2181 1347 2579 1402 salonicensem
2609 1345 2926 1416 episcopum
2961 1359 2974 1396 :
3007 1339 3303 1396 secundum
3334 1345 3644 1392 sanctorum
3675 1335 3786 1390 Pa-

2181 1445 2341 1502 trum,
2392 1434 2597 1506 inquit,
2635 1454 2657 1483 x
2718 1433 2967 1486 Canones
3015 1429 3221 1500 Spiritu
3267 1426 3368 1482 Dei
3413 1424 3698 1491 conditos,
3733 1431 3788 1479 et

2181 1525 2342 1580 totius
2369 1522 2558 1577 mundi
2602 1519 3288 1590 reverentiajconsecratos,
3320 1513 3782 1584 metropolitanos

2183 1611 2514 1683 singularum
2540 1608 2940 1681 provinciarum
2970 1606 3277 1676 episcopos,
3307 1602 3501 1674 quibus
3523 1617 3592 1656 ex
3623 1599 3786 1657 dele—

2185 1701 2405 1774 gatione
2460 1707 2650 1754 nostra
2677 1695 3024 1753 fraternitatis
3064 1701 3170 1749 tua:
3227 1707 3359 1748 cura
3403 1689 3787 1762 praztenditur,

2181 1791 2271 1859 jus
2319 1787 2532 1842 traditae
2562 1786 2666 1840 sibi
2719 1783 3010 1856 antiquitus
3064 1779 3342 1854 dignitatis
3397 1779 3788 1834 intemeratum

2187 1877 2386 1932 habere
2413 1874 2758 1932 decernimus
2789 1891 2804 1928 :
2835 1872 2906 1927 ita
2935 1879 2993 1926 ut
3023 1869 3272 1941 aregulis
3291 1867 3608 1940 praestitutis
3629 1865 3790 1922 nulla

2187 1974 2276 2022 aut
2331 1963 2662 2037 negligentia
2707 1969 2798 2016 aut
2851 1959 3274 2032 praesumptione
3321 1956 3622 2012 discedant.
3661 1976 3686 2006 ι
3723 1955 3794 2011 Et

2185 2055 2316 2111 item
2370 2053 2442 2108 ad
2496 2050 2844 2107 Theodorum
2910 2047 3334 2116 Forojuliensem
3407 2044 3734 2116 episcopum
3775 2061 3788 2098 :

2192 2164 2214 2195 α
2251 2139 2658 2209 Sollicitudinis,
2693 2138 2882 2210 inquit,
2914 2145 3019 2193 tuae
3064 2136 3112 2190 is
3164 2135 3296 2190 ordo
3327 2149 3450 2189 esse
3495 2133 3786 2201 debuerat,

2184 2239 2242 2287 ut
2272 2247 2394 2288 cum
2423 2227 2840 2300 metropolitano
2884 2233 2974 2280 tuo
3003 2224 3072 2281 de
3114 2239 3180 2280 eo
3237 2223 3382 2295 quod
3429 2221 3795 2294 quaerendum

2188 2336 2310 2376 esse
2331 2319 2619 2376 videbatur
2645 2315 2927 2382 conferre;
2952 2314 3077 2387 quia
3104 2312 3161 2368 in
3181 2312 3361 2369 causis
3382 2327 3504 2384 quae
3523 2310 3595 2366 ad
3615 2326 3797 2383 gene-

2186 2409 2354 2464 ralem
2399 2405 2801 2463 observantiam
2851 2403 3125 2476 pertinent
3166 2400 3410 2457 omnium
3435 2399 3658 2456 Domini
3689 2414 3790 2456 sa-

2187 2497 2470 2553 cerdotum
2525 2494 2660 2549 nihil
2713 2493 2831 2548 sine
2875 2491 3195 2564 primatibus
3277 2496 3488 2561 oportet
3541 2488 3790 2560 impleri.

2185 2586 2404 2642 Certum
2422 2590 2502 2640 est
2530 2583 2677 2639 enim
2707 2581 2966 2654 quoniam
3008 2580 3098 2636 illa
3123 2595 3242 2652 quae
3267 2577 3612 2650 baptizandis
3641 2593 3787 2650 par-

2185 2673 2347 2740 vulis,
2380 2680 2432 2727 et
2485 2671 2555 2728 de
2611 2671 2802 2726 ultima
2856 2667 3194 2741 poenitentia,
3225 2675 3279 2723 et
3319 2667 3514 2723 viatico
3541 2682 3788 2724 munere

2185 2763 2318 2817 nulli
2349 2760 2676 2833 denegando
2706 2776 2772 2815 ex
2795 2757 2968 2814 sacris
2997 2755 3203 2830 regulis
3227 2756 3486 2828 prazmisi,
3510 2755 3582 2810 ad
3613 2772 3790 2828 gene-

2186 2851 2360 2906 ralem
2392 2849 2794 2906 observantiam
2850 2846 3066 2902 Domini
3119 2845 3458 2901 sacerdotum
3487 2845 3792 2916 pertinent,

2187 2947 2371 2996 contra
2401 2955 2522 3010 qua
2549 2937 2854 2993 inconsulte
2882 2934 3182 3006 precipere
3200 2949 3308 2990 non
3329 2934 3624 2989 debueras.
3671 2959 3695 2982 »ι
3721 2935 3796 2988 Et

2189 3027 2580 3082 Antiochenam
2610 3025 2898 3081 concilium
2927 3023 3058 3079 dicit
3094 3041 3106 3076 :
3144 3045 3166 3073 ει
3201 3023 3304 3078 Per
3335 3021 3580 3094 singulas
3601 3022 3797 3093 regio—

2185 3131 2284 3172 nes
2309 3115 2598 3186 episcopos
2627 3113 2880 3170 convenit
2898 3128 3062 3167 nosse
3081 3110 3549 3182 metrOpolitanum
3569 3111 3798 3181 episcoo

2185 3221 2315 3276 pum
2344 3203 2759 3260 sollicitudinem
2789 3202 2950 3258 totius
2981 3200 3277 3273 provinciae
3306 3215 3532 3273 gerere;
3563 3207 3798 3271 pr0pter

2189 3292 2336 3365 quod
2387 3293 2456 3347 ad
2512 3291 2852 3363 metropolim
2908 3306 3099 3346 omnes
3156 3288 3395 3360 undique
3444 3289 3534 3360 qui
3562 3289 3798 3360 negotia

2189 3381 2439 3437 videntur
2479 3381 2685 3436 habere
2730 3387 3062 3435 concurrant
3093 3396 3106 3432 :
3139 3377 3295 3433 Unde
3337 3377 3540 3449 placuit
3573 3393 3708 3432 eum
3739 3385 3798 3434 et

2189 3472 2398 3526 honore
2426 3469 2764 3540 praecellere,
2797 3476 2850 3524 et
2879 3467 3014 3523 nihil
3041 3467 3271 3538 amplius
3301 3474 3493 3538 praeter
3521 3482 3650 3521 eum
3682 3483 3798 3523 cae-

2192 3567 2338 3615 teros
2368 3558 2658 3630 episcOpos
2687 3573 2874 3628 agere,
2908 3557 3204 3612 secundum
3236 3555 3516 3626 antiquam
3545 3570 3578 3610 a
3603 3556 3796 3626 patri-

2193 3648 2295 3702 bus
2323 3647 2526 3703 nostris
2543 3646 2786 3718 regulam
2809 3645 3169 3715 constitutam,
3202 3643 3308 3698 nisi
3335 3659 3398 3700 ea
3429 3651 3633 3699 tantum
3665 3659 3798 3716 qua

2193 3738 2262 3791 ad
2291 3753 2443 3791 suam
2471 3735 2756 3791 dioecesim
2801 3735 3092 3806 pertinent,
3137 3732 3626 3804 possessionesque
3649 3734 3798 3788 sub-

2189 3826 2379 3895 jectas.
2431 3823 2818 3896 Unusquisque
2872 3823 3018 3878 enim
3081 3822 3372 3894 episcopus
3424 3821 3624 3877 habeat
3677 3839 3799 3878 suae

2195 3914 2470 3984 parochias
2516 3919 2859 3984 potestatem,
2907 3920 2965 3966 ut
3018 3919 3174 3984 regat
3213 3911 3364 3980 juxta
3418 3911 3799 3966 reverentiam

2195 4001 2425 4074 singulis
2454 4008 2874 4074 competentem,
2906 4007 2960 4055 et
2995 3999 3391 4072 providentiam
3419 4005 3577 4071 gerat
3607 4001 3801 4056 omnis

2193 4091 2580 4163 possessionis,
2645 4108 2766 4162 quae
2813 4090 2913 4144 sub
2981 4090 3226 4158 ejusdem
3272 4096 3535 4158 potestate
3575 4106 3590 4156 ;
3625 4088 3709 4143 ita
3739 4097 3802 4145 ut

2192 4181 2539 4252 presbyteros
2567 4187 2622 4234 et
2650 4179 2908 4235 diaconos
2941 4178 3173 4246 ordinet,
3203 4186 3255 4232 et
3284 4177 3498 4248 singula
3528 4193 3628 4231 suo
3644 4177 3808 4246 judi-

2192 4270 2277 4325 cio
2306 4268 2771 4340 comprehendat;
2805 4267 3037 4340 amplius
3066 4275 3244 4322 autem
3271 4266 3405 4320 nihil
3453 4282 3619 4338 agere
3662 4274 3802 4322 ten-

2192 4365 2305 4414 tent
2332 4365 2532 4428 praeter
2561 4357 2854 4412 antistitem
2907 4355 3390 4426 metmpolitanum.
3426 4375 3448 4404 α
3483 4353 3806 4425 Diligenter

493 4472 598 4528 qua
625 4451 962 4510 consuetudo
995 4456 1243 4506 servetur
1283 4462 1383 4518 per
1419 4446 1728 4516 zEgyptum,
1771 4440 2011 4510 Libyam.
2035 4445 2088 4493 et
2115 4441 2168 4501 D
2191 4447 2408 4502 attende
2458 4446 2602 4518 quod
2640 4445 2835 4501 dicitur
2881 4445 3231 4516 presbyteros
3257 4451 3310 4500 et
3337 4443 3598 4498 diaconos
3629 4460 3806 4514 paro-

493 4543 852 4613 Pentapolim,
875 4540 948 4594 ita
965 4547 1020 4593 ut
1041 4535 1441 4593 Alexandrinus
1457 4533 1747 4604 episcopus
1767 4531 1964 4585 horum
1983 4542 2094 4582 om-

491 4633 642 4687 nium
669 4631 870 4686 habeat
887 4633 1230 4698 potestatem,
1247 4623 1373 4695 quia
1393 4621 1608 4677 eturbis
1628 4621 1814 4675 Romae
1835 4617 2090 4688 episcopo

493 4720 681 4792 parilis
709 4733 829 4774 mos
857 4723 959 4772 est.
997 4714 1256 4770 Similiter
1280 4719 1462 4766 autem
1489 4717 1544 4764 et
1572 4708 1714 4779 apud
1729 4704 2088 4770 Antiochiam,

496 4817 828 4879 ceterasque
853 4803 1164 4878 provincias
1195 4801 1308 4856 suis
1350 4797 1635 4871 privilegia
1691 4802 1969 4851 serventur
1995 4807 2091 4848 ec-

497 4895 700 4952 clesiis.
733 4894 892 4964 Quod
921 4891 1214 4968 capitulum
1262 4896 1482 4944 sanctus
1521 4884 1830 4941 Bonifacius
1858 4897 1999 4954 papa
2024 4880 2094 4935 ad

493 4983 754 5038 Hilarium
771 4967 1188 5038 Narbonensem
1213 4977 1528 5049 episcopum
1575 4973 1819 5029 scribens
1875 4967 2094 5040 exponit

495 5073 590 5129 ita.
623 5070 884 5128 Convenit
899 5085 1001 5125 nos
1028 5077 1384 5141 paternarum
1413 5063 1753 5120 sanctionum
1803 5059 2094 5130 diligentes

497 5179 622 5219 esse
653 5159 947 5225 custodes;
977 5157 1110 5215 nulli
1137 5156 1338 5213 etenim
1365 5154 1580 5210 videtur
1601 5149 1880 5222 incognita
1901 5145 2096 5218 synodi

495 5248 808 5309 constitutio
833 5248 1087 5316 Nicaeus},
1120 5261 1242 5317 qua
1267 5245 1342 5298 ita
1369 5240 1624 5313 praecepit
1659 5247 1719 5294 ut
1747 5237 1940 5294 eadem
1967 5250 2095 5306 pro-

491 5342 608 5413 prie
636 5339 808 5394 verba
853 5351 1140 5408 ponamus,
1170 5349 1268 5404 per
1295 5343 1731 5402 unamquamque
1757 5325 2096 5399 provinciam

489 5429 578 5499 jus
605 5425 1050 5498 metropolitanos
1077 5419 1325 5493 singulos
1354 5419 1560 5474 habere
1589 5417 1810 5480 debere,
1845 5429 1949 5471 nec
1987 5413 2096 5470 cui-

497 5537 664 5596 quam
691 5521 826 5577 duas
853 5536 978 5578 esse
1008 5517 1297 5588 subjectus.
1331 5513 1488 5582 Quod
1517 5513 1611 5585 illi,
1634 5511 1762 5584 quia
1782 5510 1938 5566 aliter
1967 5521 2094 5564 cre-

2189 4535 2325 4592 chiae
2363 4551 2476 4592 suae
2523 4534 2738 4590 ordinet
2782 4535 3069 4606 episcopus
3093 4553 3108 4601 ;
3132 4533 3342 4589 ordinet
3382 4540 3562 4587 autem
3595 4539 3652 4588 et
3683 4549 3806 4590 non

2190 4625 2488 4693 exordinet,
2522 4639 2624 4679 nec
2669 4631 2856 4680 contra
2905 4622 3128 4696 regulas
3159 4623 3229 4676 ab
3253 4621 3428 4678 oﬂicio
3465 4621 3808 4679 submoveat

2189 4713 2276 4768 vel
2323 4712 2653 4784 suspendat:
2689 4719 2743 4767 et
2787 4711 2988 4767 ibidem
3044 4710 3412 4782 subsequitur,
3443 4709 3662 4782 singula
3693 4727 3806 4768 suo

2185 4800 2388 4870 judicio
2420 4799 2842 4872 comprehendat
2876 4817 2890 4853 :
2948 4799 3162 4872 singula
3192 4807 3372 4854 autem
3422 4797 3552 4854 dicit
3599 4807 3660 4853 ut
3691 4814 3804 4854 suo

2185 4889 2388 4958 judicio
2418 4888 2860 4960 comprehendat,
2894 4894 2946 4942 et
2975 4903 3082 4943 non
3105 4904 3225 4960 qua:
3253 4888 3324 4944 ad
3353 4885 3672 4960 generalem
3705 4887 3815 4942 ob-

2193 4977 2521 5033 servantiam
2568 4977 2808 5032 omnium
2858 4976 3074 5032 Domini
3115 4976 3387 5047 pertinent
3413 4975 3804 5044 sacerdotum,

2193 5083 2331 5138 quae,
2363 5073 2422 5120 ut
2467 5067 2576 5121 Leo
2606 5066 2750 5132 dicit,
2785 5065 2902 5120 sine
2956 5063 3275 5136 primatibus
3305 5080 3413 5120 non
3441 5071 3658 5135 Oportet
3689 5064 3810 5120 im-

2191 5155 2349 5226 pleri.
2373 5155 2440 5209 Et
2459 5155 2570 5210 noli
2588 5155 2840 5210 claudere
2860 5169 3022 5209 aures
3043 5153 3224 5209 cordis
3244 5153 3316 5208 ad
3331 5153 3386 5208 id
3411 5153 3556 5225 quod
3583 5152 3808 5208 ibidem

2193 5243 2607 5316 diligentissime
2632 5243 2828 5299 dicitur
2860 5261 2872 5296 :
2907 5242 3314 5314 Unusquisque,
3351 5241 3544 5312 inquit,
3575 5241 3812 5312 episco-

2193 5348 2293 5402 pus
2323 5331 2513 5388 habeat
2542 5348 2655 5388 suae
2680 5331 2953 5404 parochias
2999 5339 3342 5404 potestatem,
3375 5338 3434 5385 ut
3455 5338 3614 5402 regat
3639 5331 3812 5400 juxta

2195 5419 2555 5476 reverentiam
2611 5421 2842 5494 singulis
2881 5427 3299 5491 competentem.
3331 5418 3562 5474 Proinde
3593 5433 3811 5476 cavere

2193 5509 2460 5566 debueras
2507 5525 2577 5567 ne
2631 5524 2898 5567 concessa
2925 5509 3023 5565 tibi
3071 5517 3178 5566 tuae
3203 5507 3473 5581 parochias
3519 5513 3810 5580 potestate
