4020 6182
254 275 360 331 525

1004 272 1184 331 OPUS
1205 272 1265 330 C.
1321 273 1413 330 ET
1455 273 1676 332 EPIST.
1726 274 1800 330 IN
1845 274 2068 333 CAUSA
2114 277 2457 337 HINCMARI
2494 280 2800 339 LAUDUN.

3448 292 3554 349 526

253 403 447 453 contra
474 395 580 452 hos
608 409 794 453 sacros
825 409 1065 454 canones
1103 398 1428 467 abutereris,
1463 399 1556 472 qui
1582 398 1770 456 dicunt
1798 406 1858 456 ut
1885 400 1942 461 A
1962 402 2070 459 Leo
2116 403 2323 471 scribit,
2374 404 2540 461 etiam
2594 406 2650 461 in
2707 406 2888 462 dubiis
2941 415 2994 464 et
3050 408 3297 467 obscuris
3353 424 3549 470 cavere

252 492 413 559 regat
432 485 727 558 episcopus
758 500 912 542 suam
940 487 1256 559 parochiam
1296 488 1451 557 juxta
1500 488 1856 545 reverentiam

253 582 485 656 singulis
516 591 934 655 competentem,
969 592 1020 640 et
1050 599 1160 640 non
1190 584 1442 657 subrigat
1481 584 1545 658 [Γ.
1580 585 1851 658 subruat],

253 671 392 727 sicut
421 679 479 727 tu
508 670 706 739 fecisti,
741 681 1001 745 quantum
1030 689 1097 729 ex
1126 681 1178 731 te
1209 672 1325 741 fuit,
1358 674 1521 730 exitio
1543 675 1698 745 juxta
1719 676 1854 731 irre-

249 761 555 816 verentiam
585 761 794 818 cunctis
847 761 1326 835 incompetentem.
1386 762 1650 819 Omnibus
1708 764 1854 820 enim

247 848 605 905 irreverentia
636 865 799 921 quam
828 848 1117 907 exhibuisti
1146 852 1202 906 in
1224 859 1313 907 tua
1329 851 1592 923 parochia
1611 852 1855 909 noscitur

252 952 378 994 esse
403 938 802 1010 incompetens,
835 956 956 1011 quas
983 940 1055 995 ad
1082 940 1320 995 omnium
1350 941 1619 1013 probatur
1675 941 1852 1012 perti-

249 1043 387 1084 nere
413 1027 677 1094 exitium;
710 1042 833 1084 cum
862 1027 1092 1101 singulis
1121 1028 1190 1085 de
1221 1028 1472 1102 singulis,
1510 1036 1716 1102 quanto
1732 1044 1852 1085 ma-

249 1115 339 1187 gis
385 1116 459 1171 de
501 1115 747 1188 pluribus
805 1116 1107 1174 timendum
1164 1118 1430 1175 Dominus
1492 1118 1685 1175 dicat:
1747 1120 1852 1188 Qui

246 1205 921 1262 scandalizaveritunum
941 1205 1008 1262 de
1022 1206 1247 1276 pusillis
1270 1207 1400 1263 istis
1423 1207 1519 1279 qui
1535 1208 1600 1263 in
1617 1222 1708 1263 me
1729 1223 1851 1264 cre-

248 1293 418 1361 dunt,
452 1293 686 1364 expedit
704 1296 759 1352 ei
785 1297 851 1351 ut
880 1295 1262 1365 suspendatur
1275 1296 1426 1353 mola
1438 1296 1695 1353 asinaria
1706 1296 1850 1353 collo

246 1384 391 1454 ejus,
404 1386 468 1439 et
480 1371 839 1456 demergatur
848 1384 913 1439 in
918 1384 1272 1457 profundum
1282 1386 1459 1440 maris
1473 1385 1692 1456 (Matth.
1705 1398 1850 1440 xvm

246 1471 417 1528 Herc.
442 1485 505 1525 rx
526 1490 542 1539 ;
565 1472 701 1528 Luc.
720 1470 864 1543 xvn)
888 1490 902 1526 :
936 1472 1082 1545 quia,
1112 1480 1173 1528 ut
1202 1472 1396 1529 beatus
1415 1480 1681 1530 monstrat
1709 1473 1850 1531 Gre-

245 1559 457 1633 gorius,
489 1559 561 1616 ad
590 1559 890 1617 sanctitatis
916 1561 1156 1632 speciem
1182 1561 1436 1632 deducto,
1469 1570 1523 1619 et
1546 1563 1714 1620 verbo
1760 1562 1849 1621 vel

248 1648 503 1720 exemplo
527 1656 757 1706 caeteros
784 1649 1104 1720 destruenti,
1137 1650 1332 1706 melius
1388 1650 1632 1723 profecto
1688 1650 1850 1709 fuerit

246 1744 304 1793 ut
331 1737 483 1793 hunc
523 1738 593 1793 ad
641 1745 876 1794 mortem
931 1739 1035 1794 sub
1088 1739 1342 1797 exteriori
1396 1739 1584 1797 habitu
1628 1746 1847 1798 terrena
1882 1759 1938 1821 Β

244 1834 365 1883 acta
392 1826 855 1900 constringerent,
886 1843 1048 1900 quam
1076 1827 1134 1884 in
1184 1843 1345 1885 sacro
1404 1828 1584 1887 oﬁicio
1639 1830 1849 1902 positus

246 1915 463 1971 caeteris
491 1922 727 1972 mortem
753 1916 925 1973 verbo
957 1924 1012 1973 et
1038 1932 1207 1989 opere
1226 1917 1559 1990 propinaret.
1592 1916 1734 1988 Quia
1762 1918 1852 1975 ni—

244 2005 449 2060 mirum
479 2004 531 2061 si
557 2004 709 2061 solus
734 2005 978 2075 caderet,
1013 2013 1293 2080 utcunque
1322 2008 1468 2064 hunc
1523 2006 1858 2065 tolerabilior

243 2092 445 2150 inferni
472 2108 638 2167 poena
666 2095 955 2151 cruciaret.

308 2183 634 2255 Propterea,
658 2182 830 2239 frater
857 2182 1202 2253 charissime,
1236 2199 1397 2258 rogo,
1416 2184 1627 2252 hortor,
1653 2184 1837 2257 depre-

244 2285 353 2341 cor,
387 2279 446 2327 et
475 2278 676 2344 quanta
698 2288 925 2344 possum
968 2272 1257 2330 dulcedine
1287 2288 1352 2330 ac
1399 2273 1695 2331 humilitate
1751 2289 1851 2332 ex-

238 2375 429 2432 posco,
463 2367 519 2416 et
565 2360 982 2433 metrOpolitana
1039 2361 1359 2419 auctoritate
1416 2377 1759 2432 commoneo,
1791 2370 1852 2420 ut

242 2449 379 2507 sicut
410 2449 680 2505 Dominus
707 2449 950 2522 praecipit
980 2465 1079 2521 per
1132 2451 1475 2523 prophetam,
1530 2451 1850 2524 quantocius

240 2538 332 2593 has
343 2538 623 2596 dissolvas
633 2539 1024 2611 colligationes
1034 2540 1366 2611 impietatis,
1382 2541 1564 2597 solvas
1577 2541 1675 2598 hos
1684 2542 1853 2613 fasci-

239 2627 390 2684 culos
410 2627 794 2698 deprimentes
822 2626 953 2698 (Isa.
988 2630 1169 2698 Lvm),
1199 2627 1410 2686 dimitte
1439 2644 1537 2686 eos
1585 2630 1679 2702 qui
1726 2646 1759 2685 a
1789 2637 1847 2686 te

237 2715 519 2772 constricti
549 2722 674 2771 sunt
701 2713 927 2781 liberos,
961 2723 1015 2772 et
1042 2716 1148 2774 hoc
1178 2732 1340 2773 omne
1362 2733 1501 2774 onus
1523 2717 1832 2789 disrumpe:

239 2804 531 2861 attendens
561 2804 707 2877 quod
733 2820 875 2877 papa
901 2805 1142 2862 Hilarius
1170 2805 1229 2861 in
1243 2806 1479 2863 decretis
1513 2808 1626 2863 suis
1665 2807 1799 2864 dicit
1827 2825 1842 2863 :

241 2914 263 2944 ς
283 2892 409 2965 Qui,
432 2893 711 2966 inquiens,
730 2893 787 2950 in
806 2894 988 2952 causis
1005 2894 1106 2952 Dei
1125 2896 1484 2967 contumacia,
1499 2896 1587 2953 vel
1605 2904 1848 2953 contem-

234 2990 323 3055 ptu
349 2982 672 3054 deliquerit,
703 2990 793 3039 aut
818 2982 938 3055 ipse
968 2983 1113 3056 quod
1144 3000 1431 3057 perperam
1461 2985 1591 3042 fecit
1621 2985 1844 3044 abolere

237 3070 492 3142 noluerit,
522 3071 582 3128 in
610 3087 671 3128 se
701 3072 964 3145 quidquid
991 3071 1123 3129 mali
1148 3088 1258 3130 non
1285 3074 1548 3131 resecarit
1577 3074 1840 3147 inveniet,

242 3159 593 3234 Quapropter
621 3161 714 3234 qui
741 3168 796 3217 te
826 3161 935 3217 scis
967 3162 1293 3235 quibusdam
1312 3163 1683 3236 prapositum,
1703 3164 1841 3221 sicut

235 3258 462 3307 sanctus
493 3249 606 3306 Leo
633 3249 695 3304 in
725 3250 956 3307 decretis
983 3249 1095 3307 suis
1126 3251 1196 3307 ad
1223 3251 1575 3309 Anastasium
1600 3253 1838 3309 Thessa-

230 3337 573 3397 lonicensem
602 3338 922 3411 episcopum
949 3338 1082 3397 dicit
1111 3355 1258 3396 :non
1293 3340 1523 3397 moleste
1551 3341 1713 3398 feras.
1748 3340 1843 3398 ali-

232 3444 399 3500 quem
428 3427 529 3483 tibi
558 3443 682 3485 esse
715 3428 1019 3500 praelatum,
1036 3429 1134 3486 sed
1151 3428 1515 3486 obedientiam
1531 3445 1698 3503 quam
1719 3431 1839 3487 exi-

226 3517 313 3592 gis
342 3518 512 3574 etiam
540 3516 661 3589 ipse
687 3516 984 3589 dependas,
1019 3525 1073 3576 et
1101 3517 1240 3575 sicut
1278 3534 1387 3575 non
1409 3519 1492 3575 vis
1504 3520 1689 3592 gravis
1708 3535 1840 3576 one-

228 3606 306 3662 ris
334 3623 367 3661 a
396 3622 490 3663 me
520 3606 836 3678 impositam
895 3606 991 3663 tibi
1048 3607 1319 3664 sarcinam
1369 3606 1540 3677 ferre,
1596 3608 1672 3665 ita
1727 3623 1837 3666 non

230 3695 444 3753 audeas
472 3694 596 3751 aliis
626 3694 971 3767 importabile
1013 3695 1227 3768 pondus
1282 3696 1565 3768 imponere
1596 3714 1613 3752 :
1664 3697 1836 3754 disci-

226 3783 342 3856 puli
371 3783 524 3840 enim
553 3799 741 3840 sumus
771 3783 990 3840 humilis
1018 3791 1074 3840 et
1099 3784 1246 3840 mitis
1273 3785 1526 3859 magistri
1554 3785 1786 3842 dicentis
1818 3804 1832 3841 :

225 3875 449 3931 Discite
462 3890 498 3930 a
514 3889 605 3929 me
617 3873 750 3946 quia
773 3875 929 3930 mitis
945 3890 1073 3930 sum
1089 3878 1148 3931 et
1166 3873 1402 3931 humilis
1416 3875 1662 3943 corde,et
1684 3877 1837 3932 inve-

225 3964 408 4020 nietis
422 3965 680 4036 requiem
696 3962 996 4020 animabus
1007 3965 1208 4020 vestris
1228 3980 1243 4018 :
1254 3966 1460 4036 jugum
1473 3965 1626 4021 enim
1645 3981 1837 4022 meum

223 4067 402 4109 suave
434 4055 543 4120 est,
566 4054 624 4109 et
668 4068 811 4109 onus
852 4067 1045 4108 meum
1091 4052 1205 4108 leve
1258 4050 1479 4123 (Matth.
1515 4052 1639 4123 xv).
1672 4054 1740 4109 Et
1768 4053 1836 4109 sit

222 4141 375 4213 quod
405 4139 574 4206 absit,
598 4138 685 4196 his
706 4140 881 4197 sacris
900 4155 964 4197 ac
978 4139 1327 4212 regularibus
1348 4140 1568 4197 monitis
1606 4142 1834 4199 obedire

219 4229 502 4297 renueris,
535 4229 671 4285 scito
708 4229 1122 4301 metrOpolitana
1153 4230 1497 4299 auctoritate,
1527 4229 1660 4286 fulta
1691 4246 1830 4302 apo-

216 4319 435 4376 stolica
465 4318 631 4384 sedis,
665 4326 718 4374 et
758 4334 1028 4376 canonum
1071 4334 1358 4376 sacrorum
1408 4319 1635 4388 judicio,
1697 4319 1833 4376 sicut

214 4407 614 4480 pramisimus,
647 4408 785 4463 hanc
817 4406 1133 4479 pestiferam
1161 4416 1325 4480 atque
1354 4408 1689 4465 mortiferam
1737 4425 1829 4464 ex-

1957 489 2248 562 debueras,
2289 500 2344 547 et
2380 493 2557 548 nullas
2587 494 2814 551 sustinet
2842 512 3028 553 moras
3076 499 3301 568 habere,
3352 516 3552 573 supra-

1954 578 2102 635 dicta
2130 580 2447 637 auctoritate
2468 583 2801 640 denuntiabo
2830 600 2951 642 esse
2985 588 3133 644 omni
3162 588 3379 660 penitus
3433 590 3553 647 vir-

1953 673 2065 723 tute
2111 684 2343 725 vacuum
2391 671 2653 743 quidquid
2684 689 2715 727 a
2760 680 2813 730 te
2855 690 2921 731 ex
2977 676 3255 747 praedictis
3303 678 3553 751 capitulis

1952 766 2286 827 praceptum
2315 767 2398 816 est
2440 761 2510 815 ab
2539 761 2755 819 illorum
2813 764 3197 822 constitutione
3251 767 3549 825 diversum.

1952 844 2014 900 In
2043 845 2196 915 cujus
2224 854 2328 903 tuae
2355 851 2790 921 praesumptionis
2818 854 3196 926 evacuatione,
3256 863 3313 911 ut
3350 857 3554 929 partim

1952 946 2136 1002 sensu,
2169 936 2361 1005 partim
2388 938 2573 994 verbis
2600 946 2726 995 utar
2752 940 2898 996 beati
2947 941 3172 1013 Gelasii,
3226 959 3338 1000 non
3393 961 3552 1004 nove

1951 1021 2349 1080 constitutionis
2393 1033 2598 1094 auctor,
2650 1028 2750 1085 sed
2798 1029 3001 1086 veteris
3055 1031 3330 1088 constituti
3386 1049 3551 1091 exse-

1950 1117 2108 1167 cutor
2143 1112 2339 1181 existo,
2369 1114 2517 1186 quod
2561 1130 2672 1172 non
2726 1117 2899 1174 solum
2944 1120 3168 1190 praesuli
3224 1123 3545 1194 metropoli-

1948 1206 2095 1267 tano,
2126 1201 2225 1257 sed
2253 1208 2307 1258 et
2334 1204 2637 1277 cuicunque
2668 1212 2749 1261 est
2776 1205 3016 1276 pontiﬁci
3035 1208 3260 1277 licitum,
3286 1210 3547 1282 quoniam

1949 1303 2102 1344 error
2130 1289 2223 1361 qui
2252 1291 2424 1347 semel
2454 1300 2536 1348 est
2561 1308 2687 1349 cum
2727 1309 2826 1350 suo
2848 1303 3069 1353 auctore
3124 1297 3428 1368 clamatus,
3488 1300 3549 1355 in

1942 1377 2267 1450 participem
2295 1380 2541 1451 quolibet
2578 1381 2744 1438 modo
2778 1399 2966 1454 prava
3010 1387 3406 1445 communionis
3455 1386 3542 1445 ef-

1941 1463 2143 1524 fectum
2172 1469 2601 1527 exsecrationem
2622 1472 2705 1527 sui
2738 1479 2917 1545 gestat
2951 1481 3006 1531 et
3020 1489 3265 1546 pmnam.
3298 1496 3323 1529 s

2336 1624 2680 1685 HINCMARI
2709 1628 3120 1689 RHEMENSIS

2543 1736 2619 1779 AD
2673 1740 2927 1784 EUHDEI.

2025 1817 2352 1877 Hmmnus
2401 1822 2737 1881 Rhemorum
2792 1828 3082 1902 episcopus
3145 1829 3344 1889 dilecto
3397 1829 3550 1891 fratri

1955 1906 2252 1965 anmno
2282 1910 2631 1970 Laudunensi
2658 1916 2986 1988 coepiscOpo
3002 1926 3191 1975 nostro
3208 1921 3465 1979 salutem.

2023 1997 2162 2054 Ante
2189 2013 2301 2056 non
2345 2000 2570 2074 longum
2623 2009 2840 2076 tempus
2895 2005 3342 2066 inconvenientes
3386 2018 3551 2084 atque

1952 2083 2167 2142 illicitas
2198 2090 2789 2149 excommunicationes
2816 2092 2875 2149 in
2913 2110 3008 2151 eos
3048 2096 3213 2152 etiam
3249 2097 3343 2171 qui
3369 2099 3441 2154 ad
3466 2083 3474 2098 ’ν
3493 2106 3551 2157 te

1952 2187 2063 2230 non
2089 2176 2437 2246 pertinebant
2463 2178 2549 2235 ira
2599 2180 2866 2253 praecipiti
2920 2190 2973 2239 et
3018 2185 3328 2255 perturbata
3357 2193 3548 2243 contra

1953 2276 2143 2319 sacras
2173 2266 2392 2337 regulas
2412 2267 2685 2339 jaculasti,
2717 2270 2861 2326 unde
2906 2273 3201 2329 maximum
3228 2275 3551 2332 scandalum

1952 2349 2008 2406 in
2035 2352 2142 2409 hoc
2186 2369 2384 2428 regno,
2442 2363 2497 2412 et
2531 2356 2590 2413 in
2623 2357 2733 2415 ista
2758 2360 2995 2416 ecclesia
3048 2362 3392 2420 commovisti
3422 2381 3439 2419 :
3477 2364 3549 2422 de

1953 2440 2148 2511 quibus
2174 2444 2828 2504 excommunicationibus
2871 2465 3049 2521 nuper
3090 2450 3149 2506 in
3181 2451 3468 2509 Vermeria
3494 2460 3550 2510 te

1950 2544 2059 2584 una
2081 2545 2209 2587 cum
2237 2530 2518 2603 fratribus,
2551 2542 2607 2593 et
2646 2537 2987 2609 coepiscopis
3031 2540 3237 2595 nostris
3291 2542 3544 2611 conveni,

1951 2632 2150 2692 easque
2191 2619 2320 2678 licet
2364 2637 2476 2678 non
2520 2623 2639 2681 sine
2684 2625 2764 2681 tui
2819 2626 3158 2686 calumniosa
3201 2628 3405 2686 invidia
3458 2630 3547 2688 his

1950 2702 2145 2773 quibus
2190 2704 2340 2775 ipsas
2388 2706 2796 2765 maledictiones
2850 2710 3199 2785 irrogaveras
3255 2714 3533 2786 quomodo

1948 2790 2262 2861 dissolvisti,
2308 2809 2343 2850 a
2389 2795 2547 2851 nobis
2594 2797 2954 2857 commonitus
2996 2808 3056 2856 ut
3100 2801 3158 2857 in
3218 2802 3553 2874 proferenda

1946 2880 2216 2937 sententia
2243 2881 2314 2939 de
2342 2890 2541 2940 caetero
2572 2885 2878 2944 nullatenus
2933 2904 3182 2961 preceps
3232 2890 3502 2948 existeres
3531 2908 3549 2949 :

1946 2968 2044 3026 sed
2080 2977 2139 3025 tu
2185 2970 2394 3027 addens
2445 2973 2634 3044 pejora
2686 2975 2980 3047 prioribus,
3035 2977 3175 3035 sicut
3225 2978 3349 3035 data
3413 2979 3549 3036 mihi

1942 3057 2131 3128 petitio.
2163 3074 2198 3115 a
2226 3060 2575 3118 Laudunensi
2603 3063 2855 3122 Ecclesia
2872 3073 3158 3135 monstrat,
3179 3066 3238 3124 in
3252 3068 3547 3126 vindictam

1884 3119 2261 3216 Cinjuriarum
2290 3158 2507 3207 tuarum
2559 3154 2889 3226 precepisti,
2921 3162 2981 3212 ut
3022 3156 3079 3212 in
3128 3158 3423 3214 commissa
3447 3158 3547 3215 tibi

1940 3238 2201 3308 parochia
2255 3255 2417 3296 nemo
2465 3240 2692 3297 missam
2749 3250 3013 3313 cantaret,
3062 3260 3225 3301 nemo
3302 3262 3548 3304 commu-

1942 3325 2163 3382 nionem
2191 3342 2409 3384 sacram
2438 3329 2768 3401 perciperet,
2817 3347 2942 3387 cum
2998 3330 3264 3389 Dominus
3321 3334 3547 3392 tradens

1943 3422 2287 3471 sacrosancta
2350 3419 2608 3488 mysteria
2680 3420 2947 3491 corporis,
3007 3429 3061 3476 et
3115 3422 3401 3496 sanguinis
3458 3424 3546 3481 sui

1940 3502 2267 3559 celebranda
2299 3505 2411 3561 suis
2440 3506 2742 3579 discipulis,
2775 3515 2828 3563 et
2845 3524 2948 3580 per
2962 3524 3058 3565 eos
3077 3509 3328 3567 omnibus
3345 3526 3537 3570 sacer-

1940 3588 2159 3647 dotibus
2186 3591 2385 3649 dixerit
2416 3612 2430 3648 :
2463 3596 2587 3651 Haec
2604 3597 3045 3670 quotiescunque
3070 3600 3325 3671 feceritis
3344 3601 3409 3658 in
3427 3603 3544 3659 mei

1938 3681 2272 3738 memoriam
2303 3684 2530 3754 facietis
2576 3683 2734 3756 (Luc.
2765 3687 2951 3756 xxu);
2984 3693 3038 3742 et
3094 3687 3163 3744 de
3210 3703 3443 3761 corpore
3482 3699 3537 3747 et

1945 3769 2213 3843 sanguine
2243 3786 2341 3827 suo
2372 3788 2388 3825 ε
2422 3773 2544 3829 Nisi
2563 3773 3065 3843 manducaveritis,
3090 3775 3284 3848 inquit,
3308 3775 3543 3837 carnem

1937 3858 2047 3926 ﬁlii
2058 3859 2321 3927 hominis,
2340 3864 2398 3917 et
2414 3860 2669 3920 biberitis
2706 3865 2827 3935 ejus
2862 3867 3215 3935 sanguinem,
3243 3883 3361 3925 non
3376 3868 3543 3926 habe-

1933 3946 2067 4003 bitis
2089 3946 2268 4005 vitam
2285 3949 2349 4006 in
2379 3950 2528 4010 vobis
2549 3950 2734 4023 (Joan.
2763 3952 2866 4025 vr).
2898 3953 3213 4027 Praecepisti
3238 3971 3457 4029 quoque
3476 3964 3537 4014 ut

1932 4051 2094 4092 nemo
2121 4037 2398 4109 parvulos,
2431 4039 2594 4096 etiam
2620 4041 2815 4099 mortis
2844 4051 3077 4116 urgente
3105 4043 3347 4116 periculo
3363 4045 3421 4101 in
3448 4054 3539 4105 tua

1934 4134 2190 4206 parochia
2242 4134 2556 4209 baptisaret,
2604 4154 2729 4196 cum
2774 4138 3041 4197 Dominus
3098 4141 3292 4200 dicat:
3339 4145 3538 4204 Docete

1934 4239 2125 4280 omnes
2166 4229 2378 4297 gentes,
2403 4227 2754 4297 baptizantes
2772 4244 2863 4286 eos
2883 4229 2947 4284 in
2978 4232 3208 4287 nomine
3235 4233 3446 4300 Patris,
3479 4237 3539 4291 et

1931 4310 2085 4379 Filii,
2114 4316 2172 4368 et
2194 4313 2443 4386 Spiritus
2474 4316 2665 4373 sancti
2683 4315 2853 4387 (Marc
2877 4317 3022 4387 .xvr)
3042 4338 3061 4385 ;
3085 4324 3175 4374 et:
3231 4319 3355 4374 Nisi
3408 4323 3534 4393 quis

1932 4402 2169 4456 renatus
2181 4402 2363 4472 fuerit
2380 4417 2454 4459 ea:
2465 4419 2612 4475 aqua
2632 4407 2690 4459 et
2707 4404 2929 4473 Spiritu
2940 4409 3139 4462 sancto
3156 4422 3273 4462 non
3288 4409 3536 4465 intrabit

210 4496 776 4555 communicationem
794 4504 941 4552 tuam
962 4496 1299 4553 solvendam.
1331 4497 1471 4553 Nam
1502 4497 1548 4552 si
1570 4496 1829 4569 quaelibet
1855 4483 1907 4544 D
1931 4488 1993 4544 in
2012 4503 2249 4560 regnum
2270 4490 2538 4546 caelorum
2558 4490 2738 4561 (Joan.
2772 4491 2876 4564 In).
2900 4492 3131 4549 Vetuisti
3177 4494 3526 4553 nihilominus

207 4601 467 4658 persona
523 4592 630 4642 tuae
684 4585 958 4656 parochias
1002 4601 1033 4639 a
1071 4592 1125 4640 te
1156 4584 1622 4642 excommunicata
1667 4585 1825 4653 foret,

209 4677 364 4733 unde
394 4674 640 4730 dubitari
667 4682 855 4746 posset
873 4682 1058 4731 utrum
1098 4674 1236 4731 sicut
1285 4675 1429 4732 sacri
1474 4674 1687 4731 Nicmni
1745 4690 1830 4733 ca-

208 4781 397 4822 nones
430 4764 640 4835 dicunt,
691 4763 1159 4834 pusillanimitate,
1199 4771 1294 4820 aut
1339 4763 1704 4832 contentione,
1742 4763 1831 4822 vel

204 4850 319 4910 alio
354 4852 611 4927 quolibet
665 4852 798 4909 vitio
846 4860 939 4909 tuo
982 4852 1261 4910 videretur
1312 4868 1345 4908 a
1402 4853 1828 4927 congregatione

201 4944 460 5009 seclusa,
538 4948 916 5014 exspectarem
976 4941 1160 5015 utique
1236 4957 1522 5016 usquequo
1578 4943 1828 5000 omnibus

197 5031 589 5089 communiter
619 5029 780 5087 simul
826 5030 1100 5103 episcopis
1151 5031 1505 5104 congregatis
1531 5032 1827 5104 provincia

192 5121 585 5179 discuteretur
612 5119 924 5189 hujusmodi
949 5119 1196 5193 quaestio,
1230 5127 1284 5176 et
1313 5120 1401 5177 vel
1448 5120 1562 5189 tibi,
1626 5120 1714 5179 vel
1771 5121 1828 5177 in

190 5209 497 5270 communi
524 5208 763 5280 placeret
792 5209 1174 5266 humaniorem
1221 5224 1320 5280 pro
1370 5208 1461 5265 tali
1490 5209 1637 5267 ferre
1693 5225 1824 5265 sen-

189 5302 464 5358 tentiam.
513 5297 677 5354 Nunc
724 5304 905 5355 autem
960 5298 1086 5371 quia
1148 5304 1261 5354 tam
1314 5296 1601 5355 manifeste
1658 5313 1826 5356 causa

183 5398 350 5463 patet
383 5385 750 5444 exsecrabilis
802 5393 966 5459 atque
1021 5385 1312 5443 exitiabilis
1362 5402 1485 5443 esse
1518 5402 1551 5442 a
1590 5393 1644 5441 te
1673 5403 1823 5458 prae-

186 5487 385 5551 cepta,
419 5484 482 5532 ut
510 5475 801 5547 praeceptis
831 5473 1163 5546 evangelicis
1192 5473 1481 5542 contraria,
1516 5481 1570 5531 et
1589 5474 1825 5533 decretis

185 5576 538 5626 sanctorum
589 5562 894 5621 inveniatur
949 5562 1205 5631 adversa,
1262 5564 1429 5636 quod,
1489 5570 1547 5619 ut
1603 5571 1825 5621 sanctus

1931 4583 1989 4633 ut
2007 4592 2171 4633 nemo
2191 4593 2520 4651 quemquam
2546 4579 2794 4636 ultimam
2822 4581 3198 4653 pmnitentiam
3218 4582 3307 4639 vel
3335 4598 3529 4640 recon—

1931 4664 2255 4723 ciliationem
2284 4667 2576 4739 reciperet,
2608 4669 2695 4727 vel
2716 4670 2962 4744 poscenti
2978 4671 3164 4727 ultimo
3185 4686 3355 4729 sacrae
3374 4687 3529 4729 com-

1928 4754 2201 4812 munionis
2257 4755 2455 4814 viatico
2512 4757 2842 4826 subveniret,
2903 4776 3027 4816 cum
3095 4758 3360 4816 Dominus
3406 4776 3530 4818 om-

1928 4844 2090 4900 nibus
2120 4844 2401 4917 praedicet.
2438 4849 2847 4905 Panitentiam
2893 4848 3062 4919 agite,
3111 4850 3529 4925 appropinqua-

1928 4933 2009 4989 bit
2040 4934 2195 4991 enim
2211 4951 2453 5008 regnum
2473 4937 2738 4993 caelorum
2754 4935 2973 5007 (Matth.
3031 4936 3140 5009 ιη.)
3178 4938 3247 4995 Et
3288 4937 3527 4998 Iacobus

1927 5022 2206 5095 apostolus
2239 5042 2253 5079 :
2283 5025 2637 5094 Inﬁrmatur,
2652 5024 2844 5096 inquit,
2862 5024 3071 5097 aliquis
3088 5026 3150 5082 in
3170 5027 3336 5095 vobis,
3357 5029 3526 5087 indu-

1926 5115 2023 5166 cat
2035 5111 2380 5185 presbyteros
2401 5111 2684 5182 Ecclesiaz,
2703 5115 2762 5170 et
2776 5117 2940 5169 orent
2951 5130 3123 5187 super
3142 5131 3292 5184 eum,
3315 5132 3527 5190 ungen-

1929 5211 2011 5265 tes
2023 5225 2152 5266 eum
2164 5209 2281 5266 oleo
2294 5209 2357 5265 in
2373 5209 2604 5266 nomine
2618 5210 2861 5277 Domini,
2879 5215 2936 5268 et
2947 5214 3127 5271 oratio
3138 5213 3273 5282 ﬁdei
3284 5214 3525 5271 salvabit

1924 5296 2238 5366 inﬁrmum,
2259 5297 2733 5354 etallevabiteum
2744 5300 3015 5358 Dominus
3031 5319 3051 5369 ;
3065 5302 3257 5358 etsiin
3274 5305 3527 5375 peccatis

1924 5387 2020 5451 sit,
2040 5385 2408 5442 dimittantur
2418 5387 2490 5441 ei.
2509 5385 2871 5456 Conﬁtemini
2891 5405 3016 5460 ergo
3037 5389 3387 5447 alterutrum
3403 5409 3530 5465 peca

1923 5476 2053 5531 cata
2066 5476 2267 5540 vestra,
2289 5477 2346 5531 et
2356 5476 2513 5532 orate
2523 5490 2622 5546 pro
2640 5477 2883 5533 invicem
2894 5480 2960 5532 ut
2978 5478 3278 5534 salvemini
3293 5479 3525 5554 (Jac.v),

1925 5562 1995 5617 Et
2029 5568 2251 5618 sanctus
2283 5561 2585 5636 Gregorius
2615 5564 2683 5621 de
2726 5564 3142 5624 resuscitatione
3186 5565 3533 5639 quatriduanl
