4054 6180
458 247 562 308 527

1463 245 1804 304 HINCMARI
1831 243 2232 304 RHEMENSIS
2261 247 2809 304 ARCHIEPISCOPI.

3657 251 3758 304 528

470 370 670 427 mortui
687 370 916 442 loquens
931 369 1079 438 dicit,
1105 368 1361 442 quiaillos
1383 387 1480 426 nos
1501 371 1763 426 debemus
1775 387 1873 442 per
1887 378 2064 442 pasto-
2079 371 2139 434 A
2169 372 2312 428 mihi
2331 374 2624 427 ministrat
2647 387 2735 426 me
2762 374 3034 443 sequatur
3081 369 3263 440 (Joan.
3293 369 3420 440 xu),
3443 369 3498 424 id
3535 377 3620 424 est
3673 385 3762 425 me

465 461 638 516 ralem
665 459 1034 516 auctoritatem
1065 459 1294 526 solvere,
1320 477 1456 532 quos
1488 469 1762 515 auctorem
1811 469 2058 514 nostrum

467 544 853 616 cognoscimus
873 561 973 614 per
988 545 1338 600 suscitantem
1355 545 1586 616 gratiam
1605 543 1901 599 vivificarc.
1924 543 2059 611 Quae

467 633 720 688 nimirum
749 631 1036 688 viviﬁcatio
1067 641 1190 688 ante
1219 634 1587 704 operationem
1621 633 1956 688 rectitudinis
2005 633 2058 685 in

463 723 702 793 ipsajam
715 721 1062 792 cognoscitur
1077 721 1420 778 confessione
1433 722 1659 792 peccati.
1676 721 1870 778 Veniat
1881 721 2060 791 itaque

461 809 612 865 foras
633 818 898 880 mortuus,
922 810 974 864 id
993 819 1074 865 est
1095 811 1306 881 culpam
1323 809 1641 866 conﬁteatur
1662 817 1938 880 peccator,
1967 824 2062 864 ve—

465 898 703 954 nientem
717 915 846 954 vero
865 898 1004 953 foras
1021 899 1236 954 solvant
1247 899 1518 970 discipuli,
1539 906 1596 952 ut
1607 907 1854 968 pastores
1869 896 2062 952 Eccle-

463 987 559 1043 sia:
578 987 628 1042 ei
645 985 862 1057 poenam
881 987 1112 1042 debeant
1132 1003 1386 1042 amovere
1407 1003 1566 1058 quam
1589 987 1805 1050 meruit,
1843 985 1934 1056 qui
1953 1001 2062 1038 non

461 1077 672 1132 erubuit
712 1075 956 1132 conﬁteri
991 1077 1136 1146 quod
1175 1075 1320 1132 fecit.
1357 1077 1422 1129 Et
1461 1076 1528 1130 de
1569 1091 1816 1144 corpore,
1847 1089 1910 1127 ac
1940 1089 2064 1127 san-

464 1165 628 1238 guine
664 1179 784 1234 suo,
827 1165 882 1218 in
921 1165 1115 1236 quibus
1156 1164 1303 1218 salus
1339 1163 1644 1218 animarum
1683 1171 1736 1216 et
1775 1177 2064 1232 corporum

464 1270 776 1318 nostrorum
805 1262 1071 1328 consistit,
1103 1261 1368 1315 Dominus
1397 1261 1526 1315 dicit
1561 1277 1572 1315 :
1613 1261 1716 1328 Qui
1752 1260 2068 1315 manducet

463 1367 651 1407 meam
663 1367 916 1418 carnem,
935 1354 990 1404 et
1003 1349 1338 1405 bibitmeum
1349 1350 1696 1420 sanguinem
1712 1349 1876 1404 habet
1889 1350 2066 1403 vitam

464 1443 761 1504 (eternam,
783 1442 838 1492 et
855 1455 951 1509 ego
981 1439 1324 1494 resuscitabo
1369 1454 1500 1493 eum
1541 1439 1604 1491 in
1633 1437 1934 1492 novissimo
1977 1436 2066 1491 die

463 1527 647 1598 (Joan.
671 1527 770 1597 γι).
793 1525 927 1594 Quae
956 1525 1296 1581 resuscitatio
1328 1526 1560 1581 discreta
1591 1525 1690 1580 erit
1748 1526 1817 1580 ab
1875 1539 2067 1578 eorum

461 1613 872 1670 resuscitatione
900 1615 992 1684 qui
1019 1630 1128 1669 non
1158 1614 1488 1670 manducent
1517 1629 1734 1669 carnem
1767 1611 1861 1666 ﬁlii
1891 1612 2069 1668 homi-

2159 460 2435 526 imitetur;
2470 461 2538 515 de
2593 475 2700 530 quo
2744 459 3002 530 scriptum
3059 467 3187 514 est:
3233 459 3364 526 Quae
3406 459 3569 531 coepit
3599 461 3758 514 Iesus

2163 551 2380 619 facere,
2428 553 2484 604 et
2513 549 2708 604 docere
2727 548 2871 619 (Act.
2893 550 2954 618 ι),
2987 547 3080 619 qui
3099 546 3224 602 fecit
3241 547 3506 613 etdocuit,
3529 563 3648 618 quae
3663 547 3760 602 tibi

2158 634 2214 690 in
2245 646 2460 692 tuarum
2507 637 2821 706 injuriarum
2873 635 3216 692 tribulatione
3263 637 3538 708 agendum
3576 645 3630 690 et
3665 637 3760 705 ju-

2159 727 2398 782 bendum
2428 725 2608 782 fuerat
2641 742 2653 780 :
2687 743 2810 780 nam
2841 725 3156 780 imminente
3187 741 3297 780 suae
3327 725 3600 796 passionis
3629 723 3760 778 arti-

2161 815 2280 870 culo
2311 831 2411 885 pro
2441 831 2502 870 se
2525 823 2578 870 et
2607 831 2706 886 pro
2737 815 2870 884 suis,
2903 815 3002 870 sed
3023 822 3076 868 et
3105 829 3204 885 pro
3233 813 3320 870 his
3353 813 3446 884 qui
3502 812 3760 869 credituri

2163 913 2315 958 erant
2343 921 2441 974 per
2473 905 2698 960 verbum
2731 919 2922 960 eorum
2942 903 2996 958 in
3023 919 3170 968 eum,
3203 903 3418 958 Patrem
3449 902 3620 958 oravit
3667 918 3760 958 se-

2162 993 2400 1048 cundum
2429 993 2816 1048 humanitatem
2851 992 2944 1063 qui
2993 992 3173 1046 omnia
3219 991 3486 1046 donorum
3533 1007 3762 1046 munera

2163 1081 2396 1153 largitur
2427 1097 2550 1136 cum
2581 1082 2734 1136 Patre
2759 1080 3055 1136 divinitatis
3071 1080 3396 1151 aequalitate.
3419 1081 3488 1135 Et
3503 1080 3592 1150 qui
3613 1097 3761 1150 prae-

2164 1170 2306 1240 cepit
2338 1169 2620 1240 discipulis
2641 1169 2754 1224 suis
2787 1169 2976 1226 dicens
3009 1186 3023 1223 :
3061 1169 3226 1224 Orate
3251 1186 3353 1241 pro
3381 1171 3764 1241 persequenti—

2165 1258 2263 1314 bus
2294 1263 2350 1314 et
2379 1259 2866 1314 calumniantibus
2885 1275 2996 1324 vos,
3019 1261 3085 1314 ut
3107 1259 3232 1313 sitis
3251 1259 3362 1326 ﬁlii
3377 1258 3567 1312 Patris
3589 1259 3764 1312 vestri

2166 1349 2342 1420 quiin
2369 1349 2522 1403 cwlis
2553 1351 2639 1402 est
2669 1348 2892 1412 (Matth.
2933 1362 3007 1414 v;
3039 1349 3173 1402 Luc.
3229 1349 3330 1416 γι),
3375 1347 3430 1400 in
3460 1361 3626 1402 cruce
3651 1361 3762 1401 non

2167 1435 2340 1491 solum
2368 1452 2469 1506 pro
2515 1435 2630 1490 suis
2675 1435 3138 1506 persecutoribus,
3190 1451 3374 1490 verum
3433 1443 3486 1490 et
3522 1451 3620 1506 pro
3649 1435 3762 1490 suis

2165 1524 2600 1580 interfectoribus
2627 1525 2890 1588 exoravit,
2927 1532 2978 1579 et
3009 1539 3154 1580 nunc
3173 1524 3372 1581 sedens
3393 1524 3464 1578 ad
3481 1524 3760 1578 dexteram

2164 1613 2336 1668 Patris
2363 1613 2671 1684 interpellat
2698 1629 2799 1684 pro
2829 1613 3006 1668 nobis.
3040 1614 3206 1667 Jussit
3255 1613 3420 1667 etiam
3477 1612 3764 1684 discipulis

465 1703 571 1770 nis,
595 1711 650 1758 et
679 1717 788 1758 non
819 1703 1010 1757 bibunt
1049 1703 1166 1772 ejus
1209 1703 1552 1776 sanguinem,
1600 1719 1664 1758 ac
1693 1719 1794 1774 per
1822 1703 1928 1757 hoc
1957 1717 2065 1757 non
2093 1726 2148 1786 B
2167 1701 2278 1756 suis
2321 1709 2614 1772 antequam
2657 1709 2952 1772 pateretur,
2997 1717 3122 1756 cum
3165 1701 3388 1757 traderet
3417 1709 3470 1756 et
3533 1707 3762 1756 mcestus

465 1792 740 1847 habebunt
769 1793 956 1847 vitam.
989 1792 1206 1846 Iussisti
1236 1793 1396 1847 etiam
1423 1793 1716 1847 maximam
1753 1791 2065 1846 inhumani-

464 1889 628 1936 tatem
655 1889 712 1935 ut
731 1897 892 1936 nemo
919 1889 1190 1936 mortuum
1221 1882 1277 1935 in
1324 1889 1416 1936 tua
1463 1881 1728 1952 parochia
1784 1879 2062 1950 sepeliret,

461 1985 588 2026 cum
609 1970 872 2024 Dominus
888 1985 989 2040 per
1017 1971 1348 2041 prophetam
1377 1986 1583 2043 egenos
1613 1977 1665 2026 et
1694 1984 1862 2040 vagos
1884 1984 2067 2040 quem-

465 2073 570 2130 que
607 2059 663 2113 in
691 2059 913 2114 domum
941 2075 1100 2112 suam
1125 2059 1384 2114 inducere
1409 2059 1615 2128 jubeat,
1649 2067 1702 2113 et
1731 2057 1994 2114 Dominus
2011 2058 2068 2111 in

457 2147 664 2216 judicio
675 2147 1040 2220 dicet,Hospes
1054 2149 1162 2218 fui,
1179 2152 1236 2202 et
1249 2149 1574 2220 suscepistis
1587 2164 1676 2202 me
1689 2146 1903 2216 (Matth.
1921 2145 2066 2215 xxv)

472 2243 526 2290 et
557 2243 612 2290 tu
647 2236 944 2308 hospitium
992 2236 1050 2289 in
1075 2243 1268 2291 ventre
1314 2237 1556 2292 omnium
1612 2235 1805 2290 matris
1857 2235 2066 2290 scilicet

462 2331 621 2379 terra:
651 2323 881 2379 mortuis
909 2324 1174 2396 denegari
1198 2324 1429 2392 jussisti,
1465 2325 1535 2378 de
1565 2323 1762 2394 quibus
1791 2331 2065 2394 prmeepta

467 2411 786 2484 evangelica
831 2419 996 2482 atque
1039 2411 1354 2482 apostolica,
1388 2419 1440 2466 et
1469 2419 1782 2467 sanctorum
1842 2411 2066 2466 decreta

460 2500 558 2578 tibi
576 2500 771 2566 direxi,
805 2517 926 2571 quas
954 2500 1094 2555 sicut
1119 2499 1252 2554 mihi
1283 2515 1393 2554 non
1421 2500 1632 2556 incerta
1659 2499 1924 2554 relatione
1971 2515 2063 2552 re-

461 2589 778 2644 nunciatum
801 2596 884 2644 est
915 2588 1210 2658 suscepisti
1237 2589 1456 2660 quidem
1485 2588 1595 2654 illa,
1631 2588 1728 2643 sed
1759 2587 1948 2660 legere
1965 2601 2063 2642 no-

461 2676 628 2744 luisti,
647 2693 772 2734 cum
792 2677 1250 2748 dicatApostolus
1283 2693 1295 2731 :
1336 2679 1910 2750 Qucecunquescripta
1927 2678 2064 2731 sunt

463 2767 536 2822 ad
551 2770 808 2822 nostram
818 2767 1138 2824 doctrinam
1151 2767 1364 2838 scripta
1380 2771 1610 2836 sunt,ut
1621 2782 1722 2839 per
1736 2765 2064 2822 consolatio.

462 2871 598 2910 nem
633 2857 1062 2926 Scripturarum
1081 2871 1237 2925 spem
1277 2855 1580 2910 habeamus
1597 2857 1775 2924 (Rom.
1797 2855 1898 2924 xv)
1932 2871 1944 2907 :
1971 2852 2063 2924 qui

466 2943 612 2998 enim
641 2942 946 2998 doctrinam
974 2950 1026 2997 et
1045 2941 1469 2998 consolationem
1500 2943 1911 3012 Scripturarum
1958 2941 2062 2996 ab-

465 3031 600 3098 nuit,
632 3046 788 3102 spem
829 3030 1020 3086 salutis
1079 3046 1140 3086 se
1185 3045 1295 3086 non
1345 3031 1554 3086 habere
1610 3031 1850 3086 ostendit
1883 3048 1894 3084 :
1929 3045 2054 3084 nam

2168 1798 2312 1846 esset
2343 1806 2516 1862 usque
2546 1791 2614 1844 ad
2643 1797 2892 1856 mortem,
2947 1799 3002 1844 ut
3041 1799 3260 1846 orarent
3287 1806 3356 1844 ne
3403 1791 3458 1844 in
3507 1789 3760 1844 tentatio-

2165 1895 2291 1934 nem
2321 1878 2602 1933 intrarent.
2635 1879 2704 1932 Et
2725 1879 2864 1934 sicut
2893 1878 3146 1950 legimus,
3176 1879 3366 1935 Oratio
3385 1879 3552 1947 ﬁebat
3579 1879 3647 1934 ab
3667 1894 3760 1934 ec-

2165 1969 2340 2024 clesia
2369 1968 2518 2038 (Act.
2553 1969 2658 2034 xu)
2687 1983 2786 2038 pro
2817 1967 2976 2022 Petro
2995 1967 3208 2023 recluso
3239 1967 3294 2022 in
3316 1983 3540 2022 carcere
3565 1975 3620 2022 et
3643 1967 3759 2022 vin-

2165 2064 2253 2111 cto
2282 2057 2490 2112 catenis
2519 2056 2768 2123 duabus;
2802 2056 2900 2111 sed
2929 2065 2982 2111 et
3013 2057 3202 2112 Petrus
3231 2055 3424 2124 oravit,
3455 2056 3594 2110 sicut
3623 2054 3760 2128 legi-

2164 2160 2304 2212 mus,
2337 2161 2435 2216 pro
2481 2143 2748 2201 Ecclesia.
2799 2144 3008 2200 Paulus
3039 2161 3256 2216 quoque
3285 2145 3342 2200 in
3363 2145 3758 2214 persecutioni-

2165 2232 2285 2300 bus,
2319 2233 2376 2287 in
2396 2234 2730 2302 carceribus,
2763 2233 2818 2288 in
2847 2233 3078 2288 vinculis
3108 2242 3272 2304 atque
3293 2233 3500 2289 catenis
3529 2233 3758 2304 positus,

2164 2321 2300 2377 sicut
2325 2320 2580 2394 legimus,
2617 2337 2762 2394 saepe
2783 2323 2851 2376 ab
2879 2321 3130 2378 Ecclesia
3159 2321 3302 2376 orari
3331 2322 3580 2393 poposcit
3611 2329 3670 2376 ut
3689 2321 3760 2376 li-

2165 2409 2444 2465 beraretur
2473 2411 2543 2466 ab
2571 2409 2882 2466 inﬁdelibus
2911 2419 2966 2466 et
3001 2411 3324 2482 importunis
3381 2425 3447 2466 ac
3467 2410 3623 2466 malis
3655 2410 3760 2466 ho-

2163 2499 2418 2564 minibus,
2453 2499 2552 2552 sed
2600 2507 2652 2554 et
2693 2499 2810 2569 ipse
2859 2499 3028 2555 oravit
3073 2515 3174 2570 pro
3215 2499 3482 2554 Ecclesia.
3525 2499 3760 2555 Iacobus

2163 2586 2444 2656 apostolus
2472 2587 2840 2658 praecipitatus
2877 2587 2948 2642 de
3003 2587 3294 2658 pinnaculo
3349 2586 3554 2658 templi,
3603 2586 3759 2642 ﬂexis

2164 2675 2396 2745 genibus
2426 2675 2600 2732 oravit
2631 2691 2732 2746 pro
2763 2675 2878 2731 suis
2909 2676 3266 2732 occisoribus.
3300 2677 3369 2730 Et
3397 2676 3586 2732 beatus
3631 2676 3760 2732 Ste-

2161 2764 2372 2834 phanus
2402 2764 2593 2835 positis
2623 2765 2854 2835 genibus
2883 2765 3052 2820 oravit
3071 2781 3171 2836 pro
3193 2781 3252 2820 se
3281 2763 3666 2836 lapidantibus.
3691 2765 3764 2820 Et

2161 2852 2444 2922 apostolus
2463 2853 2531 2908 de
2552 2853 2862 2922 hujusmodi
2887 2854 3116 2926 loquens
3135 2853 3434 2909 dicitnobis
3467 2871 3480 2907 :
3513 2853 3762 2920 Quorum

2160 2942 2457 2997 intuentes
2505 2944 2732 2997 exitum
2761 2945 3221 3006 conversationis,
3248 2943 3560 2998 imitamini
3590 2942 3761 3010 ﬁdem

2158 3029 2311 3098 (Heb.
2344 3031 2489 3100 xm).
2521 3030 2590 3086 Et
2617 3030 2746 3086 item
2775 3031 3009 3088 Jacobus
3038 3031 3314 3102 apostolus
3347 3031 3511 3086 dicit:
3549 3031 3762 3086 Triste-

463 3082 920 3174 beatus‘Joannes
963 3119 1242 3190 apostolus
1270 3135 1302 3173 a
1347 3119 1656 3175 Domitiano
1697 3119 1944 3190 principe
1999 3118 2056 3172 in
2079 3082 2128 3144 Ο
2161 3082 2265 3173 \tur
2282 3082 2489 3190 aliquis
2505 3124 2906 3186 vestrum,oret
2923 3082 3114 3177 animro
3135 3137 3306 3192 (equo,
3340 3124 3396 3176 et
3412 3121 3647 3192 psallat;
3669 3127 3758 3174 et:

475 3209 704 3264 Pathmo
733 3207 912 3262 insula
934 3207 1228 3278 relegatus,
1261 3216 1314 3262 et
1335 3209 1569 3264 humana
1585 3208 1957 3264 consolatione
1979 3209 2074 3263 de—
2171 3207 2338 3262 Orate
2354 3224 2454 3279 pro
2475 3210 2720 3264 invicem
2738 3213 2805 3264 ut
2822 3211 3126 3266 salvemini
3163 3210 3305 3278 (Jac.
3339 3208 3394 3278 v)
3427 3226 3440 3262 :
3473 3223 3650 3281 genus
3677 3217 3764 3264 est

471 3297 704 3364 stitutus,
736 3296 1166 3353 consolationem
1211 3297 1558 3352 revelationis
1600 3312 1765 3368 quam
1810 3296 2066 3352 divinitus

466 3394 756 3457 acceperat
783 3385 838 3441 in
869 3385 1064 3442 eodem
1094 3385 1287 3442 exsilio
1313 3401 1378 3441 ac
1407 3386 1742 3458 relegatione
1757 3401 1922 3441 manu
1941 3401 2068 3455 pro-

455 3475 577 3545 pria
603 3474 844 3545 scripsit,
875 3482 926 3529 et
957 3475 1026 3529 ad
1055 3473 1334 3530 Ecclesias
1383 3475 1582 3547 quibus
1629 3475 1830 3530 missus
1885 3474 2064 3530 fuerat

463 3563 780 3633 praedicare,
829 3562 1044 3618 direxit.
1093 3564 1164 3618 Et
1192 3572 1412 3620 sanctus
1433 3563 1628 3619 Paulus
1667 3563 1946 3634 apostolus
1991 3562 2064 3618 ad

464 3651 806 3707 Timotheum
837 3651 1082 3708 scribens
1108 3651 1236 3708 dicit
1269 3669 1282 3708 :
1307 3655 1510 3710 Memor
1524 3657 1641 3709 esto
1675 3655 1866 3708 Iesum
1897 3653 2062 3708 Chri-

467 3744 620 3796 stum
635 3743 1018 3796 resurrexisse
1033 3758 1068 3795 a
1087 3743 1326 3797 mortuis
1339 3759 1413 3797 ea:
1431 3744 1644 3797 semine
1665 3742 1838 3796 David
1854 3757 2062 3796 secun-

468 3829 602 3886 dum
623 3829 994 3899 Evangelium
1011 3845 1220 3895 meum,
1244 3831 1308 3884 in
1328 3845 1432 3900 quo
1452 3830 1635 3886 laboro
1655 3845 1828 3901 usque
1849 3829 1921 3885 ad
1939 3831 2062 3884 vin-

469 3917 600 3972 cula
615 3917 777 3986 quasi
797 3917 952 3971 mala
967 3932 1223 3988 operam,
1244 3917 1340 3972 sed
1359 3917 1588 3973 verbum
1605 3919 1706 3972 Dei
1721 3933 1836 3973 non
1865 3921 1954 3974 est
1969 3919 2062 3972 al-

469 4005 710 4074 ligatum
741 4023 758 4058 :
778 4003 899 4059 ideo
919 4005 1112 4058 omnia
1126 4006 1378 4060 sustineo
1393 4009 1626 4076 propter
1667 4007 1900 4072 electos,
1920 4010 1986 4062 ut
2007 4010 2064 4062 et

467 4091 578 4163 ipsi
599 4091 844 4147 salutem
874 4097 1291 4164 consequantur
1313 4109 1435 4164 quae
1476 4097 1564 4148 est
1587 4094 1652 4148 in
1685 4093 1903 4150 Christo
1931 4097 2064 4151 Iesu

472 4195 602 4234 cum
631 4179 816 4250 gloria
833 4180 1050 4235 calesti
1068 4179 1147 4250 (II
1173 4181 1311 4236 Tim.
1335 4181 1420 4252 ιι).

541 4268 610 4323 Ει
641 4275 716 4332 ιιι,
749 4266 915 4323 frater
939 4269 1280 4336 charissime,
1303 4285 1416 4325 non
1435 4269 1608 4326 solum
1631 4286 1694 4325 ea
1723 4270 1911 4343 legere
1940 4287 2064 4342 quae

469 4355 565 4412 tibi
583 4356 725 4425 misi,
759 4365 812 4412 et
837 4357 971 4412 mihi
991 4359 1326 4428 respondere
1353 4375 1474 4414 cum
1509 4375 1701 4430 posses
1749 4359 2058 4426 debueras;

2167 3294 2311 3349 enim
2340 3311 2450 3351 non
2481 3298 2938 3352 contemnendum
2997 3297 3362 3354 exauditionis
3399 3313 3524 3354 cum
3577 3298 3760 3354 cordis

2167 3385 2488 3440 contritione
2545 3386 2610 3440 ad
2661 3387 2954 3442 Dominum
3008 3387 3244 3442 clamare
3271 3387 3323 3442 in
3389 3386 3758 3454 tribulatione,

2165 3471 2304 3528 sicut
2325 3474 2588 3546 scriptum
2615 3483 2696 3530 est
2739 3493 2752 3529 :
2809 3475 2892 3532 Ad
2921 3479 3223 3532 Dominum
3265 3492 3396 3532 cum
3453 3475 3762 3532 tribularer

2164 3562 2409 3618 clamavi
2427 3567 2485 3618 et
2505 3565 2806 3620 exaudivit
2831 3581 2921 3621 me
2949 3567 3125 3636 (Psal.
3159 3565 3338 3634 cxrx).

2245 3651 2326 3705 Tu
2351 3659 2528 3707 autem
2559 3661 2744 3708 contra
2773 3654 2889 3710 haec
2925 3669 3100 3710 novus
3145 3654 3356 3720 doctor,
3417 3653 3526 3710 imo
3581 3669 3761 3711 novus

2162 3748 2521 3812 praesumptor
2539 3741 2844 3810 injuriatus,
2877 3743 3122 3810 missam,
3165 3751 3226 3798 ut
3267 3741 3464 3808 audivi,
3517 3757 3628 3798 non
3675 3743 3760 3799 vis

2163 3837 2404 3896 cantare,
2435 3845 2536 3884 nec
2565 3829 2725 3885 etiam
2757 3831 2961 3900 audire,
2995 3839 3048 3887 et
3069 3831 3226 3903 quasi
3253 3831 3478 3887 aliorum
3507 3831 3760 3888 oratione

2163 3933 2272 3972 non
2304 3917 2560 3990 indigens
2585 3919 2801 3975 vetuisti
2816 3936 2917 3992 pro
2935 3927 3008 3988 te,
3029 3929 3083 3976 et
3100 3935 3201 3992 pro
3217 3935 3278 3977 se
3299 3935 3460 3976 orare
3480 3920 3576 3975 tibi
3607 3936 3762 3976 com-

2163 4005 2386 4060 missam
2443 4007 2770 4076 Ecclesiam,
2821 4016 2875 4066 et
2921 4024 3089 4065 causa
3131 4019 3236 4065 tuae
3291 4009 3504 4078 injuriae
3545 4011 3762 4078 jussisti

2165 4093 2378 4149 Christo
2407 4095 2463 4149 in
2489 4097 2752 4152 membris
2781 4097 2914 4163 suis,
2949 4099 3042 4170 qui
3098 4098 3295 4154 sedens
3349 4100 3420 4155 ad
3472 4099 3764 4155 dexteram

2164 4181 2340 4238 Patris
2371 4184 2504 4239 dixit
2533 4185 2699 4241 Paulo
2729 4203 2741 4239 :
2783 4187 2922 4255 Quid
2937 4204 3025 4242 me
3043 4191 3390 4260 persequeris
3412 4193 3434 4243 ?
3453 4189 3598 4260 (Act.
3623 4203 3688 4244 lx
3705 4193 3764 4244 et

2165 4271 2332 4344 xxvr)
2359 4271 2580 4341 injurias
2599 4274 2897 4345 importare
2927 4283 2981 4330 et
3009 4283 3240 4331 mortem
3281 4275 3501 4332 inferre.
3551 4277 3762 4334 Paulus

2165 4375 2382 4431 quoque
2411 4369 2465 4417 et
2493 4361 2635 4417 Silas
2666 4379 2898 4433 quorum
2927 4363 3106 4420 locum
3137 4373 3322 4420 tenere
3351 4365 3541 4433 debes,
3569 4365 3628 4421 in
3659 4383 3762 4423 ec-

471 4461 663 4501 verum
693 4453 746 4500 et
773 4445 1054 4502 ministros
1082 4447 1344 4502 Ecclesiae
1375 4447 1471 4502 tibi
1507 4448 1816 4503 commissae
1869 4448 2064 4519 quibus
2092 4439 2146 4499 D
2167 4447 2332 4504 clesia
2363 4449 2490 4504 caesi
2519 4450 2708 4522 virgis,
2743 4459 2796 4507 et
2823 4451 2976 4507 missi
3005 4453 3060 4508 in
3085 4453 3398 4510 interiorem
3451 4469 3760 4524 carcerem,

471 4533 648 4590 modis
661 4549 854 4604 posses
869 4535 1137 4590 debueras
1159 4551 1268 4590 non
1287 4537 1846 4593 excommunicatione
1865 4537 2056 4610 ligare,

473 4623 570 4678 sed
597 4623 873 4678 consolari
901 4632 954 4679 et
981 4623 1256 4679 adhortari
1304 4633 1362 4679 ut
1394 4625 1450 4679 in
1494 4625 1679 4680 divino
1733 4625 1974 4692 servitio,
2008 4632 2062 4680 et

469 4709 690 4766 assidua
726 4712 988 4777 oratione,
1022 4719 1074 4766 et
1103 4713 1400 4768 salvatione
1427 4713 1614 4784 pOpuli
1651 4713 1749 4768 tibi
1782 4713 2062 4768 commissi

467 4797 720 4853 laborare
750 4800 1046 4856 studerent.
1079 4801 1148 4856 Et
1167 4800 1214 4854 si
1239 4816 1326 4856 me
1339 4801 1505 4874 digne
1525 4809 1748 4872 propter
1767 4801 2061 4872 indignita-

467 4893 578 4940 tem
597 4901 778 4942 meam
807 4889 1061 4960 despicis,
1097 4896 1279 4944 tamen
1309 4889 1686 4960 professionis,
1721 4905 1786 4945 ac
1817 4889 2065 4945 subscri-

465 4971 666 5045 ptionis
697 4982 800 5030 tuae
824 4991 1037 5032 memor
1064 4993 1174 5033 non
1193 4977 1461 5034 debueras
1491 4978 1548 5033 in
1568 4978 1933 5050 qualicunque
1951 4994 2058 5034 me-

463 5062 784 5133 tropolitano
815 5072 905 5120 tuo
933 5065 1170 5122 debitam
1186 5067 1554 5122 obedientiam
1573 5067 1868 5139 denegare,
1895 5083 2058 5138 quam

461 5167 490 5205 a
521 5153 626 5207 tuis
657 5151 887 5207 subditis
917 5153 1150 5208 etiamin
1169 5155 1256 5210 his
1279 5155 1602 5226 perniciosis
1633 5155 1739 5211 tuis
1789 5155 2055 5226 jussioni-

459 5240 561 5296 bus
603 5241 798 5315 exigis.
851 5239 1188 5314 Quapropter
1241 5244 1432 5300 iterata
1481 5245 1922 5312 commonitione,
1955 5259 2056 5314 pro

461 5327 567 5382 loci
595 5329 702 5384 mei
728 5329 905 5385 ofﬁcio
927 5339 978 5386 te
999 5330 1292 5387 convenire
1309 5347 1612 5404 congruum
1641 5332 1790 5400 duxi,
1815 5333 2051 5388 suadens

459 5423 518 5468 ιιι
547 5417 694 5484 quod
723 5417 866 5472 male
901 5417 1084 5490 ligasti
1111 5419 1378 5475 dissolvas
1402 5439 1416 5488 ;
1449 5421 1710 5476 Dominus
1737 5421 2051 5488 etCreator,

461 5513 526 5552 ac
554 5497 901 5571 Redemptor,
927 5511 1090 5575 atque
1119 5503 1372 5561 Salvator
1399 5513 1586 5561 noster
1614 5505 1743 5562 dicit
1775 5523 1788 5558 :
1822 5505 1881 5560 Si
1928 5507 2054 5576 quis

2161 4537 2331 4607 pedes
2361 4537 2626 4594 habentes
2656 4539 2874 4596 strictos
2905 4540 2962 4595 in
2989 4540 3160 4612 ligno,
3189 4542 3373 4598 media
3417 4550 3574 4599 nocte
3613 4545 3764 4600 ado-

2162 4633 2343 4680 rantes
2373 4625 2665 4682 laudabant
2693 4629 2885 4696 Deum,
2929 4638 2982 4684 et
3009 4630 3300 4686 audiebant
3325 4647 3421 4688 eos
3446 4632 3538 4704 qui
3565 4631 3626 4686 in
3663 4648 3756 4690 cu-

2162 4714 2338 4769 stodia
2365 4723 2536 4770 erant.
2571 4716 2760 4772 Subito
2779 4733 2908 4774 vero
2935 4725 3279 4776 terraamotus
3307 4719 3482 4776 factus
3513 4727 3598 4776 est
3627 4737 3760 4776 ma-

2160 4818 2320 4874 gnus,
2355 4803 2426 4859 ita
2454 4813 2512 4860 ut
2541 4813 2888 4862 moverentur
2915 4805 3264 4864 fundamenta
3285 4809 3547 4876 carceris,
3569 4817 3626 4865 et
3647 4818 3766 4866 sta-

2160 4889 2254 4945 tim
2283 4900 2470 4962 aperta
2501 4901 2626 4948 sunt
2654 4895 2834 4950 omnia
2863 4895 3018 4966 ostia,
3053 4904 3107 4952 et
3134 4897 3510 4954 universorum
3539 4898 3767 4956 vincula

2159 4977 2338 5034 soluta
2371 4988 2516 5036 sunt.
2549 4983 2982 5056 Expergefactus
3012 4993 3194 5040 autem
3242 4994 3426 5043 custos
3472 4995 3525 5042 et
3553 4987 3760 5044 videns

2157 5076 2369 5144 apertas
2393 5071 2587 5138 januas
2612 5073 2869 5140 carceris,
2902 5075 3189 5146 evaginato
3218 5075 3404 5148 gladio
3447 5075 3670 5132 volebat
3701 5095 3766 5133 se

2155 5155 2480 5226 interﬁcere,
2511 5159 2782 5216 aestimans
2823 5161 3032 5234 fugisse
3079 5163 3291 5219 vinctos
3323 5181 3336 5218 :
3369 5164 3620 5220 clamavit
3657 5181 3768 5222 au-

2157 5251 2264 5300 tem
2295 5247 2491 5303 Paulus
2528 5265 2664 5305 voce
2719 5265 2918 5322 magna
2990 5251 3199 5320 dicens,
3234 5253 3388 5308 Nihil
3419 5256 3626 5324 feceris
3655 5257 3768 5312 tibi

2155 5335 2299 5389 mali
2315 5339 2566 5394 universi
2581 5339 2734 5395 enim
2750 5337 2841 5394 hic
2857 5355 3054 5396 sumus
3068 5341 3212 5410 (Act.
3232 5342 3374 5412 xvi).
3393 5343 3462 5397 Et
3477 5351 3534 5397 tu
3547 5349 3768 5400 tantam

2155 5421 2542 5496 benignitatem
2571 5425 2836 5484 Ecclesia:
2865 5435 2969 5484 tua:
3005 5427 3130 5484 ﬁliis
3165 5429 3261 5485 tibi
3285 5431 3594 5486 commissis
3645 5449 3768 5490 non

2154 5526 2215 5568 es
2244 5527 2438 5583 passus
2467 5513 2805 5586 impendere,
2838 5525 3090 5588 quantam
3119 5518 3266 5575 idem
3295 5519 3496 5575 Paulus
3545 5535 3648 5577 suo
3687 5523 3764 5578 ad
