4020 6182
260 301 364 356 529

1003 296 1244 355 OPUSC.
1301 297 1392 353 ET
1445 290 1665 353 EPIS’I‘.
1724 296 1798 352 IN
1845 294 2073 357 CAUSA
2128 299 2475 358 HINCMARI
2532 302 2838 361 LAUDUN.

3467 311 3570 366 530

260 430 498 477 mortem
528 419 742 477 custodi
790 420 1072 493 impendit.
1122 421 1297 488 Unde,
1344 420 1533 489 frater,
1585 415 1781 476 moneo
1812 427 1863 475 te
1885 417 1942 480 A
1969 429 2025 477 ut
2054 425 2426 494 prajudicium
2456 425 2551 480 tibi
2582 426 2667 482 vel
2711 427 2986 499 parochia
3033 434 3139 485 tua
3180 443 3287 486 non
3317 428 3570 499 inferam,

261 510 463 564 iterum
491 517 722 580 paterna
753 516 805 565 et
839 508 1077 565 fraterna
1116 509 1407 565 dilectione
1438 517 1603 581 atque
1633 508 1872 564 auctori—

261 605 372 653 tate
402 598 847 669 metrOpolitana,
898 598 1161 669 resipisce
1208 599 1276 653 ab
1326 599 1430 655 hac
1478 613 1648 669 prava
1686 597 1869 653 inten-

258 687 430 753 tione,
450 695 504 743 et
523 688 861 742 concordans
879 687 1166 758 praceptis
1187 685 1517 760 evangelicis
1534 694 1696 759 atque
1743 701 1873 756 apo-

259 776 558 841 stolicis,et
579 784 891 831 sanctorum
915 775 1169 841 decretis,
1192 791 1312 846 qua
1334 775 1430 829 tibi
1450 775 1505 829 in
1522 775 1690 829 altera
1720 781 1870 829 rotu—

257 864 310 919 la
326 864 547 935 pridem
568 864 711 929 misi,
737 880 847 919 non
866 864 1182 937 dedigneris
1202 864 1301 930 eis,
1323 872 1374 919 et
1391 879 1515 919 cum
1536 864 1616 919 eis
1637 870 1869 934 patrono

258 963 351 1009 tuo
371 961 567 1009 sancto
589 953 861 1025 Remigio,
885 953 940 1007 in
972 953 1127 1022 cujus
1148 953 1298 1019 sede,
1339 953 1463 1009 licet
1484 952 1743 1024 indignus
1775 967 1867 1007 se-

260 1044 388 1108 deo,
419 1041 606 1098 dicere
627 1042 771 1114 quod
794 1048 1014 1097 sanctus
1034 1041 1312 1112 apostolus
1328 1041 1530 1096 Paulus
1549 1041 1682 1096 dixit
1702 1040 1865 1096 etiam

262 1131 378 1187 suis
398 1131 703 1185 minoribus
729 1147 741 1186 :
765 1130 824 1186 Si
834 1132 929 1187 cui
954 1130 1171 1203 aliquid
1189 1131 1525 1196 donastis,et
1543 1130 1726 1202 ego(II
1738 1130 1861 1185 Cor.

258 1222 343 1291 ιι).
379 1219 618 1283 Obaudi,
653 1219 906 1287 obsecro,
958 1218 1174 1274 illorum
1218 1219 1439 1275 decreta
1485 1218 1725 1273 salubria
1770 1234 1869 1289 per

260 1324 398 1382 quos
430 1309 645 1364 locutus
674 1315 758 1362 est
788 1307 1053 1373 Christus,
1072 1323 1159 1371 ne,
1187 1307 1331 1378 quod
1352 1306 1510 1372 absit,
1533 1306 1653 1361 tibit
1680 1306 1824 1362 dicat
1851 1323 1864 1359 :

262 1399 367 1465 Qui
396 1401 484 1454 est
513 1414 589 1453 ex
617 1399 747 1462 Deo,
773 1396 934 1452 verba
964 1398 1063 1452 Dei
1090 1396 1271 1463 audit,
1300 1399 1603 1469 propterea
1626 1410 1717 1452 vos
1746 1410 1864 1450 non

257 1486 638 1558 auditis,quia
654 1501 729 1541 ea:
743 1488 852 1541 Deo
866 1500 981 1540 non
1000 1486 1135 1540 estis
1148 1484 1331 1555 (Joan.
1346 1484 1488 1555 vm).
1503 1483 1854 1549 Pertimesce,

257 1589 415 1647 rogo,
449 1573 578 1645 quia
607 1581 827 1628 sanctus
848 1572 1409 1637 Innocentius,beatus
1439 1571 1781 1638 Ambrosius,
1808 1578 1861 1626 et

259 1662 443 1718 cateri
490 1660 746 1717 catholici
792 1661 1043 1715 doctores
1082 1661 1200 1717 hac
1244 1676 1366 1732 qua
1408 1660 1619 1729 jussisti
1658 1660 1725 1715 de
1755 1675 1866 1714 non

1972 511 2229 568 obaudio.
2271 513 2429 582 Quod
2458 514 2640 586 petisti
2670 523 2727 570 ut
2753 516 3016 586 judicium
3043 517 3140 572 tibi
3171 518 3259 575 vel
3301 518 3575 590 parochia

1971 607 2077 656 tua
2107 616 2215 657 non
2245 601 2492 669 inferam,
2531 619 2641 659 non
2679 605 2915 661 obaudio
2938 624 2951 660 :
2977 606 3108 663 dicit
3136 607 3282 663 enim
3312 607 3575 663 Dominus

1970 705 2071 760 per
2099 692 2421 762 prophetam
2447 708 2460 747 :
2486 692 2545 748 Si
2563 695 2818 763 feceritis
2827 695 3116 766 judicium
3137 698 3293 752 inter
3308 698 3496 753 vir-um
3517 701 3574 753 et

1968 780 2299 850 promimum
2328 783 2448 851 ejus
2476 782 2840 853 (Ieremvn),
2869 790 2922 838 et
2951 783 3179 856 reliqua.
3206 785 3273 839 Et
3293 784 3572 856 Sapientia.

1969 882 2068 937 per
2097 866 2445 923 Salomonem
2466 887 2479 923 :
2502 870 2650 925 Erue
2672 887 2761 928 eos
2783 872 2881 943 qui
2899 871 3193 928 ducuntur
3212 872 3284 928 ad
3304 877 3569 941 mortem,

1970 958 2027 1010 et
2047 958 2142 1028 qui
2164 957 2477 1037 trahantur
2494 958 2567 1013 ad
2586 960 2892 1015 interitum
2916 961 3153 1017 liberare
3168 977 3239 1017 ne
3255 978 3435 1018 cesses
3447 963 3569 1034 (Pr.

1971 1043 2139 1115 XXIV).
2166 1043 2328 1112 Quod
2371 1045 2503 1100 mihi
2552 1061 2584 1100 a
2614 1047 2866 1114 Domino,
2917 1065 3080 1120 quem
3121 1065 3220 1105 suo
3257 1049 3466 1119 judicio
3514 1049 3571 1105 in

1968 1132 2388 1203 metropolitana
2404 1133 2534 1188 sede
2566 1135 2895 1191 Rhemorum
2914 1137 3211 1208 provincia
3240 1138 3570 1194 constituere

1969 1219 2157 1287 voluit,
2187 1221 2420 1292 pracepi
2448 1221 2610 1277 audio
2638 1222 2707 1277 de
2736 1223 2821 1277 his
2844 1224 2937 1295 qui
2966 1232 3057 1279 tua
3086 1226 3452 1297 praeceptione
3468 1226 3568 1281 du-

1967 1316 2163 1364 cuntur
2193 1309 2263 1363 ad
2295 1318 2543 1380 mortem,
2577 1318 2630 1366 et
2658 1313 2940 1366 trahuntur
2969 1312 3038 1368 ad
3067 1314 3359 1369 interitum.
3390 1315 3459 1370 Et
3478 1314 3569 1371 de-

1967 1406 2116 1453 creta
2144 1398 2384 1464 Nicana,
2440 1398 2579 1455 sicut
2626 1398 2878 1455 Africana
2926 1402 3166 1471 synodus
3213 1402 3458 1458 scribens
3498 1403 3570 1459 ad

1968 1486 2321 1541 Caelestinum
2351 1503 2549 1559 papam
2579 1488 2933 1558 demonstrat,
2983 1490 3097 1545 sive
3135 1490 3403 1546 inferioris
3432 1507 3565 1564 gra-

1966 1574 2069 1629 dus
2098 1574 2346 1642 clericos,
2380 1576 2495 1631 sive
2515 1576 2804 1648 episc0pos
2827 1577 2976 1648 ipsos
2998 1578 3111 1632 suis
3140 1579 3566 1650 metropolitanis

1965 1663 2310 1734 apertissime
2340 1664 2748 1719 commiserunt.
2780 1666 2850 1719 Et
2887 1674 3104 1722 sanctus
3133 1666 3438 1723 Bonifacius
3467 1685 3563 1724 ca-

256 1749 627 1822 suscipiendis
668 1749 1055 1821 paenitentibus
1101 1749 1169 1803 ad
1206 1748 1578 1820 paenitentiam
1613 1748 1862 1804 haresim
1893 1774 1947 1834 B
1966 1751 2194 1823 pitulum
2224 1751 2429 1807 Nicani
2459 1753 2672 1808 concilii
2700 1769 2996 1824 exponens,
3030 1762 3153 1825 post
3182 1755 3289 1810 alia
3318 1755 3573 1812 diﬁinivit

255 1840 446 1895 dicunt
476 1855 600 1894 esse
624 1837 819 1893 Novati
848 1837 1108 1893 haretici.
1140 1838 1209 1892 Et
1230 1853 1338 1893 non
1368 1837 1643 1908 baptizare
1672 1853 1867 1908 parvu-

255 1928 338 1984 los
367 1928 423 1982 in
455 1927 650 1983 mortis
679 1926 919 1998 periculo
949 1926 1270 1982 constitutos
1301 1926 1535 1981 schisma
1580 1933 1661 1982 est
1689 1926 1866 1981 maxi-

255 2033 407 2073 mum
437 2017 511 2072 ab
531 2015 827 2071 universali
846 2015 1112 2071 Ecclesia.
1131 2016 1201 2069 Et
1220 2014 1277 2069 in
1296 2015 1531 2070 decretis
1553 2014 1865 2086 apostolicae

255 2106 403 2161 sedis
431 2104 671 2177 legimus
713 2105 839 2176 quia
886 2104 1025 2160 sicut
1053 2103 1378 2158 universalis
1409 2102 1508 2159 Dei
1535 2119 1754 2174 semper
1784 2111 1869 2159 te-

253 2195 389 2260 nuit,
436 2201 491 2249 et
529 2199 675 2249 tenet
711 2192 958 2248 Ecclesia
982 2236 994 2259 ,
1056 2191 1432 2247 schismaticus
1489 2198 1540 2247 et
1577 2191 1865 2247 hareticus

253 2282 357 2338 nisi
390 2281 651 2338 conversi
682 2280 881 2336 fuerint
911 2281 980 2335 ad
1001 2288 1249 2336 sanctam
1275 2288 1509 2335 matrem
1540 2280 1865 2336 catholicam

252 2381 303 2427 et
331 2370 694 2443 apostolicam
723 2370 1045 2436 Ecclesiam,
1068 2370 1123 2424 in
1153 2385 1387 2443 regnum
1410 2368 1511 2423 Dei
1531 2368 1733 2423 intrare
1754 2385 1864 2423 non

249 2468 520 2533 possunt,
569 2460 667 2515 sed
699 2459 1039 2531 pars‘eorum
1087 2464 1169 2513 est
1209 2458 1266 2511 in
1302 2458 1555 2530 gehenna
1589 2475 1603 2511 :
1638 2465 1691 2512 et
1721 2457 1767 2511 si
1795 2457 1864 2512 de

249 2567 393 2623 pane
425 2548 658 2614 caelesti,
700 2548 758 2603 id
778 2556 857 2603 est
894 2548 963 2602 de
1001 2547 1262 2603 suavitate
1295 2546 1480 2602 divina
1510 2554 1731 2620 gustant
1760 2563 1854 2618 ge-

250 2641 449 2695 hennae
477 2638 776 2709 participes
802 2680 815 2703 ,
842 2637 1110 2706 judicium
1139 2635 1242 2690 sibi
1273 2643 1509 2690 sumunt.
1553 2636 1860 2707 Propterea,

250 2728 435 2796 frater,
470 2728 542 2781 ab
590 2727 694 2781 hac
744 2733 912 2794 secta,
965 2733 1020 2780 et
1066 2725 1136 2780 ab
1181 2725 1287 2780 hoc
1334 2724 1625 2779 schismate
1667 2740 1863 2779 revoca

250 2832 476 2872 sensum
506 2822 677 2882 tuum,
704 2823 755 2868 et
779 2829 1007 2885 sequere
1029 2813 1174 2885 quod
1195 2818 1413 2867 sanctus
1454 2811 1779 2867 Calestinus
1806 2812 1864 2866 in

249 2906 485 2961 decretis
517 2904 631 2958 suis
652 2903 722 2958 ad
752 2902 1054 2958 Galliarum
1081 2902 1371 2973 episcopos
1395 2900 1615 2972 scripsit
1636 2900 1858 2957 dicens:

251 2994 746 3057 Obsecrationum,
795 2991 986 3063 inquit,
1045 2990 1470 3047 sacerdotalium
1522 2996 1863 3045 sacramenta

252 3082 637 3154 respiciamus,
672 3096 793 3153 qua
821 3080 889 3134 ab
910 3078 1172 3151 apostolis
1195 3078 1390 3133 tradita
1413 3078 1467 3132 in
1487 3085 1601 3132 toto
1629 3077 1854 3143 mundo,

250 3180 410 3244 atque
445 3171 504 3224 in
533 3168 681 3225 omni
730 3167 993 3224 catholica
1034 3166 1283 3223 Ecclesia
1330 3165 1672 3221 uniformiter
1707 3165 1857 3220 cele-

248 3261 493 3327 brantur,
529 3265 583 3313 et
613 3258 795 3329 legem
820 3257 1080 3313 credendi
1119 3256 1206 3311 lex
1239 3262 1438 3310 statuat
1466 3254 1806 3326 supplicandi
1842 3272 1855 3309 :

246 3365 370 3407 cum
402 3348 554 3403 enim
586 3354 898 3402 sanctarum
926 3344 1167 3416 plebium
1204 3344 1466 3415 prasules
1493 3344 1748 3398 mandata
1778 3342 1857 3396 si-

246 3439 415 3494 bimet
447 3435 723 3510 legatione
744 3434 1044 3508 funguntur
1064 3433 1211 3505 apud
1230 3433 1469 3488 divinam
1489 3431 1852 3500 clementiam,

247 3525 474 3581 humani
503 3523 726 3598 generis
755 3531 927 3596 agunt
956 3537 1198 3588 causam,
1232 3528 1285 3577 et
1313 3528 1423 3576 tota
1454 3535 1639 3576 secum
1660 3519 1855 3574 Eccle-

248 3616 329 3670 sia
357 3612 811 3686 congemiscente
840 3612 1112 3682 postulant
1142 3617 1195 3664 et
1223 3616 1543 3681 precantur,
1576 3614 1634 3662 ut
1657 3607 1856 3662 infide-

246 3704 388 3759 libus
421 3702 663 3757 donetur
679 3699 850 3768 ﬁdes;
879 3706 935 3754 ut
965 3698 1266 3754 idololatra
1309 3698 1379 3753 ab
1425 3696 1717 3768 impietatis
1746 3712 1858 3752 sua

248 3792 558 3848 liberentur
585 3788 902 3855 erroribus;
934 3796 990 3842 ut
1027 3787 1251 3857 Judais,
1282 3786 1465 3841 ablato
1493 3786 1675 3841 cordis
1704 3786 1855 3840 vela-

249 3882 416 3947 mine,
443 3879 539 3934 lux
556 3878 804 3934 veritatis
823 3884 1083 3948 appareat
1105 3895 1121 3944 ;
1141 3884 1199 3930 ut
1220 3874 1461 3932 haretici
1482 3874 1551 3929 ad
1577 3874 1857 3930 catholica

247 3969 373 4025 ﬁdei
403 3967 798 4040 perfectionem
842 3965 1203 4036 resipiscant;
1231 3971 1289 4018 ut
1334 3962 1662 4019 schismatici
1690 3961 1856 4033 spiri-

248 4066 357 4113 tum
392 4055 657 4112 rediviva
703 4054 977 4110 charitatis
1026 4052 1330 4123 accipiant;
1379 4059 1438 4106 ut
1486 4050 1656 4122 lapsis
1682 4050 1857 4121 poeni-

248 4146 434 4203 tentia
463 4143 711 4200 remedia
740 4142 1115 4207 conferantur;
1147 4148 1204 4195 ut
1251 4140 1485 4212 denique
1514 4139 1857 4194 catechume-

249 4236 333 4291 nis
362 4234 437 4290 ad
468 4232 906 4306 regenerationis
944 4237 1290 4286 sacramenta
1316 4228 1594 4300 perductis
1619 4227 1857 4283 caelestis

244 4322 646 4379 misericordia
693 4320 819 4376 aula
862 4326 1160 4375 reseretur.
1211 4318 1282 4372 Et
1324 4318 1441 4373 hac
1480 4316 1772 4372 conferens
1801 4316 1858 4369 in

249 4413 417 4469 ecl-de
458 4419 553 4466 tuo
597 4408 711 4464 noli
750 4407 965 4479 pietatis
1014 4407 1227 4463 viscera
1271 4405 1582 4478 petentibus
1631 4405 1856 4459 salutem

1879 3128 1929 3192 Ο

1967 1847 2230 1912 quatenus
2259 1840 2661 1912 metropolitani
2692 1841 2774 1895 sui
2820 1857 3171 1917 unaquaque
3199 1844 3482 1915 provincia
3511 1845 3569 1901 in

1967 1928 2218 1983 omnibus
2256 1929 2422 1983 rebus
2460 1929 2855 1985 ordinationem
2904 1946 3123 2002 semper
3166 1940 3463 2004 exspectet.
3497 1934 3569 1989 Et

1967 2018 2360 2073 Antiochenum
2393 2017 2683 2073 concilium
2715 2034 2727 2073 :
2762 2019 2866 2073 Per
2904 2018 3149 2089 singulas
3174 2062 3187 2086 ,
3239 2020 3443 2092 inquit,
3476 2039 3565 2078 re-

1966 2105 2160 2178 giones
2187 2107 2475 2177 episcopos
2496 2105 2748 2162 convenit
2766 2121 2928 2162 nosse
2956 2107 3427 2178 metropolitanum
3449 2109 3563 2181 epi-

1967 2210 2189 2265 sc0pum
2222 2194 2641 2250 sollicitudinem
2671 2194 2833 2250 totius
2862 2195 3158 2266 provincia
3187 2212 3402 2269 gerere,
3426 2213 3561 2269 pro-

1963 2291 2087 2355 pter
2116 2283 2261 2355 quod
2289 2283 2359 2337 ad
2388 2283 2732 2354 metrOpolim
2752 2299 2943 2339 omnes
2962 2283 3200 2357 undique
3231 2285 3324 2358 qui
3344 2285 3567 2358 negotia

1964 2371 2217 2426 videntur
2252 2372 2455 2427 habere
2495 2380 2841 2428 concurrant.
2883 2373 2953 2427 Et
2984 2380 3201 2429 cautum
3252 2381 3332 2428 est
3390 2374 3561 2430 sacris

1966 2460 2264 2516 canonibus
2293 2468 2349 2515 ut
2378 2460 2542 2515 nullis
2570 2461 2730 2517 liceat
2757 2462 2900 2532 apud
2921 2477 2980 2516 se
3030 2461 3312 2517 celebrare
3330 2462 3562 2518 concilia

1962 2556 2163 2620 prater
2192 2565 2287 2604 eos
2317 2549 2513 2621 quibus
2550 2549 2969 2621 metrOpolitana
3003 2553 3131 2618 jura
3158 2550 3412 2606 videntur
3440 2566 3564 2607 esse

1964 2638 2256 2693 commissa
2290 2653 2302 2693 :
2334 2638 2389 2691 in
2438 2637 2572 2708 ipsis
2620 2645 2799 2692 autem
2831 2638 3076 2694 conciliis
3118 2638 3296 2693 absint
3345 2639 3569 2710 presby-

1965 2726 2063 2780 teri
2093 2734 2146 2781 et
2175 2726 2404 2791 diaconi,
2439 2734 2492 2781 et
2522 2742 2713 2781 omnes
2744 2725 2836 2797 qui
2867 2742 2926 2781 se
2956 2726 3116 2781 lasos
3154 2725 3481 2793 existimant,
3508 2734 3562 2783 et

1964 2813 2158 2885 synodi
2188 2813 2530 2885 experiantur
2573 2829 2819 2869 examen.
2870 2814 3166 2885 Propterea
3196 2815 3342 2886 quod
3380 2815 3562 2886 petisti

1963 2910 2022 2957 ut
2044 2902 2311 2972 judicium
2342 2910 2447 2958 tua
2466 2901 2744 2973 parochia
2771 2917 2882 2957 non
2901 2901 3152 2972 inferam,
3177 2910 3367 2959 contra
3395 2920 3563 2976 regu-

1961 2991 2042 3046 las
2074 3006 2264 3047 sacras
2293 2990 2494 3063 petisti,
2544 3000 2601 3046 et
2647 2990 2937 3047 dicendum
2969 2999 3051 3046 est
3079 2991 3176 3045 tibi
3201 2990 3269 3045 ab
3299 2992 3560 3063 Apostolo

1963 3096 2087 3136 cum
2114 3080 2423 3150 hujusmodi
2455 3080 2777 3152 petitoribus
2811 3080 3132 3147 :Petitis,et
3163 3097 3278 3136 non
3297 3082 3560 3154 accipitis

1960 3181 2022 3220 eo
2052 3166 2195 3237 quod
2225 3167 2374 3221 male
2415 3168 2627 3237 petatis
2675 3163 2815 3235 (Jac.
2848 3164 2926 3233 ιγ)
2959 3181 2973 3217 :
3003 3164 3377 3236 unusquisque
3414 3164 3560 3219 enim

1960 3253 2268 3325 episcOpus,
2322 3254 2495 3325 inquit
2549 3253 2945 3308 Antiochenum
3000 3252 3307 3318 concilium,
3359 3253 3559 3307 habeat

1960 3359 2073 3397 sua
2101 3341 2375 3412 parochia
2393 3348 2738 3412 potestatem,
2762 3348 2820 3394 ut
2858 3346 3012 3411 regat
3027 3341 3179 3408 juxta
3198 3339 3557 3395 reverentiam

1960 3429 2188 3503 singulis
2219 3437 2639 3500 competentem,
2685 3436 2736 3483 et
2764 3427 3163 3499 providentiam
3192 3435 3347 3499 gerat
3376 3427 3554 3483 omnis

1957 3517 2320 3590 possessionis
2339 3534 2461 3589 qua
2490 3518 2589 3571 sub
2611 3518 2727 3586 ejus
2747 3524 2830 3572 est
2844 3523 3136 3587 potestate;
3162 3516 3234 3570 ita
3255 3524 3311 3570 ut
3330 3516 3558 3587 presby-

1958 3610 2105 3657 teros
2134 3610 2186 3657 et
2215 3603 2475 3656 diaconos
2506 3601 2737 3667 ordinet,
2787 3608 2841 3656 et
2887 3599 3102 3671 singula
3133 3614 3231 3654 suo
3269 3598 3325 3653 in
3348 3599 3555 3669 judicio

1958 3690 2421 3762 comprehendat,
2472 3688 2702 3760 amplius
2757 3695 2933 3743 autem
2990 3688 3123 3743 nihil
3176 3703 3343 3759 agere
3386 3693 3555 3743 tentet

1957 3788 2159 3852 prater
2187 3778 2478 3834 antistitem
2522 3777 3020 3852 metropolitanum.
3073 3777 3154 3831 Ex
3184 3776 3288 3831 hoc
3316 3775 3552 3846 capitulo

1958 3848 2203 3941 quaedam
2235 3876 2360 3922 sunt
2388 3883 2509 3939 qua
2538 3866 2633 3921 tibi
2650 3853 2716 3920 in
2743 3848 3026 3938 pramissa
3053 3864 3231 3941 rotula
3260 3863 3552 3920 scribenda

1956 3940 2192 4023 dictavi,
2227 3956 2325 4011 sed
2372 3955 2617 4012 notarius
2660 3954 2914 4028 angustia
2955 3940 3223 4027 tempori!
3247 3959 3554 4009 coarctatus

1956 4046 2208 4102 celeriter
2237 4046 2483 4101 scribens
2529 4044 2848 4111 intermisit;
2901 4043 2999 4098 sed
3046 4059 3112 4098 ea
3142 4059 3261 4115 qua
3287 4041 3384 4097 tibi
3411 4040 3551 4097 scri-

1957 4150 2175 4206 pseram
2208 4135 2277 4189 ad
2306 4151 2487 4189 meum
2507 4150 2645 4205 opus
2666 4133 2977 4206 diligentius
2998 4132 3242 4189 scribere
3267 4131 3464 4200 jubens
3484 4130 3553 4187 de

1957 4223 2153 4278 tabulis
2210 4222 2444 4278 relevari
2501 4222 2625 4289 feci,
2686 4221 2963 4276 videlicet'
2994 4220 3285 4293 diligenter
3331 4219 3551 4275 attende

1957 4313 2103 4383 quod
2130 4312 2340 4377 dicitur,
2374 4311 2723 4382 presbyteros
2762 4316 2815 4364 et
2843 4308 3107 4364 diaconos
3135 4307 3408 4378 parochia
3437 4323 3551 4362 sua

1956 4401 2166 4456 ordinet
2195 4399 2484 4470 episcopus
2509 4417 2522 4463 ;
2547 4397 2759 4452 ordinet
2784 4404 2984 4459 autem,
3019 4403 3073 4450 et
3101 4410 3212 4449 non
3242 4394 3547 4460 exordinet,

251 4502 535 4566 claudere,
568 4498 665 4553 sed
697 4505 819 4568 pete
850 4498 1027 4551 Deum
1076 4494 1522 4565 omnipotentem,
1553 4500 1608 4547 ut
1638 4499 1690 4547 et
1720 4493 1775 4547 in
1804 4500 1856 4547 te
1884 4482 1936 4542 D
1959 4505 2060 4545 nec
2087 4495 2278 4544 contra
2307 4485 2526 4557 regulas
2540 4485 2607 4538 ab
2629 4482 2805 4539 ofﬁcio
2827 4483 3167 4550 submoveat,
3198 4482 3286 4538 vel
3315 4497 3552 4553 suspen-
3593 4532 3602 4538 .

249 4590 475 4662 impleat
506 4586 656 4660 quod
684 4602 783 4657 per
825 4586 1141 4657 prophetam
1189 4582 1319 4638 olim
1357 4582 1629 4653 pollicitus
1657 4588 1740 4635 est
1767 4580 1855 4635 di—

249 4694 381 4735 cens
418 4695 433 4732 :
466 4678 745 4746 Auferam
774 4691 810 4729 a
839 4673 986 4730 vobis
1008 4689 1103 4730 cor
1134 4671 1437 4743 lapideum,
1473 4673 1529 4726 et
1557 4670 1694 4725 dabo
1710 4669 1857 4724 vobis

255 4784 352 4824 cor
379 4780 683 4829 corneum,
704 4767 760 4819 et
780 4763 994 4833 faciam
1010 4765 1075 4817 ut
1105 4762 1167 4816 in
1190 4759 1486 4832 praeceptis
1505 4759 1646 4814 meis
1666 4758 1859 4813 ambu-

254 4857 408 4921 letis,
443 4858 504 4910 et
534 4851 849 4926 aperemini
880 4850 1102 4921 (Ezech.
1136 4848 1340 4919 xxxvr).

322 4945 599 5000 Catemm
645 4939 841 4995 fratres
889 4938 1061 4993 nostri
1108 4951 1244 5009 quos
1272 4936 1343 4991 ad
1375 4942 1426 4990 te
1456 4934 1577 4990 misi
1605 4934 1736 4990 mihi
1766 4949 1856 4989 re-

249 5033 641 5087 nuntiaverunt
669 5037 722 5084 te
769 5028 874 5084 illis
902 5025 1251 5098 pracepisse,
1294 5033 1351 5080 ut
1396 5040 1483 5079 me
1510 5030 1860 5095 precarentur

248 5128 482 5193 propter
512 5118 615 5173 Dei
646 5115 1041 5182 reverentiam,
1075 5122 1127 5170 et
1153 5122 1469 5170 sanctorum
1500 5113 1617 5182 ejus
1640 5119 1692 5167 et
1714 5111 1860 5166 sedis

247 5208 572 5281 apostolica
616 5204 996 5261 auctoritatem
1039 5219 1108 5259 ne
1140 5218 1395 5275 cogerem
1443 5209 1496 5256 te
1526 5200 1860 5271 respondere

248 5296 501 5369 quandiu
530 5294 587 5348 in
616 5292 711 5363 tali
741 5292 1002 5348 detineris
1029 5290 1274 5346 custodia
1322 5296 1375 5345 et
1412 5288 1657 5344 absentia
1695 5287 1859 5343 cleri-

248 5399 441 5442 corum
471 5392 712 5450 tuorum,
761 5397 864 5437 nec
901 5379 1185 5449 judicium,
1231 5392 1334 5434 nec
1363 5377 1733 5448 prajudicium
1770 5376 1860 5430 in-

248 5474 450 5530 ferrem
482 5471 605 5539 tibi,
639 5470 727 5525 vel
775 5478 882 5525 tua
926 5468 1215 5541 parochia.
1268 5465 1403 5534 Qua
1431 5465 1619 5537 petitio
1666 5464 1861 5535 partim

246 5579 362 5619 non
392 5569 478 5619 est
501 5559 672 5631 justa,
705 5573 883 5632 neque
913 5555 1286 5615 rationabilis:
1319 5555 1466 5629 quod
1495 5553 1638 5611 enim
1679 5553 1864 5626 petisti

1958 4576 2068 4641 dat,
2102 4584 2155 4630 et
2181 4575 2384 4630 ibidem
2414 4572 2791 4644 subsequitur;
2822 4571 3035 4643 singula
3055 4587 3156 4626 suo
3178 4570 3381 4640 judicio
3401 4584 3552 4625 com-

1957 4664 2258 4736 prehendat
2290 4683 2307 4719 :
2338 4662 2551 4732 singula
2579 4669 2759 4718 autem
2785 4661 2915 4716 dicit
2944 4667 3002 4715 ut
3030 4676 3129 4715 suo
3160 4658 3364 4728 judicio
3392 4673 3550 4713 com—

1956 4752 2277 4824 prehendat,
2311 4759 2362 4806 et
2396 4767 2506 4807 non
2537 4767 2659 4822 qua
2704 4750 2775 4806 ad
2803 4748 3119 4821 generalem
3148 4746 3554 4802 observantiam

1959 4842 2202 4898 omnium
2228 4840 2446 4897 Domini
2481 4839 2752 4911 pertinent
2788 4836 3151 4902 sacerdotum,
3186 4850 3326 4907 qua,
3357 4843 3415 4890 ut
3444 4837 3553 4892 Leo

1960 4930 2106 4996 dicit,
2140 4930 2257 4984 sine
2304 4928 2621 5000 primatibus
2662 4941 2773 4980 non
2819 4931 3030 4995 oportet
3072 4922 3304 4994 impleri.
3346 4925 3415 4978 Et
3441 4923 3555 4979 noli

1960 5019 2211 5075 claudere
2241 5033 2405 5073 aures
2437 5015 2615 5071 cordis
2644 5015 2711 5067 ad
2740 5013 2795 5068 id
2824 5012 2971 5085 quod
3018 5012 3222 5067 ibidem
3251 5011 3555 5084 diligentis-

1961 5107 2095 5163 sime
2142 5106 2338 5163 dicitur
2370 5124 2383 5160 :
2415 5102 2813 5174 Unusquisque,
2866 5101 3056 5173 inquit,
3119 5101 3406 5173 episcopus
3450 5102 3554 5155 ha-

1960 5196 2086 5251 beat
2110 5212 2223 5250 sua
2251 5192 2521 5265 parochia
2548 5197 2889 5261 potestatem,
2937 5197 2994 5244 ut
3023 5196 3182 5262 regat
3205 5189 3353 5258 juxta
3385 5204 3547 5244 reve-

1961 5285 2190 5339 rentiam
2221 5280 2450 5354 singulis
2480 5285 2899 5350 competentem.
3502 5284 3503 5287 ‘

2030 5371 2264 5427 Proinde
2291 5385 2484 5425 cavere
2514 5368 2786 5423 debueras
2814 5382 2885 5423 ne
2914 5381 3179 5423 concessa
3206 5365 3303 5420 tibi
3325 5372 3427 5421 tua
3457 5379 3556 5437 pa-

1961 5460 2162 5516 rochia
2188 5466 2455 5530 potestate
2483 5464 2667 5512 contra
2686 5457 2788 5512 hos
2819 5471 3007 5512 sacros
3037 5468 3277 5511 canones
3307 5454 3556 5511 abutere-

1961 5549 2055 5617 ris,
2091 5547 2183 5621 qui
2212 5547 2397 5604 dicunt
2424 5554 2479 5602 ut
2508 5553 2667 5617 regat
2711 5545 2835 5618 quis
2867 5543 3156 5617 episcopus
3204 5558 3361 5599 suam
3388 5558 3557 5614 paro-
