4020 6182
437 269 536 324 531

1323 254 1668 313 HINCMARI
1726 249 2128 310 RHEMENSIS
2185 249 2738 308 ARCHIEPISCOPI.
2781 261 2788 268 ’

3631 252 3738 306 532

438 387 620 446 chiam
641 385 791 456 juxta
835 381 1201 440 reverentiam
1250 380 1480 453 singulis
1526 385 1952 450 competentem,
1987 383 2038 432 et
2059 375 2112 436 A
2143 380 2198 432 et
2218 379 2446 448 justum
2466 392 2582 432 non
2599 375 2906 446 interﬁcies
2923 373 3328 446 (Danishvm),
3353 374 3410 430 id
3431 381 3514 430 est
3543 374 3748 446 quibus

433 493 544 534 non
591 473 874 547 subrigat,
917 471 1055 527 sicut
1109 478 1166 525 tu
1203 470 1380 526 fecisti
1429 475 1684 541 quantum
1741 483 1806 523 ex
1845 473 1897 521 te
1937 465 2036 520 fuit

435 565 599 624 exitio
624 565 778 634 juxta
831 559 1244 618 irreverentiam
1273 559 1480 614 cunctis
1525 557 1984 628 incompetentem
2019 573 2033 609 :

435 654 690 712 omnibus
737 651 879 707 enim
923 648 1272 706 irreverentia
1320 662 1480 719 quam
1527 645 1820 702 exhibuisti
1860 645 1916 698 in
1948 651 2036 698 tua

433 743 690 818 parochia
718 739 959 796 noscitur
981 754 1103 794 esse
1123 737 1514 808 incompetens,
1543 751 1663 807 quae
1691 735 1762 790 ad
1794 733 2036 789 omnium

431 833 690 906 probatur
717 829 992 902 pertinere
1023 827 1262 892 exitium,
1296 841 1418 881 cum
1449 825 1518 879 de
1557 823 1806 896 singulis,
1835 829 2037 894 quanto

431 920 609 993 magis
655 919 723 974 de
765 917 1009 989 pluribus
1045 913 1346 970 timendum
1393 912 1656 967 Dominus
1705 912 1850 966 dicat
1885 929 1898 966 :
1935 911 2040 978 Qui

434 1007 912 1068 scandalisaverit
940 1021 1122 1062 unum
1163 1005 1230 1060 de
1271 1003 1502 1075 pusillis
1551 1003 1680 1056 istis
1713 1001 1826 1073 =qui
1855 1001 1920 1054 in
1947 1016 2038 1055 me

434 1099 694 1162 credunt,
720 1095 952 1169 expedit
990 1096 1042 1150 ei
1085 1097 1152 1148 ut
1184 1091 1568 1164 suspendatur
1589 1091 1740 1144 mola
1781 1090 2040 1144 asinaria

435 1188 577 1244 collo
590 1189 804 1258 ejus,ut
819 1186 1180 1254 demergatur
1189 1183 1252 1236 in
1265 1179 1612 1254 profundum
1623 1179 1801 1234 maris
1817 1179 2037 1246 (Matth.

434 1291 585 1342 xvu;
623 1275 788 1330 Marc.
825 1272 930 1344 rx);
957 1271 1100 1342 quia,
1127 1277 1184 1324 ut
1215 1269 1404 1324 beatus
1425 1275 1694 1323 monstrat
1713 1265 2037 1337 Gregorius,

436 1365 508 1420 ad
537 1361 835 1418 sanctitatis
866 1359 1106 1431 speciem
1135 1357 1370 1413 deducto
1391 1400 1403 1423 ,
1438 1364 1491 1412 et
1519 1356 1708 1420 verbo,
1735 1355 1820 1410 vel
1852 1371 2040 1409 exem-

433 1453 527 1526 plo
559 1461 788 1508 caeteros
833 1447 1149 1504 destruendi
1203 1446 1396 1501 melius
1451 1444 1699 1517 profecto
1745 1444 1940 1510 fuerat,
1988 1453 2045 1502 ut

433 1537 581 1592 hunc
613 1535 684 1589 ad
725 1541 960 1588 mortem
1008 1531 1110 1586 sub
1141 1529 1394 1586 exteriori
1440 1528 1626 1583 habitu
1677 1535 1893 1582 terrena
1921 1533 2045 1582 acta

438 1622 898 1696 constringerent,
934 1635 1094 1692 quam
1123 1619 1176 1673 in
1209 1633 1362 1674 sacro
1393 1616 1568 1673 oﬂicio
1595 1616 1805 1687 positus
1831 1615 2045 1672 caeteris

2136 465 2342 540 ligandi
2375 472 2537 536 atque
2569 465 2816 519 solvendi
2846 472 2928 520 est
2949 479 2982 518 a
3007 465 3122 518 Deo
3141 463 3336 519 collata
3363 471 3750 534 potestas,non

2135 553 2204 608 de
2225 553 2518 624 supercilio
2543 552 2942 608 Pharisaeorum
2983 559 3260 607 assumant
3288 560 3347 606 ut
3367 553 3455 607 vel
3482 552 3750 606 damnent

2137 641 2471 708 innocentes,
2504 641 2592 698 vel
2623 642 2834 698 solvere
2879 657 2936 696 se
2975 640 3167 696 noxios
3199 641 3556 708 arbitrentur,
3617 656 3754 696 cum

2138 731 2280 800 apud
2321 731 2496 786 Deum
2533 746 2642 786 non
2683 731 2948 786 sententia
2986 730 3354 796 sacerdotum,
3395 730 3494 784 sed
3549 745 3754 784 eorum

2137 820 2248 874 vita
2278 828 2570 891 quaeratur.
2621 820 2876 892 Legimus
2923 819 2980 872 in
3035 818 3270 874 Levitico
3327 819 3474 892 (cap.
3505 819 3638 889 xlv)
3683 818 3752 873 de

2139 909 2372 980 leprosis
2404 908 2494 962 ubi
2535 909 2792 977 jubentur
2828 915 2887 962 ut
2914 907 3204 962 ostendant
3244 923 3302 962 se
3331 907 3750 974 sacerdotibus,

2141 1005 2193 1054 et
2250 997 2296 1052 si
2325 997 2536 1068 lepram
2589 997 2876 1052 habuerint
2911 1005 3039 1053 tunc
3086 1013 3116 1051 a
3155 996 3436 1052 sacerdote
3473 996 3758 1051 immundi

2140 1084 2291 1154 fiant,
2332 1101 2442 1141 non
2482 1086 2628 1158 quod
2658 1087 2973 1142 sacerdotes
3003 1086 3252 1156 leprosos
3289 1085 3492 1140 faciant
3531 1093 3588 1140 et
3641 1084 3754 1139 im-

2139 1175 2393 1242 mundos,
2427 1176 2525 1230 sed
2554 1176 2699 1248 quod
2735 1175 2972 1230 habeant
3009 1175 3256 1229 notitiam
3299 1174 3502 1245 leprosi
3543 1181 3598 1230 et
3639 1189 3756 1230 non

2141 1263 2346 1334 leprosi
2378 1308 2390 1330 ,
2434 1272 2486 1319 et
2522 1271 2750 1336 possunt
2797 1264 3114 1320 discernere
3166 1262 3258 1335 qui
3301 1264 3543 1318 mundus
3583 1262 3756 1336 quive

2141 1351 2450 1408 immundus
2479 1353 2564 1408 sit.
2598 1353 2882 1422 Quomodo
2913 1369 3050 1426 ergo
3069 1353 3144 1408 ibi
3173 1353 3448 1424 leprosum
3477 1352 3756 1408 sacerdos

2142 1441 2480 1498 immundum
2529 1442 2673 1511 facit,
2734 1442 2814 1499 sic
2841 1449 2894 1498 et
2923 1443 3011 1499 hic
3038 1443 3128 1499 cui
3154 1443 3420 1498 Dominus
3450 1441 3678 1515 ligandi
3709 1450 3762 1498 et

2144 1531 2392 1587 solvendi
2419 1539 2740 1602 potestatem
2771 1531 2938 1600 dedit,
2973 1531 3160 1604 alligat
3189 1539 3241 1586 et
3278 1531 3456 1602 solvit,
3489 1531 3760 1588 videlicet

2144 1620 2434 1692 episcopus
2465 1627 2516 1676 et
2545 1620 2854 1692 presbyter,
2888 1621 2944 1675 id
2974 1628 3073 1686 est,
3113 1637 3222 1676 non
3251 1635 3346 1676 eos
3375 1620 3470 1692 qui
3495 1620 3758 1676 insontes

438 1719 675 1768 mortem
703 1710 872 1766 verbo
901 1709 990 1766 vel
1021 1723 1186 1780 opere
1229 1706 1547 1778 propinaret
1579 1723 1592 1758 :
1627 1704 1754 1776 quia
1781 1703 2039 1758 nimirum
2067 1734 2120 1796 Β
2145 1717 2270 1764 sunt
2299 1709 2506 1782 alliget,
2541 1710 2628 1764 vel
2659 1709 2751 1782 qui
2773 1709 2918 1765 noxii
2950 1709 3141 1776 solvat,
3174 1709 3270 1764 sed
3297 1725 3398 1780 pro
3429 1708 3618 1765 ofﬁcio
3653 1724 3756 1764 suo

439 1801 486 1856 si
520 1799 670 1855 solus
700 1798 942 1866 caderet,
973 1805 1246 1868 utcunque
1295 1797 1437 1850 hunc
1467 1793 1804 1850 tolerabilior
1841 1793 2041 1848 inferni

441 1904 608 1961 poena
637 1887 927 1944 cruciaret.
961 1885 1122 1954 Quod
1163 1883 1435 1940 mandasti
1463 1890 1522 1938 ut
1558 1898 1668 1938 non
1698 1890 1751 1937 te
1782 1897 2038 1952 cogerem

443 1975 776 2049 respondere
807 1975 862 2030 in
890 1973 1137 2030 absentia
1165 1972 1490 2030 clericorum
1520 1981 1733 2028 tuorum
1757 2013 1770 2038 ,
1805 1972 2038 2026 demon-

444 2066 626 2122 strasti
655 2073 706 2120 te
737 2080 847 2120 non
891 2071 1036 2122 recte
1083 2063 1390 2134 intelligere
1421 2061 1740 2118 sententiam
1771 2075 2040 2116 canonum

444 2153 892 2228 Carthaginensis
923 2151 1138 2210 concilii
1167 2167 1276 2224 qua
1299 2151 1493 2207 dicitur
1523 2151 1810 2222 episcOpus
1839 2149 2040 2204 nullius

443 2260 666 2302 causam
695 2243 878 2298 audiat
905 2242 1113 2313 absque
1127 2241 1421 2312 praesentia
1442 2240 1766 2295 clericorum
1789 2255 2038 2306 suorum,

440 2332 568 2388 licet
609 2333 720 2400 jam
748 2331 846 2386 tibi
886 2329 1119 2385 dixerim
1162 2329 1394 2400 qualiter
1443 2329 1510 2383 sit
1555 2327 1906 2398 intelligenda
1931 2370 1943 2394 ,
1990 2335 2042 2383 et

445 2437 550 2494 qua
580 2421 648 2476 de
677 2435 738 2475 re
766 2419 925 2474 fuerit
944 2417 1253 2474 constituta.
1279 2416 1438 2487 Quod
1458 2424 1638 2473 autem
1667 2417 1940 2472 mandasti
1960 2424 2036 2482 ut,

441 2510 584 2566 sicut
609 2508 742 2564 mihi
769 2507 1020 2564 dominus
1063 2507 1390 2579 apostolicus
1421 2506 1637 2577 scriptis
1665 2507 2037 2573 mandaverat,

436 2597 535 2654 tibi
561 2597 839 2654 licentiam
869 2597 1096 2652 Romam
1123 2595 1282 2651 eundi
1304 2597 1608 2666 impetrem,
1639 2611 1750 2650 non
1777 2595 1908 2649 mihi
1939 2596 2042 2650 hoc

441 2687 691 2744 dominus
737 2685 1070 2758 apostolicus
1113 2685 1438 2742 mandavit:
1473 2685 1650 2739 habeo
1699 2683 1844 2739 enim
1897 2683 2041 2738 illius

442 2775 729 2848 epistolam
759 2775 970 2832 salvam
1030 2783 1084 2829 et
1110 2774 1498 2844 incorruptam,
1531 2773 1587 2827 in
1617 2787 1724 2845 qua
1754 2775 1856 2828 hoc
1895 2772 2042 2844 quod

441 2863 708 2919 mandasti
751 2879 862 2918 non
903 2863 1226 2918 continetur.
1270 2861 1428 2932 Quod
1478 2861 1752 2916 mandasti
1783 2861 2040 2932 quoniam

447 2952 506 3008 in
531 2951 740 3023 synodo
766 2967 939 3022 nuper
967 2950 1024 3004 in
1051 2949 1334 3005 Vermeria
1352 2950 1538 3004 habita
1567 2951 1756 3005 sedem
1785 2949 2042 3020 apostoli-

445 3055 570 3100 cam
605 3038 910 3113 appellasti,
961 3037 1400 3094 manifestissime
1448 3053 1638 3094 omnes
1683 3038 1760 3092 illi
1799 3038 2040 3110 cpiscOpi

447 3130 682 3203 amplius
713 3143 876 3202 quam
902 3126 1095 3200 viginti
1127 3127 1220 3198 qui
1247 3127 1468 3182 adfuere
1497 3127 1552 3182 in
1575 3128 1783 3198 synodo
1812 3127 2040 3200 regula-

437 3220 572 3276 riter
599 3227 654 3276 te
685 3217 874 3274 sedem
923 3215 1280 3288 apostolicam
1324 3230 1436 3270 non
1477 3215 1786 3286 appellasse
1827 3231 2040 3289 cogno-

441 3314 620 3367 scunt.
652 3305 812 3376 Quod
837 3305 1108 3362 mandasti
1138 3304 1262 3376 quia
1285 3305 1474 3360 sedem
1503 3304 1752 3376 appellas
1781 3305 2041 3377 apostoli-

441 3412 565 3455 cam
595 3413 720 3454 cum
747 3395 801 3450 in
826 3394 1029 3466 judicio
1050 3401 1235 3449 nostro
1264 3393 1408 3448 idem
1438 3394 1495 3448 in
1525 3395 1820 3466 episcopali
1834 3395 2041 3465 judicio

443 3485 746 3543 secundum
776 3499 966 3540 sacros
987 3497 1224 3539 canones
1245 3483 1435 3538 sedem
1465 3483 1823 3554 apostolicam
1853 3485 2042 3555 appel-

440 3569 658 3637 laveris,
719 3569 986 3624 habemus
1029 3567 1278 3622 ordinem
1317 3567 1396 3622 rei
1439 3567 1673 3640 qualiter
1715 3569 1842 3624 inde
1872 3585 2040 3640 agere

446 3658 763 3716 debeamus.
795 3657 1062 3712 Caeterum
1090 3670 1194 3712 nec
1225 3655 1355 3726 tibi,
1387 3673 1492 3712 nec
1521 3658 1776 3728 cuiquam
1803 3659 1893 3712 alii
1925 3658 2039 3713 Ro-

437 3763 586 3804 mam
623 3747 705 3804 ire
747 3753 1009 3819 quantum
1049 3761 1116 3799 ex
1157 3760 1246 3799 me
1273 3752 1356 3800 est
1397 3746 1730 3802 contradieo.
1773 3747 1914 3802 Data
1943 3757 2042 3802 vm

438 3836 563 3894 Kal.
595 3837 719 3892 Jun.
752 3833 1035 3907 praesentis
1063 3833 1319 3889 secundae
1355 3833 1682 3889 indictionis.

848 3973 1191 4030 HINCMARI
1229 3973 1628 4031 RHEMENSIS

443 4091 517 4134 AD
547 4087 936 4131 PRESBYTEROS
955 4089 1026 4128 ET
1049 4089 1324 4129 DIACONOS
1343 4087 1618 4129 ECCLESIE
1635 4089 2035 4133 LAUDUNENSIS.

509 4201 838 4257 Hthmnus
883 4198 1216 4255 Rhemorum
1265 4198 1550 4270 episcopus
1598 4215 1662 4255 ac
1717 4200 1894 4271 plebis
1939 4201 2040 4256 Dei

437 4289 694 4360 famulus,
728 4287 1079 4360 presbyteris,
1129 4287 1445 4344 diaconibus
1489 4303 1554 4344 ac
1599 4288 1824 4361 reliquis
1855 4290 2038 4346 eccle-

438 4379 674 4436 siasticis
701 4377 986 4434 ordinibus
1007 4376 1062 4432 in
1080 4377 1428 4432 Lauduncnsi
1453 4377 1698 4434 Ecclesia
1729 4379 2036 4434 consisten-

432 4468 596 4538 tibus,
632 4467 878 4523 salutem.

503 4557 653 4614 Sicut
681 4556 870 4628 petitio
897 4556 1030 4611 mihi
1060 4570 1095 4611 a
1130 4555 1286 4611 vobis
1315 4569 1416 4625 per
1447 4557 1714 4627 quosdam
1745 4557 2036 4612 commini-

433 4655 576 4702 stros
605 4653 818 4702 vestros
867 4645 986 4702 vice
1041 4644 1285 4719 omnium
1313 4651 1556 4699 vestrum
1602 4646 1730 4700 data
1773 4646 2032 4713 continet,

429 4735 598 4792 frater
629 4743 682 4790 et
710 4735 1068 4806 coepiscopus
1107 4741 1294 4789 noster
1338 4733 1660 4789 Hincmarus
1697 4750 1858 4790 causa
1889 4735 2034 4804 inju-

429 4825 636 4880 riarum
664 4839 880 4879 suarum
901 4839 998 4879 vos
1019 4823 1090 4878 ab
1118 4821 1298 4878 ofﬁcio
1319 4821 1708 4888 ecclesiastico,
1743 4831 1796 4878 et
1815 4839 2031 4880 omnem

424 4911 740 4986 parochiam
785 4912 888 4966 sibi
935 4912 1282 4967 commissam
1330 4927 1362 4966 a
1417 4912 1762 4981 perceptione
1793 4919 1846 4967 et
1875 4928 2030 4968 com-

427 5001 688 5059 munione
745 4999 1083 5057 vivificorum
1129 5000 1508 5072 mysteriorum
1567 5007 1770 5055 nostra:
1814 5002 2030 5056 redem-

427 5091 630 5162 ptionis
662 5089 1168 5146 excommunicavit.
1204 5090 1320 5158 Qua
1354 5089 1424 5146 de
1453 5106 1529 5152 re,
1564 5089 1701 5144 sicut
1740 5105 1772 5144 a
1804 5090 2028 5161 quibus-

425 5180 550 5235 dam
577 5179 789 5247 dicitur,
827 5178 1046 5251 plurimi
1090 5179 1207 5234 sine
1237 5179 1377 5233 sacri
1407 5177 1746 5248 baptismatis
1790 5195 2026 5250 regene-

423 5268 651 5334 ratione,
684 5277 736 5324 et
765 5269 882 5324 sine
910 5267 1098 5323 ultima
1129 5267 1444 5338 poenitentia
1489 5267 1654 5337 petita
1685 5274 1738 5322 ct
1781 5283 1889 5322 non
1916 5269 2024 5322 im-

421 5363 650 5426 petrata,
699 5365 857 5428 atque
899 5357 1015 5412 sine
1059 5357 1254 5412 viatico
1300 5372 1525 5410 munere
1571 5355 1842 5411 obierunt.
1891 5358 2022 5412 Cum

422 5443 614 5498 Daniel
643 5446 903 5515 propheta
932 5446 1000 5501 de
1044 5445 1200 5502 dictis
1245 5443 1464 5500 Domini
1495 5445 1862 5500 testimonium
1893 5461 2022 5501 con-

419 5538 507 5588 tra
535 5530 718 5604 inique
743 5533 1046 5602 judicantes
1071 5533 1358 5606 perhibeat
1389 5533 1577 5590 dicens
1612 5551 1624 5588 :
1657 5535 2021 5591 Innocentem

2143 1814 2268 1854 cum
2296 1806 2642 1872 peccatorum
2683 1813 2754 1853 ex
2783 1798 3006 1854 veritate
3045 1797 3362 1869 cognoverit
3423 1798 3752 1864 varietates,

2139 1887 2274 1942 sciat
2304 1887 2396 1958 qui
2424 1888 2726 1943 secundum
2753 1887 3128 1943 auctoritatem
3171 1887 3428 1958 ligandus
3459 1887 3550 1952 sit,
3585 1887 3756 1958 quive

2143 1974 2453 2030 solvendus.
2493 1977 2563 2030 Et
2602 1983 2818 2032 sanctus
2857 1976 3157 2048 Gregorius
3194 1975 3456 2046 episcopo
3490 1975 3754 2031 Nichote—

2139 2079 2283 2120 ranae
2319 2065 2549 2121 civitatis
2575 2081 2678 2136 pro
2711 2065 3032 2137 quibusdam
3071 2065 3244 2136 culpis
3281 2065 3336 2119 in
3365 2064 3754 2134 paenitentiam

2140 2155 2398 2226 deputato
2427 2155 2496 2210 de
2525 2154 2642 2224 ejus
2675 2154 2907 2211 ecclesia
2935 2153 3076 2210 dicat
3105 2153 3264 2209 valde
3294 2169 3416 2210 esse
3444 2153 3676 2220 durum,
3697 2161 3756 2208 ut

2142 2259 2423 2315 quousque
2453 2259 2615 2298 causa
2645 2243 2813 2314 ipsius
2841 2242 3085 2314 episcopi
3115 2242 3378 2297 subtiliter
3407 2241 3752 2314 requiratur,

2139 2347 2250 2387 non
2277 2332 2473 2388 habeat
2503 2333 2752 2388 Ecclesia
2775 2333 2868 2387 illa
2887 2332 3265 2404 presbyterum
3285 2331 3378 2402 qui
3397 2347 3624 2388 sacrum
3642 2331 3754 2389 illic

2140 2437 2278 2492 opus
2307 2421 2488 2478 valeat
2517 2421 2818 2478 celebrare.

2209 2511 2278 2565 Et
2314 2511 2384 2564 ad
2434 2509 2878 2566 Maximinianum
2926 2509 3392 2580 archiepiscOpum
3433 2510 3752 2581 Syracusa—

2139 2614 2270 2653 num
2301 2598 2522 2668 scribit,
2559 2607 2616 2654 ut
2663 2598 2908 2656 Venantii
2949 2598 3172 2670 patritii,
3223 2599 3377 2668 cujus
3407 2599 3668 2654 homines
3699 2599 3754 2654 in

2141 2687 2478 2758 episcOpium
2531 2689 2648 2757 ejus
2693 2673 2979 2754 irruerent,
3023 2695 3076 2744 et
3115 2688 3331 2744 diversa
3367 2686 3556 2742 hostili
3595 2703 3754 2743 more

2139 2777 2284 2831 mala
2313 2777 2711 2844 commiserant,
2747 2785 2800 2832 et
2828 2777 2899 2832 ob
2927 2777 2984 2832 id
3009 2777 3129 2847 ipse
3154 2784 3207 2832 et
3235 2792 3334 2831 sua
3364 2776 3562 2832 domus
3593 2777 3666 2830 ab
3689 2793 3754 2832 eo

2143 2866 2594 2921 excommunicati
2637 2873 2804 2934 erant,
2857 2866 3102 2934 ejusdem
3139 2864 3390 2921 Venantii
3439 2864 3754 2921 oblationes

2140 2954 2420 3024 reciperet,
2455 2961 2508 3009 et
2562 2954 2668 3025 ipsi
2696 2970 2760 3010 ac
2818 2953 3003 3008 domui
3050 2955 3166 3024 ejus
3221 2954 3522 3009 missarum
3551 2955 3754 3027 peragi

2139 3043 2391 3114 mysteria
2450 3043 2798 3114 permitteret,
2867 3043 3056 3098 dicens
3126 3057 3138 3098 :
3209 3041 3347 3111 Quia
3411 3042 3484 3096 ita
3527 3049 3754 3098 terrena

2145 3132 2236 3204 agi
2272 3131 2436 3187 debet
2471 3132 2693 3202 utilitas,
2753 3139 2810 3186 ut
2863 3131 3072 3186 nullum
3119 3147 3221 3186 nos
3253 3131 3498 3204 jurgium
3539 3149 3572 3185 a
3613 3133 3753 3186 cha-

2143 3221 2316 3276 ritatis
2354 3221 2532 3276 valeat
2595 3220 2933 3277 connexione
2995 3220 3355 3293 disjungere;
3425 3227 3478 3274 et
3543 3220 3624 3275 ita
3685 3219 3754 3275 ti-

2142 3309 2230 3364 liis
2266 3325 2368 3364 nos
2407 3311 2721 3366 sacerdotes
2759 3317 2976 3382 oportet
3033 3309 3428 3366 sacerdotalem
3484 3308 3752 3365 affectum

2141 3398 2479 3469 impendere,
2511 3407 2566 3454 ut
2595 3399 2650 3454 in
2679 3399 2879 3470 causis,
2911 3407 3074 3470 prout
3102 3398 3239 3454 ratio
3271 3397 3626 3471 suffragatur,
3653 3399 3752 3468 ju-

2143 3487 2506 3544 risdictionem
2573 3487 2836 3545 Ecclesia:
2897 3495 3100 3543 nostrae
3155 3487 3452 3542 debeamus
3517 3487 3755 3544 minime

2140 3577 2440 3646 praeterire.
2477 3577 2584 3632 Sed
2625 3586 2679 3632 et
2707 3577 3170 3633 communicantes
3209 3577 3442 3632 Maximo
3481 3577 3754 3648 episcopo

2141 3680 2171 3719 a
2201 3681 2259 3720 se
2290 3665 2750 3722 excommunicato
2808 3665 2984 3722 isdem
3012 3665 3204 3721 beatus
3248 3665 3551 3738 Gregorius
3582 3667 3754 3722 etiam

2141 3779 2250 3818 non
2267 3769 2514 3834 petentes
2543 3763 2775 3818 absolvit
2801 3765 2904 3819 hoc
2923 3763 3106 3818 modo.
3134 3761 3430 3831 Quosdam,
3462 3762 3752 3834 inquiens,

2142 3851 2212 3906 ad
2269 3851 2777 3908 communicandum
2816 3851 2991 3907 eidem
3037 3851 3441 3922 praevaricatori
3475 3851 3756 3908 violenter

2142 3957 2264 3996 esse
2302 3955 2647 4012 compressos
2681 3959 2694 3996 :
2729 3942 2992 4013 quosdam
3048 3948 3226 3996 autem
3269 3949 3512 3996 vestrum
3561 3942 3754 3997 audivi

2139 4030 2442 4103 ignorantia
2468 4030 2673 4102 lapsos.
2735 4031 3176 4102 Omnipotentem
3216 4031 3508 4086 Dominum
3537 4031 3753 4102 depre—

2140 4134 2252 4189 cor,
2285 4127 2343 4175 ut
2373 4136 2466 4176 eos
2511 4119 2602 4191 qui
2629 4120 2754 4176 huic
2791 4120 3042 4192 pravitati
3071 4119 3292 4175 minime
3343 4129 3754 4176 consenserunt

2137 4217 2396 4280 perpetua
2424 4209 2614 4282 gratiae
2645 4225 2756 4265 suae
2786 4209 3124 4280 protectione
3153 4209 3438 4278 custodiat,
3473 4217 3526 4264 et
3559 4219 3755 4280 optata

2140 4296 2220 4352 eis
2249 4297 2502 4370 largitate
2547 4298 2872 4369 respondeat
2905 4317 2918 4353 :
2953 4307 3006 4353 et
3035 4299 3156 4354 illos
3193 4315 3330 4370 quos
3356 4305 3444 4353 aut
3475 4297 3746 4364 studium,

2140 4393 2230 4440 aut
2260 4386 2593 4456 ignorantia,
2625 4395 2712 4442 aut
2735 4387 2987 4458 quaelibet
3017 4387 3123 4442 alia
3151 4402 3318 4443 causa
3347 4388 3516 4442 traxit
3545 4388 3600 4442 in
3639 4387 3754 4444 cul-

2053 4454 2106 4514 D
2137 4454 2304 4545 pem,“
2317 4475 2383 4528 ab
2415 4454 3126 4545 omnireatu—peecatorum
3149 4517 3163 4540 ,
3197 4483 3359 4548 atque
3385 4477 3452 4530 ab
3482 4477 3749 4532 omnibus

2137 4563 2370 4618 vinculis
2400 4563 2592 4620 alienae
2622 4563 2968 4636 obligationis
2991 4565 3255 4633 absolvat,
3291 4565 3662 4636 omnibusque
3693 4575 3752 4622 et

2134 4652 2189 4705 in
2217 4653 2474 4722 praesenti
2503 4653 2613 4708 vita
2641 4653 2993 4724 protectionis
3039 4669 3150 4708 sua:
3195 4653 3428 4723 gratiam
3455 4655 3660 4709 tribuat
3691 4665 3750 4711 et

2135 4756 2233 4796 nos
2263 4741 2332 4795 de
2381 4741 2536 4796 vobis
2590 4741 2648 4796 in
2689 4750 2895 4798 aeterna
2942 4731 3112 4812 patria
3156 4743 3400 4813 gaudere
3446 4744 3742 4799 concedat.

2135 4827 2271 4896 Quia
2301 4845 2434 4884 vero
2467 4829 2638 4884 isdem
2689 4829 2860 4885 frater
2905 4845 2970 4886 ac
3019 4830 3376 4901 coepiscopus
3435 4839 3629 4886 noster
3653 4833 3746 4886 his

2131 4935 2252 4989 qua:
2283 4918 2400 4989 ipse
2429 4926 2794 4974 commoverat
2825 4919 3159 4990 benignitate
3187 4919 3496 4990 principali,
3532 4929 3586 4974 et
3616 4936 3745 4976 meo

2131 5023 2196 5062 ac
2221 5006 2446 5062 fratrum
2469 5015 2520 5061 et
2541 5009 2990 5079 coepiscoporum
3011 5017 3346 5072 nostrorum,
3373 5010 3742 5079 quorumdam

2130 5097 2291 5150 etiam
2323 5097 2556 5151 aliorum
2587 5097 2687 5152 Dei
2717 5096 2956 5152 ﬁdelium
2977 5097 3284 5154 interventu
3305 5105 3464 5168 prout
3485 5097 3744 5152 rationa-

2127 5185 2288 5239 bilius
2317 5185 2440 5255 paci
2471 5193 2634 5256 atque
2663 5186 2968 5242 concordiae
2999 5185 3294 5242 convenire
3323 5186 3742 5257 perspeximus,

2128 5289 2236 5328 non
2267 5273 2384 5328 sine
2413 5289 2618 5346 magno
2641 5275 2828 5330 labore
2856 5275 3046 5345 sepitis
3065 5291 3167 5346 pro
3189 5275 3516 5346 quibusdam
3549 5277 3740 5330 causis

2127 5371 2180 5417 et
2195 5362 2450 5418 redivivis
2472 5363 2910 5419 contentionibus
2927 5363 3221 5434 episcopali
3235 5363 3518 5420 modestiae
3535 5364 3742 5420 incon—

2123 5451 2483 5522 venientibus,
2509 5469 2608 5507 sua
2629 5453 2971 5509 contumacia
2992 5454 3269 5524 exigente,
3293 5460 3350 5506 ut
3372 5453 3561 5508 auditu
3583 5469 3749 5508 com-

2121 5545 2261 5612 peri,
2290 5541 2536 5610 jussione
2568 5541 2773 5598 domini
2809 5543 2982 5599 nostri
3023 5542 3175 5616 regis
3201 5541 3415 5598 interim
3455 5557 3492 5598 a
3519 5557 3616 5598 sua
3650 5551 3746 5599 est
