4020 6182
170 314 171 317 η
267 255 375 309 533

986 252 1227 311 OPUSC.
1257 253 1366 311 ἘΤ
1419 253 1640 311 EPIST.
1696 253 1770 309 IN
1819 252 2046 311 CAUSA
2090 253 2435 312 HINCMARI
2488 255 2794 314 LAUDUN.

3476 258 3581 314 53L

268 376 513 434 ecclesia
540 384 845 449 separatus,
878 392 1053 450 usque
1075 378 1202 435 dum
1234 378 1619 451 episcOporum
1648 377 1875 435 consilio
1897 376 1951 439 A
1980 393 2283 451 congruum
2324 395 2435 435 non
2480 381 2814 437 remandasti
2847 397 2862 436 :
2894 397 3087 437 verum
3127 396 3229 438 nec
3280 381 3496 454 quando
3526 388 3580 440 te

267 473 475 523 tractet
504 466 735 539 qualiter
762 467 877 537 ejus
906 467 1185 539 provincia
1214 468 1534 539 corrigatur,
1566 466 1881 539 metropoli-

266 563 402 611 tana
429 555 798 612 sollicitudine
827 563 1067 613 vestram
1087 571 1411 614 commoneo
1430 554 1798 622 dilectionem,
1823 563 1881 610 ut

268 644 542 717 quoniam
571 644 706 699 illud
743 644 1043 701 nefandum
1080 645 1356 702 vinculum
1394 646 1678 718 praeceptis
1709 660 1879 701 evan-

264 733 468 807 gelicis
498 740 661 805 atque
688 733 1000 805 apostolicis
1017 734 1422 799 contrarium,et
1469 734 1701 793 decretis
1759 749 1878 789 san-

270 829 494 878 ctorum
522 822 837 888 adversum,
871 823 1014 895 quod
1042 823 1191 878 visus
1221 822 1395 879 fuerat
1424 823 1703 895 alligasse,
1740 823 1877 879 sicut

255 910 381 979 jam
409 910 572 966 vobis
593 909 714 965 aliis
742 910 939 966 litteris
979 910 1242 978 intimavi,
1273 912 1575 968 secundum
1603 912 1876 967 tramitem

263 999 704 1071 Scripturarum,
751 998 1202 1072 traditionemque
1244 1001 1515 1071 majorum
1551 1002 1874 1057 auctoritate

262 1087 417 1142 sedis
478 1087 913 1158 metropolitante
976 1088 1220 1144 noscitur
1285 1088 1609 1145 dissolutum
1663 1089 1873 1146 devotis

259 1183 478 1233 sancta
520 1176 807 1249 religionis
856 1176 1099 1232 excubiis
1144 1177 1437 1248 mancipati
1481 1178 1787 1233 orationum
1819 1187 1872 1235 et

260 1279 446 1320 sacrae
476 1265 768 1320 oblationis
786 1281 848 1320 ac
876 1264 1088 1322 caeteris
1107 1265 1306 1323 divina:
1332 1265 1649 1338 placationis
1680 1267 1871 1324 studiis

257 1352 559 1426 invigilare
589 1353 813 1409 curetis.

334 1442 676 1512 Praepositus
715 1457 933 1514 quoque
960 1456 1025 1498 ac
1054 1442 1293 1499 decanus
1335 1441 1558 1499 fratrum
1607 1442 1869 1499 custodiae

254 1538 374 1585 tam
404 1530 462 1585 in
489 1529 761 1601 spirituali
790 1530 1172 1597 sollicitudine,
1206 1546 1369 1603 quam
1397 1531 1452 1587 in
1477 1531 1760 1603 temporali
1780 1532 1871 1587 ad-

254 1618 663 1674 ministratione
701 1618 933 1674 solerter
969 1634 1155 1675 curam
1185 1619 1510 1687 adhibeant;
1551 1621 1866 1676 Thesaura-

252 1707 376 1762 rius
403 1707 476 1763 de
506 1706 862 1762 luminaribus
887 1714 941 1762 et
969 1707 1039 1762 de
1079 1706 1199 1763 aliis
1228 1707 1500 1775 omnibus,
1532 1725 1652 1780 qua:
1677 1710 1747 1765 ad
1777 1724 1866 1765 ec-
1896 1731 1949 1791 Β

253 1794 446 1851 etesiae
475 1795 836 1862 honestatem,
868 1795 1174 1864 utilitatem,
1205 1804 1367 1869 atque
1396 1795 1772 1864 salvationem,
1810 1804 1864 1852 et

253 1884 328 1939 ad
360 1899 522 1939 suum
549 1883 911 1939 ministerium
938 1885 1229 1956 pertinent,
1262 1885 1657 1956 providentiam
1686 1893 1858 1957 gerat.

254 1972 734 2044 Archipresbyteri
774 1979 955 2028 autem
1003 1975 1164 2029 totuis
1208 1974 1496 2045 parochias,
1529 1990 1596 2030 ac
1625 1974 1862 2046 presby-

248 2069 505 2117 terorum
533 2061 639 2116 sibi
669 2061 1085 2119 commissorum
1129 2061 1467 2135 diligentiam
1514 2079 1861 2134 summopere

248 2150 518 2218 habeant,
572 2157 626 2206 et
672 2157 914 2206 rectores
967 2165 1032 2207 ac
1091 2151 1349 2207 rectrices
1407 2152 1862 2208 monasteriorum

248 2238 431 2309 ipsius
460 2238 742 2309 parochia;
770 2238 962 2295 sedulo
990 2247 1266 2308 moneant,
1297 2247 1562 2313 quatenus
1592 2248 1645 2296 et
1671 2241 1726 2296 in
1760 2241 1863 2312 spi-

248 2326 547 2382 ritualibus
605 2334 660 2382 et
714 2326 769 2383 in
825 2327 1212 2399 temporalibus
1275 2328 1861 2384 subministrationibus

248 2414 574 2471 necessaria
619 2415 727 2470 sibi
784 2416 1091 2471 commissis
1140 2415 1449 2473 exhibeant.
1509 2417 1860 2489 Presbyteros

247 2519 386 2559 vero
415 2503 644 2560 assidue
674 2504 957 2560 decertare
996 2505 1282 2560 hortentur
1308 2513 1361 2561 et
1391 2504 1613 2572 faciant,
1645 2514 1705 2561 ut
1729 2506 1865 2579 vigi-

246 2592 363 2648 lare
393 2607 572 2663 super
598 2608 800 2665 greges
837 2592 939 2647 sibi
968 2593 1290 2649 commissos
1318 2609 1429 2650 non
1455 2594 1759 2667 negligant,
1791 2611 1860 2650 ne

248 2681 317 2735 ab
348 2680 432 2736 eis
462 2680 672 2753 ﬂagitia
693 2687 1095 2752 perpetrentur,
1137 2681 1224 2738 vel
1252 2690 1557 2753 perpetrata
1586 2683 1703 2738 sine
1732 2698 1858 2739 cor-

245 2770 501 2825 rectione
553 2769 920 2826 ecclesiastica
966 2785 1077 2826 non
1135 2779 1466 2827 remaneant.
1516 2772 1600 2827 Ne
1645 2770 1861 2843 parvuli

248 2858 368 2914 sine
398 2858 841 2930 regenerationis
879 2868 1219 2916 sacramento
1264 2859 1595 2916 moriantur.
1635 2860 1717 2916 Ne
1742 2860 1859 2915 sani

244 2946 501 3002 homines
529 2947 739 3020 absque
766 2948 1153 3019 pradicatione
1181 2956 1235 3005 et
1263 2948 1635 3005 ecclesiastico
1664 2949 1858 3004 minis-

246 3036 384 3092 terio
414 3034 571 3091 ﬁant.
603 3037 687 3091 Ne
715 3035 915 3092 infirmi
954 3036 1072 3092 sine
1099 3037 1415 3108 poenitentia
1444 3045 1497 3093 et
1526 3037 1856 3094 reconcilia-

244 3126 416 3195 tione,
453 3139 521 3180 ac
549 3125 724 3181 sancti
761 3125 868 3181 olei
891 3125 1145 3182 unctione
1173 3133 1227 3181 et
1271 3125 1470 3182 viatico
1510 3143 1739 3183 munere
1787 3126 1857 3183 de

243 3215 351 3270 hoc
380 3213 591 3270 saeculo
620 3220 839 3270 exeant.
878 3214 962 3271 Ne
990 3214 1190 3270 mortui
1234 3214 1534 3286 sepeliendi
1573 3214 1769 3284 ofﬁcio,
1803 3224 1857 3271 et

242 3303 337 3374 pia
365 3302 841 3359 commendatione
874 3303 1173 3359 secundum
1201 3303 1545 3360 traditionem
1575 3304 1858 3361 ecclesias-

244 3391 417 3447 ticam
459 3391 812 3462 aliquomodo
873 3399 1113 3448 careant.
1164 3392 1230 3447 Et
1272 3407 1463 3448 omnes
1499 3400 1606 3447 tam
1651 3393 1854 3449 subditi

243 3496 411 3553 quam
456 3480 666 3551 praelati
711 3480 1069 3536 humilitatem
1110 3480 1345 3537 invicem
1390 3480 1745 3551 insinuantes,
1798 3490 1852 3538 et

242 3585 344 3639 per
372 3568 698 3625 charitatem
738 3568 974 3626 invicem
1010 3569 1313 3626 servientes
1353 3569 1559 3641 praelati
1607 3571 1851 3626 subditos

240 3657 500 3731 diligant,
563 3665 617 3713 et
671 3658 839 3714 verbo
900 3665 1062 3730 atque
1118 3658 1366 3730 exemplo
1421 3658 1710 3714 salubriter
1760 3660 1849 3714 in-

241 3754 478 3816 struant,
511 3753 569 3803 et
596 3746 667 3801 ad
695 3746 838 3802 viam
881 3746 1071 3803 salutis
1112 3747 1410 3803 erudiendo
1438 3755 1491 3803 et
1519 3747 1849 3821 corrigendo

240 3834 490 3908 dirigant
522 3852 539 3890 :
567 3834 767 3890 subditi
796 3835 1038 3907 praelatis
1072 3835 1300 3892 sincera:
1328 3835 1632 3892 dilectionis
1662 3844 1716 3892 et
1740 3838 1848 3892 hu-

239 3923 487 3979 militatis
516 3922 713 3980 affectu
739 3924 796 3979 in
815 3924 1050 3980 Domino
1076 3924 1303 3980 obedire
1322 3933 1638 3996 procurent,
1671 3925 1848 3983 donec

240 4020 334 4067 aut
371 4011 637 4084 prafatus
681 4011 849 4068 frater
905 4020 1108 4082 noster,
1155 4022 1344 4085 pastor
1408 4014 1613 4070 scilicet
1667 4023 1849 4070 vester

238 4108 493 4173 respectu
537 4100 744 4167 divino,
773 4109 827 4157 et
855 4101 1210 4174 intelligentia
1252 4102 1514 4173 principis
1557 4103 1714 4159 vobis
1754 4120 1844 4159 re—

1981 482 2166 522 coram
2193 468 2414 525 domino
2443 476 2631 526 nostro
2660 486 2812 543 rege,
2848 478 2902 527 et
2931 470 3257 543 quibusdam
3288 470 3580 527 confratri—

1981 555 2102 621 bus,
2154 564 2207 612 et
2253 558 2592 629 coepiscopis
2637 559 2840 615 nostris
2876 559 3057 616 verbis
3105 558 3352 631 Apostoli
3392 560 3581 617 monui

1981 644 2058 713 (II
2088 645 2224 700 Tim.
2257 645 2298 715 ι)
2329 653 2387 700 ut
2415 661 2524 701 non
2568 646 2878 718 negligeres
2916 647 3147 720 gratiam
3173 647 3276 703 Dei
3303 664 3426 719 quae
3453 648 3581 703 data

1979 739 2063 786 est
2092 732 2187 787 tibi
2215 748 2316 803 per
2344 749 2603 790 manuum
2624 750 2866 791 mearum
2897 736 3322 807 impositionem,
3351 735 3483 792 mihi
3509 736 3580 791 ad

1978 836 2093 875 rem
2135 821 2465 892 pertinentia
2507 824 2856 894 respondisti.
2891 825 3149 893 Cogitans
3189 832 3371 880 autem
3399 832 3581 881 matu-

1977 908 2111 963 riori
2142 909 2369 965 consilio
2400 911 2526 966 inde
2564 911 2697 967 mihi
2725 913 3060 984 respondere
3092 920 3144 968 te
3171 911 3314 968 velle
3347 912 3583 985 qualiter

1977 1012 2043 1051 ea
2082 997 2150 1052 de
2187 998 2383 1069 quibus
2429 1006 2482 1054 te
2527 1014 2847 1056 monueram
2894 1001 3200 1069 correxisti,
3251 1017 3377 1057 cum
3422 1017 3582 1057 secus

1976 1092 2121 1139 tuam
2158 1087 2495 1156 parochiam,
2530 1095 2582 1143 et
2612 1088 2667 1142 in
2695 1088 2971 1145 vicinitate
3007 1089 3105 1144 tibi
3142 1089 3451 1146 commissae
3479 1105 3576 1146 ec-

1974 1173 2154 1229 clesiae
2197 1174 2431 1246 amplius
2489 1192 2648 1248 quam
2696 1192 2797 1247 per
2835 1178 3025 1233 decem
3086 1178 3203 1233 dies
3255 1178 3577 1233 immoratus

1972 1260 2195 1331 fueram,
2257 1263 2464 1318 nullum
2512 1264 2644 1319 mihi
2690 1265 2974 1320 reddidisti
3028 1282 3370 1337 responsum.
3414 1267 3576 1323 Nunc

1970 1366 2104 1406 vero
2134 1351 2259 1422 quia
2279 1351 2419 1406 sicut
2449 1352 2580 1407 mihi
2610 1352 2843 1409 domnus
2864 1370 2961 1408 rex
2992 1352 3186 1409 litteris
3215 1355 3327 1409 Suis
3354 1355 3576 1410 manda-

1969 1439 2065 1505 vit,
2099 1446 2151 1494 et
2182 1448 2234 1495 te
2263 1440 2483 1496 audisse
2509 1441 2620 1510 jam
2650 1442 2814 1498 credo
2842 1458 2941 1513 pro
2972 1442 3205 1499 utilitate
3234 1451 3433 1500 sanctae
3459 1445 3572 1499 Ec-

1971 1526 2171 1596 clesiae,
2202 1536 2255 1583 et
2284 1544 2420 1599 pace
2450 1529 2637 1600 populi
2669 1529 2957 1585 Christiani
2984 1546 3092 1586 una
3121 1546 3243 1587 cum
3271 1547 3336 1586 eo
3364 1531 3421 1586 in
3444 1531 3570 1587 lon-

1968 1616 2150 1690 giores
2178 1625 2361 1688 partes
2390 1633 2423 1672 a
2452 1617 2720 1688 parochiis
2759 1618 2963 1674 nostris
2992 1634 3304 1691 pergemus,
3337 1635 3437 1691 pro
3465 1619 3579 1676 loci

1968 1704 2077 1760 mei
2106 1704 2466 1761 sollicitudine
2495 1721 2845 1762 commonere
2860 1715 2913 1762 te
2930 1706 3157 1780 dignum
3178 1707 3326 1775 duxi,
3358 1714 3418 1763 ut
3437 1715 3491 1765 et
3506 1724 3570 1765 ea
3584 1745 3617 1763 ..

1974 1794 2043 1849 de
2074 1793 2272 1865 quibus
2301 1793 2397 1849 tibi
2426 1794 2777 1866 scripseram,
2810 1804 2862 1851 et
2890 1795 2936 1851 si
2968 1811 3073 1868 qua
3102 1804 3227 1852 sunt
3255 1795 3365 1853 alia
3392 1797 3449 1851 in
3475 1812 3573 1869 pa-

1960 1882 2150 1938 rochia
2178 1889 2267 1936 tua
2294 1898 2527 1955 pergere
2553 1890 2726 1956 gesta,
2776 1883 2984 1956 regulis
3012 1884 3185 1940 sacris
3225 1885 3568 1941 concordans

1962 1971 2203 2027 debitam
2234 1970 2659 2028 satisfactionem
2707 1972 2989 2043 exhibere,
3018 1981 3178 2045 atque
3206 1974 3274 2029 ad
3297 1974 3566 2029 tramitem

1962 2060 2078 2116 Deo
2115 2059 2373 2131 placitum
2422 2060 2579 2116 stude
2608 2060 2889 2117 reducere.
2942 2059 3223 2129 Quatenus
3260 2060 3566 2116 inordinata

1963 2163 2193 2221 quaeque
2224 2147 2280 2203 in
2310 2159 2376 2204 ea
2404 2164 2513 2204 non
2544 2156 2880 2216 remaneant,
2914 2156 2967 2205 et
2995 2165 3065 2205 ne
3087 2149 3217 2221 quid
3245 2156 3433 2205 contra
3454 2148 3568 2203 dis-

1962 2236 2219 2307 ciplinam
2293 2236 2715 2293 ecclesiasticam
2782 2238 2852 2292 de
2906 2245 3106 2293 cetero
3178 2237 3381 2292 ibidem
3448 2235 3560 2304 ﬁat,

1961 2325 2158 2397 quibus
2214 2324 2453 2381 valueris
2499 2325 2678 2381 modis
2737 2332 2988 2396 satagere
3046 2341 3178 2381 cura
3223 2343 3237 2380 :
3278 2324 3564 2381 attendens

1961 2413 2105 2485 quod
2123 2429 2224 2468 nos
2244 2428 2436 2469 omnes
2451 2421 2637 2469 monet
2653 2413 2975 2485 Apostolus;
2997 2414 3272 2480 Tentatio,
3290 2412 3563 2485 inquiens,

1959 2518 2052 2559 vos
2069 2518 2183 2559 non
2195 2503 2583 2575 apprehendat
2599 2503 2718 2559 nisi
2740 2503 2991 2559 humana
3021 2501 3097 2574 (II
3116 2502 3237 2559 Cor.
3262 2500 3326 2572 χ)
3347 2519 3360 2555 :
3378 2502 3566 2556 huma-

1961 2606 2091 2645 num
2120 2572 2321 2662 quippe
2354 2598 2436 2645 est
2464 2591 2680 2656 tentari,
2714 2590 2814 2646 sed
2842 2572 3201 2646 daemonicum
3231 2596 3313 2645 est
3341 2604 3373 2643 a
3403 2595 3569 2644 tenta—
3632 2572 3647 2595 ’

1961 2679 2107 2733 tione
2128 2678 2393 2750 superari,
2409 2684 2463 2733 et
2484 2679 2553 2733 ad
2574 2678 2926 2734 correctionis
2938 2677 3355 2734 satisfactionem
3367 2676 3567 2748 pedem

1960 2766 2139 2838 operis
2164 2783 2273 2821 non
2302 2780 2583 2822 revocare.
2607 2767 2780 2839 Igitur
2802 2767 2953 2836 juxta
2981 2765 3225 2835 ejusdem
3254 2765 3401 2821 beati
3421 2767 3567 2836 Apo-

1890 2853 1894 2856 ⁴
1961 2855 2086 2911 stoli
2146 2854 2367 2920 monita,
2412 2855 2659 2911 sollicite
2738 2871 2879 2911 cura
2928 2857 3175 2928 teipsum
3233 2854 3575 2926 probabilem

1958 2945 2222 3000 exhibere
2276 2946 2385 3000 Deo
2482 2944 2802 3016 operarium
2866 2943 3349 3016 inconfusibilem,
3417 2946 3569 2999 recte

1963 3036 2313 3089 tractantem
2369 3034 2599 3090 verbum
2628 3033 2887 3090 veritatis
2922 3052 2941 3100 ,-
2977 3033 3169 3105 vigila,
3217 3034 3282 3088 in
3307 3031 3567 3088 omnibus

1961 3122 2174 3187 labora,
2219 3138 2356 3193 opus
2396 3125 2490 3193 fac
2528 3123 2908 3195 evangelista,
2963 3122 3354 3177 ministerium
3396 3124 3562 3176 tuum
3659 3153 3663 3157 ι

1954 3212 2149 3283 imple,
2197 3215 2415 3267 sectare
2433 3213 2749 3283 justitiam,
2791 3212 3083 3282 pietatem,
3127 3209 3318 3279 ﬁdem,
3363 3208 3557 3264 chari-

1956 3303 2152 3368 tatem,
2192 3300 2553 3371 patientiam,
2589 3299 3089 3354 mansuetudinem
3110 3317 3130 3354 :
3160 3301 3318 3354 certa
3349 3297 3556 3353 bonum

1953 3392 2243 3444 certamen
2281 3387 2438 3456 ﬁdei:
2475 3387 2828 3459 apprehende
2858 3387 3035 3442 vitam
3064 3390 3343 3442 aeternam
3356 3387 3420 3441 in
3446 3401 3557 3457 qua

1953 3478 2184 3532 vocatus
2220 3492 2296 3543 es,
2337 3479 2394 3531 et
2440 3477 2731 3546 confessus
2766 3476 2967 3531 bonam
3020 3476 3433 3545 confessionem
3462 3491 3551 3531 co-

1952 3580 2084 3619 ram
2118 3564 2321 3619 multis
2362 3563 2597 3619 testibus
2646 3563 2962 3633 (IITim.n).
3012 3562 3149 3618 Data
3196 3562 3318 3619 Kal.
3352 3577 3392 3618 ι
3419 3563 3555 3636 Sep-

1952 3653 2119 3713 temb.
2151 3651 2440 3723 praesentis
2469 3651 2727 3708 secundae
2754 3650 3086 3708 indictionis.

2401 3768 2720 3825 EIUSDEM
2749 3767 3093 3825 HINCMARI

2567 3854 2640 3894 AD
2668 3853 2920 3895 εωωευ.

2020 3928 2348 3983 Emensus
2377 3927 2715 3984 Rhemorum
2751 3927 3042 4000 episcopus
3080 3928 3377 3985 HiNcwuto
3407 3927 3551 3984 Lau-
3638 3936 3641 3937 '

1948 4016 2179 4071 dunensi
2209 4017 2488 4089 episcopo.

2019 4107 2099 4160 Ea
2129 4122 2251 4177 quae
2276 4106 2409 4160 mihi
2439 4105 2611 4177 pridie
2639 4122 2737 4177 per
2764 4121 2959 4163 manus
2988 4105 3303 4163 Wanilonis
3332 4122 3555 4163 venera-

239 4189 517 4256 stituatur,
577 4196 668 4244 aut
725 4190 951 4245 fratrum
998 4197 1052 4245 et
1099 4190 1475 4262 episcoporum
1536 4200 1844 4248 nostrorum
1945 4194 2071 4249 bilis
2100 4194 2498 4265 archiepiscopi
2526 4210 2593 4249 ex
2623 4195 2868 4267 epistolis
2899 4195 3214 4267 apostolicae
3243 4194 3391 4251 sedis
3414 4211 3553 4266 pon-

239 4279 472 4334 consilio
513 4292 579 4333 ac
625 4294 915 4342 consensu,
957 4286 1116 4351 atque
1170 4279 1375 4334 salubri
1417 4286 1641 4335 tractatu
1686 4281 1843 4337 inve-
1943 4282 2148 4338 tiﬁcum
2188 4282 2308 4337 aliis
2352 4282 2730 4352 praetermissis
2775 4284 2843 4338 de
2882 4283 3059 4339 sacris
3108 4282 3310 4354 regulis
3353 4283 3552 4354 quibus

238 4367 406 4433 niam,
439 4375 496 4422 et
545 4373 740 4425 vestrae
786 4367 842 4423 in
885 4368 1116 4422 Domino
1157 4368 1492 4423 unanimitati
1536 4369 1842 4425 renuntiem
1944 4380 2132 4427 sancta
2160 4371 2472 4426 moderatur
2508 4370 2751 4426 Ecclesia
2795 4370 3113 4442 priusquam
3156 4370 3467 4426 formareris
3495 4371 3552 4426 in

242 4456 477 4527 qualiter
516 4462 571 4511 et
597 4455 752 4511 vobis
792 4456 1015 4512 decreto
1056 4455 1357 4513 secundum
1396 4471 1582 4513 sacras
1624 4458 1847 4531 regulas
1876 4448 2103 4515 Dutero
2132 4458 2277 4524 novi,
2303 4466 2357 4514 et
2376 4466 2667 4530 antequam
2689 4458 2869 4514 exires
2890 4459 2958 4513 de
2979 4458 3141 4514 vulva
3160 4458 3216 4513 in
3238 4458 3549 4515 earumdem

239 4544 311 4599 sit
336 4543 643 4618 agendum.
683 4564 706 4595 ι

687 4694 1006 4752 EIUSDEM
1037 4695 1380 4752 HINCMARI

594 4816 668 4856 AD
696 4816 1026 4859 BINCMARUM
1057 4817 1467 4860 LAUDUNENSEM
1474 4846 1487 4858 .

305 4903 644 4957 Hmcnanus
665 4901 993 4956 Rhemorum
1021 4900 1309 4973 episcOpus
1329 4901 1625 4957 Hmcnano
1646 4902 1843 4958 dilecto

237 4990 394 5046 fratri
442 4997 498 5045 et
541 4988 840 5044 venerabili
869 4989 1197 5060 coepiscOpo
1246 4998 1436 5046 nostro
1465 4991 1715 5046 salutem.

305 5079 466 5135 Sicut
493 5077 676 5133 oblata
702 5077 834 5133 mihi
863 5093 892 5130 a
923 5077 1137 5134 clericis
1172 5078 1278 5134 tuis
1304 5079 1564 5150 petitione
1593 5087 1842 5150 suscepta

226 5168 339 5237 jam
385 5182 504 5221 non
552 5165 726 5222 solum
767 5166 959 5233 semel,
1005 5168 1102 5222 sed
1132 5175 1185 5225 et
1214 5168 1457 5223 secundo
1503 5168 1696 5223 litteris
1743 5184 1845 5239 per

235 5255 648 5312 comministros
693 5262 911 5311 nostros
947 5255 1045 5310 tibi
1087 5256 1308 5313 directis
1355 5257 1630 5322 mandavi,
1677 5273 1843 5313 causa

232 5352 339 5401 tua;
379 5343 600 5413 injuriae
646 5350 838 5399 contra
887 5344 1283 5415 Scripturarum
1335 5346 1630 5411 tramitem,
1677 5346 1842 5401 tradi-

237 5432 561 5503 tionemque
616 5432 886 5501 majorum
934 5433 989 5488 in
1034 5442 1127 5489 tua
1167 5435 1426 5505 parochia
1479 5434 1760 5490 excessisti
1790 5443 1843 5491 et

238 5520 561 5579 admonitus
603 5528 663 5578 ut
710 5537 776 5579 ea
820 5522 1119 5597 corigeres,
1166 5524 1300 5581 mihi
1347 5539 1672 5597 responsum
1717 5523 1844 5581 inde

1946 4562 2081 4620 quas
2111 4548 2285 4602 habeo
2315 4546 2667 4618 epistolarum
2708 4547 3042 4621 integritate,
3076 4563 3205 4616 non,
3238 4554 3297 4602 ut
3323 4546 3540 4618 dicitur,

1945 4651 2076 4690 usus
2088 4634 2326 4706 pessimo
2339 4643 2674 4707 preceptore
2686 4651 2774 4692 me
2786 4636 2926 4707 ipso,
2943 4636 3038 4691 sed
3054 4650 3241 4691 eorum
3252 4634 3546 4691 traditione

1946 4724 2036 4796 qui
2066 4724 2247 4798 gratia
2280 4724 2452 4780 sancti
2483 4724 2717 4796 Spiritus
2758 4724 3043 4780 illuminati
3071 4722 3545 4795 resplenduerunt,

1944 4812 2188 4885 percepi,
2237 4813 2467 4885 qualiter
2519 4813 2659 4869 sicut
2700 4820 2752 4868 et
2795 4813 2849 4867 in
2893 4811 3216 4868 authenticis
3260 4811 3547 4883 scripturis

1944 4901 2104 4972 plura
2143 4902 2510 4967 inveniuntur,
2564 4917 2687 4973 quat
2715 4916 2748 4956 a
2778 4899 3104 4971 quibusdam
3154 4900 3376 4957 dissona
3420 4916 3548 4958 esse

1945 4990 2212 5056 videntur,
2271 4990 2547 5046 contraria
2593 4988 2695 5044 sibi
2751 4988 2983 5044 invicem
3054 5005 3164 5046 non
3220 4989 3543 5059 habeantur,

1943 5079 2110 5136 veluti
2138 5096 2238 5150 per
2265 5078 2482 5150 singula
2512 5078 2559 5133 si
2588 5085 2803 5149 tempus
2851 5085 2997 5133 esset
3027 5094 3090 5134 ac
3117 5079 3308 5146 otium,
3355 5086 3409 5135 et
3438 5094 3542 5134 au-

1943 5168 2061 5223 dire
2089 5168 2407 5240 dignareris,
2433 5183 2497 5222 ex
2524 5166 2733 5222 eisdem
2762 5174 2815 5222 et
2833 5166 2953 5221 aliis
2976 5167 3145 5224 sacris
3165 5167 3368 5241 regulis
3406 5182 3540 5238 pos-

1944 5273 2059 5312 sem
2092 5255 2396 5323 ostendere,
2421 5255 2489 5310 de
2518 5254 2715 5327 quibus
2734 5270 2910 5327 pauca
2936 5271 3185 5323 numero,
3217 5256 3315 5311 sed
3345 5270 3545 5328 magna

1943 5345 2161 5409 merito,
2215 5351 2267 5399 et
2295 5343 2626 5399 auctoritatis
2654 5345 2901 5416 pondere
2932 5344 3133 5399 omissa
3182 5344 3401 5417 penitus
3429 5360 3460 5399 a
3489 5352 3544 5402 te

1942 5434 2034 5506 qui
2063 5432 2266 5499 vidisti,
2313 5433 2409 5487 sed
2448 5449 2558 5488 non
2602 5433 2892 5504 perspicue
2935 5432 3026 5489 illa
3054 5449 3177 5505 qua;
3221 5432 3461 5501 voluisti,
3493 5442 3549 5491 et

1943 5547 2052 5588 non
2100 5529 2281 5588 vidisti
2310 5546 2432 5603 quae
2458 5530 2697 5597 noluisti,
2733 5530 2820 5587 vel
2856 5546 3034 5603 neque
3063 5530 3264 5601 vidisti,
3309 5547 3540 5605 qumque
