4056 6178
484 228 589 282 535

1523 223 1862 280 HINCMARI
1919 219 2320 278 BHEMENSIS
2375 221 2924 280 ARCHIEPISCOPI.

3681 231 3785 284 536

487 346 676 404 videre
726 348 980 404 debuisti.
1033 350 1141 406 Sed
1190 349 1446 422 quoniam
1475 365 1598 404 cum
1649 348 1945 404 intentione
1991 355 2085 401 tua
2113 347 2389 416 Alubilis,
2423 349 2570 404 nulla
2603 348 2819 404 sibimet
2838 350 2906 406 de
2937 349 3382 422 multiplicatione
3397 352 3790 424 congregatio-

487 451 597 492 non
625 436 847 505 faciunt,
880 455 982 494 nec
1011 439 1181 510 digito
1213 454 1433 494 movere
1474 437 1791 492 sustinuisti.
1826 438 2080 509 Ingeram

489 541 622 600 ergo
653 526 745 580 illa
775 527 889 595 tibi,
923 535 980 580 ut
1002 527 1146 583 scias
1175 545 1274 598 per
1307 544 1372 584 ea
1403 544 1524 598 quae
1545 527 1889 598 congessisti,
1915 525 2083 580 inten-

491 613 653 670 tionis
685 622 790 670 tuaa
818 615 1070 672 affectum
1101 624 1153 672 te
1183 632 1290 671 non
1319 633 1484 687 posse
1515 617 1816 688 perducere
1847 615 1916 670 ad
1946 613 2082 669 eﬁ‘e—

493 709 639 758 ctum
665 721 678 758 :
702 703 944 760 decernit
984 706 1130 760 enim
1161 713 1351 760 contra
1395 713 1540 760 tuam
1581 705 1934 760 intentionem
1959 719 2083 774 my-

493 793 626 848 stica
648 800 700 847 et
735 803 924 849 sancta
966 793 1185 849 Nicaena
1203 795 1460 866 synodus,
1499 794 1756 865 quoniam
1779 793 2084 848 sollicitudo

492 881 731 936 omnium
777 883 1131 938 ecclesiarum
1171 884 1402 954 pertinet
1443 883 1510 936 ad
1555 883 1745 954 prima:
1788 890 1842 938 et
1883 889 2086 936 sanctae

493 970 750 1026 Romanae
781 972 927 1025 sedis
949 971 1279 1042 pontiﬁcem,
1299 981 1356 1026 ut
1381 971 1778 1026 Alexandrinus
1799 971 2086 1041 episcopus

492 1059 734 1116 omnium
773 1059 874 1114 sibi
925 1061 1342 1116 commissorum
1387 1061 1582 1114 habeat
1619 1067 1974 1130 potestatem;
2007 1059 2086 1112 si-

492 1148 695 1204 militer
724 1156 776 1204 et
804 1149 950 1220 apud
995 1150 1357 1219 Antiochiam,
1403 1157 1736 1220 caeterasque
1781 1148 2088 1220 provincias

494 1237 606 1292 suis
655 1237 942 1310 privilegia
987 1237 1095 1292 illis
1143 1245 1428 1293 servantur
1467 1237 1846 1292 ecclesiiszde
1893 1237 2088 1309 quibus

493 1333 674 1380 autem
706 1326 954 1382 ecclesiis
985 1325 1147 1392 dicat,
1182 1333 1236 1380 et
1274 1342 1412 1398 quae,
1446 1341 1510 1380 ac
1542 1326 1773 1398 qualiter
1801 1325 2090 1398 privilegia

491 1413 600 1470 illis
634 1414 842 1470 servari
871 1414 1124 1484 debeant,
1159 1415 1552 1470 Antiochenum
1596 1415 1930 1470 demonstrat
1961 1431 2090 1470 con-

492 1502 694 1558 cilium.
737 1503 839 1556 Per
867 1501 1128 1573 singulas,
1175 1503 1450 1575 inquiens,
1501 1503 1752 1576 regiones
1803 1504 2091 1574 episcopos

496 1590 748 1648 convenit
777 1605 941 1646 nosse
971 1593 1442 1662 metropolitanum
1477 1593 1794 1664 episcOpum
1825 1593 2090 1648 sollicitu-

2182 437 2267 492 nis
2298 437 2581 508 synodalia
2622 439 2849 494 concilia
2888 439 3256 496 blandiantur.
3305 441 3497 512 Neque
3535 441 3792 496 trecentis

2181 520 2288 580 illis
2351 527 2540 582 decem
2615 537 2776 598 atque
2847 535 2970 583 octo
3048 528 3317 600 episcopis
3390 529 3788 600 quantumlibet

2185 615 2460 686 copiosior
2513 631 2775 672 numerus
2825 617 3170 672 sacerdotum
3227 617 3314 674 vel
3375 633 3690 690 comparare
3733 635 3794 676 se

2187 704 2384 758 audeat
2415 705 2502 759 vel
2541 704 2821 775 praeferre,
2854 722 2974 760 cum
3024 713 3173 762 tanto
3201 705 3457 762 divinitus
3501 706 3792 778 privilegio

2183 791 2404 848 Nicanna
2435 793 2502 848 sit
2534 795 2776 865 synodus
2823 795 3132 862 constituta,
3165 803 3222 850 ut
3251 795 3365 850 sive
3412 811 3512 866 per
3559 796 3791 868 paucio-

2187 897 2297 948 res,
2333 881 2445 938 sive
2475 899 2576 953 per
2603 883 2794 953 plures
2843 885 3212 940 ecclesiastica
3255 884 3462 953 judicia
3500 885 3792 942 celebren-

2187 971 2294 1030 tur,
2345 965 2490 1018 omni
2539 966 2755 1036 penitus
2801 967 3122 1022 auctoritate
3153 967 3220 1021 sit
3249 984 3480 1024 vacuum
3525 969 3792 1041 quidquid

2188 1053 2254 1107 ab
2311 1053 2523 1108 illorum
2574 1054 2736 1108 fuerit
2783 1056 3164 1112 constitutione
3213 1057 3506 1112 diversum.
3547 1081 3570 1106 »ι
3603 1057 3676 1113 Et
3725 1057 3792 1113 ad

2187 1141 2476 1196 Maximum
2519 1143 2916 1199 Antiochenum
2965 1146 3280 1217 episcOpum
3315 1164 3327 1200 :
3369 1169 3390 1196 α
3425 1146 3542 1202 Etsi
3574 1147 3794 1204 diversa

2191 1245 2578 1302 nonnunquam
2636 1241 2760 1287 sunt
2803 1233 2998 1288 merita
3061 1235 3378 1305 praesulum,
3437 1243 3618 1292 tamen
3665 1237 3790 1305 jura

2187 1328 2506 1390 permanent
2538 1321 2772 1388 sedium,
2806 1323 3002 1394 quibus
3049 1331 3306 1394 praesunt.
3340 1324 3536 1380 .Emuli
3565 1333 3792 1396 pertur-

2189 1408 2464 1464 bationem
2523 1409 2760 1482 aliquam
2814 1410 3064 1466 fortassis
3133 1412 3351 1482 inferre,
3426 1429 3536 1468 non
3609 1421 3792 1470 tamen

2189 1507 2414 1568 possunt
2473 1498 2719 1554 minuere
2779 1499 3096 1573 dignitatem
3147 1520 3160 1556 :
3205 1502 3597 1574 quantumlibet
3645 1503 3790 1558 enim

2189 1587 2420 1658 amplior
2443 1603 2696 1643 numerus
2722 1590 3062 1646 sacerdotum
3085 1591 3288 1663 aliquid
3305 1608 3402 1662 per
3431 1593 3794 1664 quorumdam

495 1679 680 1734 dinem
709 1678 872 1734 totius
893 1679 1188 1751 provincia:
1208 1697 1406 1753 gerere
1431 1689 1682 1752 ;pr0pter
1713 1681 1860 1753 quod
1880 1682 1948 1736 ad
1977 1699 2092 1737 me-
2127 1676 2602 1775 Bsubreptionem
2644 1678 2925 1746 decernat,
2973 1680 3117 1751 quod
3148 1679 3255 1734 illis
3295 1687 3656 1775 trecentorum
3689 1683 3792 1736 de-

493 1767 748 1838 tropolim
787 1784 977 1824 omnes
1021 1769 1258 1840 undique
1298 1769 1390 1842 qui
1429 1770 1644 1842 negotia
1693 1771 1944 1826 videntur
1986 1773 2087 1826 ha-

493 1855 648 1922 bere,
689 1865 1030 1912 concurrant.
1065 1859 1132 1912 Et
1161 1857 1304 1912 notis
1342 1858 1666 1930 quibusdam
1705 1859 2038 1930 interpositis
2073 1877 2086 1917 :

495 1943 741 2016 Amplius
772 1951 953 1998 autem
993 1945 1128 1998 nihil
1157 1961 1326 2018 agere
1372 1953 1540 2000 tentet
1571 1946 1698 2018 quin
1743 1946 2090 2018 provincialis

495 2031 783 2104 episcopus
825 2041 1020 2104 praeter
1081 2033 1374 2090 antistitem
1439 2035 1934 2106 metropolitanum,
1989 2052 2092 2093 nec

493 2121 943 2192 metropolitanus
973 2130 1292 2179 ceterorum
1317 2123 1435 2179 sine
1465 2133 1618 2198 gerat
1639 2124 1868 2181 consilio
1899 2140 2089 2182 sacer-

495 2209 704 2268 dotum.

565 2299 633 2354 Et
663 2297 976 2354 Africanum
1023 2299 1314 2356 concilium
1347 2317 1359 2356 :
1400 2323 1421 2352 ε
1456 2302 1708 2368 Decreta,
1753 2303 1942 2374 inquit,
1988 2303 2092 2360 Ni-

495 2401 644 2442 caena
673 2386 786 2443 sive
816 2386 1089 2442 inferioris
1135 2390 1342 2460 gradus
1368 2389 1617 2458 clericos,
1660 2391 1774 2446 sive
1805 2392 2093 2464 episcopos

493 2474 646 2546 ipsos
676 2474 790 2530 suis
819 2476 1242 2547 metropolitanis
1263 2478 1604 2550 apertissime
1633 2481 2043 2552 commiserunt,
2065 2504 2087 2534 ι

499 2571 552 2618 et
579 2564 808 2636 reliqua.
851 2565 918 2621 Et
955 2575 1178 2622 sanctus
1217 2568 1564 2624 Innocentius
1605 2569 1736 2624 dicit
1773 2587 1787 2624 :
1825 2591 1846 2620 α
1886 2571 1941 2626 Si
1973 2587 2092 2642 quae

500 2667 680 2710 causae
708 2653 794 2710 vel
811 2655 1185 2710 contentiones
1215 2656 1358 2712 inter
1377 2657 1630 2724 clericos,
1665 2666 1776 2713 tam
1795 2659 2094 2730 superioris

499 2743 727 2813 ordinis,
778 2760 943 2817 quam
990 2745 1150 2800 etiam
1195 2745 1472 2802 inferioris
1517 2746 1718 2802 fuerint
1767 2757 1990 2816 exortae,
2039 2757 2096 2804 ut

497 2831 798 2887 secundum
831 2834 1098 2905 synodum
1143 2835 1424 2890 Nicaznam
1460 2837 1808 2910 congregatis
1852 2837 2096 2906 ejusdem

491 2920 790 2992 provinciae
819 2922 1090 2992 episcopis
1112 2923 1352 2994 jurgium
1382 2925 1758 2995 terminetur,»
1783 2935 1835 2982 et
1865 2927 2093 2998 reliqua.

495 3011 565 3068 Et
592 3018 810 3066 sanctus
839 3009 1147 3068 Bonifacius
1201 3013 1424 3068 scribit:
1449 3035 1472 3064 α
1507 3014 1770 3070 Convenit
1798 3030 1898 3071 nos
1923 3022 2099 3086 pater-

2193 1781 2314 1821 cem
2363 1773 2416 1820 et
2460 1774 2583 1822 octo
2628 1767 3004 1839 episcoporum
3059 1769 3527 1826 constitutionibus
3571 1769 3790 1828 inveni-

2186 1863 2277 1908 tur
2330 1854 2638 1924 adversum,
2680 1855 2903 1924 justitiae
2951 1857 3386 1913 consideratione
3433 1867 3708 1914 cassatur.
3767 1885 3788 1911 »ι

2193 1943 2260 2000 Et
2291 1943 2358 1998 ad
2389 1944 2734 2000 Theodorum
2785 1945 3208 2014 Forojuliensem
3255 1947 3572 2018 episcopum
3611 1949 3748 2004 dicit
3777 1970 3794 2006 :

2197 2055 2218 2078 α
2257 2031 2644 2089 Sollicitudinis
2691 2033 2909 2105 quidem
2953 2042 3057 2090 tuae
3087 2035 3132 2090 is
3162 2035 3294 2091 ordo
3343 2053 3464 2090 esse
3509 2037 3791 2107 debuerat,

2193 2127 2251 2174 ut
2301 2136 2424 2176 cum
2465 2122 2884 2193 metropolitano
2931 2131 3023 2178 tuo
3053 2124 3122 2180 de
3150 2140 3216 2181 eo
3247 2125 3392 2198 quod
3433 2127 3793 2198 quaerendum

2193 2209 2476 2266 videbatur
2525 2227 2646 2266 esse
2687 2211 2984 2279 conferres,
3029 2228 3093 2269 ac
3137 2213 3182 2268 si
3215 2213 3270 2268 id
3313 2215 3457 2286 quod
3501 2214 3794 2288 ignorabat

2194 2298 2412 2354 dilectio
2443 2307 2532 2354 tua
2571 2300 2735 2355 etiam
2763 2301 2881 2372 ipse
2924 2302 3180 2372 nesciret,
3223 2302 3414 2356 instrui
3441 2319 3540 2358 vos
3589 2305 3799 2376 pariter

2193 2387 2520 2460 posceretis,
2557 2389 2678 2460 quia
2709 2389 2761 2444 in
2794 2391 2975 2446 causis
3003 2408 3126 2462 quae
3154 2391 3226 2448 ad
3243 2391 3559 2465 generalem
3591 2393 3792 2450 obser-

2193 2477 2432 2532 vantiam
2487 2478 2759 2548 pertinent
2822 2479 3060 2534 omnium
3135 2480 3352 2535 Domini
3421 2483 3792 2550 sacerdotum,

2193 2565 2330 2620 nihil
2357 2565 2475 2620 sine
2503 2567 2819 2636 primatibus
2849 2576 3060 2639 oportet
3087 2567 3322 2640 impleri.
3359 2589 3382 2620 ι

2265 2653 2332 2710 Et
2389 2655 2606 2710 Ililarus
2661 2673 2846 2728 papa:
2897 2681 2918 2704 ιι
2967 2657 3104 2712 Illud
3153 2658 3314 2712 etiam
3361 2674 3470 2714 non
3513 2659 3794 2732 potuimus

2195 2743 2494 2814 praeterire,
2531 2745 2677 2816 quod
2709 2745 3068 2801 sollicitudine
3112 2746 3452 2820 diligentiore
3489 2751 3794 2806 curandum

2198 2840 2299 2899 est,
2359 2849 2428 2888 ne
2475 2841 2675 2905 praeter
2717 2835 3258 2905 metropolitanorum
3315 2853 3536 2894 suorum
3583 2839 3796 2896 litteras

2198 2919 2362 2991 aliqui
2409 2921 2651 2992 episcOpi
2698 2922 2768 2977 ad
2816 2923 3114 2995 quamlibet
3173 2925 3508 2996 provinciam
3556 2927 3796 2983 audeant

2197 3007 2484 3079 proficisci,
2519 3011 2663 3082 quod
2705 3011 2952 3067 etiamin
2981 3013 3130 3068 omni
3169 3030 3370 3086 genere
3413 3013 3574 3072 officii
3621 3016 3794 3072 cleri-

495 3067 688 3156 narum
735 3098 1074 3156 sanctionum
1123 3100 1414 3172 diligentes
1460 3119 1582 3158 esse
1631 3105 1884 3160 custodes
1923 3067 2168 3162 inullic‘
2201 3099 2332 3154 calis
2385 3115 2485 3170 per
2529 3067 2775 3174 singulas
2823 3102 2983 3158 debet
3030 3067 3291 3160 ecclecsias
3334 3105 3610 3160 custodiri.
3661 3127 3686 3156 ι
3727 3109 3799 3164 Et

497 3189 696 3246 etenim
726 3189 939 3246 videtur
977 3190 1254 3262 incognita
1297 3191 1490 3263 synodi
1535 3193 1844 3249 constitutio
1873 3194 2094 3250 Nicenae

497 3293 616 3350 quae
645 3276 721 3332 ita
747 3277 1012 3349 praecipit,
1044 3285 1100 3333 ut
1120 3278 1312 3334 eadem
1343 3279 1563 3351 proprie
1595 3281 1756 3336 verba
1784 3296 2052 3352 ponamus
2077 3303 2091 3350 ;

493 3381 596 3439 per
648 3382 1084 3440 unamquamque
1130 3367 1464 3439 provinciam
1503 3370 1592 3438 jus
1645 3371 2095 3442 metropolitanos

495 3455 742 3529 singulos
768 3457 972 3512 habere
999 3457 1224 3525 debere,
1257 3474 1360 3516 nec
1387 3459 1636 3530 cuiquam
1654 3459 1791 3515 duas
1821 3477 1944 3516 esse
1972 3462 2100 3516 sub-

487 3545 684 3614 jectas.
732 3545 892 3614 Quod
931 3545 1010 3602 illi
1071 3548 1200 3618 quia
1238 3547 1395 3603 aliter
1451 3549 1789 3604 credendum
1837 3565 1944 3606 non
1989 3559 2091 3618 est,

495 3634 826 3690 servandum
871 3642 1058 3691 sancto
1097 3635 1302 3706 Spiritu
1347 3645 1679 3710 suggerente
1715 3637 1932 3694 sibimet
1959 3655 2090 3696 cen-

493 3731 737 3778 suerunt.
762 3743 785 3774 »
819 3724 887 3780 Ει
917 3723 1077 3794 paulo
1104 3733 1226 3795 post
1251 3741 1264 3780 :
1289 3747 1311 3776 α
1340 3724 1498 3794 Quod
1539 3727 1745 3782 idcirco
1773 3727 2004 3784 dicimus
2035 3737 2094 3784 ut

493 3811 743 3867 advertat
791 3811 1022 3867 charitas
1063 3820 1152 3866 tua
1183 3813 1322 3868 adeo
1359 3830 1460 3868 nos
1499 3829 1768 3869 canonum
1823 3825 2093 3886 praecepta

492 3915 734 3966 servare,
783 3907 841 3955 ut
887 3901 957 3954 ita
1003 3901 1315 3956 constitutio
1369 3917 1584 3974 quoque
1641 3911 1826 3958 nostra
1867 3904 2094 3960 diﬁiniat

491 3995 760 4060 quatenus
803 3990 1202 4060 metropolitani
1235 3991 1318 4045 sui
1347 4007 1684 4062 unaquaeque
1729 3994 2007 4064 provincia
2034 3994 2089 4050 in

488 4075 743 4132 omnibus
772 4077 939 4132 rebus
967 4078 1368 4134 ordinationem
1399 4095 1617 4150 semper
1648 4089 1942 4152 exspectet.
1977 4103 1999 4132 ›
2027 4085 2094 4138 Et

487 4171 705 4220 sanctus
737 4165 1062 4221 Coelestinus
1100 4183 1112 4220 :
1153 4188 1174 4216 ι
1211 4167 1372 4222 Juxta
1400 4169 1618 4224 decreta
1646 4185 1916 4224 canonum
1947 4187 2088 4226 una-

487 4269 716 4326 quaeque
747 4254 1024 4325 provincia
1055 4256 1470 4328 metropolitano
1499 4273 1598 4312 suo
1630 4267 1882 4314 contenta
1912 4261 2000 4330 sit,
2030 4269 2090 4316 ut

484 4343 790 4400 decessoris
819 4345 992 4399 nostri
1031 4345 1155 4400 data
1197 4347 1266 4400 ad
1312 4347 1730 4402 Narbonensem
1771 4349 2088 4422 episcopum

2197 3197 2418 3244 sanctus
2468 3190 2766 3262 Gregorius
2795 3191 2863 3246 ad
2907 3191 3278 3248 Innocentium
3309 3201 3360 3248 et
3399 3202 3632 3250 caeteros
3672 3197 3798 3267 epiv

2196 3292 2392 3349 scopos
2427 3295 2440 3334 :
2479 3303 2500 3326 u
2535 3279 2844 3350 Hortamur,
2877 3280 3068 3353 inquit,
3107 3280 3498 3338 fraternitatem
3529 3293 3794 3356 vestram,

2195 3373 2250 3420 ut
2281 3367 2326 3422 si
2363 3383 2692 3440 quemquam
2735 3375 2976 3424 vestrum
3017 3387 3119 3441 pro
3167 3371 3347 3426 causis
3391 3373 3624 3443 propriis
3671 3375 3800 3432 ubi-

2195 3471 2406 3528 cunque
2459 3457 2676 3529 longius
2740 3459 3060 3530 compulerit
3125 3461 3402 3515 ambulare
3467 3463 3794 3532 necessitas,

2195 3561 2224 3598 a
2245 3547 2662 3616 metrOpolitano
2695 3555 2896 3614 vestro,
2931 3549 3232 3604 secundum
3257 3549 3512 3620 inclytam
3531 3567 3562 3604 a
3583 3553 3796 3610 sanctis

2193 3635 2437 3704 patribus
2491 3635 2735 3707 regulam
2789 3643 2980 3708 petere
3039 3637 3312 3694 licentiam
3367 3639 3632 3708 debeatis,
3691 3658 3798 3700 nec

2195 3739 2320 3778 eum
2367 3732 2696 3796 postponere
2727 3725 2780 3780 in
2811 3726 2996 3798 aliquo
3035 3727 3400 3798 praesumatis,
3445 3739 3674 3800 excepto
3725 3733 3792 3805 si,

2195 3813 2340 3884 quod
2369 3829 2479 3868 non
2509 3821 2779 3884 Optamus,
2811 3825 3004 3871 contra
3033 3817 3285 3872 eumdem
3313 3817 3794 3890 metropolitanum

2194 3909 2430 3956 vestrum
2471 3917 2568 3956 vos
2617 3904 2818 3960 habere
2874 3905 3078 3977 aliquid
3139 3921 3317 3963 causa:
3373 3906 3670 3978 contingat,
3733 3919 3797 3967 ut

2193 3989 2294 4044 hoc
2343 3989 2490 4045 sedis
2533 3993 2842 4062 apostolicae
2881 3994 3148 4061 judicium
3181 3995 3237 4050 hi
3275 3995 3365 4066 qui
3399 4003 3586 4066 petere
3631 3995 3795 4051 festi-

2191 4085 2338 4144 nant,
2394 4079 2667 4135 licentiam
2719 4082 2970 4137 habeant.
3021 4082 3178 4152 Quod
3225 4083 3373 4139 scitis
3399 4099 3500 4156 per
3545 4100 3792 4142 canones

2191 4167 2354 4223 etiam
2383 4169 2728 4240 antiquorum
2758 4179 2976 4241 patrum
3007 4171 3339 4228 institutione
3369 4173 3724 4244 permissum,
3765 4195 3786 4224 ι

2187 4257 2534 4312 manifestum
2582 4267 2664 4312 est
2712 4259 2854 4314 enim
2897 4261 2965 4315 de
3023 4261 3220 4332 quibus
3267 4263 3586 4332 canonibus,
3639 4263 3694 4316 id
3727 4279 3792 4319 es

2189 4345 2529 4402 Sardicensis
2559 4347 2774 4402 concilii
2807 4365 2821 4402 :
2855 4349 2990 4404 sicut
3021 4358 3074 4405 et
3101 4351 3448 4406 Innocentius
3485 4351 3553 4404 ad
3591 4351 3791 4408 Victo-

481 4432 758 4488 continent
804 4433 1109 4490 constituta.
1155 4435 1271 4492 Nec
1313 4436 1651 4506 usurpationi
1711 4437 1863 4493 locus
1911 4428 2145 4495 alicuiD
2177 4433 2374 4490 ricium
2429 4436 2924 4509 Rothomagensem
2981 4439 3296 4510 episcopum
3338 4439 3486 4496 dicit.
3519 4441 3580 4494 Et
3611 4439 3792 4495 Gela-

482 4521 753 4578 sacerdoti
783 4521 838 4577 in
867 4523 1090 4578 alterius
1129 4525 1459 4580 concedatur
1499 4525 1730 4594 injuria:
1755 4527 1826 4580 sit
1855 4544 2086 4583 conces-

477 4610 552 4664 sis
601 4611 704 4666 sibi
751 4619 1036 4666 contentus
1085 4614 1456 4684 unusquisque
1507 4614 1784 4680 limitibus,
1847 4615 1986 4672 alter
2030 4618 2084 4672 in

472 4699 695 4756 alterius
723 4701 1007 4772 provincia
1039 4701 1172 4756 nihil
1216 4711 1532 4772 praesumat.
1571 4724 1592 4753 ›
1627 4704 1696 4757 Et
1725 4705 1832 4760 Leo
1868 4722 1880 4760 :
1921 4729 1942 4756 σι
1979 4707 2083 4763 Se-

473 4789 712 4846 cundum
733 4797 1041 4846 sanctorum
1069 4789 1286 4844 Patrum
1319 4807 1558 4846 canones
1589 4792 1789 4863 Spiritu
1824 4794 1924 4849 Dei
1955 4809 2084 4850 con-

471 4876 631 4942 ditos,
668 4886 720 4933 et
751 4879 912 4934 totius
943 4879 1132 4934 mundi
1153 4880 1456 4936 reverentia
1487 4889 1856 4948 consecratos,
1891 4892 2083 4939 metro-

469 4965 743 5038 politanos
774 4967 1111 5040 singularum
1127 4969 1532 5040 provinciarum
1565 4971 1956 5042 episcOposjus
1979 4980 2080 5027 tra-

467 5055 591 5110 ditae
613 5055 716 5111 sibi
741 5057 1036 5127 antiquitus
1057 5059 1340 5131 dignitatis
1359 5060 1742 5115 intemeratum
1759 5061 1962 5115 habere
1983 5061 2078 5116 de-

467 5145 760 5201 cernimus.
786 5165 807 5194 »
823 5145 904 5200 De
919 5146 1114 5216 quibus
1127 5149 1423 5203 canonibus
1437 5147 1580 5204 idem
1597 5157 1814 5204 sanctus
1829 5151 1936 5204 Leo
1951 5166 2077 5222 apo-

463 5234 670 5290 stolica:
681 5233 828 5289 sedis
847 5233 1088 5306 pontifex
1109 5251 1218 5290 non
1231 5236 1490 5306 ignorans
1511 5253 1630 5308 quae
1647 5238 1730 5292 sui
1751 5238 2072 5294 decessores

459 5337 520 5377 ac
549 5322 986 5392 praedecessores
1035 5323 1394 5393 scripserunt,
1441 5325 1508 5378 ad
1542 5327 1854 5382 Anatolium
1890 5327 2020 5383 dicit
2057 5346 2069 5382 :

463 5430 486 5459 ι
513 5409 626 5468 Illa.
669 5411 940 5482 inquiens,
975 5411 1320 5468 Nicaanorum
1373 5427 1640 5468 canonum
1685 5431 1782 5484 per
1821 5425 2072 5472 sanctum

459 5512 590 5554 vere
602 5498 856 5570 Spiritum
875 5501 1124 5556 ordinata
1143 5502 1380 5557 conditio
1403 5503 1454 5556 in
1469 5503 1618 5558 nulla
1638 5511 1720 5558 est
1739 5513 1891 5576 parte
1913 5506 2068 5560 solu-

2189 4523 2300 4577 sius
2329 4523 2570 4594 praefatis
2601 4527 2938 4582 concordans
2977 4527 3298 4598 exponendo
3337 4528 3532 4599 psalmi
3563 4544 3788 4584 versum

2187 4613 2313 4668 dicit
2363 4631 2375 4666 :
2423 4615 2568 4670 Deus
2610 4615 2673 4668 in
2714 4616 2977 4686 gradibus
3021 4619 3142 4688 ejus
3189 4623 3554 4688 cognoscetur
3601 4619 3788 4684 (Psal.

2185 4703 2380 4770 xm").
2433 4703 2498 4756 Et
2545 4703 2674 4758 item
2719 4721 2732 4756 :
2783 4705 3111 4761 Distribuite
3174 4707 3370 4761 dom-us
3429 4709 3548 4776 ejus
3597 4707 3788 4778 tibid.)

2185 4789 2312 4859 quin
2343 4790 2605 4846 Ecclesia:
2635 4791 2724 4847 hic
2753 4793 2885 4846 ordo
2915 4793 3102 4864 procul
3133 4789 3298 4849 dubio
3327 4795 3418 4866 qui
3449 4793 3790 4850 ecclesiasti-

2182 4893 2371 4932 carum
2419 4887 2673 4935 narratur
2703 4881 2754 4935 in
2797 4881 3080 4938 altitudine
3129 4883 3476 4956 dignitatum,
3523 4883 3789 4956 gradibus

2179 4965 2360 5036 utique
2401 4967 2702 5024 distributis
2751 4970 2908 5025 nobis
2958 4971 3386 5044 cognoscibilem
3425 4973 3602 5026 Deum
3643 4970 3787 5040 fieri,

2179 5063 2230 5109 et
2257 5055 2443 5110 tribuit
2471 5072 2594 5112 esse
2626 5067 2914 5115 rectorem.
2969 5059 3124 5128 Quod
3171 5061 3277 5115 Leo
3321 5061 3388 5114 ad
3439 5061 3792 5115 Anastasium

2177 5143 2459 5200 evidenter
2489 5147 2706 5216 exponit
2739 5165 2750 5200 :
2791 5169 2811 5196 α
2849 5149 2966 5204 Etsi
2996 5149 3154 5214 ordo,
3185 5148 3459 5219 inquiens,
3505 5149 3792 5220 generalis

2175 5241 2256 5286 est
2311 5233 2562 5288 omnibus
2612 5235 3012 5302 sacerdotibus,
3073 5251 3184 5292 non
3235 5245 3420 5292 tamen
3479 5239 3790 5292 communis

2173 5329 2256 5374 est
2313 5321 2552 5394 dignitas
2609 5323 2880 5378 omnibus.
2944 5323 3078 5392 Quia
3135 5333 3187 5381 et
3235 5325 3377 5380 inter
3439 5325 3790 5381 beatissimos

2170 5409 2444 5479 apostolos
2485 5411 2540 5465 in
2589 5411 2937 5468 similitudine
2981 5414 3204 5468 honoris
3253 5413 3350 5469 fuit
3394 5413 3642 5486 quaedam
3690 5415 3782 5468 di—

2171 5507 2369 5562 scretio
2399 5509 2692 5579 potestatis,
2728 5517 2780 5564 et
2811 5525 2932 5565 cum
2973 5511 3213 5568 omnium
3241 5527 3338 5583 par
3377 5519 3522 5568 esset
3553 5511 3774 5578 electio,
