4020 6182
245 256 354 310 53Ἶ

1009 252 1252 312 OPUSC.
1283 253 1376 310 ET
1402 251 1624 311 EPIST.
1656 252 1732 309 IN
1759 251 1987 310 CAUSA
2014 252 2360 315 HINCMARI
2390 252 2698 311 LAUDUN.

3448 254 3555 310 538

247 377 345 433 uni
379 386 567 435 tamen
596 378 783 435 datum
812 385 896 435 est
928 378 1214 437 utcmteris
1232 378 1625 451 praemineret.
1641 378 1725 435 De
1746 394 1856 451 qua
1881 378 2205 441 Ameorum
2234 387 2288 437 et
2318 387 2532 436 tuorum
2558 378 3030 452 praedecessorum
3063 393 3162 436 sua
3189 384 3317 436 vota
3344 386 3398 436 et
3453 379 3555 435 de-

242 464 429 522 forma
481 468 860 539 episcoporum
906 484 1126 541 quoque
1166 475 1251 524 est
1296 476 1417 525 orta
1463 468 1762 536 distinctio,
1805 476 1860 524 et

243 570 459 629 magna
515 556 856 613 ordinatione
920 557 1200 628 provisum
1238 566 1322 614 est
1376 574 1446 614 ne
1502 573 1694 614 omnes
1757 557 1859 612 sibi

246 645 445 700 omnia
472 644 833 712 vindicarent,
866 646 966 702 sed
995 654 1181 702 essent
1210 646 1265 701 in
1293 646 1525 721 singulis
1560 645 1858 718 provinciis

249 732 463 806 singuli
491 750 725 805 quorum
752 734 892 791 inter
926 734 1120 792 fratres
1164 736 1458 792 haberetur
1503 735 1678 807 prima
1725 750 1856 791 sen-

245 822 444 878 tentia.
500 843 523 874 ›
564 824 635 878 Et
670 823 833 895 paulo
869 832 993 895 post
1024 842 1038 879 :
1085 845 1107 876 ι
1156 824 1262 894 Qui
1301 841 1437 898 ergo
1476 824 1579 882 scit
1615 841 1676 881 se
1729 825 1845 897 qui-

242 910 490 967 busdam
517 913 866 983 praepositum
897 929 1009 969 non
1035 913 1264 970 moleste
1294 912 1427 969 ferat
1465 913 1703 987 aliquem
1750 913 1856 969 sibi

242 1016 375 1056 esse
427 1001 730 1073 prailatum,
763 1002 861 1057 sed
915 1001 1276 1059 obedientiam
1305 1019 1468 1076 quam
1498 1002 1664 1076 exigit
1692 1002 1855 1059 etiam

245 1088 373 1159 ipse
402 1090 697 1161 dependat.
734 1110 759 1141 ι

319 1178 393 1235 Et
424 1177 741 1234 Africanum
772 1178 1062 1237 concilium
1089 1179 1330 1237 decrevit
1375 1186 1433 1236 ut
1479 1179 1772 1252 episcopus
1819 1194 1855 1237 a

244 1275 493 1346 primate
514 1291 612 1331 suo
630 1283 857 1332 vocatus
875 1278 944 1332 ad
961 1278 1228 1349 synodum
1245 1284 1615 1348 competenter
1649 1292 1851 1335 occur-

244 1372 331 1419 rat
367 1382 382 1419 :
414 1364 560 1437 quod
592 1365 639 1420 si
666 1381 776 1421 non
804 1366 1038 1436 potuerit
1085 1381 1372 1423 occurrere
1424 1365 1531 1421 nisi
1587 1367 1853 1423 rationem

242 1451 631 1524 impedimenti
662 1452 745 1507 sui
772 1454 916 1524 apud
971 1469 1128 1510 suum
1184 1454 1477 1526 primatem
1533 1455 1848 1524 reddiderit,

243 1540 504 1597 ecclesia
532 1558 647 1598 sua;
675 1542 1053 1598 communione
1082 1543 1285 1599 debere
1326 1560 1449 1599 esse
1495 1551 1846 1613 contentum;

238 1639 297 1685 et
328 1630 424 1701 qui
453 1645 566 1686 non
592 1630 755 1686 fuerit
784 1646 1018 1687 concors
1048 1631 1191 1688 circa
1239 1634 1709 1705 metropolitanum
1755 1651 1849 1692 ec-

1959 468 2127 524 cimas
2156 469 2263 541 ipsi
2301 475 2355 525 et
2384 468 2468 524 sui
2505 467 2944 540 praedecessores
2974 467 3335 536 contulerunt,
3368 475 3422 524 et
3458 467 3556 523 tibi

1957 558 2283 631 obsequium
2314 558 2670 615 sacerdotalis
2717 556 2878 614 officii
2924 557 3231 613 habuerunt
3274 572 3446 630 usque
3483 556 3554 613 ad

1955 647 2244 718 prmaentis
2281 646 2411 703 anni
2462 649 2565 702 860
2618 646 2792 702 tertia:
2845 646 3159 703 indictionis
3205 645 3349 718 prid.
3407 646 3552 703 Non.

1956 734 2119 791 Febr.
2152 752 2348 808 nempe
2377 752 2479 793 nec
2516 736 2740 792 missam
2769 736 2981 806 audire,
3041 751 3145 792 nec
3198 735 3253 790 in
3310 742 3554 808 tempore

1954 824 2317 891 necessitatis,
2368 826 2505 882 sicut
2549 840 2724 881 sacrm
2758 824 2966 897 regulae
3020 822 3314 897 praeﬁgunt
3361 840 3552 881 eorum

1950 911 2186 969 infantes
2221 913 2550 985 baptismum
2601 913 2871 985 accipere,
2931 928 3035 969 nec
3095 912 3259 968 etiam
3280 913 3549 970 obeuntes

1953 1000 2328 1058 confessiones
2358 1001 2603 1058 etviatici
2624 1002 2863 1058 muneris
2883 1000 3324 1059 reconciliatione
3353 1000 3555 1057 salvari

1952 1089 2163 1161 possint
2196 1107 2210 1145 :
2243 1090 2431 1146 dicunt
2459 1090 2602 1146 enim
2633 1091 2759 1163 quia
2788 1108 2853 1146 ex
2882 1107 2990 1164 quo
3018 1090 3314 1146 memorari
3350 1090 3419 1145 ab
3464 1089 3551 1146 his

1953 1178 2045 1250 qui
2070 1178 2128 1233 in
2157 1193 2324 1235 carne
2356 1187 2480 1234 sunt
2508 1187 2706 1251 potest,
2740 1180 2996 1252 quoniam
3026 1180 3150 1251 ipsa
3177 1178 3408 1236 ecclesia
3450 1194 3552 1249 per

1952 1283 2011 1322 se
2040 1265 2137 1322 fuit
2164 1283 2403 1339 semper,
2435 1276 2490 1323 et
2517 1268 2649 1323 nulli
2679 1268 2831 1324 alteri
2850 1268 3099 1325 ecclesiae
3144 1268 3244 1324 fuit
3282 1268 3545 1338 subjecta.

1949 1356 2092 1410 Nam
2112 1363 2354 1428 tempore
2370 1357 2565 1428 Tilpini
2582 1358 2910 1413 Rhemorum
2922 1356 3315 1429 archiepiscopi
3330 1355 3549 1430 quando

1949 1443 2212 1501 Rodulfus
2240 1461 2374 1501 avus
2403 1446 2618 1502 Parduli
2662 1445 3041 1502 Laudunensis
3088 1444 3331 1517 episcopi
3372 1445 3550 1517 ipsam

1949 1532 2134 1588 villam
2163 1532 2219 1588 in
2242 1533 2512 1591 beneficio
2541 1534 2753 1603 habuit,
2796 1534 2897 1590 fuit
2942 1534 2999 1590 in
3047 1533 3271 1607 praefata
3316 1532 3551 1591 ecclesia

1950 1620 2200 1677 Ferterus
2224 1623 2534 1694 presbyter.
2566 1623 2696 1679 Post
2724 1622 2931 1679 obitum
2962 1622 3172 1679 Ferteri
3202 1621 3300 1678 fuit
3327 1622 3384 1677 in
3430 1621 3552 1693 ipsa

240 1718 495 1785 clesiam,
526 1726 582 1774 et
610 1718 756 1775 circa
784 1719 1123 1776 sacerdotale
1138 1723 1492 1791 consortium,
1511 1724 1610 1780 sed
1632 1723 1837 1779 inﬂatus

1948 1709 2179 1766 ecclesia
2216 1711 2373 1767 Dodo
2408 1712 2712 1801 presbyter,
2755 1712 2975 1784 quando
3040 1711 3350 1801 Odelherus
3405 1711 3552 1767 filius

242 1816 297 1863 et
326 1808 400 1863 ab
431 1808 539 1863 hoc
567 1808 839 1864 consortio
868 1816 1151 1880 separatus
1205 1818 1357 1881 putat
1412 1812 1650 1885 propria;
1704 1813 1852 1884 plebi

236 1895 709 1963 incubandum,et
762 1911 1147 1971 nonnunquam
1206 1907 1505 1957 conventus
1561 1902 1633 1957 ad
1659 1904 1851 1961 conci-

1950 1799 2184 1869 Bodulﬁ,
2216 1808 2374 1871 pater
2403 1800 2619 1856 Parduli
2649 1800 2892 1872 episcopi
2921 1801 3094 1872 ipsam
3122 1800 3306 1856 villam
3333 1800 3390 1856 in
3448 1801 3551 1857 be-

1949 1887 2148 1944 neﬁcio
2178 1889 2383 1944 habuit.
2416 1890 2543 1945 Post
2571 1889 2778 1945 obitum
2807 1889 3054 1946 Dodonis
3081 1888 3392 1961 presbyteri
3448 1888 3548 1944 fuit

235 1984 372 2040 lium
402 1984 597 2041 venire
627 1986 913 2054 detractat,
962 1987 1110 2043 circa
1153 1988 1297 2044 hunc
1341 2005 1453 2045 non
1481 1998 1686 2046 tantum
1715 1992 1837 2049 dice-

1948 1975 2004 2031 in
2034 1976 2152 2049 ipsa
2180 1977 2413 2034 ecclesia
2442 1978 2782 2051 Agmeradus
2809 1978 3100 2051 presbyter
3121 1977 3336 2051 quando
3375 1977 3549 2035 Odel-

239 2073 416 2129 cesim
444 2088 558 2129 non
584 2089 708 2130 esse
734 2076 1077 2142 servandam,
1108 2092 1301 2133 verum
1325 2085 1378 2133 et
1407 2077 1475 2134 de
1503 2079 1727 2151 propria
1751 2097 1848 2138 ec-
1948 2065 2101 2137 Βίειιε
2130 2065 2300 2123 ἶνθιθι·
2326 2066 2545 2122 Parduli
2575 2066 2816 2139 episcopi
2845 2067 3030 2123 habuit
3055 2066 3234 2138 ipsum
3262 2066 3448 2122 Villam
3492 2066 3550 2122 in

238 2161 430 2229 clesia,
467 2178 592 2234 qua
619 2161 697 2216 illi
727 2163 869 2219 male
897 2163 1108 2231 faverit,
1142 2165 1455 2223 omnimodo
1496 2166 1848 2225 adnitendum
1948 2153 2234 2211 beneficio.
2267 2156 2335 2210 Et
2363 2155 2454 2211 isti
2482 2164 2593 2212 tres
2620 2156 2926 2229 presbyteri
2955 2155 3170 2213 fuerunt
3196 2155 3253 2211 in
3280 2155 3401 2227 ipsa
3447 2169 3545 2213 ec-

237 2259 294 2305 nt
324 2251 491 2305 etiam
522 2251 844 2307 auctoritate
871 2252 1090 2324 publica
1118 2254 1417 2324 rejiciatur,
1449 2263 1612 2328 atque
1632 2257 1700 2313 ab
1729 2257 1837 2330 ipsa

1946 2242 2113 2299 clesia
2140 2260 2240 2315 per
2265 2244 2643 2301 successiones
2673 2253 2916 2317 tempore
2962 2245 3343 2318 episcoporum
3398 2245 3544 2301 Lau-

234 2339 532 2411 principali
570 2340 827 2396 cathedra
863 2350 1229 2398 romoveatur.
1289 2344 1359 2399 Et
1423 2344 1470 2399 si
1534 2354 1841 2414 accusatos,
1945 2332 2206 2389 dunensis
2234 2334 2517 2402 Ecclesia,
2550 2334 2867 2391 Genebaudi
2916 2334 3169 2404 junioris,
3227 2332 3546 2391 Berniconis

228 2430 385 2499 juxta
416 2429 857 2502 Carthaginense
886 2430 1179 2487 concilium
1208 2431 1279 2486 ad
1306 2432 1571 2489 mlionem
1601 2434 1843 2491 madeo-
1945 2429 1999 2477 et
2029 2422 2306 2479 Gaufredi.
2348 2425 2477 2479 Post
2512 2423 2716 2480 obitum
2746 2423 3044 2497 Agmeradi
3073 2422 3173 2480 fuit
3198 2422 3255 2478 in
3286 2438 3353 2478 ea
3397 2422 3547 2479 ordi-

235 2517 362 2572 dam
388 2518 587 2574 venire
614 2517 900 2592 refugerit,
935 2527 988 2575 et
1018 2520 1523 2577 excommunieaius
1553 2538 1584 2577 ε
1613 2522 1843 2594 primam
1943 2518 2103 2566 natus
2168 2510 2441 2570 Ottericus
2478 2513 2764 2585 presbyter
2800 2530 2833 2569 a
2854 2513 3147 2570 Wenilone
3197 2510 3543 2568 Laudunensi

237 2622 339 2661 suo
367 2606 660 2673 exstiterit,
693 2615 938 2678 tempore
969 2624 1076 2680 quo
1104 2624 1214 2664 non
1244 2609 1623 2678 communicat,
1655 2628 1759 2669 nec
1787 2613 1837 2670 in

1943 2599 2219 2672 episcopo.
2254 2600 2378 2674 Ipse
2407 2601 2675 2658 Ottericus
2708 2604 2840 2659 dum
2868 2603 3040 2674 ipsam
3070 2601 3361 2658 ecclesiam
3390 2608 3543 2657 tene-

238 2710 334 2750 sua
382 2694 640 2764 ecclesia,
690 2696 777 2753 vel
818 2697 1073 2768 parochia
1117 2698 1497 2755 communicet.
1550 2701 1838 2770 Pol-curro,
1941 2697 2027 2744 ret
2055 2691 2296 2746 cantavit
2323 2690 2381 2746 in
2407 2692 2692 2761 Noviante,
2722 2700 2773 2747 et
2803 2691 2859 2747 in
2885 2690 3151 2747 Landrica
3193 2698 3345 2747 curte
3388 2697 3441 2746 et
3481 2689 3540 2745 in

236 2783 428 2850 frater,
462 2798 622 2840 sacra
650 2784 878 2840 concilia
902 2800 1192 2853 canonum,
1215 2795 1271 2843 et
1303 2787 1525 2844 decreta
1566 2789 1841 2846 Romano-
1939 2778 2158 2834 Bmel‘is
2190 2796 2204 2833 ε
2236 2778 2423 2835 “nllus
2448 2788 2629 2836 autem
2658 2780 2829 2852 ίρδίιιε
2892 2780 2948 2835 in
3003 2794 3111 2853 (ῐυο
3183 2787 3238 2835 ει
3292 2778 3541 2836 “smnus

237 2888 359 2927 rum
388 2870 730 2943 pontiﬁcum,
764 2882 818 2928 et
844 2889 876 2928 a
915 2873 1110 2930 Siricio
1148 2875 1281 2930 etin
1328 2876 1615 2949 reliquum,
1659 2878 1732 2933 ita
1784 2887 1841 2935 αι
1940 2874 2075 2934 erat,
2105 2867 2203 2923 fuit
2231 2867 2287 2924 in
2302 2868 2739 2942 Follanaibrayo.
2768 2869 2971 2941 Inipso
2995 2877 3261 2941 tempore
3303 2867 3406 2924 fuit
3422 2868 3539 2926 No-

235 2961 588 3032 praemissum
616 2970 719 3030 est,
739 2961 984 3018 invenies
1011 2962 1180 3019 fuisse
1209 2964 1486 3020 decretum
1514 2980 1580 3023 ac
1608 2982 1837 3024 conser-

1938 2955 2215 3013 dalbertus
2240 2958 2532 3030 presbyter
2557 2959 2615 3014 in
2645 2958 2932 3017 Codiciaco
2960 2974 3063 3031 per
3089 2974 3263 3016 annos
3291 2956 3485 3030 viginti
3521 2974 3536 3014 :

234 3058 446 3118 vatum,
481 3057 537 3106 et
564 3050 782 3122 corrige
805 3051 1025 3107 illorum
1053 3052 1306 3109 sensibus
1335 3069 1557 3110 sensum
1585 3062 1754 3125 tuum,
1787 3064 1841 3114 ει
1866 3100 1913 3125 η
1939 3044 2072 3101 obiit
2100 3052 2282 3103 autem
2307 3046 2551 3114 Wenilo,
2597 3055 2651 3104 et
2697 3048 2961 3105 successit
3006 3046 3294 3104 Ostroldus
3316 3046 3537 3119 episco-

233 3100 745 3211 ὰῖἐίξξίἆ
754 3100 1841 3214 115383;;QI'ErEcéﬁlioLZin'iﬁiéJl
1864 3100 1915 3165 α
1941 3150 2050 3205 Pus
2081 3100 2822 3194 sesegsnnanisii
2836 3100 2991 3194 63s
3017 3100 3535 3209 assignans-

236 3227 444 3283 tionem
473 3236 638 3283 tuam.
661 3228 731 3282 Et
754 3228 834 3285 sic
848 3228 1093 3303 intelligo
1123 3245 1312 3286 sacras
1341 3232 1562 3305 regulas
1591 3233 1729 3291 sicut
1756 3234 1835 3291 illi
1937 3222 2127 3295 sbyter
2162 3225 2233 3281 de
2271 3225 2582 3291 Codiciaco.
2616 3233 2671 3281 et
2700 3226 2963 3283 successit
2990 3225 3042 3282 ei
3072 3225 3373 3295 Gozmams
3399 3241 3534 3298 pre-

233 3331 330 3372 eas
360 3316 789 3383 intellexerunt;
823 3317 951 3389 quia
981 3326 1161 3389 potest
1188 3317 1308 3375 ﬁeri
1334 3328 1393 3376 ut
1441 3338 1547 3395 ego
1586 3330 1639 3378 et
1680 3330 1739 3379 tu
1777 3323 1833 3379 in
1936 3311 2121 3382 sbyter
2155 3306 2247 3386 qui
2285 3314 2356 3368 de
2393 3313 2660 3370 canonica
2696 3313 2991 3371 Rhemensi
3055 3314 3256 3371 missus
3321 3321 3406 3369 est
3460 3314 3532 3371 ad

231 3405 419 3460 multis
449 3422 694 3461 erremus
726 3424 741 3460 :
772 3421 882 3462 non
910 3407 1276 3464 denegantem
1305 3409 1476 3477 credi,
1525 3410 1625 3467 vel
1666 3412 1832 3469 etiam
1934 3399 2239 3457 Ecclesiam
2266 3400 2324 3456 in
2354 3401 2666 3469 Codiciaco,
2698 3408 2754 3458 et
2781 3400 2878 3458 fuit
2905 3401 2980 3457 ibi
3031 3418 3135 3474 per
3169 3416 3343 3458 annos
3361 3400 3530 3459 circi-

229 3495 521 3566 suspicari,
556 3504 612 3549 ut
637 3494 741 3567 ipsi
771 3496 1096 3553 erraverint.
1131 3496 1473 3569 Quapropter
1500 3499 1636 3556 velis
1691 3501 1831 3557 nolis

1935 3495 2019 3544 ter
2047 3488 2289 3561 triginta.
2323 3489 2470 3547 Obiit
2499 3489 2786 3546 Ostroldus
2824 3498 2878 3546 et
2940 3489 3257 3563 aliquandiu
3318 3490 3533 3548 vacavit

229 3584 345 3639 hec
375 3590 582 3638 statuta
612 3584 876 3641 convulsa
903 3586 1215 3654 manebunt,
1247 3604 1279 3642 ε
1308 3587 1505 3660 quibus
1558 3590 1624 3657 si,
1684 3591 1830 3663 quod
1930 3577 2277 3649 episcOpatus
2304 3578 2363 3635 in
2390 3578 2807 3651 Follanzebrayo
2837 3594 2963 3637 cum
2993 3578 3320 3636 Odelbarius
3350 3580 3526 3636 bene-

227 3672 386 3741 absit,
422 3672 627 3744 aliquis
655 3673 1004 3744 pertinaciter
1047 3675 1344 3733 deviaverit
1386 3694 1498 3734 non
1542 3678 1687 3735 inter
1731 3693 1830 3737 ca-

229 3761 463 3817 tholicos
488 3763 902 3833 computabitur,
945 3763 1043 3819 sed
1097 3781 1222 3820 cum
1278 3766 1641 3825 schismaticis
1699 3784 1829 3826 con-

226 3849 597 3916 demnabitur,
623 3850 768 3923 quia,
800 3860 858 3906 ut
884 3851 1102 3908 Hilarus
1126 3869 1271 3926 papa
1312 3855 1461 3924 dicit,
1493 3872 1603 3912 non
1647 3858 1829 3914 minus

226 3936 280 3992 in
338 3946 661 3995 sanctarum
715 3940 1067 3996 traditionum
1113 3942 1442 4015 delinquitur
1495 3947 1824 4017 sanctiones,

226 4043 388 4098 quam
419 4027 477 4081 in
506 4027 682 4099 ipsius
712 4029 931 4085 Domini
960 4030 1154 4100 injuria
1181 4032 1481 4103 prosilitur.
1505 4036 1575 4090 Et
1602 4035 1740 4092 sicut
1770 4037 1825 4092 in

225 4115 465 4172 decretis
494 4117 810 4187 apostolica
838 4119 984 4174 sedis
1015 4120 1282 4192 scriptum
1299 4130 1398 4192 est,
1422 4124 1667 4197 quisquis
1689 4126 1826 4183 schi-

225 4206 458 4261 smatico
488 4207 804 4274 assenserit,
835 4208 1216 4265 schismaticus
1242 4226 1366 4266 esse
1386 4212 1578 4285 negari
1599 4229 1708 4270 non
1727 4230 1825 4286 po-

226 4295 371 4350 terit.
406 4292 571 4363 Quod
598 4296 701 4351 etsi
750 4312 941 4353 omnes
971 4299 1289 4355 sacerdotes
1318 4308 1370 4354 et
1385 4301 1620 4357 mundus
1638 4320 1827 4359 assen-

224 4383 334 4453 tiat,
367 4384 646 4440 damnatio
674 4386 1077 4443 consentientes
1105 4388 1347 4456 involvit,
1398 4406 1508 4446 non
1558 4393 1824 4463 praevari-

1931 3665 2110 3723 ﬁcium
2138 3666 2270 3723 illud
2297 3667 2532 3724 habebat
2560 3684 2736 3741 usque
2774 3668 2847 3725 ad
2902 3685 3090 3727 meum
3145 3676 3359 3741 tempus
3416 3684 3526 3742 quo

1928 3754 2008 3811 fui
2034 3755 2317 3813 ordinatus
2344 3757 2637 3829 episcopus
2665 3765 2792 3831 post
2816 3756 3001 3830 plures
3031 3772 3207 3814 annos
3220 3757 3526 3815 ordinatio-

1928 3844 2015 3901 nis
2045 3844 2317 3902 Simeonis
2354 3846 2613 3919 episcOpi.
2649 3848 2715 3903 Et
2742 3846 2869 3920 quia
2915 3847 3031 3917 jam
3060 3847 3364 3904 Gozmarus
3400 3845 3525 3903 otii-

1929 3933 2075 3990 cium
2110 3935 2486 4008 prasbyterale
2523 3952 2688 4010 agere
2724 3950 2835 3993 non
2870 3943 3104 4008 poterat,
3144 3936 3422 3993 consensit
3465 3943 3527 3994 ut

1927 4023 2064 4080 alter
2090 4023 2380 4098 presbyter
2409 4025 2486 4082 illi
2513 4025 2570 4082 in
2588 4025 2781 4082 eadem
2802 4026 3037 4084 ecclesia
3058 4024 3400 4094 succederet,
3424 4026 3526 4084 sic-

1928 4129 2036 4186 que
2074 4115 2449 4172 consentiente
2477 4115 2727 4173 Simcone
2757 4115 3017 4188 episcopo
3039 4116 3242 4173 missus
3270 4124 3354 4173 est
3394 4115 3525 4173 Hai-

1926 4204 2183 4259 meradus
2212 4203 2440 4262 clericus
2470 4204 2711 4261 Simeoni
2739 4205 3002 4277 episcopo
3030 4205 3103 4261 ad
3158 4204 3521 4263 ordinandum

1926 4290 1983 4346 in
2020 4291 2329 4349 Codiciaco.
2371 4294 2499 4349 Post
2548 4293 2754 4350 obitum
2821 4293 3092 4349 Simeonis
3157 4293 3401 4366 episcopi
3464 4294 3520 4350 in

1926 4380 2266 4436 Laudunensi
2295 4381 2541 4438 Ecclesia
2580 4380 2845 4438 successit
2891 4381 3156 4438 Pardulus
3204 4381 3516 4453 episcopus,

218 4472 489 4528 cationem
518 4488 820 4530 consensus
851 4475 1085 4533 absolvit
1116 4495 1129 4531 :
1164 4493 1273 4533 non
1301 4478 1446 4534 enim
1476 4480 1683 4536 crimen
1710 4480 1817 4536 mi-
1846 4463 1900 4525 D
1917 4469 2073 4538 cujus
2101 4476 2346 4540 tempore
2374 4469 2505 4525 obiit
2535 4468 2808 4528 Ottericus
2819 4470 3106 4543 presbyter
3123 4468 3193 4525 de
3213 4469 3517 4527 Follannw-

216 4560 414 4626 nuitur,
448 4562 549 4618 sed
577 4563 855 4632 accressit,
890 4580 1014 4621 cum
1041 4567 1297 4638 generale
1342 4567 1400 4623 fit
1445 4584 1512 4625 ex
1556 4569 1770 4640 privato
1804 4588 1818 4626 :

219 4648 327 4705 hoc
361 4651 508 4705 enim
551 4652 699 4706 Deus
735 4654 979 4709 omnium
1033 4655 1292 4712 indicavit
1347 4657 1439 4730 qui
1496 4667 1818 4730 peccantem

218 4739 482 4794 mundum
513 4741 764 4813 generali
792 4742 997 4799 diluvio
1024 4745 1316 4801 interemit.

612 4875 957 4934 HINCMARI
1025 4879 1428 4936 RHEMENSIS

833 4999 909 5039 AD
937 5001 1189 5042 EUMDEI.

288 5089 621 5145 HINCIARUS
649 5091 984 5148 Rhemorum
1014 5094 1302 5167 episcopus
1332 5094 1530 5151 dilecto
1558 5094 1715 5151 fratri
1766 5104 1819 5152 et

208 5179 541 5250 coepiscopo
569 5188 759 5237 nostro
788 5182 1083 5239 Hmcuao
1139 5183 1388 5240 salutem.

286 5267 550 5322 Homines
597 5269 665 5323 de
720 5269 848 5325 villa
902 5288 1026 5343 quae
1078 5281 1302 5329 vocatur
1355 5273 1814 5346 Follaniebrayus,

208 5356 532 5428 metropolis
548 5357 811 5415 Ecclesiae
832 5360 1163 5417 Rhemorum
1180 5362 1489 5434 indignitati
1510 5379 1647 5419 meai
1665 5378 1817 5420 com-

208 5445 411 5513 missae,
442 5446 501 5502 in
532 5455 628 5503 tua
654 5450 920 5519 parochia
948 5451 1281 5509 consistente
1311 5454 1381 5509 ad
1409 5469 1497 5509 me
1545 5454 1816 5511 reclama-

210 5544 407 5590 verunt
436 5536 565 5610 quia
593 5537 651 5593 in
681 5538 913 5597 ecclesia
941 5541 1013 5599 ad
1051 5557 1215 5616 quam
1252 5559 1286 5600 a
1344 5543 1512 5618 longo
1568 5551 1816 5618 tempore

1923 4557 2115 4629 brayo,
2143 4557 2236 4629 qui
2261 4573 2362 4629 per
2397 4573 2568 4615 annos
2624 4558 2841 4617 circiter
2897 4559 3179 4632 sexaginta
3237 4558 3296 4614 in
3324 4559 3519 4615 eadem

1923 4645 2161 4702 ecclesia
2197 4646 2487 4719 presbyter
2522 4648 2728 4723 deguit.
2763 4649 2891 4705 Post
2919 4648 3125 4705 obitum
3155 4646 3377 4704 Otterici
3412 4664 3514 4705 ve-

1922 4743 2119 4791 nerunt
2148 4735 2400 4793 homines
2428 4736 2498 4793 de
2526 4737 2645 4809 ipsa
2672 4737 2804 4795 villa
2832 4745 2959 4794 ante
2987 4736 3279 4793 Pardulum
3307 4736 3518 4810 episco-

1916 4839 2047 4895 pum
2078 4825 2454 4894 reclamantes,
2496 4827 2619 4899 quia
2656 4843 2766 4883 non
2813 4826 3073 4883 baberent
3130 4826 3517 4899 presbyterum

1919 4913 1975 4968 in
2039 4930 2135 4969 sua
2201 4914 2434 4972 ecclesia
2468 4934 2482 4971 :
2539 4915 2803 4971 Pardulus
2840 4923 3020 4971 autem
3058 4915 3350 4989 episcopus
3387 4931 3512 4975 cum

1918 5019 2043 5059 meo
2072 5019 2345 5060 consensu
2362 5012 2693 5078 suggerente
2712 5003 2843 5058 mihi
2860 5003 3072 5061 Osvero
3084 5005 3170 5061 cui
3187 5004 3515 5064 beneficium

1919 5091 2199 5149 Odelbarii
2225 5092 2320 5148 ﬁlii
2349 5092 2599 5167 Odelgisi
2627 5092 2840 5165 nepotis
2858 5094 2928 5150 de
2948 5093 3115 5151 fratre
3139 5095 3360 5152 Parduli
3392 5095 3512 5168 epi-

1917 5180 2069 5253 scopi
2107 5182 2490 5239 commiseram
2536 5181 2884 5255 Wlfegerum
2948 5183 3211 5241 clericum
3273 5184 3331 5240 in
3393 5185 3511 5257 ipsa

1917 5271 2150 5327 ecclesia
2177 5270 2540 5327 ordinandum
2571 5271 2809 5345 suscepit
2843 5290 2856 5328 :
2887 5281 3013 5328 ante
3042 5288 3172 5330 vero
3204 5289 3362 5345 quam
3391 5273 3512 5346 ipse

1914 5359 2231 5432 Wlfegerus
2269 5359 2457 5416 fuisset
2495 5361 2773 5417 ordinatus
2802 5361 2934 5418 obiit
2979 5361 3249 5418 Pardulus
3285 5362 3508 5435 episco-

1914 5465 2035 5521 pus.
2051 5449 2264 5506 Interea
2283 5456 2405 5507 ante
2422 5448 2819 5508 ordinationem
2849 5458 2994 5507 tuam
3023 5451 3257 5509 cantavit
3303 5452 3508 5512 ibidem

1915 5546 2274 5605 Haimeradus
2303 5547 2594 5625 presbyter
2621 5548 2678 5609 in
2707 5548 3019 5608 Codiciacio
3045 5549 3326 5609 ordinatus
3352 5564 3386 5609 a
3414 5549 3505 5611 Si-
