4056 6178
488 252 590 306 539

1411 249 1752 308 HINCMARI
1799 245 2202 306 RHEMENSIS
2269 248 2824 308 ARCHIEPISCOPI.

3687 253 3788 308 540

487 389 684 430 meone
716 373 991 447 episcopo,
1017 383 1071 432 et
1089 375 1418 432 reclamante
1438 374 1558 446 ipso
1575 373 1899 430 Haimerado
1943 372 2088 444 apud
2117 371 2173 432 A
2193 372 2418 429 sitiones
2457 382 2510 429 et
2547 373 2918 442 diﬁinitiones,
2979 390 3104 432 cum
3150 375 3306 450 leges
3343 375 3577 446 publica
3627 382 3786 448 atque

486 480 576 520 me
605 471 656 518 et
682 471 807 519 ante
835 471 888 520 te
918 463 1044 536 quia
1073 465 1190 535 ipsa
1219 463 1470 520 Ecclesia
1501 464 1746 533 subjecta
1779 478 1904 518 esse
1929 462 2097 517 debe-

485 561 568 608 ret
597 553 862 609 Ecclesia
891 553 960 608 de
989 553 1298 620 Codiciaco,
1332 569 1455 610 cum
1484 568 1609 608 meo
1656 567 1931 608 consensu
1987 551 2099 604 mi-

488 641 607 697 sisti
649 641 885 698 vicarios
932 651 1056 698 tuos
1103 643 1345 710 Ivonem,
1421 640 1721 696 Luidonem
1751 640 2099 697 archidiaco-

489 747 636 796 num,
673 729 1056 798 Hedenulfum,
1089 731 1495 803 Angelrannum
1534 731 1804 786 decanum
1861 729 2098 800 presby-

491 827 688 888 terum,
723 820 814 891 qui
858 819 1220 891 inquisierunt
1263 819 1390 874 inde
1429 819 1510 874 rei
1563 818 1856 884 veritatem,
1897 817 2098 889 quique

489 909 586 965 tibi
628 909 1068 964 renuntiaverunt
1114 909 1259 981 quod
1307 908 1404 963 tibi
1453 909 1592 962 bene
1658 916 1741 963 est
1787 915 1994 976 notum,
2047 914 2098 961 et

488 997 623 1054 sicut
650 998 704 1052 in
733 997 934 1052 nostris
964 997 1134 1070 gestis
1177 997 1442 1052 habemus
1498 995 1787 1052 veracibus
1844 994 2091 1061 testibus,

490 1095 543 1142 et
581 1087 922 1142 evidentibus
978 1085 1320 1142 documentis
1378 1086 1702 1140 invenerunt
1767 1084 1911 1155 quod
1975 1083 2096 1154 ipsa

490 1175 740 1231 Ecclesia
769 1176 838 1232 de
867 1175 1274 1245 Follanabrayo
1305 1189 1582 1245 nunquam
1611 1171 1874 1228 Ecclesia
1904 1173 1961 1226 in
1991 1173 2096 1227 C0-

491 1264 701 1322 diciaco
732 1263 896 1319 fuerit
921 1265 1183 1333 subjecta,
1223 1263 1320 1318 sed
1351 1262 1732 1334 presbyterum
1762 1275 1980 1332 semper
2003 1262 2095 1315 ha-

487 1353 680 1408 buerit.
715 1353 848 1408 Inde
869 1352 1008 1407 sicut
1027 1351 1130 1422 ipsi
1147 1351 1396 1406 homines
1417 1350 1602 1407 dicunt
1625 1366 1726 1421 per
1763 1357 1914 1404 tuum
1955 1365 2093 1405 con-

489 1458 712 1498 sensum
743 1440 1043 1496 Bertfridus
1072 1425 1365 1512 presbyter
1394 1439 1448 1494 in
1503 1439 1696 1495 eadem
1741 1437 1990 1508 ecclesia,
2041 1445 2093 1493 et

488 1531 544 1586 in
575 1529 804 1586 ecclesia
841 1537 930 1584 tua
964 1529 1108 1600 apud
1137 1530 1366 1584 Broeras
1397 1545 1498 1600 per
1525 1527 1763 1600 quinque
1790 1544 1892 1599 per
1919 1542 2089 1582 annos

487 1619 738 1686 cantavit,
759 1619 849 1690 qui
868 1617 1168 1674 Bertfridus
1201 1618 1346 1689 apud
1377 1625 1427 1673 te
1459 1634 1518 1672 se
1561 1617 1882 1672 reclamavit
1941 1615 2088 1687 quod

489 1707 846 1763 Haimeradus
871 1707 1046 1778 ipsam
1072 1707 1334 1779 capellam
1359 1707 1688 1762 destructam
1715 1705 1982 1794 haberet;
2035 1712 2088 1760 et
2115 1734 2168 1794 B

491 1796 617 1852 inde
647 1795 868 1868 pallium
897 1813 1086 1864 unum,
1121 1804 1174 1851 et
1205 1795 1446 1851 casulam
1487 1811 1672 1865 unam,
1734 1802 1787 1849 et
1841 1793 2086 1850 schillam

491 1901 678 1953 unam,
712 1893 762 1940 et
793 1885 992 1940 librum
1021 1901 1188 1940 unum
1217 1884 1516 1950 abstulerit,
1550 1891 1621 1950 et,
1655 1883 1792 1938 sicut
1838 1882 2089 1938 homines

490 1974 596 2047 ipsi
625 1973 827 2041 dicunt,
861 1975 1056 2030 misisti
1088 1975 1286 2030 missos
1315 1979 1436 2029 tuos
1465 1973 1534 2028 ad
1561 1974 1704 2028 hanc
1737 1987 1962 2028 causam
2007 1972 2090 2025 in-

493 2063 817 2135 quirendam
847 2063 1140 2119 Hadulfum
1189 2063 1396 2120 scilicet
1457 2062 1914 2132 archidiaconem,
1960 2061 2090 2117 Fai-

489 2151 697 2207 nulfum
731 2161 783 2208 et
807 2153 1216 2226 Angelrannum
1261 2152 1637 2224 presbyteros,
1691 2158 1742 2206 et
1789 2149 1926 2206 sicut
1973 2149 2090 2221 ipse

488 2241 790 2298 Bertfridus
817 2242 1377 2298 dixeratinvenerunt.

561 2329 906 2401 QuaprOpter
938 2337 991 2385 et
1016 2346 1082 2385 ea
1114 2346 1233 2401 qua
1248 2329 1481 2400 repetita
1496 2327 1709 2383 fuerant
1731 2327 2091 2382 Haimeradus

489 2418 596 2490 ipsi
623 2417 874 2474 ecclesia
913 2433 1092 2474 coram
1147 2417 1334 2472 missis
1385 2417 1492 2472 tuis
1557 2415 1807 2472 restituit.
1873 2417 1933 2472 In
1971 2417 2092 2487 ipsa

489 2506 744 2574 ecclesia,
801 2515 858 2561 ut
911 2507 1160 2578 praedixi,
1201 2506 1344 2562 idem
1411 2505 1704 2561 Bertfridus
1760 2521 1861 2576 per
1916 2521 2090 2560 annos

486 2595 722 2668 quinque
750 2612 852 2667 per
879 2603 1024 2651 tuam
1050 2595 1323 2652 licentiam
1349 2594 1691 2664 ministravit,
1721 2595 1898 2650 donec
1945 2593 2091 2648 fama

484 2685 554 2742 de
591 2700 657 2740 eo
695 2685 916 2757 vulgata
947 2685 1232 2741 abscessit.
1265 2684 1474 2740 Deinde
1506 2684 1826 2755 Sigebertus
1841 2684 1926 2738 cui
1957 2682 2090 2737 illud

487 2773 811 2830 beneﬁcium
849 2774 917 2830 de
956 2775 1138 2829 drame
1169 2773 1258 2846 [f.,
1293 2773 1418 2829 dedi
1449 2789 1481 2828 a
1510 2773 1618 2846 me]
1648 2773 1948 2828 secundum
1987 2789 2090 2826 an-

485 2864 690 2936 tiquam
720 2863 1168 2920 consuetudinem
1192 2863 1447 2920 clericum
1477 2863 1648 2934 petiit,
1712 2861 1804 2933 qui
1859 2861 1915 2915 in
1971 2861 2092 2932 ipsa

491 2951 720 3009 ecclesia
748 2969 780 3006 a
808 2960 862 3007 te
891 2953 1250 3020 ordinaretur,
1285 2952 1371 3008 cui
1401 2951 1702 3008 secundum
1733 2949 2088 3006 consuetudi—

489 3057 617 3097 nem
645 3048 1054 3097 antecessorum
1095 3057 1355 3110 meorum,
1399 3048 1453 3096 et
1511 3039 1811 3095 secundum
1867 3038 2084 3110 regulas

487 3130 886 3188 ecclesiasticas
925 3145 992 3186 ac
1046 3129 1329 3202 synodalia
1394 3128 1628 3199 capitula
1693 3127 1952 3184 clericum
2018 3127 2086 3182 de

487 3227 754 3291 potestate
783 3218 1028 3275 ecclesia:
1059 3225 1263 3274 nostra
1294 3234 1356 3274 ea
1394 3217 1705 3273 conditione
1731 3215 1999 3282 concessi,
2033 3222 2090 3270 ut

488 3309 536 3365 si
564 3316 622 3364 tu
653 3308 804 3364 illum
833 3307 1174 3380 probabilem
1199 3307 1490 3378 judicares,
1525 3321 1630 3378 ego
1659 3305 1740 3360 illi
1779 3305 2090 3361 libertatem

489 3398 917 3455 ecclesiasticam
946 3397 1134 3454 darem
1160 3416 1175 3466 ;
1208 3405 1264 3453 et
1293 3397 1370 3452 sic
1399 3397 1618 3452 demum
1647 3403 1706 3450 tu
1736 3394 1889 3449 illum
1929 3410 2089 3466 regu-

488 3487 676 3544 lariter
719 3487 1023 3544 ordinares.
1077 3486 1183 3556 Qui
1225 3486 1454 3543 clericus
1501 3485 1720 3541 nomine
1783 3483 2090 3540 Seminatus

488 3593 587 3648 per
616 3583 846 3650 quatuor
871 3591 1045 3632 annos
1075 3583 1128 3631 te
1155 3575 1361 3631 sciente
1390 3575 1562 3646 ipsam
1583 3573 1868 3631 ecclesiam
1888 3572 2086 3638 tenuit,

491 3673 544 3722 et
574 3666 875 3723 secundum
903 3671 1279 3738 paupertatem
1310 3679 1486 3731 suam,
1541 3663 1678 3720 sicut
1733 3662 1894 3717 simul
1945 3677 2090 3732 sape

489 3755 742 3822 vidimus,
786 3763 839 3810 et
877 3755 1053 3811 adhuc
1083 3762 1258 3826 paret,
1291 3755 1433 3808 bene
1463 3753 1518 3807 in
1577 3768 1638 3807 ea
1697 3751 1980 3816 laboravit,
2037 3757 2091 3806 et

487 3846 555 3900 ad
583 3845 727 3900 illius
759 3843 937 3899 vicem
961 3859 1138 3914 usque
1166 3842 1296 3897 dum
1325 3841 1394 3896 ad
1451 3839 1847 3896 ordinationem
1901 3838 2090 3894 venire

487 3949 586 4005 per
616 3947 818 3988 annum
847 3939 901 3986 et
927 3931 1212 3986 dimidium
1237 3928 1707 3985 commendatione
1723 3929 2090 3983 ministrorum

491 4029 726 4088 tuorum,
764 4019 972 4075 scilicet
998 4017 1216 4073 Hadulﬁ
1247 4017 1620 4074 archidiaconi
1663 4024 1716 4072 et
1755 4016 2090 4089 Angelranni

488 4109 682 4165 decani
709 4108 1032 4180 presbyteri,
1065 4106 1252 4162 Grimo
1307 4106 1597 4178 presbyter
1655 4112 1759 4161 tua
1814 4105 2088 4176 parochia

489 4197 546 4252 in
575 4197 695 4269 ipsa
725 4197 957 4253 ecclesia
985 4197 1215 4253 cantavit
1248 4214 1260 4250 :
1311 4195 1510 4251 deinde
1559 4195 1803 4266 ipsorum
1851 4209 2088 4250 consen-

492 4285 646 4343 sione
675 4286 1016 4342 Heimericus
1043 4286 1334 4358 presbyter
1363 4293 1468 4341 tua
1497 4285 1770 4356 parochia
1810 4299 1911 4355 per
1952 4283 2089 4338 duos

491 4383 546 4432 et
601 4375 884 4432 dimidium
949 4390 1120 4431 annos
1183 4375 1384 4430 ibidem
1451 4373 1686 4430 oﬁicium
1753 4373 2089 4428 sacerdotale

2201 461 2588 519 ecclesiastica
2615 465 2932 532 decernant,
2965 473 3022 520 ut
3051 483 3172 537 qua
3198 464 3450 538 legaliter
3479 480 3544 520 ac
3572 464 3788 537 regula-

2198 550 2331 606 riter
2358 551 2611 608 distincta
2640 561 2764 608 sunt
2791 569 2901 609 non
2917 554 3216 610 evellantur
3247 569 3425 625 neque
3461 568 3788 608 removean-

2197 647 2287 693 tur
2310 655 2326 694 :
2357 641 2455 695 sed
2485 649 2538 696 et
2551 641 2706 714 leges
2717 643 2948 713 publica
2967 651 3130 714 atque
3151 641 3539 698 ecclesiastica
3556 642 3790 697 decreta

2200 735 2324 783 sunt
2351 729 2420 784 de
2449 729 2534 784 his
2565 731 2656 802 qui
2686 730 2910 786 diﬂinita
2939 747 3106 787 causa
3133 747 3420 788 removere
3437 738 3786 802 prasumunt.

2201 818 2393 872 Postea
2421 833 2556 874 vero
2585 836 2749 891 quam
2779 820 2900 891 ipsa
2929 820 3163 876 ecclesia
3191 820 3370 875 eidem
3397 819 3618 886 clerico,
3651 820 3791 874 sicut

2199 906 2420 978 quidam
2449 907 2720 976 dixerunt,
2753 909 2869 964 sine
2899 916 2992 964 tua
3022 908 3489 965 commendatione
3503 908 3790 964 interdicta

2197 1003 2297 1060 est,
2329 996 2501 1052 missa
2527 997 2733 1052 ibidem
2763 997 3039 1054 celebrata
3065 1014 3178 1053 non
3204 996 3324 1062 fuit,
3357 1012 3460 1052 nec
3493 996 3694 1068 aliquis
3719 997 3788 1052 de

2193 1083 2317 1154 ipsa
2343 1085 2473 1140 villa
2501 1085 2558 1140 in
2587 1085 2956 1154 confessione,
3013 1087 3100 1143 vel
3148 1087 3206 1142 in
3253 1085 3651 1152 communione,
3705 1086 3790 1141 vel

2193 1172 2249 1226 in
2307 1173 2670 1244 baptizatione
2725 1175 3066 1230 sacerdotale
3115 1175 3446 1247 obsequium
3483 1173 3690 1239 habuit,
3733 1181 3788 1228 et

2193 1261 2297 1317 hac
2355 1263 2644 1318 occasione
2681 1263 2790 1319 duo
2828 1264 3032 1320 ibidem
3087 1263 3337 1319 homines
3375 1263 3514 1319 sicut
3567 1263 3636 1317 ad
3703 1277 3790 1317 me

2190 1351 2439 1422 parvenit
2467 1352 2584 1408 sine
2615 1351 2956 1408 confessione
3004 1361 3058 1409 et
3095 1352 3488 1408 communionis
3535 1351 3792 1408 reconci-

2189 1438 2412 1496 liatione
2437 1440 2651 1496 fuerunt
2681 1441 2902 1508 mortui,
2935 1459 3168 1514 quorum
3197 1458 3336 1496 unus
3384 1440 3704 1506 Erleherus,
3741 1447 3794 1494 et

2190 1529 2326 1584 alter
2365 1529 2716 1585 Gislehardus
2773 1531 3146 1598 vocabantur;
3203 1547 3331 1585 nam
3379 1530 3499 1601 ipsa
3555 1527 3794 1585 ecclesia

2190 1617 2354 1674 habet
2381 1619 2524 1674 unde
2554 1619 2694 1676 bene
2723 1637 2822 1690 per
2849 1637 2909 1676 se
2939 1619 3426 1690 potestconsistere
3457 1637 3472 1684 ;
3496 1625 3552 1673 et
3569 1617 3676 1673 hoc
3705 1617 3792 1672 in-

2187 1712 2268 1762 ter
2295 1714 2490 1763 catera
2519 1709 2746 1764 habetur
2775 1708 3053 1774 indicium,
3087 1708 3345 1780 quoniam
3371 1723 3404 1762 a
3431 1706 3598 1778 longo
3647 1715 3794 1762 tem-

2187 1811 2321 1866 pore
2351 1812 2449 1868 per
2475 1812 2536 1852 se
2566 1796 2820 1866 constitit,
2857 1797 2984 1868 quia
3013 1797 3177 1852 etiam
3207 1804 3382 1852 terras
3415 1795 3593 1862 habet,
3657 1811 3794 1866 quas

2190 1883 2464 1941 Ottericus
2491 1886 2776 1958 presbyter
2803 1885 2859 1940 in
2905 1901 2971 1941 ea
3016 1886 3295 1941 ordinatus
3340 1883 3693 1954 comparavit,
3739 1890 3794 1938 et

2189 1974 2488 2029 secundum
2543 1976 2768 2047 regulas
2805 1973 3208 2030 ecclesiasticas
3273 1973 3518 2029 moriens
3583 1972 3788 2028 ibidem

2187 2063 2420 2134 reliquit,
2463 2071 2517 2118 et
2569 2062 2876 2134 presbyteri
2903 2063 2994 2135 qui
3023 2079 3122 2134 per
3149 2071 3298 2118 tanta
3326 2070 3577 2134 tempora
3623 2061 3682 2116 in
3725 2075 3791 2118 ea

2189 2149 2406 2207 fuerunt
2439 2152 2578 2207 bene
2609 2151 2736 2206 inde
2766 2168 2824 2206 se
2855 2152 3254 2208 conduxerunt.

2265 2240 2581 2310 Propterea,
2663 2241 2848 2308 frater,
2929 2256 3128 2296 moneo
3206 2239 3552 2296 dilectionem
3620 2247 3790 2306 tuam,

2189 2335 2247 2384 ut
2275 2328 2526 2400 deposita
2573 2329 2722 2384 omni
2769 2337 2956 2386 contra
3003 2329 3222 2402 regulas
3268 2328 3624 2385 irrationabili
3670 2328 3794 2383 ani-

2189 2417 2460 2484 mositate,
2527 2418 2684 2473 nobis
2750 2427 2936 2474 contra
2999 2419 3226 2474 salutem
3291 2426 3344 2473 et
3432 2417 3794 2473 ministerium

2189 2513 2342 2562 tuum
2397 2507 2466 2562 de
2525 2507 2720 2562 eadem
2759 2507 2994 2564 ecclesia
3033 2523 3218 2580 agere,
3261 2523 3360 2578 pro
3398 2522 3464 2562 eo
3501 2506 3650 2578 quod
3729 2523 3796 2562 ex

2188 2595 2324 2650 mihi
2351 2595 2642 2650 commissa
2673 2595 2910 2652 ecclesia
2940 2604 2992 2651 et
3021 2595 3288 2652 beneﬁcio
3327 2595 3598 2668 Sigeberti
3651 2594 3786 2650 mihi

2189 2681 2386 2753 fidelis,
2427 2684 2528 2739 viri
2568 2685 2774 2740 sororis
2803 2693 2925 2752 tua,
2967 2685 3230 2756 probatur
3287 2683 3540 2750 existere,
3603 2691 3794 2740 contra

2191 2789 2328 2844 quos
2365 2773 2605 2828 indebita
2644 2791 2704 2828 es
2765 2781 3088 2829 commotus.
3131 2773 3441 2829 Praesertim
3495 2789 3622 2828 cum
3689 2789 3793 2828 nc-

2188 2861 2390 2918 minem
2455 2863 2692 2933 pastoris
2744 2862 3060 2935 fungentem
3123 2861 3299 2918 oﬁ‘icio
3363 2862 3535 2917 latere
3573 2861 3792 2929 debeat,

2189 2950 2318 3023 quia
2354 2951 2408 3004 in
2447 2951 2796 3022 exsequendo
2825 2951 3010 3006 divino
3075 2951 3332 3022 mysterio
3398 2951 3536 3006 sicut
3593 2950 3795 3005 nullius

2189 3039 2367 3112 gratia
2393 3040 2461 3094 ad
2491 3039 2732 3094 indebita
2761 3040 3068 3110 provocari,
3111 3039 3182 3094 ita
3240 3048 3294 3094 et
3349 3039 3532 3094 debita
3591 3040 3797 3095 nullius

2191 3128 2336 3194 odio,
2371 3129 2458 3184 vel
2485 3127 2682 3200 privati
2713 3129 2878 3184 studii
2917 3128 3033 3184 zelo
3090 3128 3286 3183 debeat
3339 3129 3620 3183 retardare
3679 3129 3798 3184 sive

2189 3224 2508 3289 pervertere
2540 3234 2554 3271 :
2589 3217 2792 3273 scimus
2823 3217 2968 3272 enim
2999 3217 3127 3289 quia
3145 3217 3356 3290 regula
3376 3216 3796 3272 Aurelianensis

2193 3306 2410 3363 concilii
2439 3305 2646 3374 dicunt,
2681 3323 2804 3378 qua
2833 3313 3078 3377 tempore
3107 3305 3365 3362 Ludovici
3421 3305 3572 3378 regis
3629 3321 3796 3378 quem

2190 3403 2410 3452 sanctus
2442 3395 2724 3468 Remigius
2753 3411 2880 3452 cum
2909 3397 3244 3451 Francorum
3273 3395 3512 3450 millibus
3541 3395 3796 3466 baptiza-

2190 3484 2268 3542 vit
2303 3485 2540 3541 decrcta
2577 3483 2812 3550 fuerunt,
2873 3491 2932 3539 ut
2969 3499 3158 3539 omnes
3218 3483 3460 3540 basilica
3513 3499 3636 3555 qua
3697 3499 3798 3554 per

2191 3573 2406 3630 diversa
2441 3581 2764 3630 constructa
2802 3580 2946 3640 sunt,
2987 3573 3076 3628 vel
3113 3572 3355 3644 quotidie
3392 3579 3800 3628 construuntur

2191 3662 2492 3718 secundum
2522 3662 2768 3733 priorum
2795 3677 3070 3718 canonum
3097 3661 3348 3734 regulam
3363 3661 3420 3715 in
3441 3661 3558 3730 ejus
3583 3661 3800 3732 episco-

2188 3749 2246 3821 pi
2283 3751 2338 3805 in
2376 3752 2528 3820 cujus
2554 3750 2832 3806 territorio
2870 3751 3062 3821 posita
3092 3758 3234 3817 sunt,
3275 3757 3541 3821 potestate
3602 3750 3798 3805 consi-

2191 3846 2354 3894 stant.
2389 3841 2460 3894 Et
2486 3839 2804 3895 Toletanum
2835 3839 3124 3896 concilium
3153 3838 3303 3906 dicit,
3335 3847 3394 3894 ut
3423 3840 3578 3894 dotes
3607 3839 3799 3896 eccle-

2191 3927 2414 3996 siarum,
2433 3936 2486 3984 et
2505 3929 2688 3984 omnia
2719 3929 3021 3986 secundum
3050 3927 3484 3985 constitutionem
3513 3928 3802 4000 antiquam

2191 4016 2261 4072 ad
2291 4017 2532 4088 episcOpi
2561 4018 2960 4074 ordinationem
2991 4026 3043 4073 et
3087 4025 3410 4088 potestatem
3463 4017 3798 4088 pertineant,

2191 4105 2417 4176 scilicet,
2450 4114 2508 4160 ut
2537 4107 2936 4164 Antiochenam
2965 4106 3254 4163 concilium
3279 4107 3427 4172 dicit,
3459 4113 3614 4178 regat
3639 4105 3805 4174 juxta

2190 4195 2554 4252 reverentiam
2583 4196 2814 4268 singulis
2859 4203 3278 4266 competentem,
3339 4203 3392 4251 et
3447 4193 3804 4265 prudentiam

2189 4293 2344 4358 gerat
2373 4285 2548 4340 omnis
2577 4285 2945 4356 possessionis
2974 4302 3094 4358 qua
3121 4285 3224 4340 sub
3250 4285 3365 4353 ejus
3395 4291 3801 4355 estpotestate:

2190 4375 2261 4428 ita
2289 4381 2348 4429 ut
2375 4375 2729 4446 presbyteros
2759 4383 2812 4430 et
2841 4374 3104 4430 diaconos
3125 4373 3359 4440 ordinet,
3381 4381 3434 4428 et
3453 4373 3670 4444 singula
3697 4389 3802 4428 suo

491 4466 750 4532 exhibuit,
783 4482 975 4538 usque,
1006 4473 1065 4520 ut
1093 4481 1258 4536 supra
1287 4465 1416 4531 dixi,
1449 4463 1622 4534 pridie
1642 4464 1828 4518 Nonas
1843 4461 2088 4534 proxime
2108 4455 2160 4515 D
2184 4463 2391 4532 judicio
2430 4463 2878 4534 comprehendat.
2921 4464 3028 4520 Sed
3060 4471 3350 4534 antequam
3399 4463 3532 4534 ipsa
3587 4463 3808 4535 regula

489 4555 846 4628 pracedentis
895 4554 1153 4620 Februar,
1215 4554 1431 4626 quando
1477 4553 1700 4624 prafato
1749 4552 1948 4608 clerico
2005 4552 2089 4606 in-

490 4645 713 4702 terdicta
751 4649 834 4699 est
871 4643 992 4714 ipsa
1029 4642 1298 4708 ecclesia;
1347 4649 1419 4709 et,
1461 4658 1604 4698 nunc
1669 4641 1796 4697 inde
1862 4640 2090 4712 quastio

491 4741 820 4800 removetur,
841 4732 995 4805 quasi
1021 4747 1132 4786 non
1161 4731 1357 4787 debeat
1387 4730 1635 4786 sufﬁcere
1664 4730 1730 4784 ad
1770 4729 2089 4801 sopiendam

491 4837 708 4882 omnem
739 4821 1092 4877 remotionem
1135 4821 1445 4892 antiquitas,
1514 4827 1566 4875 et
1601 4827 1752 4874 tanta
1809 4819 2088 4890 longitudo

495 4919 796 4982 temporum
826 4918 880 4966 et
909 4909 1267 4966 numerositas
1305 4909 1710 4980 episcOporum,
1751 4923 1813 4963 ac
1869 4908 2090 4978 presby-

495 5008 740 5056 terorum
771 4999 870 5054 sub
903 4999 1098 5070 quibus
1127 4999 1248 5070 ipsa
1277 4998 1512 5056 ecclesia
1541 5015 1638 5069 per
1669 5014 1728 5053 se
1757 4996 1889 5051 nulli
1935 4996 2088 5052 alteri

496 5088 746 5147 ecclesia
783 5088 1024 5158 subjecta
1061 5088 1317 5158 constitit,
1360 5104 1483 5144 cum
1520 5095 1571 5143 et
1636 5087 1790 5160 leges
1856 5085 2088 5157 publica

493 5187 604 5235 tam
635 5177 780 5250 apud
808 5179 1101 5244 Romanos,
1133 5191 1296 5250 quam
1325 5185 1377 5233 et
1397 5177 1544 5248 apud
1575 5183 1866 5242 nostrates,
1903 5175 2000 5230 sed
2037 5183 2090 5229 et

494 5283 751 5335 canones,
787 5275 948 5340 atque
985 5267 1134 5322 sedis
1185 5267 1445 5322 Romana
1498 5263 1815 5338 pontiﬁcum
1869 5265 2090 5320 decreta

491 5357 802 5430 praﬁgunt,
837 5363 894 5412 ut
919 5356 1064 5411 ultra
1091 5355 1308 5428 triginta
1337 5370 1510 5411 annos
1539 5355 1671 5411 nulli
1699 5355 1861 5411 liceat
1889 5370 1988 5425 pro
2023 5369 2088 5410 eo

493 5444 768 5516 appellare
799 5446 946 5516 quod
973 5445 1157 5519 legum
1183 5453 1399 5516 tempus
1425 5443 1661 5500 excludit
1693 5464 1707 5512 ;
1743 5443 1896 5516 quasi
1927 5443 2090 5499 etiam

494 5547 605 5598 non
631 5533 868 5596 debeant
895 5533 1138 5592 sufficere
1167 5541 1272 5590 tua
1299 5549 1397 5612 per
1423 5521 1712 5596 ministros
1733 5540 1854 5591 tuos
1909 5531 2090 5610 requi-

2191 4559 2436 4623 tempore
2503 4551 2758 4609 Ludovici
2824 4553 2974 4626 regis
3011 4553 3070 4606 in
3130 4552 3340 4624 synodo
3417 4549 3808 4606 Aurelianensi

2189 4639 2390 4698 fuerint
2419 4641 2741 4710 constituta,
2770 4641 3108 4711 antiquiores
3139 4655 3250 4696 non
3279 4639 3572 4712 refragata
3613 4643 3806 4696 Arau-

2191 4729 2292 4785 sici
2319 4730 2536 4786 concilii
2565 4730 2771 4802 regula
2802 4737 3122 4796 statuerunt,
3155 4735 3216 4784 ut
3245 4729 3290 4784 si
3321 4729 3443 4800 quis
3499 4727 3806 4800 episcopo-

2189 4835 2310 4873 rum
2339 4819 2392 4872 in
2425 4819 2618 4874 aliena
2647 4818 2875 4874 civitatis
2905 4817 3178 4874 territorio
3208 4818 3498 4874 ecclesiam
3521 4817 3806 4874 adiﬁcare

2190 4907 2446 4978 disponit,
2479 4907 2566 4963 vel
2594 4923 2694 4977 pro
2721 4907 2869 4962 fundi
2899 4907 2999 4972 sui,
3038 4914 3130 4962 aut
3162 4905 3538 4972 ecclesiastici,
3569 4905 3664 4961 vel
3699 4923 3802 4978 pro

2191 5011 2513 5068 quacunque
2543 5011 2762 5050 suorum
2792 4995 3212 5067 Opportunitate,
3247 4995 3516 5066 permissa
3572 4993 3808 5051 licentia

2190 5083 2512 5150 aediﬁcandi,
2546 5085 2668 5157 quia
2697 5085 2974 5155 prohiberi
3003 5085 3108 5141 hoc
3135 5090 3260 5140 voto
3317 5082 3470 5139 nefas
3527 5089 3631 5152 est,
3691 5100 3806 5140 non

2189 5183 2480 5246 prasumat
2507 5174 2922 5240 dedicationem,
2955 5190 3076 5245 qua
3105 5173 3182 5228 illi
3223 5171 3552 5228 omnimodis
3609 5189 3810 5228 reser-

2189 5271 2346 5319 vatur
2375 5263 2430 5318 in
2459 5264 2614 5332 cujus
2643 5263 2915 5320 territorio
2945 5263 3178 5319 ecclesia
3209 5262 3469 5335 assurgit,
3503 5269 3556 5316 et
3607 5279 3808 5318 reser-

2189 5359 2312 5406 vata
2349 5351 2659 5409 adiﬁcatori
2697 5368 2796 5408 suo
2835 5353 2936 5408 hac
2974 5351 3168 5426 gratia,
3211 5359 3270 5405 ut
3309 5366 3444 5423 quos
3511 5349 3810 5407 desiderat

2190 5439 2418 5497 clericos
2455 5440 2510 5496 in
2548 5457 2606 5496 re
2645 5456 2744 5495 sua
2781 5440 2984 5510 videre,
3027 5441 3178 5512 ipsos
3233 5439 3447 5496 ordinet
3513 5439 3569 5492 in
3643 5441 3812 5510 cujus

2189 5535 2461 5594 territorio
2493 5545 2590 5609 est,
2608 5537 2697 5593 vel
2733 5537 2779 5592 si
2807 5536 3042 5594 ordinati
3073 5537 3190 5610 jam
3228 5542 3370 5602 sunt,
3400 5533 3550 5608 ipsos
3581 5533 3806 5594 habere
