4020 6182
189 267 291 323 541

822 261 1062 323 OPUSC.
1106 263 1199 321 ET
1251 262 1472 320 EPIST.
1532 264 1608 321 IN
1656 263 1885 322 CAUSA
1936 264 2282 323 HINCMARI
2327 264 2634 323 LAUDUN.

3394 266 3499 324 M2

192 388 542 462 acquiescat,
575 395 630 443 et
657 386 835 444 omnis
868 387 1118 445 ecclesia
1160 388 1333 460 ipsius
1379 388 1705 462 gubernatio
1735 389 1806 445 ad
1825 392 1882 454 Α
1909 397 1963 445 et
1988 390 2044 446 in
2089 406 2156 447 ea
2213 389 2465 446 laborare
2522 389 2870 457 consensisti,
2922 404 3033 446 non
3087 387 3287 460 placet,
3321 394 3374 444 et
3401 404 3503 460 per

193 494 324 533 eum
353 478 416 533 in
444 478 599 547 cujus
637 476 868 532 civitatis
916 477 1188 533 territorio
1231 477 1462 534 ecclesia
1509 478 1810 535 surrexerit

191 567 522 639 pertinebit.
552 566 623 621 Et
659 566 763 622 hac
808 566 1123 623 auctoritate
1167 581 1203 621 a
1250 566 1588 638 temporibus
1634 566 1810 623 sancti

194 655 442 728 Remigii
481 670 698 726 semper
741 654 1178 726 pradecessores
1226 655 1335 710 mei
1375 654 1431 709 in
1477 655 1809 727 temporibus

190 744 683 817 praedecessorum
712 750 925 799 tuorum
968 744 1025 798 in
1053 744 1301 800 ecclesiis
1346 743 1417 799 ad
1465 743 1808 800 Codiciacam

193 833 385 888 villam
417 832 802 888 Laudunensis
844 832 1135 904 parochia,
1187 832 1285 889 sed
1333 840 1386 888 et
1432 833 1503 888 ad
1549 832 1810 888 Juliacam

193 922 385 977 villam
417 922 482 977 in
509 922 773 993 parochia
803 922 1130 978 Suessonica
1168 937 1295 978 cum
1336 937 1608 978 consensu
1653 922 1807 994 ipsa-

193 1028 316 1067 rum
346 1011 638 1067 civitatum
666 1011 1044 1082 episcoporum
1075 1011 1354 1068 ordinatos
1381 1012 1646 1068 miserunt
1681 1028 1808 1083 pre-

193 1100 485 1171 sbyteros.
518 1099 674 1156 Unde
704 1106 759 1155 et
797 1115 904 1173 ego
945 1100 1001 1156 in
1046 1099 1352 1167 Codiciaco,
1400 1108 1452 1157 et
1497 1100 1555 1155 in
1597 1100 1807 1157 Juliaco

192 1189 408 1245 inveni.

265 1278 383 1333 Sed
420 1276 555 1348 quia
581 1276 714 1332 mihi
742 1292 841 1348 pro
868 1277 1079 1333 honore
1108 1278 1560 1350 coepiscoporum
1585 1286 1807 1335 nostro-

193 1382 317 1424 rum
349 1366 606 1438 ipsarum
636 1366 847 1422 aedium
874 1366 1218 1438 complacuit,
1265 1375 1324 1423 ut
1365 1367 1475 1423 illis
1494 1367 1807 1424 decedenti-

195 1456 298 1512 bus
326 1454 575 1512 clericos
600 1455 936 1511 ordinandos
952 1455 1009 1511 in
1028 1455 1239 1512 eisdem
1259 1456 1506 1513 ecclesiis
1536 1457 1809 1529 episcopis

191 1544 558 1617 propriarum
609 1543 990 1614 parochiarum
1045 1543 1344 1618 dirigerem
1388 1559 1514 1602 cum
1556 1544 1807 1601 libertate

195 1630 587 1690 ecclesiastica
614 1637 667 1686 et
694 1630 889 1687 litteris
915 1631 1055 1688 meis
1094 1632 1429 1689 ordinandas
1455 1633 1807 1705 presbyteros

195 1721 251 1777 in
285 1719 545 1792 praefatis
591 1718 839 1776 ecclesiis
882 1719 1007 1775 misi
1038 1737 1052 1775 :
1088 1728 1142 1776 et
1186 1720 1429 1789 Simeon,
1476 1729 1536 1776 ut
1578 1721 1808 1793 pradixi

196 1810 433 1866 missum
465 1824 499 1864 a
526 1824 616 1863 me
645 1808 750 1863 sibi
777 1808 1166 1864 Haimeradum
1204 1809 1475 1866 ordinavit
1512 1811 1806 1883 presbyte-

197 1915 337 1966 rum,
373 1905 435 1954 et
468 1897 705 1954 domnus
733 1897 1015 1954 Rotbadus
1042 1914 1183 1954 mea
1207 1897 1455 1955 missioni
1494 1914 1605 1956 non
1632 1899 1810 1955 resul-

198 1996 338 2058 tans,
367 1988 494 2056 jam
520 1986 577 2041 in
605 1986 818 2044 Juliaco
846 1986 982 2043 duos
1009 2002 1045 2042 a
1072 2004 1161 2043 me
1191 1988 1295 2043 sibi
1332 1987 1551 2044 missos
1579 1988 1810 2045 clericos

197 2076 484 2133 ordinavit
508 2076 886 2148 presbyteros,
921 2083 972 2132 et
1002 2092 1110 2149 ego
1137 2076 1264 2148 ipsi,
1288 2077 1386 2132 sed
1406 2085 1459 2134 et
1479 2077 1601 2133 aliis
1628 2077 1813 2149 coepi-

199 2165 381 2237 scopis
412 2163 623 2220 nostris
662 2164 719 2219 in
764 2165 1027 2236 parochia
1072 2172 1256 2221 nostra
1297 2166 1560 2222 ecclesias
1608 2166 1811 2222 haben-

198 2255 361 2321 tibus,
396 2254 663 2310 eumdem
685 2254 951 2309 honorem
981 2254 1118 2310 sicut
1149 2262 1202 2311 et
1226 2255 1665 2327 pradecessores
1701 2255 1812 2311 mei

197 2344 420 2399 illorum
453 2342 959 2414 pradecessoribus
988 2341 1255 2410 fecerunt,
1280 2358 1566 2400 conservo.
1599 2345 1670 2399 Et
1697 2360 1813 2400 rec-

199 2440 310 2489 tum
362 2438 458 2488 est
498 2438 558 2486 ut
602 2438 659 2486 tu
703 2432 941 2503 antiquae
980 2431 1289 2488 auctoritati
1333 2439 1388 2487 et
1432 2432 1812 2488 consuetudini

198 2530 302 2578 tua
348 2520 652 2592 metropoli
696 2535 732 2576 a
772 2520 879 2575 tuis
923 2521 1421 2592 pradecessorihus
1468 2529 1812 2578 conservata

198 2626 306 2667 non
356 2610 607 2684 deroges
648 2626 663 2664 :
706 2608 1013 2680 prasertim
1051 2625 1177 2666 cum
1225 2610 1296 2665 sit
1348 2610 1698 2666 constitutum
1753 2610 1810 2665 in

196 2700 378 2772 primo
410 2698 558 2754 libro
586 2698 946 2769 capitulorum
974 2699 1321 2770 synodalium
1338 2705 1579 2770 tempore
1601 2702 1811 2771 Augus-

195 2796 379 2845 tomm
412 2796 723 2843 nostrorum
743 2802 778 2843 a
797 2787 999 2844 nostris
1018 2788 1319 2857 majoribus
1339 2795 1806 2855 conservatorum,

196 2886 253 2932 ut
316 2877 444 2933 sine
512 2876 834 2932 auctoritate
852 2918 868 2943 ,
931 2875 1024 2933 vel
1086 2891 1361 2933 consensu
1426 2877 1810 2949 episcoporum

197 2965 511 3039 presbyteri
539 2965 595 3020 in
626 2965 957 3037 quibuslibet
986 2965 1236 3022 ecclesiis
1264 2965 1680 3031 constituantur,
1708 2980 1811 3022 nec

198 3055 583 3128 expellantur;
619 3062 671 3110 et
700 3053 748 3109 si
778 3054 901 3110 laici
940 3053 1171 3111 clericos
1214 3054 1513 3126 probabilis
1559 3054 1701 3122 vitae,
1757 3063 1811 3111 et

196 3144 470 3200 doctrina
498 3142 774 3215 episcopis
793 3143 1217 3211 consecrandos,
1241 3142 1463 3216 suisque
1482 3142 1537 3197 in
1560 3143 1807 3200 ecclesiis

196 3232 621 3290 constituendos
673 3232 996 3302 obtulerint,
1042 3231 1190 3288 nulla
1233 3232 1475 3305 qualibet
1521 3231 1811 3289 occasione

196 3338 294 3378 eos
352 3321 644 3391 rejiciant;
705 3328 759 3376 et
818 3320 1013 3376 exinde
1057 3337 1230 3393 nuper
1276 3321 1335 3376 in
1376 3320 1577 3393 placito
1625 3321 1812 3394 domni

195 3411 377 3467 nostri
408 3410 564 3483 regis
592 3409 776 3466 Caroli
806 3410 951 3481 apud
980 3410 1152 3465 Pistas
1178 3411 1533 3467 constitutum
1560 3418 1644 3466 est
1664 3411 1810 3484 quod

195 3509 250 3556 et
278 3509 369 3555 tua
399 3499 770 3556 consensione
819 3499 1048 3555 firmasti
1093 3499 1406 3571 capitulum,
1459 3514 1568 3572 quo
1614 3500 1813 3556 dicitur

196 3598 253 3645 ut
283 3590 334 3645 si
360 3589 615 3655 abbates,
648 3589 739 3644 vel
765 3588 1072 3658 abbatissa,
1104 3596 1196 3643 aut
1224 3589 1471 3658 comites,
1522 3604 1621 3645 seu
1661 3588 1811 3646 vassi

194 3680 390 3749 nostri,
443 3685 538 3734 aut
580 3676 764 3735 cateri
806 3677 933 3734 laici
977 3677 1206 3734 clericos
1247 3678 1546 3749 probabilis
1587 3678 1713 3735 vita
1757 3687 1812 3736 et

197 3768 471 3825 doctrina
498 3767 776 3839 episcopis
804 3767 1068 3823 canonice
1107 3768 1531 3835 consecrandos,
1584 3767 1810 3841 suisque

194 3859 252 3913 in
281 3856 540 3915 ecclesiis
579 3855 989 3912 constituendos
1019 3856 1334 3924 obtulerint,
1379 3855 1530 3912 nulla
1572 3856 1812 3929 qualibet

197 3947 499 4005 occasione
566 3960 665 4002 eos
722 3945 966 4017 episcopi
1012 3945 1100 4001 vel
1154 3945 1389 4001 ministri
1444 3961 1634 4003 eorum
1679 3946 1810 4017 reji-

195 4036 370 4093 ciant.

267 4127 580 4197 Propterea
610 4124 658 4179 si
685 4123 806 4195 ipse
834 4123 1066 4181 clericus
1094 4123 1422 4181 criminosus
1468 4139 1580 4181 non
1612 4131 1714 4193 est,
1757 4133 1812 4181 et

196 4214 459 4272 docibilis
489 4222 595 4285 est,
631 4214 778 4286 quod
807 4214 972 4269 etiam
1001 4213 1058 4269 in
1086 4214 1348 4286 episcopo
1376 4228 1618 4270 canones
1664 4214 1811 4271 sacri

194 4305 507 4377 requirunt,
543 4302 797 4376 quoniam
830 4319 863 4358 a
890 4303 1048 4359 nobis
1077 4303 1173 4358 tibi
1199 4302 1537 4359 ordinandus
1563 4302 1806 4371 offertur,

198 4409 318 4450 non
348 4394 524 4449 debes
552 4392 706 4447 illum
733 4392 804 4448 ab
833 4391 1171 4448 ordinatione
1200 4392 1257 4447 in
1285 4391 1517 4449 ecclesia
1543 4396 1664 4464 ipsa
1687 4392 1810 4463 reii-

1908 480 2196 550 rationem,
2254 488 2344 535 aut
2393 494 2496 551 pro
2548 478 2796 546 crimine,
2856 485 2949 534 aut
2975 493 3078 550 pro
3116 476 3504 534 indocibilitate

1908 568 2063 623 illum
2091 568 2369 638 rejeceris,
2403 584 2567 641 quem
2596 575 2783 625 contra
2801 567 3021 639 regulas
3050 566 3168 623 sine
3194 582 3316 621 mea
3345 565 3507 622 licen-

1907 656 1999 724 tia,
2032 665 2086 713 et
2113 658 2231 713 sine
2280 657 2527 713 libertate
2556 657 2817 714 canonica
2854 656 3139 725 ordinasti,
3172 654 3421 722 ostende,
3455 661 3509 711 et

1910 745 2139 801 alterum
2187 746 2566 815 inveniemus;
2598 753 2808 801 tantum
2853 753 2912 801 ut
2937 744 3164 817 prafata
3210 743 3507 801 auctoritas

1908 835 2241 907 regularum,
2276 843 2329 891 et
2357 835 2578 907 antiqua
2623 834 2961 892 consuetudo
3007 834 3077 889 de
3107 833 3230 904 ipsa
3272 831 3510 889 ecclesia

1908 923 2068 979 nobis
2096 940 2127 978 a
2156 932 2209 979 te
2239 931 2614 990 conservetur,
2647 924 2787 981 sicut
2814 922 3151 995 temporibus
3190 920 3507 993 praedeces-

1909 1028 2097 1068 sorum
2128 1021 2183 1068 et
2210 1013 2561 1069 decessorum
2603 1020 2818 1069 tuorum
2858 1010 3199 1079 Genebaudi,
3242 1008 3506 1067 Bernico-

1908 1101 2016 1169 nis,
2045 1100 2344 1168 Gairfredi,
2375 1101 2702 1168 Wenilonis,
2737 1100 3018 1165 Ostroldi;
3051 1107 3104 1156 et
3134 1099 3352 1172 quando
3382 1097 3505 1170 epi-

1910 1199 2166 1262 sc0patus
2206 1191 2418 1247 vacavit
2445 1190 2504 1246 in
2531 1190 2828 1261 Ailemaro,
2862 1197 2915 1246 et
2942 1197 3184 1261 tempore
3213 1186 3503 1255 Simeonis,

1906 1294 1971 1336 ac
2017 1279 2254 1346 Parduli,
2307 1280 2405 1336 sed
2454 1287 2508 1335 et
2554 1286 2646 1336 tuo
2694 1286 2939 1350 tempore
2978 1292 3152 1351 usque
3177 1277 3341 1333 modo
3368 1276 3509 1333 meis

1906 1367 2407 1442 pradecessoribus
2436 1384 2503 1425 ac
2529 1367 2917 1425 decessoribus
2944 1367 3177 1438 Tilpino,
3207 1373 3260 1422 et
3288 1365 3509 1439 quando

1906 1464 2032 1530 post
2058 1473 2187 1515 eum
2208 1457 2420 1515 vacavit
2440 1457 2805 1529 episcopatus,
2839 1456 2939 1513 sed
2959 1463 3013 1512 et
3031 1454 3287 1523 Wlfario,
3308 1453 3507 1525 Eboni,

1908 1555 1962 1603 et
1990 1546 2231 1619 quandiu
2258 1545 2439 1618 ipsum
2469 1546 2840 1618 episcopatum
2886 1545 3061 1602 tenuit
3089 1542 3276 1612 Fulco,
3309 1551 3364 1600 et
3387 1549 3513 1615 post

1909 1651 2036 1692 eum
2061 1636 2227 1703 Noto,
2261 1634 2361 1691 sed
2390 1642 2443 1690 et
2471 1635 2604 1691 mihi
2642 1635 2759 1705 jam
2785 1651 2888 1707 per
2916 1633 3112 1708 viginti
3141 1632 3380 1706 quinque
3406 1645 3512 1687 an-

1834 1755 1889 1815 B
1912 1738 2015 1781 nos
2067 1724 2124 1781 in
2178 1725 2515 1781 Rhemorum
2558 1723 2690 1781 sede
2734 1722 3064 1779 ministranti
3108 1722 3373 1779 hactenus
3430 1728 3516 1815 est

1912 1820 2235 1870 conservata
2279 1812 2515 1885 amplius
2562 1827 2728 1885 quam
2754 1828 2858 1884 per
2881 1820 3102 1869 centum
3139 1825 3335 1878 annos,
3367 1809 3517 1867 velut

1909 1918 2013 1975 per
2036 1901 2307 1959 veridicas
2347 1902 2636 1959 chronicas
2683 1901 3013 1973 computavi,
3061 1908 3116 1957 et
3162 1899 3259 1956 tibi
3284 1913 3513 1971 possum

1911 1992 2221 2058 ostendere,
2281 2006 2408 2049 cum
2456 1998 2666 2048 constet
2703 1990 2938 2064 legibus,
2998 1997 3052 2046 et
3088 1988 3257 2045 sacris
3302 1987 3513 2059 regulis

1911 2088 2149 2147 cautum,
2181 2079 2308 2153 quia
2356 2079 2496 2137 sicut
2526 2079 2686 2137 nobis
2713 2095 2816 2151 pro
2844 2086 3032 2136 nostro
3056 2076 3215 2135 libitu
3243 2091 3354 2132 non
3380 2075 3511 2132 licet

1908 2168 2198 2241 parochias
2246 2169 2547 2226 rusticanae
2593 2168 2887 2241 antiquitus
2915 2166 3236 2224 constitutas
3264 2165 3383 2222 sine
3411 2178 3510 2221 ra-

1910 2257 2058 2314 tione
2085 2257 2329 2314 dividere
2361 2276 2376 2313 :
2408 2258 2484 2314 ita
2511 2257 2676 2313 etiam
2702 2273 2811 2313 non
2832 2256 2960 2314 licet
2987 2254 3339 2313 confundere.
3371 2252 3512 2324 Quia

1910 2362 2042 2403 vero
2086 2346 2267 2418 ipsum
2312 2346 2572 2403 clericum
2619 2353 2812 2403 contra
2848 2345 3070 2419 regulas
3098 2342 3382 2413 ordinasti,
3413 2358 3510 2400 re-

1910 2436 2057 2508 gula
2087 2450 2262 2492 sacra
2290 2436 2665 2493 demonstrant
2694 2435 2940 2494 dicentes
2969 2452 2983 2490 :
3014 2433 3406 2501 Admittuntur,
3436 2431 3513 2487 in-

1913 2525 2027 2597 quit
2079 2526 2188 2580 Leo
2246 2524 2303 2579 in
2360 2525 2589 2597 epistola
2634 2525 2705 2581 ad
2747 2524 3036 2581 universos
3085 2522 3375 2595 episcopos
3412 2536 3513 2593 per

1911 2612 2193 2669 universas
2237 2614 2547 2685 provincias
2574 2613 2919 2680 constitutos,
2943 2611 3147 2685 passim
3167 2611 3238 2667 ad
3259 2609 3510 2666 ordinem

1912 2717 2144 2769 sacrum,
2177 2702 2373 2774 quibus
2400 2702 2553 2757 nulla
2581 2701 2860 2769 natalium,
2898 2700 3050 2757 nulla
3077 2715 3295 2756 morum
3323 2697 3509 2771 digni-

1910 2799 1990 2846 tas
2018 2789 2383 2863 suffragatur;
2416 2798 2470 2846 et
2499 2790 2622 2863 quia
2652 2790 2890 2847 dominis
2917 2790 3030 2846 suis
3056 2789 3359 2847 libertatem
3378 2803 3511 2844 con-

1911 2879 2068 2952 sequi
2125 2879 2348 2935 minime
2402 2886 2710 2952 potuerunt,
2757 2880 2829 2935 ad
2872 2878 3152 2952 fastigium
3195 2876 3508 2946 sacerdotii,

1909 2977 2170 3042 tanquam
2199 2968 2414 3026 servilis
2457 2968 2639 3025 vilitas
2666 2970 2812 3026 hunc
2837 2969 3105 3025 honorem
3148 2968 3342 3040 capiat,
3372 2981 3510 3040 pro-

1909 3059 2196 3127 vehuntur,
2220 3065 2274 3115 et
2298 3058 2521 3131 probari
2549 3058 2666 3115 Deo
2694 3074 2861 3130 posse
2889 3059 3142 3126 creditur,
3166 3057 3260 3130 qui
3289 3056 3512 3113 domino

1908 3162 2009 3204 suo
2037 3147 2276 3205 necdum
2305 3148 2546 3219 probare
2573 3162 2635 3203 se
2661 3148 2854 3219 potuit.
2887 3148 3101 3220 Duplex
3119 3147 3305 3219 itaque
3331 3146 3389 3202 in
3406 3146 3514 3203 hac

1907 3245 2063 3308 parte
2100 3245 2286 3293 reatus
2333 3244 2434 3304 est,
2467 3236 2615 3310 quod
2644 3244 2699 3292 et
2735 3252 2954 3294 sacrum
2994 3234 3357 3291 ministerium
3386 3234 3511 3290 talis

1909 3326 2169 3382 consortii
2197 3325 2402 3381 vilitate
2441 3324 2720 3397 polluitur,
2753 3332 2807 3380 et
2833 3324 3200 3392 dominorum,
3245 3321 3509 3395 quantum

1907 3415 1976 3470 ad
2033 3414 2233 3470 illicita
2286 3414 2653 3486 usurpationis
2709 3413 3067 3470 temeritatem
3108 3411 3347 3484 pertinet
3386 3411 3511 3480 jura

1909 3503 2210 3560 solvuntur.
2242 3503 2328 3558 Ab
2355 3502 2443 3558 his
2471 3503 2674 3575 itaque,
2713 3502 2910 3559 fratres
2957 3500 3283 3568 charissimi,
3314 3515 3510 3557 omnes

1908 3599 2109 3651 vestrae
2131 3591 2430 3664 provincia
2458 3592 2766 3648 abstineant
2792 3591 3128 3661 sacerdotes,
3157 3598 3213 3646 et
3238 3605 3350 3647 non
3379 3598 3507 3646 tan-

1909 3690 2023 3738 tum
2068 3681 2137 3737 ab
2166 3680 2272 3749 his,
2305 3680 2403 3737 sed
2430 3689 2484 3738 et
2521 3681 2593 3737 ab
2619 3680 2741 3737 aliis
2770 3681 2952 3748 etiam,
2985 3680 3080 3753 qui
3108 3678 3381 3751 originali,
3413 3685 3509 3736 aut

1908 3769 2071 3827 alicui
2113 3770 2411 3827 conditioni
2456 3770 2681 3842 obligati
2727 3777 2873 3837 sunt,
2905 3768 3158 3826 volumus
3186 3766 3503 3840 temperari,

1908 3859 2014 3916 nisi
2042 3858 2183 3916 forte
2225 3875 2417 3915 eorum
2463 3858 2649 3931 petitio
2678 3866 2772 3915 aut
2799 3858 3053 3916 voluntas
3091 3856 3387 3916 accesserit
3413 3855 3508 3929 qui

1909 3948 2117 4021 aliquid
2145 3948 2249 4004 sibi
2276 3949 2334 4003 in
2358 3963 2455 4005 eos
2483 3948 2758 4005 vindicant
2804 3947 3087 4020 potestatis
3118 3964 3134 4003 :
3165 3946 3330 4003 debet
3361 3945 3509 4002 enim

1910 4053 2034 4094 esse
2078 4037 2333 4094 immunis
2361 4038 2432 4093 ab
2460 4037 2579 4093 aliis
2605 4038 2699 4110 qui
2742 4036 2943 4095 divina
2980 4036 3184 4093 militia
3212 4034 3378 4093 fuerit
3401 4050 3507 4108 ag-

1909 4128 2250 4201 gregandus,
2281 4133 2391 4182 uta
2409 4127 2602 4183 castris
2620 4126 2907 4184 dominicis
2937 4127 3135 4200 quibus
3161 4140 3363 4183 nomen
3391 4125 3510 4195 ejus

1910 4216 2200 4273 ascribitur
2243 4215 2409 4271 nullis
2449 4215 2788 4272 necessitatis
2848 4215 3081 4272 vinculis
3134 4214 3505 4270 abstrahatur.

1909 4306 1979 4361 Et
2004 4314 2128 4378 post
2176 4306 2451 4362 decretam
2507 4303 2764 4359 natalium
2818 4304 3160 4359 honestatem
3213 4317 3507 4374 moresque

1910 4394 2337 4450 ordinandorum
2379 4393 2713 4459 describens,
2764 4392 2903 4447 hanc
2931 4390 3337 4447 conclusionem
3369 4389 3506 4445 sub-

193 4499 346 4548 cere,
378 4483 466 4539 cui
496 4497 599 4554 per
626 4488 775 4537 tanta
801 4489 1050 4553 tempora
1078 4481 1324 4537 eamdem
1354 4481 1642 4539 ecclesiam
1670 4497 1807 4538 con-
1838 4482 1891 4542 D
1905 4483 2102 4555 jungit.
2136 4485 2252 4539 Hoc
2278 4482 2461 4555 itaque
2488 4479 2784 4537 admonitio
2810 4487 2998 4535 nostra
3025 4478 3323 4546 denuntiat,
3358 4477 3506 4550 quod

198 4572 427 4628 sensisti
461 4589 474 4625 :
508 4586 637 4627 cum
666 4578 889 4627 sanctus
924 4570 1271 4628 Innocentius
1311 4572 1366 4626 in
1415 4570 1648 4627 decretis
1697 4572 1809 4626 suis

192 4661 269 4716 ad
301 4660 636 4716 Martianum
665 4659 1009 4715 Naisitanum
1038 4660 1357 4732 episcopum
1384 4660 1452 4715 de
1485 4660 1808 4732 quibusdam
1836 4668 1851 4678 ’

190 4750 544 4821 presbyteris
574 4748 667 4821 qui
698 4748 753 4803 in
781 4749 1037 4820 parochia
1078 4749 1226 4804 illius
1272 4749 1585 4822 aliquandiu
1612 4757 1808 4805 tenue-

191 4846 335 4893 runt
362 4838 650 4907 ecclesias,
683 4838 780 4893 sed
810 4839 1041 4911 quadam
1063 4839 1349 4896 occasione
1370 4839 1808 4895 communionem

190 4927 351 4982 illius
376 4926 582 4983 mereri
612 4942 722 4983 non
769 4934 1020 4999 poterant
1065 4928 1211 4984 dicat
1244 4946 1256 4982 :
1291 4928 1493 4995 Frater,
1534 4927 1804 5001 inquiens,

191 5016 543 5082 cbarissime,
599 5017 647 5071 si
694 5031 884 5072 eorum
927 5018 1158 5073 assertio
1206 5016 1371 5072 tidem
1417 5014 1607 5089 recipit
1654 5017 1803 5083 veri,

189 5105 584 5176 suscipiendos
613 5121 738 5160 esse
766 5104 1047 5179 ambigere
1078 5121 1188 5161 non
1217 5106 1406 5175 debes,
1441 5107 1585 5178 quod
1623 5106 1809 5161 tandiu

187 5193 467 5249 ecclesias
498 5194 606 5249 sibi
634 5194 867 5250 creditas
895 5210 1090 5266 passus
1119 5194 1179 5250 es
1210 5194 1465 5250 retinere.
1495 5196 1562 5251 Et
1582 5195 1628 5250 si
1657 5210 1810 5251 eum-

190 5282 335 5338 dem
360 5282 624 5339 clericum
650 5283 706 5337 in
735 5283 926 5339 eadem
957 5283 1188 5340 ecclesia
1216 5284 1301 5339 vis
1331 5284 1601 5353 ordinare,
1629 5284 1809 5340 scribe

185 5371 337 5425 mihi
365 5372 669 5427 secundum
694 5387 924 5442 morem,
960 5380 1014 5428 et
1043 5388 1148 5446 ego
1176 5372 1254 5427 illi
1286 5373 1590 5429 libertatem
1625 5373 1807 5430 eccle-

186 5460 475 5516 siasticam
502 5460 669 5516 dabo.
701 5461 757 5516 Si
785 5470 969 5517 autem
999 5462 1119 5533 ipse
1149 5461 1376 5519 clericus
1421 5462 1505 5520 cui
1533 5479 1635 5535 per
1662 5470 1809 5518 tanta

185 5554 454 5630 ternpora
483 5559 665 5632 ipsam
692 5560 983 5618 ecclesiam
1024 5560 1082 5618 in
1130 5561 1537 5636 Follanabrayo
1582 5562 1805 5636 habere,

1906 4573 1956 4628 si
1986 4572 2107 4645 quis
2145 4572 2372 4628 fratrum
2418 4578 2611 4627 contra
2637 4570 2756 4626 hac
2785 4569 3074 4626 constituta
3100 4567 3291 4625 venire
3318 4574 3503 4624 tenta-

1909 4661 2066 4731 verit,
2116 4669 2171 4718 et
2214 4659 2484 4732 prohibita
2523 4659 2686 4715 fuerit
2714 4674 2879 4716 ausus
2916 4657 3224 4727 admittere,
3253 4672 3284 4711 a
3313 4671 3412 4712 suo
3441 4671 3504 4714 se

1908 4750 2119 4806 noverit
2145 4748 2323 4807 oﬂicio
2358 4748 2809 4819 submovendum,
2842 4762 2947 4805 nec
2973 4744 3369 4804 communionis
3397 4759 3504 4802 no-

1910 4847 2035 4895 stra
2064 4838 2300 4895 futurum
2328 4854 2452 4896 esse
2481 4845 2810 4905 consortem,
2844 4836 2937 4909 qui
2968 4836 3149 4893 socius
3179 4850 3302 4893 esse
3330 4834 3506 4891 noluit

1909 4928 2229 5000 disciplina.
2290 4925 2584 4985 Sciendum
2638 4941 2772 4984 vero
2823 4934 2908 4983 est
2962 4925 3052 4982 hic
3092 4939 3203 4981 non
3243 4938 3440 4982 vacare
3471 4939 3505 4981 a

1909 5017 2256 5085 discretione,
2307 5032 2372 5072 ex
2419 5015 2640 5072 rationis
2686 5014 3022 5087 specialitate
3054 5014 3170 5072 hac
3197 5029 3502 5087 pronomen

1906 5107 2133 5178 pluralis
2175 5104 2402 5175 numeri,
2453 5119 2578 5160 cum
2608 5103 2776 5171 dicit;
2808 5102 2854 5158 si
2883 5103 3003 5177 quis
3051 5102 3282 5159 fratrum
3311 5110 3501 5159 contra

1908 5197 2024 5252 hac
2076 5194 2367 5251 constituta
2420 5192 2608 5250 venire
2665 5193 2970 5260 tentaverit,
3020 5200 3073 5248 et
3102 5192 3329 5264 reliqua,
3364 5190 3501 5247 sicut

1908 5284 2208 5341 secundum
2229 5281 2445 5339 Domini
2463 5282 2666 5339 dictum
2691 5298 2704 5338 :
2728 5284 2847 5341 Iota
2866 5299 3048 5340 unum
3064 5286 3168 5338 aut
3182 5297 3330 5354 apex
3347 5296 3501 5340 unus

1907 5393 1943 5431 a
1976 5375 2090 5447 lege
2115 5389 2230 5430 non
2256 5372 2513 5446 praeterit
2541 5371 2762 5445 (Matth.
2796 5372 2875 5444 v).

1976 5473 2308 5542 Repetamus
2338 5470 2625 5542 superiora
2652 5470 2809 5540 hujus
2834 5468 3076 5542 epistola
3104 5468 3161 5525 in
3191 5485 3297 5543 qua
3326 5468 3456 5526 dicit
3480 5485 3494 5527 :

1905 5560 2273 5620 Admittuntur
2301 5559 2508 5638 passim
2532 5559 2602 5621 ad
2620 5558 2865 5621 ordinem
2895 5574 3115 5618 sacrum
3134 5559 3330 5638 quibus
3350 5558 3500 5623 nulla
