4056 6178
534 241 636 297 543

1439 234 1782 292 HINCMARI
1835 231 2237 290 RHEMENSIS
2295 232 2848 290 ARCHIEPISCOPI.

3725 239 3830 293 544

531 363 784 421 natalium
829 363 1064 437 dignitas
1114 363 1462 436 suffragatur.
1497 361 1552 418 Si
1583 361 1726 418 inter
1759 375 1945 416 sacros
1975 359 2130 416 ordi-
2159 357 2436 420 Ababere
2479 361 2824 430 consensisti,
2871 361 3010 418 sicut
3051 361 3301 433 plurimis
3343 369 3426 418 est
3453 361 3825 418 manifestum.

529 470 628 510 nes
656 453 789 509 ordo
817 454 1052 524 acolythi
1079 469 1190 508 non
1220 452 1530 522 deputatur,
1563 451 1632 506 de
1663 451 1768 506 hoc
1797 458 1986 505 nostro
2017 448 2126 505 cle-

529 543 646 600 rico
675 541 892 598 nomine
923 542 1124 596 Senato
1155 557 1186 596 a
1214 549 1266 595 te
1296 539 1546 610 acolytho
1577 539 1694 594 sine
1737 546 1923 592 nostra
1950 539 2126 594 licen-

527 631 620 700 tia,
645 631 732 687 vel
753 631 870 686 sine
891 629 1260 686 ecclesiastica
1278 628 1531 684 libertate
1553 628 1800 682 ordinato
1815 628 1890 682 nil
1913 635 2122 698 repeto.

527 721 598 776 Et
632 719 778 792 quia,
810 727 868 774 ut
885 719 1014 774 dicit
1033 718 1396 786 Innocentius,
1418 717 1728 772 observatio
1751 717 1902 787 prior
1916 716 2122 782 durior,

531 809 804 882 posterior
843 807 1238 863 interveniente
1279 806 1654 862 misericordia
1685 805 1990 860 inclinatior
2019 813 2122 874 est,

529 898 862 970 posteriores
917 911 1154 952 canones
1211 897 1416 962 dicunt,
1477 903 1534 949 ut
1591 895 1772 949 nullus
1816 893 2121 960 servilibus,

527 987 926 1058 colonariisque
983 985 1382 1041 conditionibus
1429 985 1699 1055 obligatus
1740 984 1892 1052 juxta
1931 991 2124 1037 statuta

528 1075 673 1132 sedis
720 1075 1032 1147 apostolicae
1061 1075 1127 1129 ad
1157 1077 1396 1128 honores
1435 1072 1838 1128 ecclesiasticos
1868 1072 2122 1126 admitta-

525 1173 630 1230 tur,
665 1164 788 1230 nisi,
821 1164 972 1235 prius
1001 1171 1089 1218 aut
1135 1169 1475 1228 testamento,
1511 1169 1603 1216 aut
1631 1178 1731 1231 per
1760 1159 1968 1215 tabulas
1999 1177 2124 1216 eum

523 1253 764 1325 legitime
809 1252 1111 1309 constiterit
1147 1251 1475 1306 absolutum.
1515 1250 1648 1318 Quae
1677 1251 1722 1304 si
1751 1250 1872 1322 quis
1904 1250 2122 1320 episco-

521 1357 720 1415 porum
748 1343 864 1412 ejus
885 1342 976 1412 qui
1008 1340 1292 1395 ordinatur
1335 1339 1698 1395 conditionem
1726 1339 1908 1395 sciens
1939 1346 2122 1393 trans-

524 1431 681 1503 gredi
711 1447 811 1501 per
858 1429 1250 1484 ordinationem
1281 1427 1562 1483 inhibitam
1603 1427 1836 1483 fortasse
1865 1427 2118 1496 voluerit,

523 1519 652 1575 anni
683 1518 858 1590 spatio
886 1518 1084 1572 missas
1115 1517 1294 1573 facere
1319 1533 1426 1572 non
1457 1525 1773 1588 praesumat.
1807 1517 1918 1572 Hos
1940 1525 2122 1572 autem

525 1608 837 1664 Gallicanos
884 1623 1141 1674 canones,
1205 1607 1402 1679 quibus
1459 1623 1604 1678 saepe
1651 1606 1705 1660 in
1750 1605 1856 1660 tuis
1905 1606 2122 1676 scriptis

2229 451 2352 520 Ipse
2381 457 2563 504 autem
2593 451 2800 506 nullam
2850 451 3114 506 rationem
3145 451 3406 522 spoliatus
3434 459 3624 508 contra
3651 452 3830 506 ratio-

2223 554 2372 606 nem,
2405 547 2458 593 et
2485 539 2856 594 auctoritatem
2903 540 2999 594 tibi
3031 541 3159 596 inde
3189 541 3242 594 in
3271 541 3480 612 synodo
3507 541 3832 612 regulariter

2225 627 2458 682 reddere
2487 627 2650 683 debet
2682 646 2696 682 :
2730 628 2776 682 si
2807 636 2980 684 autem
3011 629 3135 684 ideo
3184 629 3332 684 illum
3361 629 3444 684 vis
3473 628 3526 683 in
3559 629 3830 701 synodum

2225 723 2372 771 tuam
2429 717 2636 784 venire,
2711 717 2967 789 quoniam
3041 717 3520 774 Chalcedonenses
3587 733 3829 773 canones

2225 805 2413 860 dicunt
2459 805 2664 860 nullum
2711 807 2960 862 absolute
3004 807 3255 862 ordinare
3299 807 3503 862 debere
3533 807 3826 879 presbyte-

2224 910 2344 948 rum
2375 903 2468 949 aut
2497 895 2803 964 diaconum,
2837 911 2940 951 nec
2969 895 3266 967 quemlibet
3285 895 3338 949 in
3369 897 3542 966 gradu
3563 895 3826 951 ecclesia-

2225 984 2379 1048 stico,
2401 992 2454 1038 et
2483 983 2710 1056 reliqua,
2733 993 2791 1038 ut
2809 983 2946 1039 forte
2973 985 3170 1040 oblitus
3189 1001 3288 1056 per
3305 983 3454 1038 illum
3471 985 3654 1039 discas
3673 985 3824 1053 cujus

2225 1073 2479 1128 suasione
2509 1072 2658 1128 illum
2689 1081 2878 1128 contra
2910 1073 3126 1144 regulas
3155 1073 3530 1140 ordinaveris;
3557 1082 3822 1146 quatenus

2225 1162 2270 1216 si
2321 1161 2459 1217 forte
2509 1161 2565 1216 in
2621 1163 2831 1234 synodo
2880 1163 3258 1234 episcoporum
3298 1162 3426 1218 inde
3471 1162 3824 1234 compellatus

2223 1249 2408 1320 fueris,
2439 1251 2642 1305 habeas
2671 1251 2800 1322 quid
2839 1252 3196 1321 respondeas.
3231 1251 3422 1305 Manda
3451 1251 3604 1316 mihi,
3638 1261 3692 1305 et
3719 1267 3826 1324 ego

2222 1338 2374 1394 illum
2403 1339 2656 1410 quoniam
2702 1347 2906 1395 nostra;
2935 1339 3178 1395 ecclesiae
3209 1348 3292 1394 est
3319 1339 3644 1410 mancipium
3675 1340 3826 1394 nulla

2221 1427 2474 1484 libertate
2504 1429 2780 1496 donatum,
2813 1445 2914 1500 per
2943 1444 3096 1483 meos
3125 1429 3324 1484 missos
3355 1429 3448 1482 tibi
3477 1429 3532 1482 in
3554 1429 3826 1500 synodum

2223 1524 2365 1571 tuam
2407 1517 2790 1585 transmittam,
2837 1524 2896 1572 ut
2940 1517 3093 1573 dicas
3151 1518 3297 1589 quod
3355 1517 3544 1572 beatus
3601 1518 3712 1572 Leo
3755 1518 3824 1572 ad

2223 1606 2528 1660 Anatolium
2561 1606 3216 1678 Constantinopolitanum
3245 1606 3562 1678 episcopum
3593 1607 3820 1673 scribit;

523 1697 714 1766 uteris,
746 1705 800 1752 et
829 1713 926 1768 per
957 1711 1094 1768 quos
1123 1703 1176 1750 te
1205 1697 1492 1760 reclamas,
1527 1695 1641 1751 scio
1691 1695 1816 1767 quia
1839 1710 1950 1750 non
1977 1695 2119 1764 abji-
2139 1717 2192 1776 B
2225 1695 2349 1767 quia
2393 1695 2534 1750 sicut
2561 1695 2616 1750 in
2661 1695 2802 1750 mala
2851 1695 3102 1750 suasione
3149 1695 3499 1766 delinquitur,
3551 1696 3626 1749 ita
3675 1703 3728 1750 et
3769 1695 3824 1750 in

521 1786 654 1854 cies,
708 1801 828 1842 cum
877 1786 1274 1841 Antiochenum
1317 1785 1606 1840 concilium
1650 1785 1796 1856 quod
1826 1783 2120 1854 apostolica

520 1875 700 1940 sedes,
726 1882 778 1930 et
797 1874 1114 1930 universalis
1133 1873 1382 1930 Ecclesia
1403 1874 1597 1944 recipit
1612 1873 1756 1928 dicat
1776 1891 1789 1927 :
1813 1871 2121 1927 Perfectum

521 1963 810 2020 concilium
841 1971 922 2018 est
958 1963 1048 2017 ubi
1073 1962 1372 2018 interfuerit
1401 1962 1848 2032 metropolitanus
1871 1962 2116 2016 antistes.

521 2051 590 2107 Et
643 2052 751 2106 Leo
807 2052 876 2106 ad
935 2051 1227 2106 Maximum
1281 2050 1675 2106 Antiochenum
1733 2049 2048 2121 episcopum
2102 2067 2116 2106 :

523 2163 546 2192 α
568 2139 863 2213 Quidquid,
889 2140 1080 2212 inquit,
1105 2147 1332 2212 prOpter
1361 2139 1629 2210 speciales
1661 2155 1853 2194 causas
1885 2138 2121 2210 synoda-

515 2229 652 2284 lium
695 2229 1048 2286 conciliorum
1099 2229 1168 2283 ad
1227 2243 1458 2283 examen
1504 2228 1815 2298 episcopale
1853 2227 2116 2297 defertur,

519 2325 700 2390 potest
728 2318 964 2389 aliquam
993 2316 1328 2386 dijudicandi
1357 2317 1562 2372 habere
1593 2317 1878 2382 rationem,
1911 2317 1956 2370 si
1987 2317 2120 2370 nihil

515 2407 584 2462 de
614 2421 678 2462 eo
711 2413 790 2461 est
811 2423 840 2460 a
862 2406 1063 2461 sanctis
1092 2405 1343 2460 Patribus
1375 2405 1516 2476 apud
1547 2405 1788 2460 Nicaeam
1811 2404 2116 2462 diﬂinitum.

518 2494 674 2550 Sacri
719 2493 956 2567 denique
1001 2509 1241 2550 canones
1285 2493 1736 2548 manumissiones
1785 2493 1842 2546 in
1871 2493 2120 2549 Ecclesia

515 2582 632 2639 ﬁeri
659 2598 824 2654 posse
853 2584 923 2637 ab
953 2582 1375 2653 imperatoribus
1405 2583 1694 2653 petierunt,
1721 2599 1840 2653 quae
1870 2591 1922 2636 et
1950 2582 2018 2635 ab
2039 2581 2120 2636 eis

516 2687 782 2729 concessa
811 2679 913 2742 est,
947 2680 1050 2727 eta
1075 2679 1320 2743 tempore
1351 2671 1521 2742 ipsius
1549 2670 1922 2727 concessionis
1955 2687 2120 2743 regu-

515 2760 602 2830 lae,
637 2769 690 2816 et
719 2777 846 2816 mox
889 2760 1295 2817 ecclesiasticus
1343 2761 1602 2816 hactenus
1649 2776 1742 2815 eas
1774 2760 2032 2828 servavit,
2067 2766 2121 2813 et

513 2857 713 2904 servat.
757 2873 778 2898 ι»
811 2849 968 2905 Unde
1025 2849 1286 2919 scriptum
1343 2857 1427 2903 est
1473 2849 1528 2902 in
1575 2848 1716 2903 libro
1765 2848 2120 2918 capitulorum

512 2937 856 3009 synodalium
898 2937 1095 3007 primo,
1149 2953 1272 3008 quae
1323 2945 1568 3008 tempore
1617 2939 1985 3008 Augustorum
2011 2952 2120 2991 no-

509 3033 744 3082 strorum
789 3024 970 3081 Caroli
1025 3032 1078 3080 et
1109 3025 1368 3081 Ludovici
1395 3025 1610 3080 fuerunt
1639 3025 1857 3081 condita
1885 3024 2119 3096 capitula

509 3113 906 3186 quinquaginta
963 3113 1222 3185 quinque.
1267 3112 1480 3184 Nullus,
1525 3113 1792 3184 inquiunt,
1828 3114 2119 3184 episcopus

511 3219 726 3259 servum
775 3202 1001 3259 alterius
1041 3203 1112 3258 ad
1153 3201 1442 3258 clericatus
1491 3201 1726 3258 cilicium
1767 3202 1884 3257 sine
1915 3203 2120 3262 domini

511 3291 594 3348 sui
644 3291 918 3348 voluntate
967 3307 1294 3362 promovere
1340 3299 1649 3363 pmsumat.
1703 3291 1771 3346 Et
1819 3293 1924 3348 hoc
1965 3291 2120 3347 Gan-

511 3397 715 3454 grense
747 3381 1036 3437 concilium
1067 3381 1316 3452 prohibet
1349 3388 1400 3436 et
1427 3380 1663 3452 capitulo
1695 3385 1761 3436 82
1793 3381 1862 3435 ad
1893 3380 2072 3436 locum
2101 3401 2114 3448 ;

511 3471 580 3526 de
609 3469 974 3526 ecclesiarum
1018 3487 1148 3526 vero
1195 3469 1370 3526 servis
1407 3469 1684 3526 communi
1715 3469 1984 3526 sententia
2013 3470 2116 3526 de-

507 3567 716 3616 cretum
746 3567 828 3615 est
855 3567 912 3615 ut
956 3559 1356 3631 archiepiscopi
1401 3575 1502 3630 per
1532 3559 1778 3633 singulas
1803 3559 2116 3630 provincias

504 3649 782 3706 constituti
839 3656 1082 3704 nostram
1144 3649 1534 3712 auctoritatem,
1595 3647 1926 3720 suﬂ'raganei
1983 3665 2114 3704 vero

503 3737 720 3794 illorum
749 3737 1027 3808 exemplar
1075 3737 1224 3792 illius
1254 3753 1425 3807 penes
1459 3753 1518 3792 se
1547 3737 1803 3792 habeant.
1837 3737 1904 3790 Et
1933 3753 2112 3807 quan-

501 3827 790 3898 docunque
839 3826 908 3881 de
953 3824 1157 3880 familia
1201 3825 1450 3881 ecclesia
1495 3825 1642 3880 utilis
1699 3825 1951 3880 inventus
2009 3825 2112 3878 ali-

505 3911 628 3981 quis
669 3908 1008 3964 ordinandus
1039 3917 1140 3976 est,
1173 3909 1229 3962 in
1257 3909 1488 3964 ambone
1534 3907 1654 3978 ipsa
1680 3908 1980 3964 auctoritas
2011 3925 2110 3964 eo-

501 4013 626 4053 rum
658 3997 861 4068 populo
890 3997 1122 4068 legatur,
1155 4004 1208 4050 et
1237 4011 1421 4052 coram
1463 3997 1859 4064 sacerdotibus,
1893 3997 1980 4052 vel
2011 4013 2110 4054 co-

501 4101 616 4141 ram
671 4083 922 4140 fidelibus
975 4084 1127 4140 laicis
1153 4093 1278 4140 ante
1323 4101 1494 4141 cornu
1523 4085 1732 4152 altaris,
1755 4085 1894 4142 sicut
1925 4085 1980 4141 in
2013 4102 2110 4141 no-

503 4181 618 4230 stra
648 4173 966 4230 auctoritate
1019 4173 1346 4242 continetur,
1381 4181 1594 4230 remota
1621 4173 1860 4246 qualibet
1890 4175 2108 4230 callidi-

507 4269 616 4318 tate
671 4261 980 4318 libertatem
1034 4271 1440 4334 consequatur:
1473 4271 1525 4319 et
1577 4271 1706 4320 tunc
1761 4263 1980 4318 demum
2040 4265 2106 4318 ad

504 4352 714 4426 gradus
731 4351 1132 4408 ecclesiasticos
1151 4353 1502 4423 provehatur.
1528 4351 1787 4408 Similiter
1803 4369 2020 4424 quoque
2039 4354 2108 4409 de

2142 3074 2190 3137 Ο

2222 1784 2370 1840 mala
2399 1784 2760 1840 consensione
2788 1793 3066 1856 peccatur.
3091 1785 3368 1840 Retractes
3389 1785 3546 1839 etiam
3567 1785 3824 1856 quoniam

2221 1881 2278 1927 ut
2325 1888 2486 1944 supra
2537 1873 2771 1939 ostendi,
2819 1873 2912 1928 illa
2955 1889 3074 1945 quae
3117 1881 3362 1944 tempore
3411 1881 3824 1928 antecessorum

2221 1968 2436 2017 tuorum
2485 1963 2854 2028 constiterant,
2915 1969 2968 2017 et
3017 1970 3140 2034 post
3199 1969 3428 2018 mortem
3485 1961 3710 2018 Otterici
3755 1963 3822 2018 de

2222 2051 2452 2106 ecclesia
2507 2051 2560 2104 in
2620 2051 3035 2123 Follanaebrayo
3091 2059 3422 2122 praesumpta
3469 2051 3684 2106 fuerunt
3723 2067 3824 2121 per

2219 2135 2499 2190 ministros
2544 2143 2666 2191 tuos
2714 2136 2957 2202 Ivonem,
3003 2135 3322 2202 Luidonem,
3375 2136 3820 2206 Angelrannum;

2221 2225 2458 2296 itemque
2488 2241 2589 2296 per
2621 2224 2933 2290 Hadulfum,
2965 2241 3064 2295 per
3083 2225 3405 2290 Famulfum,
3439 2241 3542 2296 per
3570 2225 3822 2280 eumdem

2219 2314 2630 2384 Angelrannum
2686 2313 3023 2382 destruxisti,
3087 2321 3142 2368 et
3196 2329 3318 2385 qua:
3365 2321 3562 2368 statuta
3609 2316 3824 2368 fuerunt

2219 2409 2462 2473 tempore
2493 2409 2902 2458 antecessorum
2933 2409 3150 2458 tuorum
3197 2401 3556 2468 reaediiicasti,
3593 2419 3823 2474 qumque

2219 2506 2363 2546 nunc
2409 2491 2606 2544 iterum
2637 2491 2706 2546 de
2736 2491 2858 2561 ipsa
2887 2491 3118 2546 ecclesia
3161 2491 3434 2546 destructa
3465 2499 3610 2558 sunt,
3645 2492 3746 2546 sed
3771 2500 3824 2547 et

2221 2595 2342 2651 qua;
2369 2579 2664 2650 praenotavi
2713 2579 2782 2634 de
2835 2579 3044 2652 regulis
3093 2580 3482 2636 ecclesiasticis
3513 2588 3564 2634 et
3591 2581 3823 2651 synoda-

2219 2667 2360 2722 libus
2409 2667 2659 2738 capitulis
2703 2668 3044 2722 transtulisti.
3089 2669 3420 2724 Sententiam
3451 2669 3594 2724 beati
3625 2669 3824 2724 Leonis

2219 2757 2286 2811 ad
2345 2757 2582 2812 Leonem
2633 2759 2936 2828 Augustum
2995 2757 3375 2828 depromptum
3431 2757 3825 2828 parvipendere

2217 2843 2367 2900 nullo
2399 2846 2564 2900 modo
2595 2845 2785 2910 debes,
2816 2861 2974 2917 quam
3007 2845 3059 2900 in
3091 2846 3301 2916 synodo
3341 2847 3484 2916 apud
3513 2847 3826 2902 Suessionis

2218 2933 2450 3000 audisti;
2487 2934 2622 2988 etin
2653 2933 2745 2988 illo
2777 2934 2917 2989 libro
2957 2950 3118 3004 quem
3163 2935 3256 2989 tibi
3305 2935 3434 2990 dedi
3477 2935 3595 3005 ipse
3635 2935 3824 3007 legere

2219 3029 2393 3093 potes.
2429 3023 2505 3088 Si,
2541 3021 2731 3094 inquit,
2768 3039 2889 3094 quae
2927 3023 3242 3078 destruxisti
3271 3024 3386 3080 haac
3413 3023 3646 3088 aedifico,
3681 3041 3826 3095 pra:-

2223 3111 2581 3168 varicatorem
2653 3103 2740 3166 me
2816 3112 3104 3178 constituo,
3167 3121 3220 3168 et
3276 3113 3357 3167 eis
3409 3129 3496 3168 me
3557 3113 3822 3168 ultionum

2224 3201 2622 3257 conditionibus
2677 3201 2874 3266 subdo,
2938 3218 3070 3273 quas
3119 3217 3230 3256 non
3295 3201 3470 3256 solum
3529 3203 3822 3258 auctoritas

2221 3290 2393 3345 beatae
2439 3289 2718 3346 memoria:
2765 3290 3028 3360 principis
3075 3290 3343 3361 Martiani,
3390 3291 3486 3346 sed
3523 3291 3686 3346 etiam
3717 3307 3822 3362 ego

2219 3395 2344 3434 mea
2372 3379 2732 3435 consensione
2763 3379 2974 3434 firmavi
2999 3399 3012 3444 ;
3037 3387 3090 3434 et
3121 3379 3258 3435 sicut
3287 3380 3612 3452 presbytero
3635 3387 3822 3436 nostro

2218 3467 2494 3538 parochias
2549 3468 2620 3522 ad
2675 3476 2730 3523 te
2773 3468 2941 3522 misso
2985 3469 3334 3539 respondisti,
3377 3468 3505 3540 quia
3555 3469 3696 3524 sicut
3727 3469 3823 3523 tibi

2219 3557 2446 3614 fecimus
2475 3557 2530 3610 in
2559 3565 2740 3612 nostra
2775 3557 3041 3627 parochia
3071 3558 3140 3612 de
3171 3565 3264 3612 tua
3294 3557 3546 3626 ecclesia,
3581 3557 3654 3611 ita
3681 3566 3736 3613 et
3763 3565 3820 3612 tu

2215 3646 2373 3700 nobis
2421 3645 2591 3700 facies
2621 3645 2690 3700 de
2719 3653 2910 3700 nostra
2955 3645 3186 3702 ecclesia
3233 3645 3289 3699 in
3315 3654 3402 3700 tua
3423 3646 3680 3718 parochia
3711 3661 3822 3700 non

2215 3733 2390 3788 solum
2421 3751 2532 3789 non
2561 3735 2862 3800 consentio,
2887 3751 3080 3790 verum
3109 3743 3164 3790 et
3191 3735 3378 3790 hortor
3403 3743 3462 3789 ut
3489 3735 3676 3798 facias,
3713 3735 3820 3790 sci-

2213 3823 2340 3878 licet
2369 3829 2424 3876 ut
2453 3823 2698 3894 inquiras
2730 3823 3024 3897 diligenter
3051 3824 3151 3878 sub
3181 3823 3422 3880 veritatis
3442 3822 3820 3880 testiﬁcatione

2213 3911 2270 3966 in
2299 3925 2398 3965 suo
2429 3911 2740 3966 sacerdotio
2770 3929 2872 3983 per
2900 3912 3330 3985 Angelrannum,
3356 3929 3454 3984 per
3474 3911 3818 3976 Grimonem,

2211 4016 2311 4072 per
2331 4000 2685 4055 Fraumarum
2706 4001 3076 4073 presbyteros,
3099 4002 3196 4056 sed
3219 4009 3272 4056 et
3289 4018 3389 4072 per
3411 4001 3586 4072 ipsum
3603 4001 3820 4056 Haime-

2209 4089 2398 4144 radum
2419 4090 2566 4161 quod
2587 4090 2656 4145 de
2678 4090 2796 4161 ipsa
2817 4090 3052 4147 ecclesia
3087 4089 3400 4146 testificatus
3444 4099 3526 4145 est
3549 4090 3818 4144 Pardulus

2210 4178 2466 4234 decessor
2495 4185 2617 4234 tuus
2646 4193 2826 4234 coram
2857 4179 2998 4251 ipsis
3020 4187 3144 4234 ante
3176 4179 3384 4234 obitum
3413 4195 3590 4234 suum.
3628 4179 3741 4234 Sed
3767 4187 3820 4235 et

2207 4282 2308 4337 per
2335 4266 2470 4322 alios
2497 4267 2865 4339 presbyteros,
2895 4277 2950 4322 et
2977 4269 3188 4324 vicinos
3219 4284 3282 4323 ac
3311 4267 3535 4323 idoneos
3563 4267 3742 4324 laicos
3763 4267 3820 4322 in

2205 4355 2326 4426 ipsa
2357 4355 2484 4412 villa
2541 4362 2968 4424 commanentes,
3021 4366 3075 4412 et
3123 4357 3618 4413 circummanentes
3666 4356 3821 4429 lega-

501 4441 586 4498 his
614 4441 890 4514 agendum
921 4449 1004 4497 est
1033 4457 1168 4513 quos
1201 4441 1324 4497 laici
1343 4442 1412 4497 de
1433 4441 1638 4496 familia
1659 4441 2018 4498 ecclesiarum
2040 4442 2108 4496 ad
2137 4434 2184 4496 C
2209 4444 2329 4500 liter
2376 4444 2612 4516 require,
2657 4445 2804 4516 quod
2831 4446 2960 4501 inde
2990 4463 3058 4502 ex
3093 4446 3326 4502 veritate
3375 4453 3720 4519 cognoscunt
3749 4445 3818 4500 de

500 4546 690 4588 sacros
737 4531 960 4586 ordines
1009 4531 1316 4601 promoveri
1363 4531 1668 4586 voluerunt.
1705 4531 1814 4587 Sed
1845 4540 1898 4586 et
1927 4531 1994 4586 de
2025 4531 2110 4586 his
2207 4533 2292 4586 his
2323 4549 2444 4604 qum
2471 4533 2800 4605 praescripsi,
2823 4542 2876 4589 et
2905 4534 3046 4590 sicut
3073 4535 3359 4606 episcopus
3381 4551 3510 4590 cum
3530 4533 3818 4590 veritatem

501 4635 639 4693 quos
685 4619 962 4691 praepositi
1027 4619 1410 4674 canonicorum
1485 4627 1648 4691 atque
1719 4621 2110 4676 monachorum
2183 4621 2481 4678 ‘inveneris
2511 4622 2636 4678 inde
2646 4623 2852 4692 justum
2863 4623 3344 4692 judiciumjudica,
3369 4623 3514 4678 velut
3531 4630 3582 4677 et
3603 4638 3712 4694 ego
3729 4639 3822 4679 co-

501 4707 833 4764 ordinandos
883 4707 1225 4779 expetierint,
1259 4707 1448 4762 eadem
1495 4707 1672 4764 forma
1703 4710 1972 4764 servanda
2001 4717 2103 4764 est.

503 4795 743 4852 Ostende
772 4796 940 4869 igitur
969 4795 1128 4850 nobis
1163 4796 1318 4850 istam
1339 4791 1824 4852 manumissionem
1845 4797 2107 4854 ecclesia-

502 4883 695 4940 sticam
723 4884 792 4940 de
820 4883 1043 4956 praefato
1073 4884 1273 4940 clerico
1305 4901 1338 4940 a
1367 4893 1418 4940 te
1451 4884 1702 4957 acolytho
1748 4886 2016 4956 ordinato,
2055 4895 2109 4942 et

500 4972 634 5028 nihil
683 4979 885 5042 repeto.
935 4974 1149 5029 Dictum
1193 4981 1276 5028 est
1315 4973 1477 5030 etiam
1540 4975 1672 5030 mihi
1722 4975 1867 5046 quod
1898 4983 1978 5029 ter
2007 4991 2108 5046 per

502 5071 612 5117 tres
659 5061 1005 5132 presbyteros
1049 5062 1226 5132 ipsum
1267 5062 1526 5119 clericum
1555 5064 1622 5118 ad
1654 5071 1800 5118 tuam
1839 5064 2106 5135 synodum

501 5150 688 5208 vocari
731 5149 943 5220 jussisti
991 5158 1050 5204 ut
1091 5151 1282 5206 reddat
1339 5153 1604 5208 rationem
1653 5153 1709 5208 in
1738 5161 1830 5208 tua
1873 5154 2100 5224 synodo,

503 5241 657 5308 cujus
687 5239 1010 5296 auctoritate
1043 5239 1326 5296 ecclesiam
1360 5241 1414 5296 in
1443 5241 1700 5313 parochia
1737 5249 1826 5298 tua
1853 5243 2064 5314 accepit
2089 5260 2100 5296 :

502 5328 646 5384 unde
689 5328 784 5384 tibi
813 5337 941 5400 puto
973 5345 1136 5400 supra
1167 5329 1430 5385 rationem
1461 5331 1693 5398 reddidi,
1725 5333 1879 5400 cujus
1911 5339 2102 5388 aucto-

503 5415 678 5482 ritate,
755 5425 810 5473 et
877 5435 985 5490 qua
1059 5417 1264 5475 ratione
1319 5419 1632 5490 praedictam
1703 5421 1993 5478 ccclesiam
2047 5422 2102 5476 in

503 5505 766 5582 parochia
813 5513 898 5562 tua
947 5507 1203 5582 suscepit,
1254 5523 1418 5586 quam
1465 5509 1514 5565 ei
1544 5526 1643 5584 per
1679 5519 1826 5568 tanta
1857 5519 2103 5586 tempora

2203 4726 2324 4764 ram
2365 4711 2548 4765 missis
2581 4711 2684 4766 tuis
2717 4711 2784 4766 de
2831 4713 3042 4782 capella
3071 4711 3332 4783 episcopii
3363 4711 3438 4766 tui
3467 4711 3522 4765 in
3551 4713 3820 4781 parochia

2206 4807 2392 4855 nostra
2422 4799 2678 4872 legaliter
2709 4809 2762 4856 et
2795 4801 3125 4873 regulariter
3145 4801 3421 4873 inquisivi,
3446 4809 3498 4856 et
3519 4801 3822 4856 secundum

2205 4879 2359 4958 leges
2391 4897 2442 4942 et
2473 4903 2662 4946 sacros
2713 4905 2953 4946 canones
3003 4905 3068 4946 ac
3111 4891 3334 4945 decreta
3381 4888 3528 4944 sedis
3557 4889 3824 4945 Romana:

2205 4977 2521 5048 pontificum
2551 4976 2798 5044 diﬂinivi,
2845 4979 2982 5035 sicut
3011 4978 3108 5033 tibi
3138 4978 3340 5050 scripto
3371 4977 3599 5033 veritate
3629 4985 3682 5032 et
3715 4995 3818 5032 au-

2205 5066 2453 5121 ctoritate
2483 5067 2716 5122 subnixo
2759 5067 3048 5122 ostendam
3095 5067 3217 5122 loco
3247 5075 3302 5123 et
3329 5075 3576 5138 tempore
3605 5082 3814 5138 oppor-

2205 5163 2335 5210 tuno
2369 5155 2414 5209 si
2443 5155 2748 5212 necessitas
2779 5155 2957 5210 fuerit.
3007 5157 3148 5211 Nam
3195 5156 3380 5227 plures
3414 5155 3665 5212 ecclesia:
3695 5164 3822 5210 sunt

2203 5239 2258 5298 in
2289 5261 2410 5299 mea
2441 5244 2700 5316 parochia
2730 5244 2798 5299 de
2829 5245 3107 5320 episcOpio
3135 5244 3476 5300 Laudunensi
3505 5245 3574 5300 dc
3610 5245 3810 5316 quibus

2205 5347 2312 5387 non
2343 5333 2438 5388 tibi
2471 5349 2573 5389 nec
2607 5333 2768 5390 alicui
2799 5342 3012 5390 tuorum
3041 5334 3214 5390 ullum
3234 5333 3604 5406 praejudicium
3635 5333 3812 5396 intuli,

2203 5437 2380 5493 neque
2411 5421 2609 5478 inferre
2666 5423 2810 5488 volo,
2847 5424 2974 5496 quia
3005 5439 3114 5480 non
3161 5425 3374 5488 debeo;
3407 5430 3458 5478 et
3485 5423 3610 5495 quia
3637 5438 3706 5478 ex
3733 5437 3820 5477 ca-

2203 5520 2348 5595 pella
2379 5521 2448 5578 de
2477 5537 2580 5596 qua
2607 5521 2874 5580 mandasti
2903 5529 3010 5580 tuae
3044 5521 3340 5580 intentioni
3368 5537 3476 5578 non
3505 5519 3693 5588 annui,
3726 5533 3816 5576 ra-
