4020 6182
197 241 296 296 “5

908 235 1150 293 OPUSC.
1208 236 1300 291 ET
1354 235 1573 291 EPIST.
1632 235 1707 291 IN
1761 230 1989 293 CAUSA
2041 236 2383 294 HI'NCMARI
2440 238 2747 296 LAUDUN.

3408 242 3512 298 546

199 364 268 419 tio
294 361 428 418 mihi
460 370 516 418 et
546 360 845 417 auctoritas
876 361 1221 417 contradixit.
1247 360 1407 431 Quod
1437 369 1614 417 autem
1647 359 1810 432 aqui—
1837 360 1895 423 Α
1916 362 2153 434 ἀίθηῑίω,
2184 372 2239 419 et
2265 363 2598 421 inobedienti
2617 363 2944 437 pervivaciae
2958 372 3066 422 tua
3085 365 3278 438 exigis,
3300 365 3394 438 qui
3413 366 3501 422 la-

197 452 425 507 busdam
455 460 671 506 tuorum
699 450 845 523 quod
873 451 994 521 ipsa
1021 450 1231 522 capella
1261 450 1534 523 antiquior
1554 451 1797 522 sitquam

198 541 430 597 ecclesia
454 540 513 594 in
544 538 825 596 Viviniaca
853 540 1001 606 villa,
1033 539 1248 595 etiamsi
1268 556 1463 596 verum
1491 539 1646 607 foret,
1672 548 1799 595 tunc

197 630 269 685 illi
297 630 599 701 antiquitas
630 645 731 683 sua
759 628 1084 702 suffragium
1114 628 1357 700 aﬂ‘erret,
1378 629 1424 684 si
1450 630 1508 684 in
1560 629 1798 701 antiqui-

197 727 300 774 tate
328 734 434 773 sua
466 735 641 790 usque
668 718 740 773 ad
770 725 1020 789 tempora
1066 719 1335 774 moderns
1383 718 1520 775 sicut
1569 717 1801 774 ecclesia

195 808 245 862 in
272 806 690 878 Follanaebrayo
706 807 923 875 mansit,
942 807 1260 878 persisteret
1292 825 1305 861 :
1339 823 1467 861 nam
1500 806 1795 873 Atrabatis,

196 896 563 962 Viromandis,
594 905 648 951 et
676 896 916 951 Bononia
948 912 1015 951 ex
1043 896 1199 965 cujus
1229 896 1510 951 territorio
1540 912 1600 951 es
1656 895 1803 950 nati-

196 1001 307 1051 vus,
361 985 705 1056 antiquiores
755 986 916 1041 sedes
961 1001 1085 1041 cum
1134 985 1408 1056 episcopis
1456 984 1694 1056 propriis
1745 984 1802 1039 in

195 1075 528 1129 Bhemorum
586 1072 867 1144 provincia
908 1073 1237 1129 exstiterunt
1319 1090 1480 1146 quam
1562 1080 1802 1129 castrum

198 1163 387 1218 montis
420 1162 670 1218 Lauduni
698 1162 841 1218 inter
870 1164 1032 1219 sedes
1064 1170 1471 1234 computaretur
1495 1162 1552 1217 in
1579 1177 1688 1235 quo
1741 1178 1803 1218 es

197 1252 476 1307 ordinatus
507 1252 819 1322 cpiscopus.

262 1341 364 1396 Sed
397 1340 666 1412 quoniam
695 1356 730 1395 a
756 1341 925 1414 longo
954 1348 1200 1412 tempore
1231 1327 1396 1397 certis
1424 1348 1716 1398 eventuum
1737 1354 1803 1396 ac

202 1429 591 1485 necessitatum
619 1429 801 1486 causis
831 1430 1207 1485 accidentibus
1236 1430 1344 1486 illm
1382 1430 1500 1485 aliis
1543 1430 1804 1499 subjectae

200 1518 504 1575 civitatibus
535 1535 691 1573 suum
725 1518 1072 1591 privilegium
1100 1519 1460 1590 perdiderunt
1490 1519 1636 1591 quod
1694 1534 1806 1574 non

200 1615 543 1679 recuperant,
577 1616 631 1662 et
671 1615 909 1663 castrum
955 1608 1157 1663 montis
1208 1608 1457 1663 Lauduni
1505 1607 1801 1674 convaluit,

1898 451 2058 509 horas
2086 460 2141 508 ut
2172 453 2425 525 superior
2458 454 2514 507 in
2545 453 2755 510 cunctis
2784 470 3054 526 appereas
3080 464 3132 511 et
3164 455 3338 511 victor
3364 454 3488 510 exi-

1900 548 2030 608 stas,
2053 542 2471 613 metropolitano
2502 541 2790 615 privilegio
2818 544 3039 599 nomine
3068 552 3273 600 tantum
3289 543 3497 599 ironice

1898 646 1999 700 per
2026 630 2382 701 antiphrasim
2412 630 2790 687 inhonorando
2816 631 3096 700 insalutes,
3129 640 3184 688 et
3209 648 3334 689 cum
3353 632 3504 687 inho-

1900 714 2181 770 noratione
2209 716 2607 772 contumeliosa
2636 716 2999 772 inobediendo
3028 717 3283 785 resultes,
3334 716 3502 773 mihi-

1902 819 2008 876 que
2036 820 2099 858 os
2127 805 2265 860 adeo
2295 805 2540 872 obtures,
2574 813 2632 860 ut
2661 805 2730 861 de
2758 805 2846 861 his
2884 822 2983 878 pro
3032 806 3229 879 quibus
3272 807 3341 861 ad
3384 821 3496 873 me,

1900 892 1986 949 cui
2015 909 2116 963 per
2143 908 2327 949 sacros
2355 910 2593 950 canones
2622 894 2805 951 divino
2846 895 3052 965 judicio
3094 895 3387 952 commissa
3421 902 3507 951 est

1901 977 2198 1048 provinciae
2230 978 2394 1034 totius
2424 979 2480 1033 in
2509 996 2613 1050 qua
2633 996 2693 1034 es
2720 979 2999 1035 ordinatus
3028 980 3339 1052 episcopus,
3384 979 3502 1035 sol-

1900 1065 2142 1132 licitudo,
2176 1066 2268 1137 qui
2314 1066 2533 1139 negotia
2551 1068 2808 1124 videntur
2834 1069 3037 1125 habere
3053 1077 3397 1136 concurrant,
3450 1075 3501 1124 te

1901 1171 2012 1211 non
2035 1155 2265 1211 audeam
2295 1170 2662 1223 commonere,
2713 1173 2892 1229 neque
2936 1173 3262 1229 praesumam
3308 1158 3381 1213 de
3411 1157 3500 1212 his

1901 1260 2022 1316 quae
2051 1260 2119 1299 ex
2146 1252 2199 1299 te
2228 1244 2690 1315 reprehensibiles
2717 1246 2787 1300 ad
2815 1262 2903 1301 me
2946 1247 3267 1317 perveniunt
3295 1246 3495 1303 redar—

1902 1348 2094 1405 guere,
2136 1333 2265 1404 quin
2304 1334 2467 1389 etiam
2512 1349 2616 1390 nec
2673 1334 2782 1389 tuis
2810 1334 3044 1405 scriptis,
3090 1335 3177 1392 vel
3218 1336 3402 1392 verbis
3448 1335 3506 1391 in

1904 1421 2089 1492 aliquo
2146 1423 2502 1493 respondere,
2562 1430 2617 1478 et
2670 1430 2728 1477 ut
2758 1430 2927 1479 totum
2957 1423 3112 1480 brevi
3138 1425 3506 1498 perstringam

1904 1509 2149 1582 cingulo,
2185 1511 2404 1566 timeam
2434 1511 2582 1583 quod
2625 1511 2912 1582 displiceat
2968 1512 3066 1567 tibi
3121 1513 3339 1570 mutire.
3398 1513 3507 1571 Sed

1905 1598 2172 1668 ejusmodi
2200 1615 2311 1656 non
2341 1617 2401 1656 es
2431 1600 2710 1672 sapientiae
2736 1609 2790 1656 et
2819 1602 3062 1658 scientia
3088 1608 3252 1675 atque
3280 1602 3510 1676 religio-

202 1696 319 1768 quia
345 1696 659 1752 secundum
687 1696 859 1768 leges,
893 1712 958 1751 ac
987 1712 1178 1752 sacros
1220 1712 1461 1753 canones
1501 1706 1663 1769 atque
1709 1696 1876 1786 de-B
1908 1688 2012 1756 nis,
2046 1705 2142 1744 seu
2171 1688 2278 1745 loci
2308 1689 2620 1761 episcOpus,
2654 1698 2714 1744 ut
2743 1691 2858 1746 haec
2888 1690 3073 1747 valeas
3103 1692 3366 1748 obtinere.
3403 1691 3511 1762 Qui

204 1793 338 1841 creta
365 1785 528 1840 sedis
559 1786 812 1841 Romanas
843 1784 1161 1856 pontiﬁcum
1191 1801 1292 1857 pro
1320 1785 1682 1858 idappellare,
1716 1787 1805 1842 id-

133 1884 136 1887 '
203 1890 299 1946 que
321 1873 607 1947 refragari
636 1890 746 1929 non
764 1873 890 1929 licet
923 1875 1070 1947 quod
1100 1874 1287 1947 legum
1315 1882 1529 1946 tempus
1549 1876 1804 1931 excludit.

204 1963 274 2017 De
302 1962 528 2019 dicimis
558 1962 828 2034 siquidem
853 1962 1101 2019 ecclesiae
1120 1964 1381 2035 episcopii
1410 1964 1805 2032 Laudunensis,

204 2052 475 2123 parochias
502 2068 638 2107 vero
669 2068 807 2107 mese
836 2052 892 2106 in
945 2054 1227 2109 Antenaco
1283 2068 1351 2107 ex
1405 2053 1612 2108 domini
1658 2055 1808 2127 regis

208 2141 256 2195 in
281 2140 624 2197 dominicam
649 2141 980 2197 ordinationi
1008 2158 1147 2198 meas
1179 2142 1507 2209 commissae,
1558 2158 1669 2198 non
1718 2158 1808 2198 so-

205 2229 303 2284 lum
327 2230 475 2284 mihi
502 2238 559 2285 et
587 2230 912 2301 presbytero
961 2230 1049 2286 cui
1097 2246 1218 2286 eam
1257 2231 1328 2286 ad
1376 2231 1807 2303 dispensandum

211 2318 611 2386 commendavi,
644 2335 838 2375 verum
866 2326 920 2375 et
946 2319 1148 2374 domno
1177 2320 1297 2393 regi
1328 2328 1517 2376 contra
1544 2320 1699 2393 leges
1754 2327 1809 2375 et

208 2423 442 2464 canones
474 2415 571 2462 tuo
597 2415 867 2479 tempore,
908 2408 1057 2480 quod
1085 2416 1211 2463 ante
1250 2416 1427 2463 actum
1471 2425 1581 2464 non
1628 2408 1808 2463 fuerat

204 2513 457 2570 magnum
486 2496 864 2568 prsejudicium
909 2504 993 2552 est
1034 2513 1065 2551 a
1109 2496 1372 2552 ministris
1427 2497 1535 2572 tuis
1572 2497 1804 2565 illatum,

208 2586 340 2657 quod
367 2593 609 2656 propter
635 2584 789 2656 pacis
818 2585 1209 2658 charitatisque
1254 2585 1560 2642 custodiam
1621 2586 1809 2643 hacte-

205 2691 297 2729 nus
322 2674 603 2746 patienter
634 2674 866 2729 sustinui
900 2692 913 2728 :
946 2674 1092 2729 unde
1120 2682 1278 2746 potes
1326 2674 1615 2731 advertere
1680 2674 1807 2746 quia

204 2763 292 2819 tibi
317 2764 383 2819 de
418 2764 518 2818 illa
547 2763 762 2835 capella
796 2763 1066 2832 justitiam
1112 2779 1223 2820 non
1264 2780 1547 2837 negarem,
1595 2764 1642 2818 si
1688 2763 1806 2834 ipsa

201 2852 403 2921 justitia
468 2852 576 2907 tuis
627 2852 768 2908 votis
825 2861 1197 2909 concurreret.
1249 2854 1559 2924 Propterea,
1612 2851 1801 2920 frater,

205 2957 296 3012 pro
325 2941 441 2998 loci
474 2940 583 2996 mei
612 2940 791 2997 oﬁicio
820 2941 889 2995 de
915 2940 1139 3012 praefata
1178 2941 1413 2999 ecclesia
1457 2942 1610 3010 juxta
1663 2941 1805 2996 anti-

203 3046 351 3103 quam
383 3030 861 3097 consuetudinem,
893 3032 1121 3097 ratione,
1149 3031 1373 3086 veritate
1417 3038 1575 3103 atque
1613 3038 1805 3087 aucto-

202 3119 346 3175 ritate
374 3120 693 3190 subnixam,
727 3128 784 3175 ut
812 3119 1071 3191 praemisi,
1104 3120 1330 3192 exsequi
1377 3128 1430 3175 te
1477 3120 1807 3193 regulariter

201 3224 413 3277 moneo,
454 3224 565 3280 quo
596 3208 842 3282 benigno
871 3209 1050 3264 animo
1079 3216 1132 3265 te
1161 3209 1440 3281 suscipere
1469 3217 1523 3264 et
1574 3209 1803 3281 implere

201 3306 411 3370 empto.
450 3296 596 3366 Quid
626 3296 792 3354 facies
836 3298 882 3353 si
929 3298 1075 3353 beati
1130 3298 1327 3354 Leonis
1382 3299 1803 3370 praeceptionem

199 3388 368 3443 cordis
398 3403 538 3442 aure
566 3387 831 3443 obaudire
861 3387 1177 3454 curaveris;
1213 3387 1306 3458 qui
1336 3388 1459 3457 scit,
1494 3388 1684 3460 inquit,
1744 3404 1804 3443 se

200 3477 527 3548 quibusdam
555 3476 927 3548 praepositum,
961 3492 1072 3533 non
1098 3476 1330 3533 moleste
1376 3476 1513 3532 ferat
1569 3477 1804 3549 aliquem

200 3564 297 3619 sibi
342 3582 479 3621 esse
516 3566 823 3637 praelatum,
872 3566 972 3620 sed
1018 3565 1387 3621 obedientiam
1437 3581 1600 3638 quam
1636 3565 1806 3638 exigit

200 3654 357 3709 etiam
386 3656 515 3727 ipse
543 3655 835 3727 dependat.
854 3656 923 3710 Et
954 3655 1082 3726 quia
1109 3670 1218 3711 non
1247 3656 1468 3727 impune
1498 3655 1621 3727 quis
1646 3671 1679 3710 a
1708 3671 1802 3711 sa-

202 3744 303 3799 cris
334 3743 550 3817 regulis
577 3744 816 3812 deviare,
849 3751 903 3799 et
930 3744 1127 3800 debitae
1156 3744 1480 3801 obedientise
1507 3744 1688 3801 valeat
1706 3744 1808 3800 ob.

199 3832 364 3900 visre,
408 3832 658 3889 scientiae
695 3841 798 3888 tua:
850 3848 1065 3905 appone
1120 3834 1287 3890 verba
1342 3833 1487 3889 beati
1526 3833 1801 3907 Gregorii,

200 3921 391 3992 quibus
423 3922 501 3977 ad
528 3923 748 3977 Petrum
778 3923 1033 3978 Romanae
1062 3922 1310 3979 ecclesiae
1356 3922 1742 3979 subdiaconem
1753 3929 1810 3979 et

197 4010 514 4081 patrimonii
541 4010 736 4083 magni
772 4011 918 4067 Petri
948 4011 1003 4066 in
1043 4011 1229 4067 Sicilia
1281 4019 1595 4069 servantem
1651 4011 1800 4068 dicit.

200 4098 274 4154 De
304 4101 414 4168 his,
468 4101 741 4172 inquiens,
802 4116 921 4172 quae
971 4099 1067 4154 tibi
1121 4116 1223 4172 pro
1281 4101 1554 4156 servanda
1601 4100 1807 4169 justitia

199 4189 394 4260 scribo,
432 4205 544 4261 ego
572 4189 849 4246 absolvor.
882 4190 952 4245 Et
980 4196 1036 4244 tu
1094 4189 1140 4243 si
1191 4189 1451 4263 negligis,
1492 4189 1753 4261 obligaris
1787 4206 1801 4244 :

197 4278 500 4333 terribilem
523 4277 767 4346 judicem
793 4277 1101 4334 venientem
1131 4278 1439 4344 considera,
1482 4285 1535 4333 et
1580 4278 1650 4333 de
1704 4278 1806 4332 ad-

195 4376 355 4423 ventu
385 4367 539 4423 illius
566 4382 712 4424 nunc
741 4374 831 4422 tua
872 4367 1233 4424 consideratio
1284 4366 1686 4434 contremiscat,
1736 4382 1807 4422 ne

1908 1779 1954 1833 si
1984 1779 2255 1835 veraciter
2276 1779 2491 1849 sapiens
2521 1787 2574 1834 et
2602 1778 2898 1852 religiosus
2917 1780 3086 1849 fores,
3110 1781 3241 1836 talia
3259 1781 3508 1839 obtinere

1906 1883 2017 1923 non
2043 1874 2338 1922 attentares
2370 1885 2384 1921 :
2413 1874 2466 1922 et
2499 1866 2757 1940 quoniam
2787 1868 3030 1937 veritate,
3064 1869 3299 1937 ratione,
3334 1877 3389 1927 et
3417 1886 3511 1928 au-

1907 1956 2156 2012 ctoritate
2184 1972 2295 2011 non
2323 1963 2500 2028 potes,
2534 1954 2797 2023 anxiaris,
2829 1965 3049 2024 aestuas,
3084 1965 3139 2014 et
3168 1958 3414 2027 anhelas,
3450 1967 3511 2016 ut

1907 2045 2293 2117 quoquomodo
2322 2053 2375 2100 et
2401 2062 2503 2116 per
2531 2044 2869 2112 verisimilia,
2905 2054 2957 2101 et
2979 2045 3136 2118 quasi
3165 2047 3494 2115 auctoritati,

1906 2141 1960 2188 et
1988 2134 2182 2189 rationi
2210 2133 2588 2190 convenientia
2617 2134 2749 2189 mihi
2779 2134 2962 2206 possis
2993 2134 3273 2204 resistere,
3306 2151 3505 2209 meque

1906 2222 2087 2294 possis
2114 2222 2479 2293 comprimere
2510 2231 2676 2295 atque
2702 2223 3007 2280 revincere.
3056 2225 3211 2281 Unde
3253 2234 3306 2281 et
3355 2233 3507 2283 recte

1907 2310 2049 2367 dicta
2079 2311 2268 2367 studes
2296 2328 2464 2383 prave
2490 2312 2563 2367 ad
2591 2328 2814 2369 sensum
2843 2322 2992 2369 tuum
3018 2313 3316 2382 inflectere,
3351 2323 3405 2371 et
3440 2329 3509 2372 ea

1905 2416 1937 2453 a
1965 2416 2064 2456 suo
2098 2416 2264 2455 sensu
2293 2408 2556 2473 quantum
2586 2418 2652 2457 ex
2680 2408 2734 2457 te
2763 2409 2845 2458 est
2873 2402 3028 2476 cogis
3056 2402 3416 2477 peregrinari.
3439 2404 3509 2460 Et

1907 2489 2012 2545 hoc
2040 2489 2409 2560 perniciosum
2435 2499 2712 2547 certamen
2739 2491 2858 2546 sine
2886 2491 2999 2547 ulla
3026 2492 3352 2548 necessitate
3383 2508 3508 2549 con-

1907 2585 1990 2633 tra
2016 2594 2105 2633 me
2133 2579 2495 2651 assumpsisti,
2531 2588 2584 2636 et
2610 2580 2730 2636 sine
2749 2580 2863 2636 ulla
2875 2580 3105 2636 utilitate
3132 2581 3189 2635 in
3209 2597 3276 2638 eo
3298 2581 3507 2654 satagis

1905 2666 2182 2737 laborare,
2224 2683 2349 2724 cum
2376 2668 2512 2722 nihil
2541 2668 2686 2724 aliud
2739 2686 2771 2723 a
2819 2678 2873 2724 te
2930 2668 3229 2741 requiram,
3284 2670 3391 2726 nisi
3448 2662 3539 2726 uti

1907 2755 2170 2826 scriptum
2199 2764 2282 2811 est
2310 2756 2497 2828 (Deut.
2530 2758 2695 2828 xxvr)
2730 2774 2743 2812 :
2769 2759 2983 2815 Timeas
3003 2760 3308 2817 Dominum
3327 2761 3507 2817 Deum

1907 2848 2072 2901 tuum
2100 2861 2175 2901 ea:
2209 2849 2321 2902 toto
2350 2846 2514 2902 corde
2546 2850 2663 2917 tuo,
2697 2851 2754 2902 et
2783 2847 3002 2903 obedias
3031 2850 3155 2920 ejus
3167 2850 3509 2921 imperimet

1905 2932 2046 2990 sicut
2095 2934 2406 3005 episcopus,
2467 2935 2615 3006 quod
2663 2936 2813 2991 omni
2847 2936 3103 2994 convenit
3146 2937 3455 2994 Christiano
3488 2953 3504 2994 :

1906 3024 2111 3079 Pacem
2140 3025 2394 3097 sequaris
2424 3028 2484 3080 et
2502 3025 2945 3102 sanctimoniam
2971 3027 3097 3083 sine
3122 3043 3232 3099 qua
3249 3043 3414 3084 nemo
3433 3028 3512 3085 vi-

1907 3111 2057 3167 debit
2072 3113 2249 3168 Deum
2269 3112 2585 3186 (Hebr.xn),
2618 3121 2672 3170 et
2701 3114 2807 3171 loci
2831 3114 2904 3169 tui
2918 3123 3203 3171 contentus
3239 3116 3513 3172 modestia

1902 3207 1957 3256 te
1986 3200 2196 3257 altioris
2222 3217 2292 3257 ne
2322 3218 2558 3274 quaeras,
2593 3211 2646 3258 et
2673 3211 2733 3258 ut
2760 3204 2930 3259 frater
2955 3220 3020 3260 ac
3048 3202 3194 3258 ﬁlius
3237 3204 3505 3260 charissi-

1902 3305 2024 3345 mus
2050 3306 2203 3363 agas,
2236 3298 2500 3362 quatenus
2528 3307 2629 3347 nos
2656 3291 2889 3347 invicem
2918 3307 3401 3365 recognoscamus,
3434 3309 3505 3351 ne

1904 3378 2155 3450 antiquus
2183 3378 2355 3434 hostis
2381 3395 2484 3450 per
2534 3379 2853 3435 scandalum
2906 3381 3043 3436 duos
3098 3396 3347 3450 movens,
3404 3398 3506 3455 per

1904 3466 2292 3538 nequissimam
2318 3467 2599 3524 victoriam
2625 3468 2827 3524 multos
2856 3486 2977 3542 qute
3005 3485 3117 3526 non
3136 3479 3504 3528 convenerant

1904 3555 2053 3627 loqui
2082 3555 2246 3612 faciat
2281 3575 2294 3612 :
2329 3571 2436 3629 ego
2464 3557 2609 3613 enim
2638 3565 2697 3613 ut
2724 3566 2910 3630 aperte
2967 3559 3204 3615 indicem
3259 3560 3351 3631 qui
3405 3576 3505 3632 per

1905 3644 2197 3700 elationem
2225 3661 2260 3701 a
2287 3653 2338 3700 te
2367 3645 2505 3701 nihil
2534 3646 2753 3718 requiro
2784 3663 2906 3719 quas
2932 3647 3065 3702 mihi
3095 3648 3164 3703 de
3196 3648 3500 3704 canonibus

1908 3741 2219 3805 suppetunt,
2253 3734 2322 3791 de
2346 3735 2540 3807 quibus
2568 3734 2665 3789 tibi
2694 3735 2763 3791 ad
2783 3736 3308 3808 recognoscentiam,
3342 3744 3395 3792 et
3415 3753 3506 3792 re-

1908 3822 2280 3894 sipiscentiam
2310 3831 2459 3880 tuam
2484 3824 2598 3894 jam
2624 3824 2824 3896 sepius
2853 3824 3068 3896 scripsi,
3090 3832 3272 3882 tacere
3291 3824 3503 3897 potius-

1908 3927 2046 3979 sem,
2108 3912 2156 3967 si
2210 3929 2274 3969 ea
2328 3930 2451 3985 qua:
2503 3913 2758 3969 familiari
2785 3930 3040 3970 sermone
3070 3929 3348 3971 monerem
3377 3930 3505 3972 cum

1908 4000 2168 4057 charitate
2198 4010 2253 4057 et
2280 4001 2583 4058 humilitate
2612 4001 2941 4075 susciperes.
2974 4002 3263 4071 Caeterum,
3292 4003 3503 4060 utbea-

1908 4095 1992 4143 tus
2050 4090 2349 4163 Gregorius
2406 4091 2478 4146 ad
2529 4093 2795 4147 Joannem
2851 4092 3502 4164 Constantinopolitanum

1909 4177 2225 4251 episcOpum
2253 4179 2402 4248 dicit,
2435 4180 2609 4235 rixam
2638 4180 2837 4236 inferre
2865 4196 2973 4236 non
3002 4181 3148 4248 volo,
3181 4182 3279 4237 sed
3326 4190 3508 4238 tamen

1907 4281 1939 4321 a
1970 4274 2022 4323 te
2050 4268 2361 4324 venientem
2388 4284 2499 4324 non
2527 4269 2727 4338 devito,
2749 4269 2874 4341 quia
2893 4285 3000 4325 non
3021 4270 3198 4336 valeo,
3223 4285 3326 4326 nec
3345 4270 3507 4326 etiam

1909 4356 2083 4413 audeo
2112 4373 2214 4428 pro
2244 4357 2350 4414 loci
2378 4357 2484 4413 mei
2514 4356 2691 4413 oﬂicio
2725 4375 2739 4412 :
2771 4373 2896 4413 cum
2926 4358 3083 4429 quasi
3111 4374 3200 4413 me
3214 4358 3503 4429 pulsando,

196 4463 315 4512 tunc
347 4457 475 4513 sine
504 4472 670 4513 causa
692 4457 808 4527 jam
836 4456 1040 4524 timeat,
1074 4473 1195 4512 cum
1243 4471 1432 4513 coram
1476 4456 1569 4512 illo
1610 4446 1879 4512 coelumD
1909 4445 2168 4518 egregius
2194 4444 2519 4517 praedicator
2548 4445 2692 4501 dicat
2725 4463 2738 4499 ε
2774 4446 2973 4518 Argue,
2997 4447 3238 4512 obsecra.
3270 4448 3507 4519 increpa

194 4552 243 4600 et
271 4553 421 4601 terra
451 4545 752 4601 tremuerit.
771 4545 983 4601 Audisti
1004 4545 1148 4618 quod
1160 4545 1312 4616 volo.
1337 4546 1474 4602 Vide
1495 4544 1626 4617 quid
1647 4560 1804 4618 agas.

196 4633 399 4691 Datum
432 4650 473 4690 v
500 4635 625 4692 Kal.
640 4634 766 4690 Maii
794 4634 1078 4706 praesentis
1109 4634 1282 4690 tertia
1328 4634 1661 4692 indictionis.

606 4739 949 4797 HINCMARI
988 4741 1393 4798 RHEMENSIS

828 4827 904 4867 AD
932 4828 1185 4871 EUMDEH.

258 4900 606 4959 Hmcmus
624 4900 956 4957 Rhemorum
975 4901 1266 4975 episcopus
1286 4903 1585 4959 Humano
1601 4901 1807 4958 Laudu-

188 4993 350 5047 nensi
382 4992 650 5063 episcopo
676 4991 926 5060 salutem,
956 5008 1079 5065 qua:
1108 4999 1191 5048 est
1220 4992 1277 5047 in
1307 4992 1520 5049 Christo
1535 4992 1664 5048 Jesu
1685 4992 1803 5048 Do-

188 5081 340 5137 mino
370 5090 590 5137 nostro.

254 5166 432 5236 Quod
452 5182 589 5240 erga
608 5181 696 5222 me
717 5165 912 5224 volens
933 5164 1236 5223 dissolvere
1252 5166 1343 5222 illa
1361 5182 1481 5238 quae
1503 5164 1598 5221 tibi
1619 5164 1802 5222 scribo

184 5269 281 5326 per
303 5255 635 5325 jactantiam
660 5254 1019 5313 rescribendo
1030 5256 1149 5329 agis
1170 5255 1542 5329 singulatium,
1570 5256 1669 5311 sed
1690 5271 1802 5312 non

183 5344 451 5418 singulis,
484 5360 652 5401 causa
678 5344 810 5400 mihi
837 5360 946 5402 non
976 5344 1186 5402 incerta
1214 5344 1534 5418 quibusdam
1563 5353 1799 5417 praeter-

180 5433 392 5502 missis,
437 5433 771 5506 respondere
802 5450 891 5490 me
910 5450 1010 5507 pro
1033 5434 1139 5491 loci
1168 5434 1275 5491 mei
1323 5432 1518 5500 ofﬁcio,
1578 5451 1647 5489 ne
1702 5433 1800 5489 tibi

176 5521 417 5594 sapiens
448 5539 571 5580 esse
600 5522 854 5596 videaris,
886 5524 957 5579 ad
985 5523 1202 5598 singula
1242 5523 1551 5581 contumaci
1608 5522 1802 5579 inobe-

1908 4536 1972 4590 in
1999 4536 2156 4590 omni
2178 4535 2464 4607 patientia
2493 4538 2549 4590 et
2583 4534 2845 4591 doctrina
2873 4535 2949 4606 (II
2978 4536 3115 4590 Tim.
3140 4534 3309 4604 tn).Si
3330 4534 3497 4601 enim,

1908 4631 1966 4678 ut
1995 4623 2257 4680 veraciter
2284 4622 2475 4692 fatear,
2503 4623 2713 4680 utinam
2737 4640 2848 4680 non
2879 4624 2948 4680 ad
2994 4623 3503 4680 condemnationem

1906 4729 2109 4780 meam,
2142 4713 2588 4785 metropolitanus
2616 4722 2740 4769 tuus
2762 4712 2966 4784 judicio
2994 4712 3095 4769 Dei
3141 4728 3249 4768 non
3308 4711 3502 4782 forem,

1907 4810 1961 4858 et
1987 4810 2046 4857 tu
2074 4802 2421 4875 provincialis
2442 4804 2732 4876 episcopus
2752 4801 3056 4873 metropoli,
3072 4800 3162 4857 cui
3180 4801 3505 4873 disponente

1905 4893 2022 4948 Deo
2053 4892 2325 4961 deservio,
2357 4894 2632 4964 subjectus
2660 4901 2714 4948 et
2736 4909 2767 4947 a
2795 4908 2883 4947 me
2913 4891 3197 4948 ordinatus
3244 4907 3357 4948 non
3403 4907 3498 4949 es-

1906 4998 2017 5049 ses,
2051 4983 2151 5037 sed
2179 4982 2236 5037 in
2262 4982 2364 5036 alia
2391 4981 2674 5053 provincia
2703 4980 2925 5037 alterius
2954 4980 3237 5037 ordinatus
3295 4980 3492 5038 existe-

1904 5087 2015 5141 res,
2048 5078 2101 5127 et
2130 5070 2259 5126 talia
2287 5071 2356 5126 de
2384 5078 2437 5126 te
2465 5070 2730 5137 audirem,
2763 5068 2908 5126 sicus
2968 5069 3160 5126 audire
3217 5069 3379 5143 coepi,
3439 5086 3507 5126 ex

1905 5176 2013 5232 quo
2040 5167 2165 5231 post
2192 5158 2660 5232 concupiscentias
2681 5158 2884 5229 saeculi,
2925 5166 2977 5214 et
3011 5158 3303 5215 elationem
3322 5158 3504 5215 cordis

1902 5257 1959 5304 tu
2006 5248 2085 5304 ire
2130 5247 2360 5319 coepisti,
2394 5255 2448 5303 et
2489 5247 2706 5316 verbis,
2756 5255 2810 5304 et
2854 5247 3073 5319 scriptis
3121 5256 3172 5303 te
3225 5247 3505 5303 charitatis

1902 5336 2099 5394 affectu
2125 5352 2430 5404 monerem,
2459 5344 2512 5392 et
2565 5337 2612 5392 si
2668 5352 2778 5393 non
2807 5336 3113 5405 obaudirer,
3145 5335 3503 5407 apostolicam

1903 5442 2140 5499 sequens
2162 5425 2485 5496 jussionem,
2515 5427 2609 5499 qui
2637 5427 2708 5484 de
2736 5443 2802 5483 eo
2832 5425 3075 5498 praecipit
3104 5423 3197 5498 qui
3226 5425 3399 5482 semel
3452 5434 3508 5483 et

1902 5525 2143 5585 secundo
2170 5524 2532 5585 commonitus
2561 5541 2672 5584 non
2715 5524 3067 5597 convertitur,
3128 5539 3233 5584 nec
3259 5526 3497 5596 obaudit,
