  <div class='ocr_page' id='page_1' title='image "/cluster/home/n/w/nwhite01/storage/ocr_20150623/126/hvd.32044052819513/279.png"; bbox 0 0 4056 6178; ppageno 0'>
   <div class='ocr_carea' id='block_1_1' title="bbox 513 227 618 282">
    <p class='ocr_par' dir='ltr' id='par_1_1' title="bbox 513 227 618 282">
     <span class='ocr_line' id='line_1_1' title="bbox 513 227 618 282; baseline 0 0"><span class='ocrx_word' id='word_1_1' title='bbox 513 227 618 282; x_wconf 75' lang='grc'>54⁵7</span> 
     </span>
    </p>
   </div>
   <div class='ocr_carea' id='block_1_2' title="bbox 1578 214 2962 278">
    <p class='ocr_par' dir='ltr' id='par_1_2' title="bbox 1578 214 2962 278">
     <span class='ocr_line' id='line_1_2' title="bbox 1578 214 2962 278; baseline -0.002 0"><span class='ocrx_word' id='word_1_2' title='bbox 1578 220 1922 278; x_wconf 79' lang='lat' dir='ltr'>HINCMARI</span> <span class='ocrx_word' id='word_1_3' title='bbox 1975 214 2376 274; x_wconf 79' lang='lat' dir='ltr'>RHEMENSIS</span> <span class='ocrx_word' id='word_1_4' title='bbox 2412 219 2962 278; x_wconf 74' lang='lat' dir='ltr'>ARCHIEPISCOPI.</span> 
     </span>
    </p>
   </div>
   <div class='ocr_carea' id='block_1_3' title="bbox 3703 225 3808 278">
    <p class='ocr_par' dir='ltr' id='par_1_3' title="bbox 3703 225 3808 278">
     <span class='ocr_line' id='line_1_3' title="bbox 3703 225 3808 278; baseline 0.01 -1"><span class='ocrx_word' id='word_1_5' title='bbox 3703 225 3808 278; x_wconf 71' lang='grc' dir='ltr'>5ίὸ</span> 
     </span>
    </p>
   </div>
   <div class='ocr_carea' id='block_1_4' title="bbox 517 340 3804 419">
    <p class='ocr_par' dir='ltr' id='par_1_4' title="bbox 517 340 3804 419">
     <span class='ocr_line' id='line_1_4' title="bbox 517 340 3804 419; baseline -0.001 -15"><span class='ocrx_word' id='word_1_6' title='bbox 517 357 572 404; x_wconf 88' lang='lat' dir='ltr'>te</span> <span class='ocrx_word' id='word_1_7' title='bbox 600 347 934 406; x_wconf 87' lang='lat' dir='ltr'>devitarem:</span> <span class='ocrx_word' id='word_1_8' title='bbox 966 363 1112 405; x_wconf 89' lang='lat' dir='ltr'>nunc</span> <span class='ocrx_word' id='word_1_9' title='bbox 1139 354 1318 404; x_wconf 89' lang='lat' dir='ltr'>autem</span> <span class='ocrx_word' id='word_1_10' title='bbox 1346 347 1470 419; x_wconf 86' lang='lat' dir='ltr'>quia</span> <span class='ocrx_word' id='word_1_11' title='bbox 1499 362 1608 402; x_wconf 92' lang='lat' dir='ltr'>non</span> <span class='ocrx_word' id='word_1_12' title='bbox 1637 346 1814 402; x_wconf 89' lang='lat' dir='ltr'>solum</span> <span class='ocrx_word' id='word_1_13' title='bbox 1861 340 2188 416; x_wconf 85' lang='lat' dir='ltr'>sapienti-A</span> <span class='ocrx_word' id='word_1_14' title='bbox 2217 344 2384 412; x_wconf 88' lang='lat' dir='ltr'>ribus,</span> <span class='ocrx_word' id='word_1_15' title='bbox 2417 361 2529 402; x_wconf 89' lang='lat' dir='ltr'>non</span> <span class='ocrx_word' id='word_1_16' title='bbox 2593 347 2732 402; x_wconf 89' lang='lat' dir='ltr'>adeo</span> <span class='ocrx_word' id='word_1_17' title='bbox 2785 353 2840 400; x_wconf 88' lang='lat' dir='ltr'>ut</span> <span class='ocrx_word' id='word_1_18' title='bbox 2899 345 3341 402; x_wconf 87' lang='lat' dir='ltr'>desideraveram</span> <span class='ocrx_word' id='word_1_19' title='bbox 3423 345 3804 414; x_wconf 87' lang='lat' dir='ltr'>laudabilibus,</span> 
     </span>
    </p>
   </div>
   <div class='ocr_carea' id='block_1_5' title="bbox 517 435 2124 508">
    <p class='ocr_par' dir='ltr' id='par_1_5' title="bbox 517 435 2124 508">
     <span class='ocr_line' id='line_1_5' title="bbox 517 435 2124 508; baseline -0.002 -16"><span class='ocrx_word' id='word_1_20' title='bbox 517 438 619 492; x_wconf 91' lang='lat' dir='ltr'>bus</span> <span class='ocrx_word' id='word_1_21' title='bbox 648 445 701 493; x_wconf 91' lang='lat' dir='ltr'>et</span> <span class='ocrx_word' id='word_1_22' title='bbox 731 437 1128 508; x_wconf 77' lang='lat' dir='ltr'>insipientibus,</span> <span class='ocrx_word' id='word_1_23' title='bbox 1165 437 1265 492; x_wconf 89' lang='lat' dir='ltr'>sed</span> <span class='ocrx_word' id='word_1_24' title='bbox 1279 437 1444 492; x_wconf 89' lang='lat' dir='ltr'>etiam</span> <span class='ocrx_word' id='word_1_25' title='bbox 1465 435 1765 506; x_wconf 76' lang='lat' dir='ltr'>provinciae</span> <span class='ocrx_word' id='word_1_26' title='bbox 1795 436 2124 490; x_wconf 85' lang='lat' dir='ltr'>Rhemorum</span> 
     </span>
    </p>
   </div>
   <div class='ocr_carea' id='block_1_6' title="bbox 519 522 2124 598">
    <p class='ocr_par' dir='ltr' id='par_1_6' title="bbox 519 522 2124 598">
     <span class='ocr_line' id='line_1_6' title="bbox 519 522 2124 598; baseline -0.002 -16"><span class='ocrx_word' id='word_1_27' title='bbox 519 527 790 598; x_wconf 90' lang='lat' dir='ltr'>episcOpis</span> <span class='ocrx_word' id='word_1_28' title='bbox 821 526 976 595; x_wconf 89' lang='lat' dir='ltr'>meis,</span> <span class='ocrx_word' id='word_1_29' title='bbox 1010 526 1217 582; x_wconf 90' lang='lat' dir='ltr'>scilicet</span> <span class='ocrx_word' id='word_1_30' title='bbox 1246 525 1564 582; x_wconf 87' lang='lat' dir='ltr'>melioribus</span> <span class='ocrx_word' id='word_1_31' title='bbox 1615 532 1670 580; x_wconf 91' lang='lat' dir='ltr'>et</span> <span class='ocrx_word' id='word_1_32' title='bbox 1699 522 2124 594; x_wconf 81' lang='lat' dir='ltr'>sapientioribus</span> 
     </span>
    </p>
   </div>
   <div class='ocr_carea' id='block_1_7' title="bbox 521 611 2124 687">
    <p class='ocr_par' dir='ltr' id='par_1_7' title="bbox 521 611 2124 687">
     <span class='ocr_line' id='line_1_7' title="bbox 521 611 2124 687; baseline -0.003 -17"><span class='ocrx_word' id='word_1_33' title='bbox 521 623 684 687; x_wconf 88' lang='lat' dir='ltr'>atque</span> <span class='ocrx_word' id='word_1_34' title='bbox 715 614 1165 686; x_wconf 90' lang='lat' dir='ltr'>religiosioridus,</span> <span class='ocrx_word' id='word_1_35' title='bbox 1197 614 1412 670; x_wconf 78' lang='lat' dir='ltr'>debitor</span> <span class='ocrx_word' id='word_1_36' title='bbox 1437 631 1578 681; x_wconf 90' lang='lat' dir='ltr'>sum,</span> <span class='ocrx_word' id='word_1_37' title='bbox 1611 613 1796 670; x_wconf 90' lang='lat' dir='ltr'>locum</span> <span class='ocrx_word' id='word_1_38' title='bbox 1826 611 2124 684; x_wconf 70' lang='lat' dir='ltr'>effugiendi</span> 
     </span>
    </p>
   </div>
   <div class='ocr_carea' id='block_1_8' title="bbox 523 703 2122 774">
    <p class='ocr_par' dir='ltr' id='par_1_8' title="bbox 523 703 2122 774">
     <span class='ocr_line' id='line_1_8' title="bbox 523 703 2122 774; baseline -0.004 -14"><span class='ocrx_word' id='word_1_39' title='bbox 523 704 772 760; x_wconf 90' lang='lat' dir='ltr'>invenire</span> <span class='ocrx_word' id='word_1_40' title='bbox 801 719 908 760; x_wconf 89' lang='lat' dir='ltr'>non</span> <span class='ocrx_word' id='word_1_41' title='bbox 937 704 1114 770; x_wconf 83' lang='lat' dir='ltr'>valeo,</span> <span class='ocrx_word' id='word_1_42' title='bbox 1148 711 1204 758; x_wconf 91' lang='lat' dir='ltr'>ut</span> <span class='ocrx_word' id='word_1_43' title='bbox 1231 711 1282 758; x_wconf 92' lang='lat' dir='ltr'>te</span> <span class='ocrx_word' id='word_1_44' title='bbox 1311 711 1614 774; x_wconf 88' lang='lat' dir='ltr'>opportune</span> <span class='ocrx_word' id='word_1_45' title='bbox 1661 703 1966 774; x_wconf 87' lang='lat' dir='ltr'>importune</span> <span class='ocrx_word' id='word_1_46' title='bbox 2013 715 2122 756; x_wconf 92' lang='lat' dir='ltr'>non</span> 
     </span>
    </p>
   </div>
   <div class='ocr_carea' id='block_1_9' title="bbox 519 789 2122 864">
    <p class='ocr_par' dir='ltr' id='par_1_9' title="bbox 519 789 2122 864">
     <span class='ocr_line' id='line_1_9' title="bbox 519 789 2122 864; baseline -0.003 -14"><span class='ocrx_word' id='word_1_47' title='bbox 519 809 794 860; x_wconf 89' lang='lat' dir='ltr'>moneam,</span> <span class='ocrx_word' id='word_1_48' title='bbox 817 809 942 849; x_wconf 90' lang='lat' dir='ltr'>cum</span> <span class='ocrx_word' id='word_1_49' title='bbox 961 793 1285 864; x_wconf 72' lang='lat' dir='ltr'>praedicator</span> <span class='ocrx_word' id='word_1_50' title='bbox 1314 792 1644 848; x_wconf 84' lang='lat' dir='ltr'>fortissimus</span> <span class='ocrx_word' id='word_1_51' title='bbox 1673 791 1817 847; x_wconf 88' lang='lat' dir='ltr'>dicat</span> <span class='ocrx_word' id='word_1_52' title='bbox 1849 809 1863 845; x_wconf 92' lang='lat'>:</span> <span class='ocrx_word' id='word_1_53' title='bbox 1887 789 2122 847; x_wconf 81' lang='lat' dir='ltr'>Mundus</span> 
     </span>
    </p>
   </div>
   <div class='ocr_carea' id='block_1_10' title="bbox 519 882 2124 954">
    <p class='ocr_par' dir='ltr' id='par_1_10' title="bbox 519 882 2124 954">
     <span class='ocr_line' id='line_1_10' title="bbox 519 882 2124 954; baseline -0.002 -14"><span class='ocrx_word' id='word_1_54' title='bbox 519 901 646 940; x_wconf 89' lang='lat' dir='ltr'>sum</span> <span class='ocrx_word' id='word_1_55' title='bbox 663 901 698 938; x_wconf 92' lang='lat' dir='ltr'>a</span> <span class='ocrx_word' id='word_1_56' title='bbox 718 883 996 954; x_wconf 72' lang='lat' dir='ltr'>sanguine</span> <span class='ocrx_word' id='word_1_57' title='bbox 1018 883 1276 938; x_wconf 87' lang='lat' dir='ltr'>omnium</span> <span class='ocrx_word' id='word_1_58' title='bbox 1299 901 1318 938; x_wconf 90' lang='lat'>:</span> <span class='ocrx_word' id='word_1_59' title='bbox 1335 899 1450 938; x_wconf 88' lang='lat' dir='ltr'>non</span> <span class='ocrx_word' id='word_1_60' title='bbox 1475 883 1631 938; x_wconf 87' lang='lat' dir='ltr'>enim</span> <span class='ocrx_word' id='word_1_61' title='bbox 1660 882 2124 952; x_wconf 81' lang='lat' dir='ltr'>subterfugiquo-</span> 
     </span>
    </p>
   </div>
   <div class='ocr_carea' id='block_1_11' title="bbox 519 969 2118 1040">
    <p class='ocr_par' dir='ltr' id='par_1_11' title="bbox 519 969 2118 1040">
     <span class='ocr_line' id='line_1_11' title="bbox 519 969 2118 1040; baseline -0.003 -13"><span class='ocrx_word' id='word_1_62' title='bbox 519 973 712 1028; x_wconf 85' lang='lat' dir='ltr'>minus</span> <span class='ocrx_word' id='word_1_63' title='bbox 732 972 1142 1028; x_wconf 84' lang='lat' dir='ltr'>adnuntiarem</span> <span class='ocrx_word' id='word_1_64' title='bbox 1161 987 1326 1028; x_wconf 91' lang='lat' dir='ltr'>omne</span> <span class='ocrx_word' id='word_1_65' title='bbox 1344 971 1649 1028; x_wconf 74' lang='lat' dir='ltr'>consilium</span> <span class='ocrx_word' id='word_1_66' title='bbox 1670 971 1772 1026; x_wconf 89' lang='lat' dir='ltr'>Dei</span> <span class='ocrx_word' id='word_1_67' title='bbox 1799 969 1946 1026; x_wconf 82' lang='lat' dir='ltr'>vobis</span> <span class='ocrx_word' id='word_1_68' title='bbox 1974 969 2118 1040; x_wconf 82' lang='lat' dir='ltr'>(Act.</span> 
     </span>
    </p>
   </div>
   <div class='ocr_carea' id='block_1_12' title="bbox 517 1057 2122 1132">
    <p class='ocr_par' dir='ltr' id='par_1_12' title="bbox 517 1057 2122 1132">
     <span class='ocr_line' id='line_1_12' title="bbox 517 1057 2122 1132; baseline -0.001 -16"><span class='ocrx_word' id='word_1_69' title='bbox 517 1060 644 1132; x_wconf 79' lang='lat' dir='ltr'>xx),</span> <span class='ocrx_word' id='word_1_70' title='bbox 678 1062 724 1116; x_wconf 90' lang='lat' dir='ltr'>si</span> <span class='ocrx_word' id='word_1_71' title='bbox 754 1060 899 1116; x_wconf 91' lang='lat' dir='ltr'>enim</span> <span class='ocrx_word' id='word_1_72' title='bbox 929 1076 1040 1116; x_wconf 90' lang='lat' dir='ltr'>non</span> <span class='ocrx_word' id='word_1_73' title='bbox 1067 1060 1460 1129; x_wconf 87' lang='lat' dir='ltr'>annuntiasset,</span> <span class='ocrx_word' id='word_1_74' title='bbox 1519 1059 1756 1114; x_wconf 89' lang='lat' dir='ltr'>mundus</span> <span class='ocrx_word' id='word_1_75' title='bbox 1776 1075 1806 1113; x_wconf 89' lang='lat' dir='ltr'>a</span> <span class='ocrx_word' id='word_1_76' title='bbox 1856 1057 2122 1130; x_wconf 83' lang='lat' dir='ltr'>sanguine</span> 
     </span>
    </p>
   </div>
   <div class='ocr_carea' id='block_1_13' title="bbox 519 1147 2122 1222">
    <p class='ocr_par' dir='ltr' id='par_1_13' title="bbox 519 1147 2122 1222">
     <span class='ocr_line' id='line_1_13' title="bbox 519 1147 2122 1222; baseline -0.003 -16"><span class='ocrx_word' id='word_1_77' title='bbox 519 1165 631 1206; x_wconf 90' lang='lat' dir='ltr'>non</span> <span class='ocrx_word' id='word_1_78' title='bbox 659 1158 842 1216; x_wconf 89' lang='lat' dir='ltr'>esset;</span> <span class='ocrx_word' id='word_1_79' title='bbox 875 1150 974 1206; x_wconf 90' lang='lat' dir='ltr'>sed</span> <span class='ocrx_word' id='word_1_80' title='bbox 1003 1150 1200 1222; x_wconf 88' lang='lat' dir='ltr'>quibus</span> <span class='ocrx_word' id='word_1_81' title='bbox 1231 1165 1393 1204; x_wconf 89' lang='lat' dir='ltr'>omne</span> <span class='ocrx_word' id='word_1_82' title='bbox 1423 1147 1712 1205; x_wconf 86' lang='lat' dir='ltr'>consilium</span> <span class='ocrx_word' id='word_1_83' title='bbox 1758 1148 1860 1203; x_wconf 91' lang='lat' dir='ltr'>Dei</span> <span class='ocrx_word' id='word_1_84' title='bbox 1905 1163 2122 1203; x_wconf 85' lang='lat' dir='ltr'>annun-</span> 
     </span>
    </p>
   </div>
   <div class='ocr_carea' id='block_1_14' title="bbox 515 1236 2122 1309">
    <p class='ocr_par' dir='ltr' id='par_1_14' title="bbox 515 1236 2122 1309">
     <span class='ocr_line' id='line_1_14' title="bbox 515 1236 2122 1309; baseline -0.002 -14"><span class='ocrx_word' id='word_1_85' title='bbox 515 1239 652 1296; x_wconf 87' lang='lat' dir='ltr'>tiare</span> <span class='ocrx_word' id='word_1_86' title='bbox 681 1239 900 1305; x_wconf 87' lang='lat' dir='ltr'>studuit,</span> <span class='ocrx_word' id='word_1_87' title='bbox 933 1239 1001 1292; x_wconf 87' lang='lat' dir='ltr'>ab</span> <span class='ocrx_word' id='word_1_88' title='bbox 1031 1254 1223 1294; x_wconf 90' lang='lat' dir='ltr'>eorum</span> <span class='ocrx_word' id='word_1_89' title='bbox 1253 1238 1518 1309; x_wconf 76' lang='lat' dir='ltr'>sanguine</span> <span class='ocrx_word' id='word_1_90' title='bbox 1574 1238 1810 1293; x_wconf 90' lang='lat' dir='ltr'>mundus</span> <span class='ocrx_word' id='word_1_91' title='bbox 1884 1236 2002 1292; x_wconf 87' lang='lat' dir='ltr'>fuit.</span> <span class='ocrx_word' id='word_1_92' title='bbox 2061 1237 2122 1291; x_wconf 90' lang='lat' dir='ltr'>In</span> 
     </span>
    </p>
   </div>
   <div class='ocr_carea' id='block_1_15' title="bbox 525 1325 2123 1402">
    <p class='ocr_par' dir='ltr' id='par_1_15' title="bbox 525 1325 2123 1402">
     <span class='ocr_line' id='line_1_15' title="bbox 525 1325 2123 1402; baseline -0.003 -18"><span class='ocrx_word' id='word_1_93' title='bbox 525 1344 632 1402; x_wconf 89' lang='lat' dir='ltr'>qua</span> <span class='ocrx_word' id='word_1_94' title='bbox 659 1343 796 1384; x_wconf 92' lang='lat' dir='ltr'>voce</span> <span class='ocrx_word' id='word_1_95' title='bbox 825 1335 878 1383; x_wconf 89' lang='lat' dir='ltr'>et</span> <span class='ocrx_word' id='word_1_96' title='bbox 907 1343 1014 1399; x_wconf 91' lang='lat' dir='ltr'>ego</span> <span class='ocrx_word' id='word_1_97' title='bbox 1041 1335 1299 1398; x_wconf 87' lang='lat' dir='ltr'>peccator</span> <span class='ocrx_word' id='word_1_98' title='bbox 1345 1327 1656 1395; x_wconf 88' lang='lat' dir='ltr'>convenior,</span> <span class='ocrx_word' id='word_1_99' title='bbox 1709 1341 1814 1398; x_wconf 89' lang='lat' dir='ltr'>ego</span> <span class='ocrx_word' id='word_1_100' title='bbox 1859 1325 2123 1397; x_wconf 87' lang='lat' dir='ltr'>insipiens</span> 
     </span>
    </p>
   </div>
   <div class='ocr_carea' id='block_1_16' title="bbox 519 1412 2122 1488">
    <p class='ocr_par' dir='ltr' id='par_1_16' title="bbox 519 1412 2122 1488">
     <span class='ocr_line' id='line_1_16' title="bbox 519 1412 2122 1488; baseline -0.003 -14"><span class='ocrx_word' id='word_1_101' title='bbox 519 1425 579 1474; x_wconf 90' lang='lat' dir='ltr'>ut</span> <span class='ocrx_word' id='word_1_102' title='bbox 607 1425 660 1473; x_wconf 90' lang='lat' dir='ltr'>te</span> <span class='ocrx_word' id='word_1_103' title='bbox 681 1431 934 1472; x_wconf 89' lang='lat' dir='ltr'>moneam</span> <span class='ocrx_word' id='word_1_104' title='bbox 964 1423 1018 1470; x_wconf 87' lang='lat' dir='ltr'>et</span> <span class='ocrx_word' id='word_1_105' title='bbox 1045 1431 1294 1487; x_wconf 84' lang='lat' dir='ltr'>arguam.</span> <span class='ocrx_word' id='word_1_106' title='bbox 1319 1416 1389 1470; x_wconf 93' lang='lat' dir='ltr'>Et</span> <span class='ocrx_word' id='word_1_107' title='bbox 1409 1415 1628 1488; x_wconf 89' lang='lat' dir='ltr'>quando</span> <span class='ocrx_word' id='word_1_108' title='bbox 1653 1413 1955 1471; x_wconf 88' lang='lat' dir='ltr'>necessitas</span> <span class='ocrx_word' id='word_1_109' title='bbox 2001 1412 2122 1469; x_wconf 80' lang='lat' dir='ltr'>exi—</span> 
     </span>
    </p>
   </div>
   <div class='ocr_carea' id='block_1_17' title="bbox 519 1504 2125 1578">
    <p class='ocr_par' dir='ltr' id='par_1_17' title="bbox 519 1504 2125 1578">
     <span class='ocr_line' id='line_1_17' title="bbox 519 1504 2125 1578; baseline -0.002 -17"><span class='ocrx_word' id='word_1_110' title='bbox 519 1507 616 1578; x_wconf 85' lang='lat' dir='ltr'>git,</span> <span class='ocrx_word' id='word_1_111' title='bbox 631 1506 930 1577; x_wconf 89' lang='lat' dir='ltr'>increpem,</span> <span class='ocrx_word' id='word_1_112' title='bbox 963 1504 1120 1560; x_wconf 84' lang='lat' dir='ltr'>valde</span> <span class='ocrx_word' id='word_1_113' title='bbox 1151 1504 1518 1576; x_wconf 85' lang='lat' dir='ltr'>constringor,</span> <span class='ocrx_word' id='word_1_114' title='bbox 1535 1520 1640 1578; x_wconf 85' lang='lat' dir='ltr'>ego</span> <span class='ocrx_word' id='word_1_115' title='bbox 1659 1521 1782 1560; x_wconf 92' lang='lat' dir='ltr'>reus</span> <span class='ocrx_word' id='word_1_116' title='bbox 1803 1519 1926 1560; x_wconf 91' lang='lat' dir='ltr'>esse</span> <span class='ocrx_word' id='word_1_117' title='bbox 1946 1511 2125 1559; x_wconf 82' lang='lat' dir='ltr'>osten-</span> 
     </span>
    </p>
   </div>
   <div class='ocr_carea' id='block_1_18' title="bbox 518 1593 2123 1666">
    <p class='ocr_par' dir='ltr' id='par_1_18' title="bbox 518 1593 2123 1666">
     <span class='ocr_line' id='line_1_18' title="bbox 518 1593 2123 1666; baseline -0.002 -16"><span class='ocrx_word' id='word_1_118' title='bbox 518 1595 642 1661; x_wconf 88' lang='lat' dir='ltr'>dor,</span> <span class='ocrx_word' id='word_1_119' title='bbox 675 1593 769 1665; x_wconf 89' lang='lat' dir='ltr'>qui</span> <span class='ocrx_word' id='word_1_120' title='bbox 796 1593 1250 1664; x_wconf 87' lang='lat' dir='ltr'>metropolitanus</span> <span class='ocrx_word' id='word_1_121' title='bbox 1279 1593 1570 1666; x_wconf 89' lang='lat' dir='ltr'>episcopus</span> <span class='ocrx_word' id='word_1_122' title='bbox 1599 1609 1784 1660; x_wconf 89' lang='lat' dir='ltr'>vocor,</span> <span class='ocrx_word' id='word_1_123' title='bbox 1819 1593 1912 1665; x_wconf 91' lang='lat' dir='ltr'>qui</span> <span class='ocrx_word' id='word_1_124' title='bbox 1957 1609 2123 1664; x_wconf 88' lang='lat' dir='ltr'>super</span> 
     </span>
    </p>
   </div>
   <div class='ocr_carea' id='block_1_19' title="bbox 2223 433 3818 502">
    <p class='ocr_par' dir='ltr' id='par_1_19' title="bbox 2223 433 3818 502">
     <span class='ocr_line' id='line_1_19' title="bbox 2223 433 3818 502; baseline 0.001 -13"><span class='ocrx_word' id='word_1_125' title='bbox 2223 442 2276 489; x_wconf 89' lang='lat' dir='ltr'>et</span> <span class='ocrx_word' id='word_1_126' title='bbox 2307 433 2408 490; x_wconf 90' lang='lat' dir='ltr'>tuis</span> <span class='ocrx_word' id='word_1_127' title='bbox 2436 434 2972 502; x_wconf 82' lang='lat' dir='ltr'>contradictionibus,</span> <span class='ocrx_word' id='word_1_128' title='bbox 3031 443 3084 490; x_wconf 91' lang='lat' dir='ltr'>et</span> <span class='ocrx_word' id='word_1_129' title='bbox 3138 434 3445 490; x_wconf 90' lang='lat' dir='ltr'>durissimis</span> <span class='ocrx_word' id='word_1_130' title='bbox 3503 450 3568 490; x_wconf 87' lang='lat' dir='ltr'>ac</span> <span class='ocrx_word' id='word_1_131' title='bbox 3623 443 3818 490; x_wconf 87' lang='lat' dir='ltr'>contra</span> 
     </span>
    </p>
   </div>
   <div class='ocr_carea' id='block_1_20' title="bbox 2223 523 3814 596">
    <p class='ocr_par' dir='ltr' id='par_1_20' title="bbox 2223 523 3814 596">
     <span class='ocr_line' id='line_1_20' title="bbox 2223 523 3814 596; baseline -0.001 -16"><span class='ocrx_word' id='word_1_132' title='bbox 2223 523 2561 590; x_wconf 87' lang='lat' dir='ltr'>charitatem,</span> <span class='ocrx_word' id='word_1_133' title='bbox 2583 541 2705 596; x_wconf 70' lang='lat' dir='ltr'>qua:</span> <span class='ocrx_word' id='word_1_134' title='bbox 2723 526 2868 580; x_wconf 90' lang='lat' dir='ltr'>Deus</span> <span class='ocrx_word' id='word_1_135' title='bbox 2897 532 2998 594; x_wconf 88' lang='lat' dir='ltr'>est,</span> <span class='ocrx_word' id='word_1_136' title='bbox 3031 523 3481 594; x_wconf 89' lang='lat' dir='ltr'>responsionibus</span> <span class='ocrx_word' id='word_1_137' title='bbox 3535 531 3588 579; x_wconf 89' lang='lat' dir='ltr'>et</span> <span class='ocrx_word' id='word_1_138' title='bbox 3643 524 3814 595; x_wconf 83' lang='lat' dir='ltr'>impa-</span> 
     </span>
    </p>
   </div>
   <div class='ocr_carea' id='block_1_21' title="bbox 2223 612 3814 692">
    <p class='ocr_par' dir='ltr' id='par_1_21' title="bbox 2223 612 3814 692">
     <span class='ocr_line' id='line_1_21' title="bbox 2223 612 3814 692; baseline 0.001 -27"><span class='ocrx_word' id='word_1_139' title='bbox 2223 612 2492 692; x_wconf 76' lang='lat' dir='ltr'>ctionibus</span> <span class='ocrx_word' id='word_1_140' title='bbox 2521 612 2775 668; x_wconf 88' lang='lat' dir='ltr'>indebitis</span> <span class='ocrx_word' id='word_1_141' title='bbox 2805 613 3177 668; x_wconf 88' lang='lat' dir='ltr'>indesinenter</span> <span class='ocrx_word' id='word_1_142' title='bbox 3207 612 3504 669; x_wconf 79' lang='lat' dir='ltr'>excrucies.</span> <span class='ocrx_word' id='word_1_143' title='bbox 3545 613 3652 668; x_wconf 91' lang='lat' dir='ltr'>Sed</span> <span class='ocrx_word' id='word_1_144' title='bbox 3705 613 3814 668; x_wconf 87' lang='lat' dir='ltr'>uti-</span> 
     </span>
    </p>
   </div>
   <div class='ocr_carea' id='block_1_22' title="bbox 2221 701 3814 774">
    <p class='ocr_par' dir='ltr' id='par_1_22' title="bbox 2221 701 3814 774">
     <span class='ocr_line' id='line_1_22' title="bbox 2221 701 3814 774; baseline 0.001 -20"><span class='ocrx_word' id='word_1_145' title='bbox 2221 716 2346 756; x_wconf 89' lang='lat' dir='ltr'>nam</span> <span class='ocrx_word' id='word_1_146' title='bbox 2374 701 2506 756; x_wconf 90' lang='lat' dir='ltr'>mihi</span> <span class='ocrx_word' id='word_1_147' title='bbox 2535 701 2818 774; x_wconf 86' lang='lat' dir='ltr'>contingat</span> <span class='ocrx_word' id='word_1_148' title='bbox 2847 702 2994 773; x_wconf 92' lang='lat' dir='ltr'>quod</span> <span class='ocrx_word' id='word_1_149' title='bbox 3021 701 3078 756; x_wconf 89' lang='lat' dir='ltr'>in</span> <span class='ocrx_word' id='word_1_150' title='bbox 3125 701 3425 774; x_wconf 85' lang='lat' dir='ltr'>Evangelio</span> <span class='ocrx_word' id='word_1_151' title='bbox 3480 702 3634 772; x_wconf 86' lang='lat' dir='ltr'>(Luc.</span> <span class='ocrx_word' id='word_1_152' title='bbox 3693 703 3814 772; x_wconf 77' lang='lat' dir='ltr'>xvr)</span> 
     </span>
    </p>
   </div>
   <div class='ocr_carea' id='block_1_23' title="bbox 2221 789 3816 863">
    <p class='ocr_par' dir='ltr' id='par_1_23' title="bbox 2221 789 3816 863">
     <span class='ocr_line' id='line_1_23' title="bbox 2221 789 3816 863; baseline 0 -17"><span class='ocrx_word' id='word_1_153' title='bbox 2221 805 2355 846; x_wconf 91' lang='lat' dir='ltr'>voce</span> <span class='ocrx_word' id='word_1_154' title='bbox 2384 791 2618 846; x_wconf 77' lang='lat' dir='ltr'>Abrahze</span> <span class='ocrx_word' id='word_1_155' title='bbox 2643 791 2712 846; x_wconf 93' lang='lat' dir='ltr'>de</span> <span class='ocrx_word' id='word_1_156' title='bbox 2741 791 2940 846; x_wconf 86' lang='lat' dir='ltr'>Lazaro</span> <span class='ocrx_word' id='word_1_157' title='bbox 2995 807 3096 862; x_wconf 89' lang='lat' dir='ltr'>per</span> <span class='ocrx_word' id='word_1_158' title='bbox 3151 789 3372 862; x_wconf 87' lang='lat' dir='ltr'>ﬂagella</span> <span class='ocrx_word' id='word_1_159' title='bbox 3428 799 3732 863; x_wconf 84' lang='lat' dir='ltr'>expurgato</span> <span class='ocrx_word' id='word_1_160' title='bbox 3785 807 3816 846; x_wconf 87' lang='lat' dir='ltr'>a</span> 
     </span>
    </p>
   </div>
   <div class='ocr_carea' id='block_1_24' title="bbox 2221 878 3814 950">
    <p class='ocr_par' dir='ltr' id='par_1_24' title="bbox 2221 878 3814 950">
     <span class='ocr_line' id='line_1_24' title="bbox 2221 878 3814 950; baseline 0.002 -17"><span class='ocrx_word' id='word_1_161' title='bbox 2221 879 2378 934; x_wconf 89' lang='lat' dir='ltr'>malis</span> <span class='ocrx_word' id='word_1_162' title='bbox 2409 879 2520 934; x_wconf 90' lang='lat' dir='ltr'>suis</span> <span class='ocrx_word' id='word_1_163' title='bbox 2549 879 2702 936; x_wconf 87' lang='lat' dir='ltr'>diviti</span> <span class='ocrx_word' id='word_1_164' title='bbox 2731 879 2942 935; x_wconf 86' lang='lat' dir='ltr'>ardenti</span> <span class='ocrx_word' id='word_1_165' title='bbox 2971 895 3296 950; x_wconf 86' lang='lat' dir='ltr'>responsum</span> <span class='ocrx_word' id='word_1_166' title='bbox 3322 878 3593 934; x_wconf 90' lang='lat' dir='ltr'>audimus.</span> <span class='ocrx_word' id='word_1_167' title='bbox 3637 881 3814 936; x_wconf 84' lang='lat' dir='ltr'>Rece-</span> 
     </span>
    </p>
   </div>
   <div class='ocr_carea' id='block_1_25' title="bbox 2219 967 3814 1039">
    <p class='ocr_par' dir='ltr' id='par_1_25' title="bbox 2219 967 3814 1039">
     <span class='ocr_line' id='line_1_25' title="bbox 2219 967 3814 1039; baseline 0.002 -18"><span class='ocrx_word' id='word_1_168' title='bbox 2219 968 2296 1038; x_wconf 86' lang='lat' dir='ltr'>pit</span> <span class='ocrx_word' id='word_1_169' title='bbox 2323 969 2561 1024; x_wconf 87' lang='lat' dir='ltr'>Lazarus</span> <span class='ocrx_word' id='word_1_170' title='bbox 2593 967 2838 1024; x_wconf 89' lang='lat' dir='ltr'>similiter</span> <span class='ocrx_word' id='word_1_171' title='bbox 2866 968 3013 1023; x_wconf 88' lang='lat' dir='ltr'>mala</span> <span class='ocrx_word' id='word_1_172' title='bbox 3023 984 3124 1039; x_wconf 91' lang='lat' dir='ltr'>pro</span> <span class='ocrx_word' id='word_1_173' title='bbox 3145 967 3300 1022; x_wconf 91' lang='lat' dir='ltr'>malis</span> <span class='ocrx_word' id='word_1_174' title='bbox 3321 967 3380 1022; x_wconf 90' lang='lat' dir='ltr'>in</span> <span class='ocrx_word' id='word_1_175' title='bbox 3399 969 3508 1024; x_wconf 87' lang='lat' dir='ltr'>vita</span> <span class='ocrx_word' id='word_1_176' title='bbox 3523 983 3624 1023; x_wconf 88' lang='lat' dir='ltr'>sua</span> <span class='ocrx_word' id='word_1_177' title='bbox 3643 968 3814 1036; x_wconf 89' lang='lat' dir='ltr'>;sicut</span> 
     </span>
    </p>
   </div>
   <div class='ocr_carea' id='block_1_26' title="bbox 2221 1056 3816 1128">
    <p class='ocr_par' dir='ltr' id='par_1_26' title="bbox 2221 1056 3816 1128">
     <span class='ocr_line' id='line_1_26' title="bbox 2221 1056 3816 1128; baseline -0.001 -16"><span class='ocrx_word' id='word_1_178' title='bbox 2221 1063 2276 1112; x_wconf 91' lang='lat' dir='ltr'>et</span> <span class='ocrx_word' id='word_1_179' title='bbox 2305 1056 2458 1113; x_wconf 88' lang='lat' dir='ltr'>dives</span> <span class='ocrx_word' id='word_1_180' title='bbox 2487 1057 2632 1113; x_wconf 90' lang='lat' dir='ltr'>bona</span> <span class='ocrx_word' id='word_1_181' title='bbox 2659 1073 2760 1128; x_wconf 90' lang='lat' dir='ltr'>pro</span> <span class='ocrx_word' id='word_1_182' title='bbox 2792 1057 2951 1113; x_wconf 89' lang='lat' dir='ltr'>bonis</span> <span class='ocrx_word' id='word_1_183' title='bbox 2979 1057 3036 1112; x_wconf 92' lang='lat' dir='ltr'>in</span> <span class='ocrx_word' id='word_1_184' title='bbox 3065 1057 3174 1112; x_wconf 88' lang='lat' dir='ltr'>vita</span> <span class='ocrx_word' id='word_1_185' title='bbox 3203 1072 3322 1112; x_wconf 88' lang='lat' dir='ltr'>sua.</span> <span class='ocrx_word' id='word_1_186' title='bbox 3344 1057 3414 1111; x_wconf 88' lang='lat' dir='ltr'>Et</span> <span class='ocrx_word' id='word_1_187' title='bbox 3429 1057 3508 1111; x_wconf 90' lang='lat' dir='ltr'>sic</span> <span class='ocrx_word' id='word_1_188' title='bbox 3525 1065 3656 1127; x_wconf 88' lang='lat' dir='ltr'>opto</span> <span class='ocrx_word' id='word_1_189' title='bbox 3685 1057 3816 1112; x_wconf 89' lang='lat' dir='ltr'>mihi</span> 
     </span>
    </p>
   </div>
   <div class='ocr_carea' id='block_1_27' title="bbox 2220 1144 3816 1218">
    <p class='ocr_par' dir='ltr' id='par_1_27' title="bbox 2220 1144 3816 1218">
     <span class='ocr_line' id='line_1_27' title="bbox 2220 1144 3816 1218; baseline 0.001 -17"><span class='ocrx_word' id='word_1_190' title='bbox 2220 1161 2321 1216; x_wconf 91' lang='lat' dir='ltr'>per</span> <span class='ocrx_word' id='word_1_191' title='bbox 2351 1153 2402 1200; x_wconf 93' lang='lat' dir='ltr'>te</span> <span class='ocrx_word' id='word_1_192' title='bbox 2428 1144 2564 1212; x_wconf 83' lang='lat' dir='ltr'>ﬁeri,</span> <span class='ocrx_word' id='word_1_193' title='bbox 2584 1154 2642 1201; x_wconf 90' lang='lat' dir='ltr'>ut</span> <span class='ocrx_word' id='word_1_194' title='bbox 2671 1146 2716 1200; x_wconf 89' lang='lat' dir='ltr'>si</span> <span class='ocrx_word' id='word_1_195' title='bbox 2735 1161 2834 1217; x_wconf 90' lang='lat' dir='ltr'>per</span> <span class='ocrx_word' id='word_1_196' title='bbox 2853 1145 3307 1218; x_wconf 89' lang='lat' dir='ltr'>inprovidentiam</span> <span class='ocrx_word' id='word_1_197' title='bbox 3337 1147 3512 1201; x_wconf 90' lang='lat' dir='ltr'>Deum</span> <span class='ocrx_word' id='word_1_198' title='bbox 3537 1146 3593 1201; x_wconf 90' lang='lat' dir='ltr'>in</span> <span class='ocrx_word' id='word_1_199' title='bbox 3633 1146 3816 1218; x_wconf 87' lang='lat' dir='ltr'>aliquo</span> 
     </span>
    </p>
   </div>
   <div class='ocr_carea' id='block_1_28' title="bbox 2221 1233 3818 1306">
    <p class='ocr_par' dir='ltr' id='par_1_28' title="bbox 2221 1233 3818 1306">
     <span class='ocr_line' id='line_1_28' title="bbox 2221 1233 3818 1306; baseline 0.001 -17"><span class='ocrx_word' id='word_1_200' title='bbox 2221 1249 2288 1289; x_wconf 81' lang='lat' dir='ltr'>ex</span> <span class='ocrx_word' id='word_1_201' title='bbox 2317 1241 2370 1291; x_wconf 93' lang='lat' dir='ltr'>te</span> <span class='ocrx_word' id='word_1_202' title='bbox 2399 1233 2620 1304; x_wconf 74' lang='lat' dir='ltr'>offendi,</span> <span class='ocrx_word' id='word_1_203' title='bbox 2653 1235 2746 1306; x_wconf 89' lang='lat' dir='ltr'>qui</span> <span class='ocrx_word' id='word_1_204' title='bbox 2773 1235 2832 1290; x_wconf 91' lang='lat' dir='ltr'>in</span> <span class='ocrx_word' id='word_1_205' title='bbox 2875 1234 3059 1289; x_wconf 90' lang='lat' dir='ltr'>multis</span> <span class='ocrx_word' id='word_1_206' title='bbox 3115 1251 3240 1290; x_wconf 89' lang='lat' dir='ltr'>eum</span> <span class='ocrx_word' id='word_1_207' title='bbox 3286 1251 3376 1290; x_wconf 89' lang='lat' dir='ltr'>me</span> <span class='ocrx_word' id='word_1_208' title='bbox 3421 1233 3718 1292; x_wconf 72' lang='lat' dir='ltr'>offendisse</span> <span class='ocrx_word' id='word_1_209' title='bbox 3765 1243 3818 1290; x_wconf 92' lang='lat' dir='ltr'>et</span> 
     </span>
    </p>
   </div>
   <div class='ocr_carea' id='block_1_29' title="bbox 2221 1315 3814 1390">
    <p class='ocr_par' dir='ltr' id='par_1_29' title="bbox 2221 1315 3814 1390">
     <span class='ocr_line' id='line_1_29' title="bbox 2221 1315 3814 1390; baseline 0.001 -12"><span class='ocrx_word' id='word_1_210' title='bbox 2221 1321 2504 1379; x_wconf 80' lang='lat' dir='ltr'>offendere</span> <span class='ocrx_word' id='word_1_211' title='bbox 2531 1315 2740 1380; x_wconf 71' lang='lat' dir='ltr'>humili&#39;</span> <span class='ocrx_word' id='word_1_212' title='bbox 2775 1330 2830 1378; x_wconf 90' lang='lat' dir='ltr'>et</span> <span class='ocrx_word' id='word_1_213' title='bbox 2883 1323 3112 1380; x_wconf 91' lang='lat' dir='ltr'>contrito</span> <span class='ocrx_word' id='word_1_214' title='bbox 3169 1323 3337 1380; x_wconf 90' lang='lat' dir='ltr'>corde</span> <span class='ocrx_word' id='word_1_215' title='bbox 3366 1323 3646 1390; x_wconf 85' lang='lat' dir='ltr'>conﬁteor,</span> <span class='ocrx_word' id='word_1_216' title='bbox 3671 1325 3814 1380; x_wconf 87' lang='lat' dir='ltr'>reci-</span> 
     </span>
    </p>
   </div>
   <div class='ocr_carea' id='block_1_30' title="bbox 2219 1412 3814 1485">
    <p class='ocr_par' dir='ltr' id='par_1_30' title="bbox 2219 1412 3814 1485">
     <span class='ocr_line' id='line_1_30' title="bbox 2219 1412 3814 1485; baseline 0.001 -19"><span class='ocrx_word' id='word_1_217' title='bbox 2219 1412 2366 1484; x_wconf 85' lang='lat' dir='ltr'>piam</span> <span class='ocrx_word' id='word_1_218' title='bbox 2398 1428 2464 1468; x_wconf 89' lang='lat' dir='ltr'>ex</span> <span class='ocrx_word' id='word_1_219' title='bbox 2491 1420 2542 1468; x_wconf 91' lang='lat' dir='ltr'>te</span> <span class='ocrx_word' id='word_1_220' title='bbox 2591 1429 2692 1484; x_wconf 91' lang='lat' dir='ltr'>per</span> <span class='ocrx_word' id='word_1_221' title='bbox 2719 1419 2771 1468; x_wconf 91' lang='lat' dir='ltr'>te</span> <span class='ocrx_word' id='word_1_222' title='bbox 2829 1412 3206 1485; x_wconf 86' lang='lat' dir='ltr'>purgationem</span> <span class='ocrx_word' id='word_1_223' title='bbox 3261 1412 3320 1468; x_wconf 91' lang='lat' dir='ltr'>in</span> <span class='ocrx_word' id='word_1_224' title='bbox 3377 1413 3486 1470; x_wconf 90' lang='lat' dir='ltr'>vita</span> <span class='ocrx_word' id='word_1_225' title='bbox 3539 1429 3688 1482; x_wconf 88' lang='lat' dir='ltr'>mea,</span> <span class='ocrx_word' id='word_1_226' title='bbox 3746 1429 3814 1468; x_wconf 91' lang='lat' dir='ltr'>ne</span> 
     </span>
    </p>
   </div>
   <div class='ocr_carea' id='block_1_31' title="bbox 2218 1500 3816 1574">
    <p class='ocr_par' dir='ltr' id='par_1_31' title="bbox 2218 1500 3816 1574">
     <span class='ocr_line' id='line_1_31' title="bbox 2218 1500 3816 1574; baseline 0.001 -18"><span class='ocrx_word' id='word_1_227' title='bbox 2218 1501 2345 1558; x_wconf 90' lang='lat' dir='ltr'>inde</span> <span class='ocrx_word' id='word_1_228' title='bbox 2377 1500 2589 1557; x_wconf 89' lang='lat' dir='ltr'>crucier</span> <span class='ocrx_word' id='word_1_229' title='bbox 2625 1501 2680 1556; x_wconf 89' lang='lat' dir='ltr'>in</span> <span class='ocrx_word' id='word_1_230' title='bbox 2717 1501 2825 1556; x_wconf 88' lang='lat' dir='ltr'>vita</span> <span class='ocrx_word' id='word_1_231' title='bbox 2877 1500 3080 1569; x_wconf 90' lang='lat' dir='ltr'>futura,</span> <span class='ocrx_word' id='word_1_232' title='bbox 3141 1501 3258 1574; x_wconf 91' lang='lat' dir='ltr'>qui,</span> <span class='ocrx_word' id='word_1_233' title='bbox 3315 1508 3374 1557; x_wconf 92' lang='lat' dir='ltr'>ut</span> <span class='ocrx_word' id='word_1_234' title='bbox 3401 1501 3511 1556; x_wconf 82' lang='lat' dir='ltr'>dixi</span> <span class='ocrx_word' id='word_1_235' title='bbox 3585 1518 3691 1574; x_wconf 87' lang='lat' dir='ltr'>per</span> <span class='ocrx_word' id='word_1_236' title='bbox 3719 1502 3816 1558; x_wconf 86' lang='lat' dir='ltr'>im-</span> 
     </span>
    </p>
   </div>
   <div class='ocr_carea' id='block_1_32' title="bbox 2219 1589 3820 1670">
    <p class='ocr_par' dir='ltr' id='par_1_32' title="bbox 2219 1589 3820 1670">
     <span class='ocr_line' id='line_1_32' title="bbox 2219 1589 3820 1670; baseline 0.001 -26"><span class='ocrx_word' id='word_1_237' title='bbox 2219 1589 2640 1661; x_wconf 88' lang='lat' dir='ltr'>providentiam,</span> <span class='ocrx_word' id='word_1_238' title='bbox 2663 1605 2771 1646; x_wconf 90' lang='lat' dir='ltr'>non</span> <span class='ocrx_word' id='word_1_239' title='bbox 2793 1597 2972 1646; x_wconf 87' lang='lat' dir='ltr'>autem</span> <span class='ocrx_word' id='word_1_240' title='bbox 2999 1607 3097 1661; x_wconf 91' lang='lat' dir='ltr'>per</span> <span class='ocrx_word' id='word_1_241' title='bbox 3123 1589 3516 1670; x_wconf 76' lang='lat' dir='ltr'>malevolentia:</span> <span class='ocrx_word' id='word_1_242' title='bbox 3535 1591 3820 1648; x_wconf 89' lang='lat' dir='ltr'>conscien-</span> 
     </span>
    </p>
   </div>
   <div class='ocr_carea' id='block_1_33' title="bbox 459 1678 3820 1764">
    <p class='ocr_par' dir='ltr' id='par_1_33' title="bbox 459 1678 3820 1764">
     <span class='ocr_line' id='line_1_33' title="bbox 459 1678 3820 1764; baseline -0.001 -24"><span class='ocrx_word' id='word_1_243' title='bbox 459 1689 464 1692; x_wconf 71' lang='grc'><strong>“</strong></span> <span class='ocrx_word' id='word_1_244' title='bbox 519 1697 586 1740; x_wconf 87' lang='lat' dir='ltr'>ea</span> <span class='ocrx_word' id='word_1_245' title='bbox 615 1682 762 1739; x_wconf 88' lang='lat' dir='ltr'>mala</span> <span class='ocrx_word' id='word_1_246' title='bbox 791 1699 913 1755; x_wconf 68' lang='lat' dir='ltr'>quae</span> <span class='ocrx_word' id='word_1_247' title='bbox 941 1682 1164 1756; x_wconf 88' lang='lat' dir='ltr'>propria</span> <span class='ocrx_word' id='word_1_248' title='bbox 1190 1683 1389 1751; x_wconf 87' lang='lat' dir='ltr'>habeo,</span> <span class='ocrx_word' id='word_1_249' title='bbox 1422 1683 1628 1738; x_wconf 87' lang='lat' dir='ltr'>alienas</span> <span class='ocrx_word' id='word_1_250' title='bbox 1657 1699 1875 1755; x_wconf 91' lang='lat' dir='ltr'>quoque</span> <span class='ocrx_word' id='word_1_251' title='bbox 1914 1690 2120 1738; x_wconf 87' lang='lat' dir='ltr'>mortes</span> <span class='ocrx_word' id='word_1_252' title='bbox 2147 1703 2202 1764; x_wconf 80' lang='grc' dir='ltr'>Β</span> <span class='ocrx_word' id='word_1_253' title='bbox 2221 1679 2368 1746; x_wconf 88' lang='lat' dir='ltr'>tiam,</span> <span class='ocrx_word' id='word_1_254' title='bbox 2401 1686 2669 1734; x_wconf 90' lang='lat' dir='ltr'>tantorum</span> <span class='ocrx_word' id='word_1_255' title='bbox 2699 1679 2936 1750; x_wconf 86' lang='lat' dir='ltr'>gemitus</span> <span class='ocrx_word' id='word_1_256' title='bbox 2982 1678 3074 1750; x_wconf 90' lang='lat' dir='ltr'>qui</span> <span class='ocrx_word' id='word_1_257' title='bbox 3129 1679 3232 1734; x_wconf 91' lang='lat' dir='ltr'>sub</span> <span class='ocrx_word' id='word_1_258' title='bbox 3285 1695 3450 1736; x_wconf 88' lang='lat' dir='ltr'>manu</span> <span class='ocrx_word' id='word_1_259' title='bbox 3505 1687 3616 1746; x_wconf 90' lang='lat' dir='ltr'>tua,</span> <span class='ocrx_word' id='word_1_260' title='bbox 3683 1687 3742 1736; x_wconf 92' lang='lat' dir='ltr'>ut</span> <span class='ocrx_word' id='word_1_261' title='bbox 3791 1695 3820 1736; x_wconf 89' lang='lat' dir='ltr'>a</span> 
     </span>
    </p>
   </div>
   <div class='ocr_carea' id='block_1_34' title="bbox 518 1770 2121 1844">
    <p class='ocr_par' dir='ltr' id='par_1_34' title="bbox 518 1770 2121 1844">
     <span class='ocr_line' id='line_1_34' title="bbox 518 1770 2121 1844; baseline -0.001 -16"><span class='ocrx_word' id='word_1_262' title='bbox 518 1771 680 1839; x_wconf 88' lang='lat' dir='ltr'>addo,</span> <span class='ocrx_word' id='word_1_263' title='bbox 713 1772 806 1844; x_wconf 90' lang='lat' dir='ltr'>qui</span> <span class='ocrx_word' id='word_1_264' title='bbox 833 1778 908 1827; x_wconf 93' lang='lat' dir='ltr'>tot</span> <span class='ocrx_word' id='word_1_265' title='bbox 936 1771 1146 1838; x_wconf 90' lang='lat' dir='ltr'>occido,</span> <span class='ocrx_word' id='word_1_266' title='bbox 1177 1780 1238 1826; x_wconf 92' lang='lat' dir='ltr'>ut</span> <span class='ocrx_word' id='word_1_267' title='bbox 1265 1772 1450 1839; x_wconf 88' lang='lat' dir='ltr'>timeo,</span> <span class='ocrx_word' id='word_1_268' title='bbox 1483 1780 1614 1844; x_wconf 91' lang='lat' dir='ltr'>quot</span> <span class='ocrx_word' id='word_1_269' title='bbox 1649 1772 1720 1827; x_wconf 92' lang='lat' dir='ltr'>ad</span> <span class='ocrx_word' id='word_1_270' title='bbox 1764 1779 1998 1827; x_wconf 88' lang='lat' dir='ltr'>mortem</span> <span class='ocrx_word' id='word_1_271' title='bbox 2039 1770 2121 1828; x_wconf 90' lang='lat' dir='ltr'>ire</span> 
     </span>
    </p>
   </div>
   <div class='ocr_carea' id='block_1_35' title="bbox 519 1860 2122 1934">
    <p class='ocr_par' dir='ltr' id='par_1_35' title="bbox 519 1860 2122 1934">
     <span class='ocr_line' id='line_1_35' title="bbox 519 1860 2122 1934; baseline -0.001 -16"><span class='ocrx_word' id='word_1_272' title='bbox 519 1860 760 1933; x_wconf 86' lang='lat' dir='ltr'>quotidie</span> <span class='ocrx_word' id='word_1_273' title='bbox 788 1861 1001 1934; x_wconf 87' lang='lat' dir='ltr'>tepidus</span> <span class='ocrx_word' id='word_1_274' title='bbox 1031 1868 1084 1916; x_wconf 89' lang='lat' dir='ltr'>et</span> <span class='ocrx_word' id='word_1_275' title='bbox 1112 1868 1300 1917; x_wconf 87' lang='lat' dir='ltr'>tacens</span> <span class='ocrx_word' id='word_1_276' title='bbox 1311 1861 1491 1928; x_wconf 88' lang='lat' dir='ltr'>video,</span> <span class='ocrx_word' id='word_1_277' title='bbox 1516 1861 1732 1917; x_wconf 84' lang='lat' dir='ltr'>dicente</span> <span class='ocrx_word' id='word_1_278' title='bbox 1753 1860 1986 1916; x_wconf 90' lang='lat' dir='ltr'>Domino</span> <span class='ocrx_word' id='word_1_279' title='bbox 2021 1875 2122 1932; x_wconf 91' lang='lat' dir='ltr'>per</span> 
     </span>
    </p>
   </div>
   <div class='ocr_carea' id='block_1_36' title="bbox 517 1949 2124 2022">
    <p class='ocr_par' dir='ltr' id='par_1_36' title="bbox 517 1949 2124 2022">
     <span class='ocr_line' id='line_1_36' title="bbox 517 1949 2124 2022; baseline 0 -16"><span class='ocrx_word' id='word_1_280' title='bbox 517 1949 842 2022; x_wconf 83' lang='lat' dir='ltr'>prOphetam</span> <span class='ocrx_word' id='word_1_281' title='bbox 871 1949 938 2006; x_wconf 91' lang='lat' dir='ltr'>de</span> <span class='ocrx_word' id='word_1_282' title='bbox 953 1964 1062 2005; x_wconf 93' lang='lat' dir='ltr'>uno</span> <span class='ocrx_word' id='word_1_283' title='bbox 1081 1957 1344 2021; x_wconf 88' lang='lat' dir='ltr'>pereunte</span> <span class='ocrx_word' id='word_1_284' title='bbox 1364 1968 1378 2016; x_wconf 95' lang='lat'>;</span> <span class='ocrx_word' id='word_1_285' title='bbox 1401 1951 1749 2022; x_wconf 82' lang='lat' dir='ltr'>Sanguinem</span> <span class='ocrx_word' id='word_1_286' title='bbox 1771 1951 1894 2022; x_wconf 86' lang='lat' dir='ltr'>ejus</span> <span class='ocrx_word' id='word_1_287' title='bbox 1913 1949 1980 2005; x_wconf 86' lang='lat' dir='ltr'>de</span> <span class='ocrx_word' id='word_1_288' title='bbox 1999 1967 2124 2006; x_wconf 89' lang='lat' dir='ltr'>ma-</span> 
     </span>
    </p>
   </div>
   <div class='ocr_carea' id='block_1_37' title="bbox 519 2038 2120 2112">
    <p class='ocr_par' dir='ltr' id='par_1_37' title="bbox 519 2038 2120 2112">
     <span class='ocr_line' id='line_1_37' title="bbox 519 2038 2120 2112; baseline 0 -16"><span class='ocrx_word' id='word_1_289' title='bbox 519 2055 602 2096; x_wconf 90' lang='lat' dir='ltr'>nu</span> <span class='ocrx_word' id='word_1_290' title='bbox 625 2043 726 2094; x_wconf 88' lang='lat' dir='ltr'>tua</span> <span class='ocrx_word' id='word_1_291' title='bbox 752 2040 1040 2112; x_wconf 79' lang='lat' dir='ltr'>requiram</span> <span class='ocrx_word' id='word_1_292' title='bbox 1072 2041 1292 2109; x_wconf 72' lang='lat' dir='ltr'>(Ezech.</span> <span class='ocrx_word' id='word_1_293' title='bbox 1333 2041 1566 2108; x_wconf 62' lang='grc' dir='ltr'><strong>χχχιιι),</strong></span> <span class='ocrx_word' id='word_1_294' title='bbox 1599 2045 1804 2110; x_wconf 89' lang='lat' dir='ltr'>quanto</span> <span class='ocrx_word' id='word_1_295' title='bbox 1833 2038 2011 2110; x_wconf 84' lang='lat' dir='ltr'>magis</span> <span class='ocrx_word' id='word_1_296' title='bbox 2051 2039 2120 2096; x_wconf 91' lang='lat' dir='ltr'>de</span> 
     </span>
    </p>
   </div>
   <div class='ocr_carea' id='block_1_38' title="bbox 517 2127 2120 2200">
    <p class='ocr_par' dir='ltr' id='par_1_38' title="bbox 517 2127 2120 2200">
     <span class='ocr_line' id='line_1_38' title="bbox 517 2127 2120 2200; baseline -0.001 -16"><span class='ocrx_word' id='word_1_297' title='bbox 517 2127 700 2184; x_wconf 88' lang='lat' dir='ltr'>multis</span> <span class='ocrx_word' id='word_1_298' title='bbox 719 2127 746 2182; x_wconf 71' lang='lat'>‘2</span> <span class='ocrx_word' id='word_1_299' title='bbox 771 2128 840 2184; x_wconf 89' lang='lat' dir='ltr'>Et</span> <span class='ocrx_word' id='word_1_300' title='bbox 871 2128 1034 2184; x_wconf 88' lang='lat' dir='ltr'>etiam</span> <span class='ocrx_word' id='word_1_301' title='bbox 1061 2127 1132 2183; x_wconf 91' lang='lat' dir='ltr'>de</span> <span class='ocrx_word' id='word_1_302' title='bbox 1165 2128 1248 2183; x_wconf 89' lang='lat' dir='ltr'>his</span> <span class='ocrx_word' id='word_1_303' title='bbox 1279 2144 1380 2200; x_wconf 90' lang='lat' dir='ltr'>per</span> <span class='ocrx_word' id='word_1_304' title='bbox 1405 2144 1544 2200; x_wconf 88' lang='lat' dir='ltr'>quos</span> <span class='ocrx_word' id='word_1_305' title='bbox 1573 2128 1728 2183; x_wconf 90' lang='lat' dir='ltr'>multi</span> <span class='ocrx_word' id='word_1_306' title='bbox 1755 2127 1958 2184; x_wconf 89' lang='lat' dir='ltr'>debent</span> <span class='ocrx_word' id='word_1_307' title='bbox 2005 2127 2120 2182; x_wconf 92' lang='lat' dir='ltr'>sal-</span> 
     </span>
    </p>
   </div>
   <div class='ocr_carea' id='block_1_39' title="bbox 515 2215 2120 2288">
    <p class='ocr_par' dir='ltr' id='par_1_39' title="bbox 515 2215 2120 2288">
     <span class='ocr_line' id='line_1_39' title="bbox 515 2215 2120 2288; baseline -0.001 -14"><span class='ocrx_word' id='word_1_308' title='bbox 515 2217 650 2285; x_wconf 85' lang='lat' dir='ltr'>vari,</span> <span class='ocrx_word' id='word_1_309' title='bbox 681 2216 812 2272; x_wconf 89' lang='lat' dir='ltr'>mihi</span> <span class='ocrx_word' id='word_1_310' title='bbox 841 2217 961 2274; x_wconf 72' lang='lat' dir='ltr'>haec</span> <span class='ocrx_word' id='word_1_311' title='bbox 1007 2215 1269 2273; x_wconf 88' lang='lat' dir='ltr'>terribilis</span> <span class='ocrx_word' id='word_1_312' title='bbox 1325 2217 1562 2274; x_wconf 85' lang='lat' dir='ltr'>invectio</span> <span class='ocrx_word' id='word_1_313' title='bbox 1608 2216 1884 2282; x_wconf 83' lang='lat' dir='ltr'>incutitur,</span> <span class='ocrx_word' id='word_1_314' title='bbox 1917 2216 2011 2288; x_wconf 90' lang='lat' dir='ltr'>qui</span> <span class='ocrx_word' id='word_1_315' title='bbox 2051 2217 2120 2272; x_wconf 89' lang='lat' dir='ltr'>ad</span> 
     </span>
    </p>
   </div>
   <div class='ocr_carea' id='block_1_40' title="bbox 515 2304 2118 2378">
    <p class='ocr_par' dir='ltr' id='par_1_40' title="bbox 515 2304 2118 2378">
     <span class='ocr_line' id='line_1_40' title="bbox 515 2304 2118 2378; baseline -0.002 -16"><span class='ocrx_word' id='word_1_316' title='bbox 515 2305 928 2378; x_wconf 89' lang='lat' dir='ltr'>speculandum,</span> <span class='ocrx_word' id='word_1_317' title='bbox 949 2313 1002 2361; x_wconf 92' lang='lat' dir='ltr'>et</span> <span class='ocrx_word' id='word_1_318' title='bbox 1023 2304 1186 2360; x_wconf 88' lang='lat' dir='ltr'>etiam</span> <span class='ocrx_word' id='word_1_319' title='bbox 1218 2305 1512 2376; x_wconf 83' lang='lat' dir='ltr'>episcopis,</span> <span class='ocrx_word' id='word_1_320' title='bbox 1533 2305 1772 2376; x_wconf 87' lang='lat' dir='ltr'>peccatis</span> <span class='ocrx_word' id='word_1_321' title='bbox 1811 2305 1952 2360; x_wconf 89' lang='lat' dir='ltr'>meis</span> <span class='ocrx_word' id='word_1_322' title='bbox 1999 2305 2118 2360; x_wconf 86' lang='lat' dir='ltr'>exi-</span> 
     </span>
    </p>
   </div>
   <div class='ocr_carea' id='block_1_41' title="bbox 515 2393 2118 2468">
    <p class='ocr_par' dir='ltr' id='par_1_41' title="bbox 515 2393 2118 2468">
     <span class='ocr_line' id='line_1_41' title="bbox 515 2393 2118 2468; baseline 0 -18"><span class='ocrx_word' id='word_1_323' title='bbox 515 2395 772 2468; x_wconf 85' lang='lat' dir='ltr'>gentibus</span> <span class='ocrx_word' id='word_1_324' title='bbox 799 2394 900 2451; x_wconf 91' lang='lat' dir='ltr'>Dei</span> <span class='ocrx_word' id='word_1_325' title='bbox 920 2394 1125 2464; x_wconf 90' lang='lat' dir='ltr'>judicio</span> <span class='ocrx_word' id='word_1_326' title='bbox 1156 2393 1438 2465; x_wconf 62' lang='lat' dir='ltr'>praelatus.</span> <span class='ocrx_word' id='word_1_327' title='bbox 1471 2393 1589 2463; x_wconf 87' lang='lat' dir='ltr'>Qua</span> <span class='ocrx_word' id='word_1_328' title='bbox 1617 2395 1687 2450; x_wconf 92' lang='lat' dir='ltr'>de</span> <span class='ocrx_word' id='word_1_329' title='bbox 1715 2411 1778 2451; x_wconf 89' lang='lat' dir='ltr'>re</span> <span class='ocrx_word' id='word_1_330' title='bbox 1807 2401 1860 2451; x_wconf 87' lang='lat' dir='ltr'>et</span> <span class='ocrx_word' id='word_1_331' title='bbox 1898 2394 2118 2450; x_wconf 89' lang='lat' dir='ltr'>archie-</span> 
     </span>
    </p>
   </div>
   <div class='ocr_carea' id='block_1_42' title="bbox 513 2483 2122 2556">
    <p class='ocr_par' dir='ltr' id='par_1_42' title="bbox 513 2483 2122 2556">
     <span class='ocr_line' id='line_1_42' title="bbox 513 2483 2122 2556; baseline 0.001 -18"><span class='ocrx_word' id='word_1_332' title='bbox 513 2483 792 2556; x_wconf 87' lang='lat' dir='ltr'>piscopus,</span> <span class='ocrx_word' id='word_1_333' title='bbox 822 2483 966 2540; x_wconf 90' lang='lat' dir='ltr'>unde</span> <span class='ocrx_word' id='word_1_334' title='bbox 996 2499 1106 2540; x_wconf 91' lang='lat' dir='ltr'>non</span> <span class='ocrx_word' id='word_1_335' title='bbox 1134 2483 1308 2552; x_wconf 83' lang='lat' dir='ltr'>laetor,</span> <span class='ocrx_word' id='word_1_336' title='bbox 1340 2483 1440 2539; x_wconf 90' lang='lat' dir='ltr'>sed</span> <span class='ocrx_word' id='word_1_337' title='bbox 1467 2499 1744 2553; x_wconf 88' lang='lat' dir='ltr'>revereor,</span> <span class='ocrx_word' id='word_1_338' title='bbox 1779 2500 1898 2539; x_wconf 90' lang='lat' dir='ltr'>sum</span> <span class='ocrx_word' id='word_1_339' title='bbox 1955 2497 2122 2540; x_wconf 90' lang='lat' dir='ltr'>voca-</span> 
     </span>
    </p>
   </div>
   <div class='ocr_carea' id='block_1_43' title="bbox 514 2572 2118 2644">
    <p class='ocr_par' dir='ltr' id='par_1_43' title="bbox 514 2572 2118 2644">
     <span class='ocr_line' id='line_1_43' title="bbox 514 2572 2118 2644; baseline 0 -16"><span class='ocrx_word' id='word_1_340' title='bbox 514 2580 620 2644; x_wconf 90' lang='lat' dir='ltr'>tus,</span> <span class='ocrx_word' id='word_1_341' title='bbox 653 2572 745 2644; x_wconf 88' lang='lat' dir='ltr'>qui</span> <span class='ocrx_word' id='word_1_342' title='bbox 775 2580 931 2629; x_wconf 85' lang='lat' dir='ltr'>reatu</span> <span class='ocrx_word' id='word_1_343' title='bbox 961 2572 1032 2629; x_wconf 89' lang='lat' dir='ltr'>de</span> <span class='ocrx_word' id='word_1_344' title='bbox 1059 2580 1234 2629; x_wconf 90' lang='lat' dir='ltr'>morte</span> <span class='ocrx_word' id='word_1_345' title='bbox 1264 2572 1576 2628; x_wconf 88' lang='lat' dir='ltr'>animarum</span> <span class='ocrx_word' id='word_1_346' title='bbox 1598 2572 1969 2642; x_wconf 87' lang='lat' dir='ltr'>subjectorum</span> <span class='ocrx_word' id='word_1_347' title='bbox 1986 2587 2118 2629; x_wconf 86' lang='lat' dir='ltr'>cou-</span> 
     </span>
    </p>
   </div>
   <div class='ocr_carea' id='block_1_44' title="bbox 495 2660 2117 2734">
    <p class='ocr_par' dir='ltr' id='par_1_44' title="bbox 495 2660 2117 2734">
     <span class='ocr_line' id='line_1_44' title="bbox 495 2660 2117 2734; baseline -0.001 -17"><span class='ocrx_word' id='word_1_348' title='bbox 495 2661 776 2734; x_wconf 84' lang='lat' dir='ltr'>stringor,</span> <span class='ocrx_word' id='word_1_349' title='bbox 811 2678 934 2734; x_wconf 67' lang='lat' dir='ltr'>quae</span> <span class='ocrx_word' id='word_1_350' title='bbox 961 2660 1100 2718; x_wconf 90' lang='lat' dir='ltr'>forte</span> <span class='ocrx_word' id='word_1_351' title='bbox 1129 2661 1432 2733; x_wconf 86' lang='lat' dir='ltr'>potuissent</span> <span class='ocrx_word' id='word_1_352' title='bbox 1449 2677 1669 2734; x_wconf 89' lang='lat' dir='ltr'>semper</span> <span class='ocrx_word' id='word_1_353' title='bbox 1685 2661 1867 2718; x_wconf 89' lang='lat' dir='ltr'>vivere</span> <span class='ocrx_word' id='word_1_354' title='bbox 1887 2661 1934 2716; x_wconf 93' lang='lat' dir='ltr'>si</span> <span class='ocrx_word' id='word_1_355' title='bbox 1951 2661 2117 2718; x_wconf 89' lang='lat' dir='ltr'>verba</span> 
     </span>
    </p>
   </div>
   <div class='ocr_carea' id='block_1_45' title="bbox 509 2750 2115 2824">
    <p class='ocr_par' dir='ltr' id='par_1_45' title="bbox 509 2750 2115 2824">
     <span class='ocr_line' id='line_1_45' title="bbox 509 2750 2115 2824; baseline -0.002 -16"><span class='ocrx_word' id='word_1_356' title='bbox 509 2765 646 2808; x_wconf 66' lang='lat' dir='ltr'>mea</span> <span class='ocrx_word' id='word_1_357' title='bbox 671 2751 1034 2822; x_wconf 88' lang='lat' dir='ltr'>correptionis</span> <span class='ocrx_word' id='word_1_358' title='bbox 1061 2750 1330 2810; x_wconf 86' lang='lat' dir='ltr'>audirent.</span> <span class='ocrx_word' id='word_1_359' title='bbox 1359 2751 1594 2824; x_wconf 85' lang='lat' dir='ltr'>Sanguis</span> <span class='ocrx_word' id='word_1_360' title='bbox 1641 2766 1774 2824; x_wconf 87' lang='lat' dir='ltr'>ergo</span> <span class='ocrx_word' id='word_1_361' title='bbox 1831 2750 2115 2807; x_wconf 90' lang='lat' dir='ltr'>morientis</span> 
     </span>
    </p>
   </div>
   <div class='ocr_carea' id='block_1_46' title="bbox 506 2839 2114 2912">
    <p class='ocr_par' dir='ltr' id='par_1_46' title="bbox 506 2839 2114 2912">
     <span class='ocr_line' id='line_1_46' title="bbox 506 2839 2114 2912; baseline -0.002 -16"><span class='ocrx_word' id='word_1_362' title='bbox 506 2839 576 2896; x_wconf 89' lang='lat' dir='ltr'>de</span> <span class='ocrx_word' id='word_1_363' title='bbox 621 2855 787 2896; x_wconf 84' lang='lat' dir='ltr'>manu</span> <span class='ocrx_word' id='word_1_364' title='bbox 859 2839 1214 2910; x_wconf 90' lang='lat' dir='ltr'>speculatoris</span> <span class='ocrx_word' id='word_1_365' title='bbox 1279 2840 1600 2912; x_wconf 85' lang='lat' dir='ltr'>requiritur,</span> <span class='ocrx_word' id='word_1_366' title='bbox 1681 2840 1806 2911; x_wconf 88' lang='lat' dir='ltr'>quia</span> <span class='ocrx_word' id='word_1_367' title='bbox 1834 2847 2114 2911; x_wconf 88' lang='lat' dir='ltr'>peccatum</span> 
     </span>
    </p>
   </div>
   <div class='ocr_carea' id='block_1_47' title="bbox 509 2927 2116 2999">
    <p class='ocr_par' dir='ltr' id='par_1_47' title="bbox 509 2927 2116 2999">
     <span class='ocr_line' id='line_1_47' title="bbox 509 2927 2116 2999; baseline 0 -17"><span class='ocrx_word' id='word_1_368' title='bbox 509 2927 710 2983; x_wconf 91' lang='lat' dir='ltr'>subditi</span> <span class='ocrx_word' id='word_1_369' title='bbox 738 2927 912 2998; x_wconf 67' lang='lat' dir='ltr'>culpze</span> <span class='ocrx_word' id='word_1_370' title='bbox 940 2928 1220 2998; x_wconf 85' lang='lat' dir='ltr'>praepositi</span> <span class='ocrx_word' id='word_1_371' title='bbox 1249 2928 1326 2984; x_wconf 80' lang='lat' dir='ltr'>-si</span> <span class='ocrx_word' id='word_1_372' title='bbox 1386 2928 1611 2985; x_wconf 84' lang='lat' dir='ltr'>tacuerit</span> <span class='ocrx_word' id='word_1_373' title='bbox 1659 2935 1954 2999; x_wconf 82' lang='lat' dir='ltr'>reputatur.</span> <span class='ocrx_word' id='word_1_374' title='bbox 2015 2929 2116 2982; x_wconf 88' lang='lat' dir='ltr'>Est</span> 
     </span>
    </p>
   </div>
   <div class='ocr_carea' id='block_1_48' title="bbox 511 3015 2114 3089">
    <p class='ocr_par' dir='ltr' id='par_1_48' title="bbox 511 3015 2114 3089">
     <span class='ocr_line' id='line_1_48' title="bbox 511 3015 2114 3089; baseline -0.001 -18"><span class='ocrx_word' id='word_1_375' title='bbox 511 3031 664 3089; x_wconf 85' lang='lat' dir='ltr'>ergo,</span> <span class='ocrx_word' id='word_1_376' title='bbox 695 3024 754 3070; x_wconf 94' lang='lat' dir='ltr'>ut</span> <span class='ocrx_word' id='word_1_377' title='bbox 779 3015 971 3072; x_wconf 90' lang='lat' dir='ltr'>beatus</span> <span class='ocrx_word' id='word_1_378' title='bbox 1002 3016 1304 3088; x_wconf 86' lang='lat' dir='ltr'>Gregorius</span> <span class='ocrx_word' id='word_1_379' title='bbox 1333 3017 1486 3085; x_wconf 90' lang='lat' dir='ltr'>dicit,</span> <span class='ocrx_word' id='word_1_380' title='bbox 1518 3017 1666 3089; x_wconf 93' lang='lat' dir='ltr'>quod</span> <span class='ocrx_word' id='word_1_381' title='bbox 1707 3016 1839 3072; x_wconf 88' lang='lat' dir='ltr'>mihi</span> <span class='ocrx_word' id='word_1_382' title='bbox 1896 3024 1978 3072; x_wconf 90' lang='lat' dir='ltr'>est</span> <span class='ocrx_word' id='word_1_383' title='bbox 2037 3016 2114 3071; x_wconf 87' lang='lat' dir='ltr'>fa-</span> 
     </span>
    </p>
   </div>
   <div class='ocr_carea' id='block_1_49' title="bbox 2149 3063 2198 3128">
    <p class='ocr_par' dir='ltr' id='par_1_49' title="bbox 2149 3063 2198 3128">
     <span class='ocr_line' id='line_1_49' title="bbox 2149 3063 2198 3128; baseline 0 0"><span class='ocrx_word' id='word_1_384' title='bbox 2149 3063 2198 3128; x_wconf 86' lang='lat' dir='ltr'>C</span> 
     </span>
    </p>
   </div>
   <div class='ocr_carea' id='block_1_50' title="bbox 2220 1767 3820 1842">
    <p class='ocr_par' dir='ltr' id='par_1_50' title="bbox 2220 1767 3820 1842">
     <span class='ocr_line' id='line_1_50' title="bbox 2220 1767 3820 1842; baseline 0 -18"><span class='ocrx_word' id='word_1_385' title='bbox 2220 1767 2405 1824; x_wconf 88' lang='lat' dir='ltr'>multis</span> <span class='ocrx_word' id='word_1_386' title='bbox 2435 1768 2650 1834; x_wconf 89' lang='lat' dir='ltr'>dicitur,</span> <span class='ocrx_word' id='word_1_387' title='bbox 2681 1768 2821 1824; x_wconf 92' lang='lat' dir='ltr'>sicut</span> <span class='ocrx_word' id='word_1_388' title='bbox 2849 1785 3040 1826; x_wconf 87' lang='lat' dir='ltr'>revera</span> <span class='ocrx_word' id='word_1_389' title='bbox 3069 1768 3169 1824; x_wconf 89' lang='lat' dir='ltr'>sub</span> <span class='ocrx_word' id='word_1_390' title='bbox 3196 1767 3334 1824; x_wconf 86' lang='lat' dir='ltr'>falce</span> <span class='ocrx_word' id='word_1_391' title='bbox 3363 1767 3700 1840; x_wconf 87' lang='lat' dir='ltr'>gravissimo</span> <span class='ocrx_word' id='word_1_392' title='bbox 3719 1785 3820 1842; x_wconf 87' lang='lat' dir='ltr'>ge-</span> 
     </span>
    </p>
   </div>
   <div class='ocr_carea' id='block_1_51' title="bbox 2219 1857 3820 1930">
    <p class='ocr_par' dir='ltr' id='par_1_51' title="bbox 2219 1857 3820 1930">
     <span class='ocr_line' id='line_1_51' title="bbox 2219 1857 3820 1930; baseline 0.001 -18"><span class='ocrx_word' id='word_1_393' title='bbox 2219 1865 2390 1924; x_wconf 88' lang='lat' dir='ltr'>munt,</span> <span class='ocrx_word' id='word_1_394' title='bbox 2424 1857 2478 1912; x_wconf 91' lang='lat' dir='ltr'>in</span> <span class='ocrx_word' id='word_1_395' title='bbox 2507 1857 2862 1930; x_wconf 90' lang='lat' dir='ltr'>provectione</span> <span class='ocrx_word' id='word_1_396' title='bbox 2889 1865 2984 1913; x_wconf 89' lang='lat' dir='ltr'>tua</span> <span class='ocrx_word' id='word_1_397' title='bbox 3013 1857 3259 1924; x_wconf 84' lang='lat' dir='ltr'>excitavi,</span> <span class='ocrx_word' id='word_1_398' title='bbox 3294 1857 3532 1929; x_wconf 89' lang='lat' dir='ltr'>quotidie</span> <span class='ocrx_word' id='word_1_399' title='bbox 3561 1858 3820 1914; x_wconf 88' lang='lat' dir='ltr'>emittiad</span> 
     </span>
    </p>
   </div>
   <div class='ocr_carea' id='block_1_52' title="bbox 2219 1945 3817 2018">
    <p class='ocr_par' dir='ltr' id='par_1_52' title="bbox 2219 1945 3817 2018">
     <span class='ocr_line' id='line_1_52' title="bbox 2219 1945 3817 2018; baseline 0 -17"><span class='ocrx_word' id='word_1_400' title='bbox 2219 1945 2512 2002; x_wconf 90' lang='lat' dir='ltr'>Dominum</span> <span class='ocrx_word' id='word_1_401' title='bbox 2537 1965 2550 2012; x_wconf 90' lang='lat'><strong>;</strong></span> <span class='ocrx_word' id='word_1_402' title='bbox 2585 1954 2638 2002; x_wconf 88' lang='lat' dir='ltr'>et</span> <span class='ocrx_word' id='word_1_403' title='bbox 2667 1946 2894 2017; x_wconf 88' lang='lat' dir='ltr'>proinde</span> <span class='ocrx_word' id='word_1_404' title='bbox 2925 1946 3258 2018; x_wconf 88' lang='lat' dir='ltr'>quotidiano,</span> <span class='ocrx_word' id='word_1_405' title='bbox 3291 1946 3402 2002; x_wconf 91' lang='lat' dir='ltr'>imo</span> <span class='ocrx_word' id='word_1_406' title='bbox 3431 1947 3693 2002; x_wconf 88' lang='lat' dir='ltr'>continuo</span> <span class='ocrx_word' id='word_1_407' title='bbox 3749 1947 3817 2001; x_wconf 81' lang='lat' dir='ltr'>ti-</span> 
     </span>
    </p>
   </div>
   <div class='ocr_carea' id='block_1_53' title="bbox 2219 2035 3820 2108">
    <p class='ocr_par' dir='ltr' id='par_1_53' title="bbox 2219 2035 3820 2108">
     <span class='ocr_line' id='line_1_53' title="bbox 2219 2035 3820 2108; baseline 0.001 -18"><span class='ocrx_word' id='word_1_408' title='bbox 2219 2051 2374 2092; x_wconf 88' lang='lat' dir='ltr'>more</span> <span class='ocrx_word' id='word_1_409' title='bbox 2404 2043 2457 2091; x_wconf 86' lang='lat' dir='ltr'>et</span> <span class='ocrx_word' id='word_1_410' title='bbox 2487 2035 2677 2092; x_wconf 92' lang='lat' dir='ltr'>dolore</span> <span class='ocrx_word' id='word_1_411' title='bbox 2707 2035 3032 2092; x_wconf 90' lang='lat' dir='ltr'>constrictus</span> <span class='ocrx_word' id='word_1_412' title='bbox 3058 2051 3170 2093; x_wconf 91' lang='lat' dir='ltr'>non</span> <span class='ocrx_word' id='word_1_413' title='bbox 3201 2035 3378 2091; x_wconf 90' lang='lat' dir='ltr'>solum</span> <span class='ocrx_word' id='word_1_414' title='bbox 3409 2051 3593 2108; x_wconf 90' lang='lat' dir='ltr'>gemo,</span> <span class='ocrx_word' id='word_1_415' title='bbox 3623 2036 3726 2092; x_wconf 90' lang='lat' dir='ltr'>sed</span> <span class='ocrx_word' id='word_1_416' title='bbox 3767 2043 3820 2092; x_wconf 91' lang='lat' dir='ltr'>et</span> 
     </span>
    </p>
   </div>
   <div class='ocr_carea' id='block_1_54' title="bbox 2220 2124 3818 2198">
    <p class='ocr_par' dir='ltr' id='par_1_54' title="bbox 2220 2124 3818 2198">
     <span class='ocr_line' id='line_1_54' title="bbox 2220 2124 3818 2198; baseline 0.001 -19"><span class='ocrx_word' id='word_1_417' title='bbox 2220 2125 2300 2179; x_wconf 92' lang='lat' dir='ltr'>eis</span> <span class='ocrx_word' id='word_1_418' title='bbox 2329 2124 2745 2198; x_wconf 86' lang='lat' dir='ltr'>congemiscens</span> <span class='ocrx_word' id='word_1_419' title='bbox 2775 2127 2891 2181; x_wconf 94' lang='lat' dir='ltr'>Deo</span> <span class='ocrx_word' id='word_1_420' title='bbox 2921 2125 3074 2194; x_wconf 83' lang='lat' dir='ltr'>cujus</span> <span class='ocrx_word' id='word_1_421' title='bbox 3121 2124 3496 2195; x_wconf 87' lang='lat' dir='ltr'>permissionis</span> <span class='ocrx_word' id='word_1_422' title='bbox 3531 2125 3742 2193; x_wconf 88' lang='lat' dir='ltr'>judicio</span> <span class='ocrx_word' id='word_1_423' title='bbox 3787 2140 3818 2180; x_wconf 87' lang='lat' dir='ltr'>a</span> 
     </span>
    </p>
   </div>
   <div class='ocr_carea' id='block_1_55' title="bbox 2219 2213 3818 2284">
    <p class='ocr_par' dir='ltr' id='par_1_55' title="bbox 2219 2213 3818 2284">
     <span class='ocr_line' id='line_1_55' title="bbox 2219 2213 3818 2284; baseline 0 -16"><span class='ocrx_word' id='word_1_424' title='bbox 2219 2221 2272 2268; x_wconf 88' lang='lat' dir='ltr'>te</span> <span class='ocrx_word' id='word_1_425' title='bbox 2295 2213 2712 2284; x_wconf 82' lang='lat' dir='ltr'>scandalizatus,</span> <span class='ocrx_word' id='word_1_426' title='bbox 2747 2221 2801 2269; x_wconf 92' lang='lat' dir='ltr'>et</span> <span class='ocrx_word' id='word_1_427' title='bbox 2843 2221 3024 2270; x_wconf 86' lang='lat' dir='ltr'>mente</span> <span class='ocrx_word' id='word_1_428' title='bbox 3085 2213 3427 2270; x_wconf 85' lang='lat' dir='ltr'>excruciatus</span> <span class='ocrx_word' id='word_1_429' title='bbox 3481 2213 3668 2270; x_wconf 89' lang='lat' dir='ltr'>verbis</span> <span class='ocrx_word' id='word_1_430' title='bbox 3721 2214 3818 2268; x_wconf 81' lang='lat' dir='ltr'>viri</span> 
     </span>
    </p>
   </div>
   <div class='ocr_carea' id='block_1_56' title="bbox 2219 2301 3818 2375">
    <p class='ocr_par' dir='ltr' id='par_1_56' title="bbox 2219 2301 3818 2375">
     <span class='ocr_line' id='line_1_56' title="bbox 2219 2301 3818 2375; baseline 0.001 -19"><span class='ocrx_word' id='word_1_431' title='bbox 2219 2301 2448 2373; x_wconf 84' lang='lat' dir='ltr'>ﬂagellis</span> <span class='ocrx_word' id='word_1_432' title='bbox 2479 2302 2645 2358; x_wconf 86' lang='lat' dir='ltr'>attriti</span> <span class='ocrx_word' id='word_1_433' title='bbox 2671 2303 2836 2360; x_wconf 90' lang='lat' dir='ltr'>corde</span> <span class='ocrx_word' id='word_1_434' title='bbox 2854 2302 3214 2358; x_wconf 90' lang='lat' dir='ltr'>contribulato</span> <span class='ocrx_word' id='word_1_435' title='bbox 3237 2303 3381 2370; x_wconf 90' lang='lat' dir='ltr'>dico,</span> <span class='ocrx_word' id='word_1_436' title='bbox 3401 2303 3496 2375; x_wconf 86' lang='lat' dir='ltr'>qui</span> <span class='ocrx_word' id='word_1_437' title='bbox 3514 2305 3682 2375; x_wconf 69' lang='lat' dir='ltr'>erepit</span> <span class='ocrx_word' id='word_1_438' title='bbox 3703 2304 3818 2374; x_wconf 83' lang='lat' dir='ltr'>ipse</span> 
     </span>
    </p>
   </div>
   <div class='ocr_carea' id='block_1_57' title="bbox 2217 2392 3818 2462">
    <p class='ocr_par' dir='ltr' id='par_1_57' title="bbox 2217 2392 3818 2462">
     <span class='ocr_line' id='line_1_57' title="bbox 2217 2392 3818 2462; baseline -0.001 -14"><span class='ocrx_word' id='word_1_439' title='bbox 2217 2407 2306 2448; x_wconf 89' lang='lat' dir='ltr'>me</span> <span class='ocrx_word' id='word_1_440' title='bbox 2327 2395 2604 2460; x_wconf 87' lang='lat' dir='ltr'>conterat,</span> <span class='ocrx_word' id='word_1_441' title='bbox 2630 2393 2808 2448; x_wconf 87' lang='lat' dir='ltr'>solvat</span> <span class='ocrx_word' id='word_1_442' title='bbox 2833 2409 3072 2448; x_wconf 85' lang='lat' dir='ltr'>manum</span> <span class='ocrx_word' id='word_1_443' title='bbox 3091 2409 3258 2447; x_wconf 89' lang='lat' dir='ltr'>suam</span> <span class='ocrx_word' id='word_1_444' title='bbox 3279 2395 3336 2448; x_wconf 88' lang='lat' dir='ltr'>et</span> <span class='ocrx_word' id='word_1_445' title='bbox 3354 2392 3745 2462; x_wconf 85' lang='lat' dir='ltr'>succedatme,</span> <span class='ocrx_word' id='word_1_446' title='bbox 3763 2395 3818 2447; x_wconf 88' lang='lat' dir='ltr'>et</span> 
     </span>
    </p>
   </div>
   <div class='ocr_carea' id='block_1_58' title="bbox 2219 2479 3813 2552">
    <p class='ocr_par' dir='ltr' id='par_1_58' title="bbox 2219 2479 3813 2552">
     <span class='ocr_line' id='line_1_58' title="bbox 2219 2479 3813 2552; baseline 0 -16"><span class='ocrx_word' id='word_1_447' title='bbox 2219 2481 2335 2536; x_wconf 75' lang='lat' dir='ltr'>hcec</span> <span class='ocrx_word' id='word_1_448' title='bbox 2357 2481 2434 2536; x_wconf 88' lang='lat' dir='ltr'>sit</span> <span class='ocrx_word' id='word_1_449' title='bbox 2459 2480 2604 2536; x_wconf 87' lang='lat' dir='ltr'>mihi</span> <span class='ocrx_word' id='word_1_450' title='bbox 2637 2481 2946 2537; x_wconf 77' lang='lat' dir='ltr'>consolatio</span> <span class='ocrx_word' id='word_1_451' title='bbox 2983 2484 3050 2536; x_wconf 90' lang='lat' dir='ltr'>ut</span> <span class='ocrx_word' id='word_1_452' title='bbox 3083 2480 3338 2552; x_wconf 79' lang='lat' dir='ltr'>afﬂigens</span> <span class='ocrx_word' id='word_1_453' title='bbox 3353 2496 3442 2536; x_wconf 89' lang='lat' dir='ltr'>me</span> <span class='ocrx_word' id='word_1_454' title='bbox 3485 2479 3674 2536; x_wconf 85' lang='lat' dir='ltr'>dolore</span> <span class='ocrx_word' id='word_1_455' title='bbox 3701 2497 3813 2536; x_wconf 83' lang='lat' dir='ltr'>non</span> 
     </span>
    </p>
   </div>
   <div class='ocr_carea' id='block_1_59' title="bbox 2223 2569 3814 2642">
    <p class='ocr_par' dir='ltr' id='par_1_59' title="bbox 2223 2569 3814 2642">
     <span class='ocr_line' id='line_1_59' title="bbox 2223 2569 3814 2642; baseline -0.001 -18"><span class='ocrx_word' id='word_1_456' title='bbox 2223 2572 2442 2642; x_wconf 85' lang='lat' dir='ltr'>parcat,</span> <span class='ocrx_word' id='word_1_457' title='bbox 2466 2584 2570 2624; x_wconf 87' lang='lat' dir='ltr'>nec</span> <span class='ocrx_word' id='word_1_458' title='bbox 2583 2570 2974 2626; x_wconf 86' lang='lat' dir='ltr'>contradieam</span> <span class='ocrx_word' id='word_1_459' title='bbox 2993 2570 3346 2626; x_wconf 80' lang='lat' dir='ltr'>sermonibus</span> <span class='ocrx_word' id='word_1_460' title='bbox 3357 2570 3544 2626; x_wconf 88' lang='lat' dir='ltr'>sancti</span> <span class='ocrx_word' id='word_1_461' title='bbox 3559 2569 3682 2638; x_wconf 88' lang='lat' dir='ltr'>(Job</span> <span class='ocrx_word' id='word_1_462' title='bbox 3699 2571 3778 2632; x_wconf 78' lang='grc' dir='ltr'><strong>γι)</strong></span> <span class='ocrx_word' id='word_1_463' title='bbox 3799 2587 3814 2623; x_wconf 92' lang='lat'>:</span> 
     </span>
    </p>
   </div>
   <div class='ocr_carea' id='block_1_60' title="bbox 2215 2656 3816 2732">
    <p class='ocr_par' dir='ltr' id='par_1_60' title="bbox 2215 2656 3816 2732">
     <span class='ocr_line' id='line_1_60' title="bbox 2215 2656 3816 2732; baseline -0.001 -18"><span class='ocrx_word' id='word_1_464' title='bbox 2215 2657 2412 2714; x_wconf 89' lang='lat' dir='ltr'>vellem</span> <span class='ocrx_word' id='word_1_465' title='bbox 2429 2657 2576 2714; x_wconf 91' lang='lat' dir='ltr'>enim</span> <span class='ocrx_word' id='word_1_466' title='bbox 2596 2656 2643 2712; x_wconf 90' lang='lat' dir='ltr'>si</span> <span class='ocrx_word' id='word_1_467' title='bbox 2663 2657 2740 2712; x_wconf 89' lang='lat' dir='ltr'>illi</span> <span class='ocrx_word' id='word_1_468' title='bbox 2760 2657 3020 2728; x_wconf 88' lang='lat' dir='ltr'>placeret,</span> <span class='ocrx_word' id='word_1_469' title='bbox 3045 2665 3104 2713; x_wconf 91' lang='lat' dir='ltr'>ut</span> <span class='ocrx_word' id='word_1_470' title='bbox 3124 2658 3355 2732; x_wconf 88' lang='lat' dir='ltr'>ﬂagellis</span> <span class='ocrx_word' id='word_1_471' title='bbox 3375 2658 3602 2730; x_wconf 85' lang='lat' dir='ltr'>dignum</span> <span class='ocrx_word' id='word_1_472' title='bbox 3611 2674 3705 2714; x_wconf 90' lang='lat' dir='ltr'>me</span> <span class='ocrx_word' id='word_1_473' title='bbox 3719 2673 3816 2729; x_wconf 90' lang='lat' dir='ltr'>per</span> 
     </span>
    </p>
   </div>
   <div class='ocr_carea' id='block_1_61' title="bbox 2215 2747 3816 2820">
    <p class='ocr_par' dir='ltr' id='par_1_61' title="bbox 2215 2747 3816 2820">
     <span class='ocr_line' id='line_1_61' title="bbox 2215 2747 3816 2820; baseline 0.001 -18"><span class='ocrx_word' id='word_1_474' title='bbox 2215 2747 2383 2802; x_wconf 84' lang='lat' dir='ltr'>alium</span> <span class='ocrx_word' id='word_1_475' title='bbox 2413 2763 2574 2818; x_wconf 90' lang='lat' dir='ltr'>quam</span> <span class='ocrx_word' id='word_1_476' title='bbox 2603 2763 2703 2818; x_wconf 91' lang='lat' dir='ltr'>per</span> <span class='ocrx_word' id='word_1_477' title='bbox 2723 2754 2774 2802; x_wconf 92' lang='lat' dir='ltr'>te</span> <span class='ocrx_word' id='word_1_478' title='bbox 2791 2747 3114 2820; x_wconf 88' lang='lat' dir='ltr'>ﬂagellaret,</span> <span class='ocrx_word' id='word_1_479' title='bbox 3138 2747 3237 2804; x_wconf 90' lang='lat' dir='ltr'>sed</span> <span class='ocrx_word' id='word_1_480' title='bbox 3265 2747 3385 2818; x_wconf 85' lang='lat' dir='ltr'>quia</span> <span class='ocrx_word' id='word_1_481' title='bbox 3433 2747 3504 2802; x_wconf 87' lang='lat' dir='ltr'>ita</span> <span class='ocrx_word' id='word_1_482' title='bbox 3551 2747 3654 2802; x_wconf 91' lang='lat' dir='ltr'>sibi</span> <span class='ocrx_word' id='word_1_483' title='bbox 3695 2747 3816 2819; x_wconf 85' lang='lat' dir='ltr'>pla-</span> 
     </span>
    </p>
   </div>
   <div class='ocr_carea' id='block_1_62' title="bbox 2216 2836 3813 2907">
    <p class='ocr_par' dir='ltr' id='par_1_62' title="bbox 2216 2836 3813 2907">
     <span class='ocr_line' id='line_1_62' title="bbox 2216 2836 3813 2907; baseline 0 -15"><span class='ocrx_word' id='word_1_484' title='bbox 2216 2843 2302 2892; x_wconf 90' lang='lat' dir='ltr'>cet</span> <span class='ocrx_word' id='word_1_485' title='bbox 2331 2837 2417 2892; x_wconf 92' lang='lat' dir='ltr'>cui</span> <span class='ocrx_word' id='word_1_486' title='bbox 2448 2837 2590 2892; x_wconf 88' lang='lat' dir='ltr'>bona</span> <span class='ocrx_word' id='word_1_487' title='bbox 2619 2843 2814 2892; x_wconf 88' lang='lat' dir='ltr'>cuncta</span> <span class='ocrx_word' id='word_1_488' title='bbox 2841 2836 3078 2907; x_wconf 90' lang='lat' dir='ltr'>placent,</span> <span class='ocrx_word' id='word_1_489' title='bbox 3112 2836 3292 2894; x_wconf 88' lang='lat' dir='ltr'>verbis</span> <span class='ocrx_word' id='word_1_490' title='bbox 3321 2837 3435 2892; x_wconf 88' lang='lat' dir='ltr'>suis</span> <span class='ocrx_word' id='word_1_491' title='bbox 3456 2853 3582 2892; x_wconf 89' lang='lat' dir='ltr'>eum</span> <span class='ocrx_word' id='word_1_492' title='bbox 3609 2852 3813 2894; x_wconf 85' lang='lat' dir='ltr'>conve-</span> 
     </span>
    </p>
   </div>
   <div class='ocr_carea' id='block_1_63' title="bbox 2213 2924 3814 3000">
    <p class='ocr_par' dir='ltr' id='par_1_63' title="bbox 2213 2924 3814 3000">
     <span class='ocr_line' id='line_1_63' title="bbox 2213 2924 3814 3000; baseline 0.002 -22"><span class='ocrx_word' id='word_1_493' title='bbox 2213 2924 2359 2980; x_wconf 88' lang='lat' dir='ltr'>niam</span> <span class='ocrx_word' id='word_1_494' title='bbox 2387 2925 2477 2996; x_wconf 91' lang='lat' dir='ltr'>qui</span> <span class='ocrx_word' id='word_1_495' title='bbox 2505 2940 2574 2982; x_wconf 85' lang='lat' dir='ltr'>ex</span> <span class='ocrx_word' id='word_1_496' title='bbox 2603 2924 2800 2982; x_wconf 84' lang='lat' dir='ltr'>aﬂ‘ectu</span> <span class='ocrx_word' id='word_1_497' title='bbox 2826 2933 3024 2982; x_wconf 66' lang='lat' dir='ltr'>nostra:</span> <span class='ocrx_word' id='word_1_498' title='bbox 3043 2925 3396 2981; x_wconf 88' lang='lat' dir='ltr'>humanitatis</span> <span class='ocrx_word' id='word_1_499' title='bbox 3442 2925 3589 2980; x_wconf 86' lang='lat' dir='ltr'>Patri</span> <span class='ocrx_word' id='word_1_500' title='bbox 3617 2925 3814 3000; x_wconf 86' lang='lat' dir='ltr'>digna-</span> 
     </span>
    </p>
   </div>
   <div class='ocr_carea' id='block_1_64' title="bbox 2213 3013 3816 3087">
    <p class='ocr_par' dir='ltr' id='par_1_64' title="bbox 2213 3013 3816 3087">
     <span class='ocr_line' id='line_1_64' title="bbox 2213 3013 3816 3087; baseline 0.002 -19"><span class='ocrx_word' id='word_1_501' title='bbox 2213 3021 2301 3069; x_wconf 91' lang='lat' dir='ltr'>tus</span> <span class='ocrx_word' id='word_1_502' title='bbox 2330 3021 2412 3068; x_wconf 89' lang='lat' dir='ltr'>est</span> <span class='ocrx_word' id='word_1_503' title='bbox 2435 3013 2652 3071; x_wconf 88' lang='lat' dir='ltr'>dicere:</span> <span class='ocrx_word' id='word_1_504' title='bbox 2675 3017 2867 3081; x_wconf 87' lang='lat' dir='ltr'>Pater,</span> <span class='ocrx_word' id='word_1_505' title='bbox 2897 3015 2946 3071; x_wconf 87' lang='lat' dir='ltr'>si</span> <span class='ocrx_word' id='word_1_506' title='bbox 2964 3015 3092 3084; x_wconf 80' lang='lat' dir='ltr'>ﬁeri</span> <span class='ocrx_word' id='word_1_507' title='bbox 3115 3019 3318 3087; x_wconf 80' lang='lat' dir='ltr'>potest,</span> <span class='ocrx_word' id='word_1_508' title='bbox 3353 3019 3614 3071; x_wconf 78' lang='lat' dir='ltr'>transeat</span> <span class='ocrx_word' id='word_1_509' title='bbox 3661 3033 3700 3071; x_wconf 89' lang='lat' dir='ltr'>a</span> <span class='ocrx_word' id='word_1_510' title='bbox 3729 3033 3816 3072; x_wconf 86' lang='lat' dir='ltr'>me</span> 
     </span>
    </p>
   </div>
   <div class='ocr_carea' id='block_1_65' title="bbox 509 3103 3816 3176">
    <p class='ocr_par' dir='ltr' id='par_1_65' title="bbox 509 3103 3816 3176">
     <span class='ocr_line' id='line_1_65' title="bbox 509 3103 3816 3176; baseline -0.001 -14"><span class='ocrx_word' id='word_1_511' title='bbox 509 3103 784 3172; x_wconf 89' lang='lat' dir='ltr'>ciendum,</span> <span class='ocrx_word' id='word_1_512' title='bbox 815 3111 876 3159; x_wconf 91' lang='lat' dir='ltr'>ut</span> <span class='ocrx_word' id='word_1_513' title='bbox 911 3104 1072 3160; x_wconf 89' lang='lat' dir='ltr'>etiam</span> <span class='ocrx_word' id='word_1_514' title='bbox 1102 3106 1372 3162; x_wconf 89' lang='lat' dir='ltr'>moriente</span> <span class='ocrx_word' id='word_1_515' title='bbox 1402 3105 1620 3162; x_wconf 91' lang='lat' dir='ltr'>subdito</span> <span class='ocrx_word' id='word_1_516' title='bbox 1639 3121 1728 3162; x_wconf 91' lang='lat' dir='ltr'>me</span> <span class='ocrx_word' id='word_1_517' title='bbox 1745 3106 1978 3161; x_wconf 89' lang='lat' dir='ltr'>liberum</span> <span class='ocrx_word' id='word_1_518' title='bbox 1997 3106 2120 3161; x_wconf 91' lang='lat' dir='ltr'>red-</span> <span class='ocrx_word' id='word_1_519' title='bbox 2150 3103 2198 3128; x_wconf 69' lang='grc' dir='ltr'>υ</span> <span class='ocrx_word' id='word_1_520' title='bbox 2220 3104 2380 3160; x_wconf 73' lang='lat' dir='ltr'>calix</span> <span class='ocrx_word' id='word_1_521' title='bbox 2397 3105 2504 3160; x_wconf 88' lang='lat' dir='ltr'>iste</span> <span class='ocrx_word' id='word_1_522' title='bbox 2519 3108 2945 3171; x_wconf 86' lang='lat' dir='ltr'>;verumtamen</span> <span class='ocrx_word' id='word_1_523' title='bbox 2974 3121 3090 3161; x_wconf 87' lang='lat' dir='ltr'>non</span> <span class='ocrx_word' id='word_1_524' title='bbox 3111 3105 3264 3162; x_wconf 83' lang='lat' dir='ltr'>sicut</span> <span class='ocrx_word' id='word_1_525' title='bbox 3275 3121 3368 3176; x_wconf 90' lang='lat' dir='ltr'>ego</span> <span class='ocrx_word' id='word_1_526' title='bbox 3383 3106 3524 3174; x_wconf 85' lang='lat' dir='ltr'>volo,</span> <span class='ocrx_word' id='word_1_527' title='bbox 3547 3105 3644 3160; x_wconf 84' lang='lat' dir='ltr'>sed</span> <span class='ocrx_word' id='word_1_528' title='bbox 3664 3105 3816 3161; x_wconf 80' lang='lat' dir='ltr'>sicut</span> 
     </span>
    </p>
   </div>
   <div class='ocr_carea' id='block_1_66' title="bbox 526 3193 2116 3268">
    <p class='ocr_par' dir='ltr' id='par_1_66' title="bbox 526 3193 2116 3268">
     <span class='ocr_line' id='line_1_66' title="bbox 526 3193 2116 3268; baseline 0 -18"><span class='ocrx_word' id='word_1_529' title='bbox 526 3195 669 3262; x_wconf 90' lang='lat' dir='ltr'>dam,</span> <span class='ocrx_word' id='word_1_530' title='bbox 705 3209 952 3266; x_wconf 86' lang='lat' dir='ltr'>surgam,</span> <span class='ocrx_word' id='word_1_531' title='bbox 985 3193 1286 3268; x_wconf 87' lang='lat' dir='ltr'>invigilem,</span> <span class='ocrx_word' id='word_1_532' title='bbox 1317 3195 1478 3251; x_wconf 89' lang='lat' dir='ltr'>malis</span> <span class='ocrx_word' id='word_1_533' title='bbox 1507 3195 1715 3252; x_wconf 89' lang='lat' dir='ltr'>actibus</span> <span class='ocrx_word' id='word_1_534' title='bbox 1733 3193 2116 3264; x_wconf 88' lang='lat' dir='ltr'>contradicam,</span> 
     </span>
    </p>
   </div>
   <div class='ocr_carea' id='block_1_67' title="bbox 519 3283 2118 3357">
    <p class='ocr_par' dir='ltr' id='par_1_67' title="bbox 519 3283 2118 3357">
     <span class='ocr_line' id='line_1_67' title="bbox 519 3283 2118 3357; baseline 0.001 -18"><span class='ocrx_word' id='word_1_535' title='bbox 519 3283 660 3341; x_wconf 91' lang='lat' dir='ltr'>sicut</span> <span class='ocrx_word' id='word_1_536' title='bbox 677 3283 940 3355; x_wconf 90' lang='lat' dir='ltr'>scriptum</span> <span class='ocrx_word' id='word_1_537' title='bbox 959 3291 1080 3340; x_wconf 89' lang='lat' dir='ltr'>est:</span> <span class='ocrx_word' id='word_1_538' title='bbox 1103 3285 1388 3352; x_wconf 86' lang='lat' dir='ltr'>Discurre,</span> <span class='ocrx_word' id='word_1_539' title='bbox 1427 3287 1660 3357; x_wconf 88' lang='lat' dir='ltr'>festina,</span> <span class='ocrx_word' id='word_1_540' title='bbox 1698 3287 1916 3342; x_wconf 77' lang='lat' dir='ltr'>suscita</span> <span class='ocrx_word' id='word_1_541' title='bbox 1965 3287 2118 3341; x_wconf 88' lang='lat' dir='ltr'>ami-</span> 
     </span>
    </p>
   </div>
   <div class='ocr_carea' id='block_1_68' title="bbox 507 3373 2117 3440">
    <p class='ocr_par' dir='ltr' id='par_1_68' title="bbox 507 3373 2117 3440">
     <span class='ocr_line' id='line_1_68' title="bbox 507 3373 2117 3440; baseline -0.001 -9"><span class='ocrx_word' id='word_1_542' title='bbox 507 3390 638 3431; x_wconf 85' lang='lat' dir='ltr'>cum</span> <span class='ocrx_word' id='word_1_543' title='bbox 663 3377 843 3440; x_wconf 90' lang='lat' dir='ltr'>tuum,</span> <span class='ocrx_word' id='word_1_544' title='bbox 869 3390 941 3429; x_wconf 85' lang='lat' dir='ltr'>ne</span> <span class='ocrx_word' id='word_1_545' title='bbox 958 3373 1179 3430; x_wconf 87' lang='lat' dir='ltr'>dederis</span> <span class='ocrx_word' id='word_1_546' title='bbox 1202 3391 1468 3432; x_wconf 84' lang='lat' dir='ltr'>somnum</span> <span class='ocrx_word' id='word_1_547' title='bbox 1486 3375 1664 3432; x_wconf 86' lang='lat' dir='ltr'>oculis</span> <span class='ocrx_word' id='word_1_548' title='bbox 1693 3375 1828 3440; x_wconf 88' lang='lat' dir='ltr'>tuis,</span> <span class='ocrx_word' id='word_1_549' title='bbox 1852 3391 1956 3431; x_wconf 90' lang='lat' dir='ltr'>nec</span> <span class='ocrx_word' id='word_1_550' title='bbox 1984 3375 2117 3431; x_wconf 88' lang='lat' dir='ltr'>dor-</span> 
     </span>
    </p>
   </div>
   <div class='ocr_carea' id='block_1_69' title="bbox 507 3463 2115 3535">
    <p class='ocr_par' dir='ltr' id='par_1_69' title="bbox 507 3463 2115 3535">
     <span class='ocr_line' id='line_1_69' title="bbox 507 3463 2115 3535; baseline 0.001 -17"><span class='ocrx_word' id='word_1_551' title='bbox 507 3463 1006 3535; x_wconf 70' lang='lat' dir='ltr'>mitentpalpebrw</span> <span class='ocrx_word' id='word_1_552' title='bbox 1018 3467 1130 3519; x_wconf 74' lang='lat' dir='ltr'>tua:</span> <span class='ocrx_word' id='word_1_553' title='bbox 1142 3465 1324 3535; x_wconf 89' lang='lat' dir='ltr'>(Prov.</span> <span class='ocrx_word' id='word_1_554' title='bbox 1339 3463 1638 3535; x_wconf 78' lang='lat' dir='ltr'>xxvru).Et</span> <span class='ocrx_word' id='word_1_555' title='bbox 1651 3463 1698 3519; x_wconf 90' lang='lat' dir='ltr'>si</span> <span class='ocrx_word' id='word_1_556' title='bbox 1713 3464 1910 3531; x_wconf 88' lang='lat' dir='ltr'>adhuc,</span> <span class='ocrx_word' id='word_1_557' title='bbox 1927 3471 1985 3518; x_wconf 91' lang='lat' dir='ltr'>ut</span> <span class='ocrx_word' id='word_1_558' title='bbox 1997 3479 2115 3520; x_wconf 73' lang='grc' dir='ltr'>οω-</span> 
     </span>
    </p>
   </div>
   <div class='ocr_carea' id='block_1_70' title="bbox 505 3550 2116 3625">
    <p class='ocr_par' dir='ltr' id='par_1_70' title="bbox 505 3550 2116 3625">
     <span class='ocr_line' id='line_1_70' title="bbox 505 3550 2116 3625; baseline 0.001 -19"><span class='ocrx_word' id='word_1_559' title='bbox 505 3550 632 3622; x_wconf 88' lang='lat' dir='ltr'>pisti</span> <span class='ocrx_word' id='word_1_560' title='bbox 650 3550 706 3606; x_wconf 91' lang='lat' dir='ltr'>in</span> <span class='ocrx_word' id='word_1_561' title='bbox 725 3550 1030 3607; x_wconf 90' lang='lat' dir='ltr'>resistendo</span> <span class='ocrx_word' id='word_1_562' title='bbox 1050 3551 1318 3624; x_wconf 89' lang='lat' dir='ltr'>persistis,</span> <span class='ocrx_word' id='word_1_563' title='bbox 1357 3553 1574 3608; x_wconf 88' lang='lat' dir='ltr'>audiam</span> <span class='ocrx_word' id='word_1_564' title='bbox 1591 3553 1722 3625; x_wconf 91' lang='lat' dir='ltr'>quid</span> <span class='ocrx_word' id='word_1_565' title='bbox 1757 3553 2010 3624; x_wconf 89' lang='lat' dir='ltr'>loquatur</span> <span class='ocrx_word' id='word_1_566' title='bbox 2059 3553 2116 3608; x_wconf 89' lang='lat' dir='ltr'>in</span> 
     </span>
    </p>
   </div>
   <div class='ocr_carea' id='block_1_71' title="bbox 509 3640 2109 3712">
    <p class='ocr_par' dir='ltr' id='par_1_71' title="bbox 509 3640 2109 3712">
     <span class='ocr_line' id='line_1_71' title="bbox 509 3640 2109 3712; baseline 0.002 -17"><span class='ocrx_word' id='word_1_567' title='bbox 509 3656 616 3710; x_wconf 89' lang='lat' dir='ltr'>me,</span> <span class='ocrx_word' id='word_1_568' title='bbox 637 3648 690 3696; x_wconf 90' lang='lat' dir='ltr'>et</span> <span class='ocrx_word' id='word_1_569' title='bbox 704 3641 776 3696; x_wconf 80' lang='lat' dir='ltr'>ad</span> <span class='ocrx_word' id='word_1_570' title='bbox 808 3656 896 3696; x_wconf 90' lang='lat' dir='ltr'>me</span> <span class='ocrx_word' id='word_1_571' title='bbox 934 3640 1003 3696; x_wconf 90' lang='lat' dir='ltr'>de</span> <span class='ocrx_word' id='word_1_572' title='bbox 1037 3641 1419 3698; x_wconf 87' lang='lat' dir='ltr'>resistentibus</span> <span class='ocrx_word' id='word_1_573' title='bbox 1446 3642 1712 3697; x_wconf 90' lang='lat' dir='ltr'>Dominus</span> <span class='ocrx_word' id='word_1_574' title='bbox 1753 3643 1918 3698; x_wconf 89' lang='lat' dir='ltr'>Deus.</span> <span class='ocrx_word' id='word_1_575' title='bbox 1951 3644 2109 3712; x_wconf 86' lang='lat' dir='ltr'>Ecce,</span> 
     </span>
    </p>
   </div>
   <div class='ocr_carea' id='block_1_72' title="bbox 507 3729 2112 3802">
    <p class='ocr_par' dir='ltr' id='par_1_72' title="bbox 507 3729 2112 3802">
     <span class='ocr_line' id='line_1_72' title="bbox 507 3729 2112 3802; baseline 0.002 -17"><span class='ocrx_word' id='word_1_576' title='bbox 507 3730 790 3802; x_wconf 88' lang='lat' dir='ltr'>inquiens,</span> <span class='ocrx_word' id='word_1_577' title='bbox 799 3729 930 3786; x_wconf 83' lang='lat' dir='ltr'>dedi</span> <span class='ocrx_word' id='word_1_578' title='bbox 942 3731 1154 3801; x_wconf 78' lang='lat' dir='ltr'>faciem</span> <span class='ocrx_word' id='word_1_579' title='bbox 1172 3734 1332 3787; x_wconf 85' lang='lat' dir='ltr'>tuam</span> <span class='ocrx_word' id='word_1_580' title='bbox 1349 3732 1720 3787; x_wconf 84' lang='lat' dir='ltr'>valentiorem</span> <span class='ocrx_word' id='word_1_581' title='bbox 1743 3731 1996 3801; x_wconf 77' lang='lat' dir='ltr'>faciebas</span> <span class='ocrx_word' id='word_1_582' title='bbox 2016 3747 2112 3788; x_wconf 90' lang='lat' dir='ltr'>eo-</span> 
     </span>
    </p>
   </div>
   <div class='ocr_carea' id='block_1_73' title="bbox 508 3820 2116 3890">
    <p class='ocr_par' dir='ltr' id='par_1_73' title="bbox 508 3820 2116 3890">
     <span class='ocr_line' id='line_1_73' title="bbox 508 3820 2116 3890; baseline 0 -16"><span class='ocrx_word' id='word_1_583' title='bbox 508 3835 660 3884; x_wconf 86' lang='lat' dir='ltr'>rum,</span> <span class='ocrx_word' id='word_1_584' title='bbox 685 3821 742 3874; x_wconf 88' lang='lat' dir='ltr'>et</span> <span class='ocrx_word' id='word_1_585' title='bbox 761 3820 1012 3888; x_wconf 81' lang='lat' dir='ltr'>frontem</span> <span class='ocrx_word' id='word_1_586' title='bbox 1025 3821 1185 3874; x_wconf 87' lang='lat' dir='ltr'>tuam</span> <span class='ocrx_word' id='word_1_587' title='bbox 1206 3820 1493 3876; x_wconf 85' lang='lat' dir='ltr'>duriorem</span> <span class='ocrx_word' id='word_1_588' title='bbox 1508 3821 1792 3890; x_wconf 82' lang='lat' dir='ltr'>frontibus</span> <span class='ocrx_word' id='word_1_589' title='bbox 1826 3823 2116 3886; x_wconf 86' lang='lat' dir='ltr'>eorum,ut</span> 
     </span>
    </p>
   </div>
   <div class='ocr_carea' id='block_1_74' title="bbox 515 3905 2106 3978">
    <p class='ocr_par' dir='ltr' id='par_1_74' title="bbox 515 3905 2106 3978">
     <span class='ocr_line' id='line_1_74' title="bbox 515 3905 2106 3978; baseline 0 -16"><span class='ocrx_word' id='word_1_590' title='bbox 515 3905 968 3974; x_wconf 85' lang='lat' dir='ltr'>adamantem,et</span> <span class='ocrx_word' id='word_1_591' title='bbox 983 3910 1048 3961; x_wconf 88' lang='lat' dir='ltr'>ut</span> <span class='ocrx_word' id='word_1_592' title='bbox 1071 3907 1290 3962; x_wconf 84' lang='lat' dir='ltr'>silicem</span> <span class='ocrx_word' id='word_1_593' title='bbox 1310 3907 1440 3962; x_wconf 86' lang='lat' dir='ltr'>dedi</span> <span class='ocrx_word' id='word_1_594' title='bbox 1459 3910 1668 3978; x_wconf 82' lang='lat' dir='ltr'>faciem</span> <span class='ocrx_word' id='word_1_595' title='bbox 1692 3911 1851 3963; x_wconf 86' lang='lat' dir='ltr'>tuam</span> <span class='ocrx_word' id='word_1_596' title='bbox 1885 3907 2106 3978; x_wconf 77' lang='lat' dir='ltr'>(Ezech.</span> 
     </span>
    </p>
   </div>
   <div class='ocr_carea' id='block_1_75' title="bbox 507 3992 2109 4069">
    <p class='ocr_par' dir='ltr' id='par_1_75' title="bbox 507 3992 2109 4069">
     <span class='ocr_line' id='line_1_75' title="bbox 507 3992 2109 4069; baseline 0.004 -22"><span class='ocrx_word' id='word_1_597' title='bbox 507 3993 614 4063; x_wconf 87' lang='grc' dir='ltr'><strong>ιιι),</strong></span> <span class='ocrx_word' id='word_1_598' title='bbox 645 3992 856 4048; x_wconf 89' lang='lat' dir='ltr'>scilicet</span> <span class='ocrx_word' id='word_1_599' title='bbox 881 4000 940 4048; x_wconf 91' lang='lat' dir='ltr'>ut</span> <span class='ocrx_word' id='word_1_600' title='bbox 958 3993 1073 4050; x_wconf 90' lang='lat' dir='ltr'>sive</span> <span class='ocrx_word' id='word_1_601' title='bbox 1091 3995 1160 4049; x_wconf 89' lang='lat' dir='ltr'>ab</span> <span class='ocrx_word' id='word_1_602' title='bbox 1176 3993 1514 4051; x_wconf 87' lang='lat' dir='ltr'>auditoribus</span> <span class='ocrx_word' id='word_1_603' title='bbox 1533 3996 1823 4052; x_wconf 90' lang='lat' dir='ltr'>conculcer</span> <span class='ocrx_word' id='word_1_604' title='bbox 1838 4003 2001 4069; x_wconf 90' lang='lat' dir='ltr'>atque</span> <span class='ocrx_word' id='word_1_605' title='bbox 2014 3997 2109 4052; x_wconf 93' lang='lat' dir='ltr'>de-</span> 
     </span>
    </p>
   </div>
   <div class='ocr_carea' id='block_1_76' title="bbox 506 4080 2108 4159">
    <p class='ocr_par' dir='ltr' id='par_1_76' title="bbox 506 4080 2108 4159">
     <span class='ocr_line' id='line_1_76' title="bbox 506 4080 2108 4159; baseline 0.004 -23"><span class='ocrx_word' id='word_1_606' title='bbox 506 4080 728 4152; x_wconf 87' lang='lat' dir='ltr'>spiciar,</span> <span class='ocrx_word' id='word_1_607' title='bbox 753 4096 856 4137; x_wconf 91' lang='lat' dir='ltr'>nec</span> <span class='ocrx_word' id='word_1_608' title='bbox 874 4097 973 4152; x_wconf 92' lang='lat' dir='ltr'>per</span> <span class='ocrx_word' id='word_1_609' title='bbox 991 4081 1229 4138; x_wconf 83' lang='lat' dir='ltr'>delatum</span> <span class='ocrx_word' id='word_1_610' title='bbox 1257 4083 1520 4140; x_wconf 86' lang='lat' dir='ltr'>honorem</span> <span class='ocrx_word' id='word_1_611' title='bbox 1560 4085 1866 4141; x_wconf 84' lang='lat' dir='ltr'>refrenetur</span> <span class='ocrx_word' id='word_1_612' title='bbox 1919 4086 2108 4159; x_wconf 87' lang='lat' dir='ltr'>lingua</span> 
     </span>
    </p>
   </div>
   <div class='ocr_carea' id='block_1_77' title="bbox 505 4169 2109 4244">
    <p class='ocr_par' dir='ltr' id='par_1_77' title="bbox 505 4169 2109 4244">
     <span class='ocr_line' id='line_1_77' title="bbox 505 4169 2109 4244; baseline 0.003 -19"><span class='ocrx_word' id='word_1_613' title='bbox 505 4185 573 4225; x_wconf 85' lang='lat' dir='ltr'>ex</span> <span class='ocrx_word' id='word_1_614' title='bbox 601 4169 946 4238; x_wconf 87' lang='lat' dir='ltr'>verecundia,</span> <span class='ocrx_word' id='word_1_615' title='bbox 977 4187 1080 4227; x_wconf 88' lang='lat' dir='ltr'>nec</span> <span class='ocrx_word' id='word_1_616' title='bbox 1109 4188 1208 4242; x_wconf 91' lang='lat' dir='ltr'>per</span> <span class='ocrx_word' id='word_1_617' title='bbox 1237 4173 1552 4244; x_wconf 89' lang='lat' dir='ltr'>despectum</span> <span class='ocrx_word' id='word_1_618' title='bbox 1581 4181 1755 4231; x_wconf 90' lang='lat' dir='ltr'>taceat</span> <span class='ocrx_word' id='word_1_619' title='bbox 1783 4191 1850 4230; x_wconf 81' lang='lat' dir='ltr'>ex</span> <span class='ocrx_word' id='word_1_620' title='bbox 1885 4175 2109 4230; x_wconf 85' lang='lat' dir='ltr'>inﬁrmi-</span> 
     </span>
    </p>
   </div>
   <div class='ocr_carea' id='block_1_78' title="bbox 505 4259 2100 4334">
    <p class='ocr_par' dir='ltr' id='par_1_78' title="bbox 505 4259 2100 4334">
     <span class='ocr_line' id='line_1_78' title="bbox 505 4259 2100 4334; baseline 0.006 -22"><span class='ocrx_word' id='word_1_621' title='bbox 505 4265 632 4314; x_wconf 91' lang='lat' dir='ltr'>tate.</span> <span class='ocrx_word' id='word_1_622' title='bbox 669 4259 826 4314; x_wconf 91' lang='lat' dir='ltr'>Unde</span> <span class='ocrx_word' id='word_1_623' title='bbox 855 4259 1054 4315; x_wconf 87' lang='lat' dir='ltr'>iterum</span> <span class='ocrx_word' id='word_1_624' title='bbox 1083 4260 1216 4316; x_wconf 89' lang='lat' dir='ltr'>mihi</span> <span class='ocrx_word' id='word_1_625' title='bbox 1245 4262 1352 4318; x_wconf 89' lang='lat' dir='ltr'>dici</span> <span class='ocrx_word' id='word_1_626' title='bbox 1383 4263 1647 4320; x_wconf 84' lang='lat' dir='ltr'>exaudio:</span> <span class='ocrx_word' id='word_1_627' title='bbox 1673 4265 1750 4321; x_wconf 89' lang='lat' dir='ltr'>Ne</span> <span class='ocrx_word' id='word_1_628' title='bbox 1773 4266 1975 4320; x_wconf 83' lang='lat' dir='ltr'>timeas</span> <span class='ocrx_word' id='word_1_629' title='bbox 1992 4282 2100 4334; x_wconf 88' lang='lat' dir='ltr'>eos,</span> 
     </span>
    </p>
   </div>
   <div class='ocr_carea' id='block_1_79' title="bbox 506 4353 2106 4427">
    <p class='ocr_par' dir='ltr' id='par_1_79' title="bbox 506 4353 2106 4427">
     <span class='ocr_line' id='line_1_79' title="bbox 506 4353 2106 4427; baseline 0.004 -22"><span class='ocrx_word' id='word_1_630' title='bbox 506 4365 684 4422; x_wconf 86' lang='lat' dir='ltr'>neque</span> <span class='ocrx_word' id='word_1_631' title='bbox 701 4353 924 4406; x_wconf 86' lang='lat' dir='ltr'>metuas</span> <span class='ocrx_word' id='word_1_632' title='bbox 937 4367 972 4406; x_wconf 93' lang='lat' dir='ltr'>a</span> <span class='ocrx_word' id='word_1_633' title='bbox 979 4353 1129 4421; x_wconf 85' lang='lat' dir='ltr'>facie</span> <span class='ocrx_word' id='word_1_634' title='bbox 1143 4367 1354 4420; x_wconf 89' lang='lat' dir='ltr'>eorum,</span> <span class='ocrx_word' id='word_1_635' title='bbox 1371 4354 1502 4426; x_wconf 87' lang='lat' dir='ltr'>quia</span> <span class='ocrx_word' id='word_1_636' title='bbox 1515 4355 1732 4421; x_wconf 88' lang='lat' dir='ltr'>domus,</span> <span class='ocrx_word' id='word_1_637' title='bbox 1759 4370 2106 4427; x_wconf 75' lang='lat' dir='ltr'>exasperans</span> 
     </span>
    </p>
   </div>
   <div class='ocr_carea' id='block_1_80' title="bbox 2225 3192 3814 3264">
    <p class='ocr_par' dir='ltr' id='par_1_80' title="bbox 2225 3192 3814 3264">
     <span class='ocr_line' id='line_1_80' title="bbox 2225 3192 3814 3264; baseline 0 -16"><span class='ocrx_word' id='word_1_638' title='bbox 2225 3197 2286 3248; x_wconf 88' lang='lat' dir='ltr'>tu</span> <span class='ocrx_word' id='word_1_639' title='bbox 2305 3194 2388 3248; x_wconf 85' lang='lat' dir='ltr'>vis</span> <span class='ocrx_word' id='word_1_640' title='bbox 2401 3193 2620 3262; x_wconf 84' lang='lat' dir='ltr'>(Matth.</span> <span class='ocrx_word' id='word_1_641' title='bbox 2645 3194 2916 3264; x_wconf 79' lang='lat' dir='ltr'>xxvr).Et</span> <span class='ocrx_word' id='word_1_642' title='bbox 2941 3193 3071 3248; x_wconf 91' lang='lat' dir='ltr'>item</span> <span class='ocrx_word' id='word_1_643' title='bbox 3106 3211 3120 3247; x_wconf 92' lang='lat'>:</span> <span class='ocrx_word' id='word_1_644' title='bbox 3154 3193 3350 3264; x_wconf 91' lang='lat' dir='ltr'>spiritu</span> <span class='ocrx_word' id='word_1_645' title='bbox 3379 3208 3476 3248; x_wconf 91' lang='lat' dir='ltr'>suo</span> <span class='ocrx_word' id='word_1_646' title='bbox 3505 3193 3574 3249; x_wconf 92' lang='lat' dir='ltr'>de</span> <span class='ocrx_word' id='word_1_647' title='bbox 3623 3209 3694 3250; x_wconf 91' lang='lat' dir='ltr'>eo</span> <span class='ocrx_word' id='word_1_648' title='bbox 3723 3192 3814 3264; x_wconf 90' lang='lat' dir='ltr'>qui</span> 
     </span>
    </p>
   </div>
   <div class='ocr_carea' id='block_1_81' title="bbox 2218 3281 3816 3353">
    <p class='ocr_par' dir='ltr' id='par_1_81' title="bbox 2218 3281 3816 3353">
     <span class='ocr_line' id='line_1_81' title="bbox 2218 3281 3816 3353; baseline 0.001 -17"><span class='ocrx_word' id='word_1_649' title='bbox 2218 3282 2336 3351; x_wconf 89' lang='lat' dir='ltr'>ejus</span> <span class='ocrx_word' id='word_1_650' title='bbox 2365 3297 2488 3338; x_wconf 90' lang='lat' dir='ltr'>esse</span> <span class='ocrx_word' id='word_1_651' title='bbox 2517 3281 2821 3349; x_wconf 89' lang='lat' dir='ltr'>videbatur,</span> <span class='ocrx_word' id='word_1_652' title='bbox 2845 3282 3094 3353; x_wconf 71' lang='lat' dir='ltr'>praedixit</span> <span class='ocrx_word' id='word_1_653' title='bbox 3119 3299 3132 3337; x_wconf 95' lang='lat'>:</span> <span class='ocrx_word' id='word_1_654' title='bbox 3156 3283 3216 3340; x_wconf 89' lang='lat' dir='ltr'>Si</span> <span class='ocrx_word' id='word_1_655' title='bbox 3233 3282 3503 3339; x_wconf 85' lang='lat' dir='ltr'>inimicus</span> <span class='ocrx_word' id='word_1_656' title='bbox 3513 3299 3678 3338; x_wconf 89' lang='lat' dir='ltr'>meus</span> <span class='ocrx_word' id='word_1_657' title='bbox 3699 3299 3816 3338; x_wconf 83' lang='lat' dir='ltr'>ma-</span> 
     </span>
    </p>
   </div>
   <div class='ocr_carea' id='block_1_82' title="bbox 2219 3370 3814 3444">
    <p class='ocr_par' dir='ltr' id='par_1_82' title="bbox 2219 3370 3814 3444">
     <span class='ocr_line' id='line_1_82' title="bbox 2219 3370 3814 3444; baseline 0.002 -19"><span class='ocrx_word' id='word_1_658' title='bbox 2219 3370 2515 3428; x_wconf 72' lang='lat' dir='ltr'>ledixisset</span> <span class='ocrx_word' id='word_1_659' title='bbox 2542 3371 2708 3438; x_wconf 87' lang='lat' dir='ltr'>mihi,</span> <span class='ocrx_word' id='word_1_660' title='bbox 2730 3375 3146 3444; x_wconf 86' lang='lat' dir='ltr'>supportassem</span> <span class='ocrx_word' id='word_1_661' title='bbox 3165 3374 3392 3444; x_wconf 86' lang='lat' dir='ltr'>utique:</span> <span class='ocrx_word' id='word_1_662' title='bbox 3417 3375 3481 3428; x_wconf 88' lang='lat' dir='ltr'>tu</span> <span class='ocrx_word' id='word_1_663' title='bbox 3499 3388 3628 3428; x_wconf 84' lang='lat' dir='ltr'>vero</span> <span class='ocrx_word' id='word_1_664' title='bbox 3650 3371 3814 3428; x_wconf 88' lang='lat' dir='ltr'>homo</span> 
     </span>
    </p>
   </div>
   <div class='ocr_carea' id='block_1_83' title="bbox 2214 3460 3816 3534">
    <p class='ocr_par' dir='ltr' id='par_1_83' title="bbox 2214 3460 3816 3534">
     <span class='ocr_line' id='line_1_83' title="bbox 2214 3460 3816 3534; baseline 0 -18"><span class='ocrx_word' id='word_1_665' title='bbox 2214 3460 2510 3516; x_wconf 84' lang='lat' dir='ltr'>unanimis</span> <span class='ocrx_word' id='word_1_666' title='bbox 2531 3461 2652 3516; x_wconf 77' lang='lat' dir='ltr'>dua:</span> <span class='ocrx_word' id='word_1_667' title='bbox 2671 3475 2850 3528; x_wconf 89' lang='lat' dir='ltr'>meus,</span> <span class='ocrx_word' id='word_1_668' title='bbox 2865 3465 2921 3517; x_wconf 89' lang='lat' dir='ltr'>et</span> <span class='ocrx_word' id='word_1_669' title='bbox 2939 3465 3108 3518; x_wconf 72' lang='lat' dir='ltr'>notus</span> <span class='ocrx_word' id='word_1_670' title='bbox 3127 3477 3305 3526; x_wconf 87' lang='lat' dir='ltr'>meus,</span> <span class='ocrx_word' id='word_1_671' title='bbox 3329 3463 3425 3534; x_wconf 86' lang='lat' dir='ltr'>qui</span> <span class='ocrx_word' id='word_1_672' title='bbox 3434 3462 3816 3517; x_wconf 74' lang='lat' dir='ltr'>sim-ulmeam</span> 
     </span>
    </p>
   </div>
   <div class='ocr_carea' id='block_1_84' title="bbox 2214 3548 3808 3622">
    <p class='ocr_par' dir='ltr' id='par_1_84' title="bbox 2214 3548 3808 3622">
     <span class='ocr_line' id='line_1_84' title="bbox 2214 3548 3808 3622; baseline 0.001 -18"><span class='ocrx_word' id='word_1_673' title='bbox 2214 3548 2405 3605; x_wconf 85' lang='lat' dir='ltr'>dulces</span> <span class='ocrx_word' id='word_1_674' title='bbox 2425 3550 2684 3622; x_wconf 86' lang='lat' dir='ltr'>capiebas</span> <span class='ocrx_word' id='word_1_675' title='bbox 2699 3551 2844 3606; x_wconf 84' lang='lat' dir='ltr'>cibos</span> <span class='ocrx_word' id='word_1_676' title='bbox 2865 3552 2929 3606; x_wconf 86' lang='lat' dir='ltr'>in</span> <span class='ocrx_word' id='word_1_677' title='bbox 2950 3551 3108 3607; x_wconf 90' lang='lat' dir='ltr'>domo</span> <span class='ocrx_word' id='word_1_678' title='bbox 3124 3552 3225 3606; x_wconf 89' lang='lat' dir='ltr'>Dei</span> <span class='ocrx_word' id='word_1_679' title='bbox 3239 3550 3658 3606; x_wconf 83' lang='lat' dir='ltr'>ambulavimus</span> <span class='ocrx_word' id='word_1_680' title='bbox 3675 3566 3808 3606; x_wconf 87' lang='lat' dir='ltr'>cum</span> 
     </span>
    </p>
   </div>
   <div class='ocr_carea' id='block_1_85' title="bbox 2212 3639 3814 3712">
    <p class='ocr_par' dir='ltr' id='par_1_85' title="bbox 2212 3639 3814 3712">
     <span class='ocr_line' id='line_1_85' title="bbox 2212 3639 3814 3712; baseline 0.001 -18"><span class='ocrx_word' id='word_1_681' title='bbox 2212 3653 2491 3695; x_wconf 86' lang='lat' dir='ltr'>consensu</span> <span class='ocrx_word' id='word_1_682' title='bbox 2511 3639 2836 3711; x_wconf 81' lang='lat' dir='ltr'>(Psal.Lrv).</span> <span class='ocrx_word' id='word_1_683' title='bbox 2868 3641 3034 3696; x_wconf 87' lang='lat' dir='ltr'>Homo</span> <span class='ocrx_word' id='word_1_684' title='bbox 3065 3639 3268 3696; x_wconf 89' lang='lat' dir='ltr'>scilicet</span> <span class='ocrx_word' id='word_1_685' title='bbox 3287 3640 3444 3712; x_wconf 81' lang='lat' dir='ltr'>pacis</span> <span class='ocrx_word' id='word_1_686' title='bbox 3461 3655 3600 3694; x_wconf 69' lang='lat' dir='ltr'>mete</span> <span class='ocrx_word' id='word_1_687' title='bbox 3611 3641 3678 3696; x_wconf 88' lang='lat' dir='ltr'>in</span> <span class='ocrx_word' id='word_1_688' title='bbox 3709 3655 3814 3712; x_wconf 86' lang='lat' dir='ltr'>quo</span> 
     </span>
    </p>
   </div>
   <div class='ocr_carea' id='block_1_86' title="bbox 2210 3729 3816 3802">
    <p class='ocr_par' dir='ltr' id='par_1_86' title="bbox 2210 3729 3816 3802">
     <span class='ocr_line' id='line_1_86' title="bbox 2210 3729 3816 3802; baseline 0.001 -19"><span class='ocrx_word' id='word_1_689' title='bbox 2210 3729 2521 3800; x_wconf 86' lang='lat' dir='ltr'>sperabam,</span> <span class='ocrx_word' id='word_1_690' title='bbox 2548 3730 2642 3802; x_wconf 88' lang='lat' dir='ltr'>qui</span> <span class='ocrx_word' id='word_1_691' title='bbox 2659 3729 2854 3785; x_wconf 84' lang='lat' dir='ltr'>edebat</span> <span class='ocrx_word' id='word_1_692' title='bbox 2867 3745 3046 3801; x_wconf 86' lang='lat' dir='ltr'>panes</span> <span class='ocrx_word' id='word_1_693' title='bbox 3074 3745 3245 3798; x_wconf 87' lang='lat' dir='ltr'>meos,</span> <span class='ocrx_word' id='word_1_694' title='bbox 3273 3729 3480 3784; x_wconf 84' lang='lat' dir='ltr'>levavit</span> <span class='ocrx_word' id='word_1_695' title='bbox 3493 3733 3702 3785; x_wconf 83' lang='lat' dir='ltr'>contra</span> <span class='ocrx_word' id='word_1_696' title='bbox 3721 3743 3816 3784; x_wconf 88' lang='lat' dir='ltr'>me</span> 
     </span>
    </p>
   </div>
   <div class='ocr_carea' id='block_1_87' title="bbox 2209 3817 3810 3888">
    <p class='ocr_par' dir='ltr' id='par_1_87' title="bbox 2209 3817 3810 3888">
     <span class='ocr_line' id='line_1_87' title="bbox 2209 3817 3810 3888; baseline 0 -16"><span class='ocrx_word' id='word_1_697' title='bbox 2209 3817 2542 3874; x_wconf 87' lang='lat' dir='ltr'>calcaneum</span> <span class='ocrx_word' id='word_1_698' title='bbox 2565 3833 2732 3874; x_wconf 88' lang='lat' dir='ltr'>suum</span> <span class='ocrx_word' id='word_1_699' title='bbox 2761 3819 2942 3888; x_wconf 84' lang='lat' dir='ltr'>(Joan.</span> <span class='ocrx_word' id='word_1_700' title='bbox 2977 3819 3222 3888; x_wconf 75' lang='lat' dir='ltr'>x111):ac</span> <span class='ocrx_word' id='word_1_701' title='bbox 3251 3817 3298 3872; x_wconf 92' lang='lat' dir='ltr'>si</span> <span class='ocrx_word' id='word_1_702' title='bbox 3347 3823 3532 3888; x_wconf 89' lang='lat' dir='ltr'>aperte</span> <span class='ocrx_word' id='word_1_703' title='bbox 3579 3817 3810 3882; x_wconf 86' lang='lat' dir='ltr'>diceret,</span> 
     </span>
    </p>
   </div>
   <div class='ocr_carea' id='block_1_88' title="bbox 2209 3906 3818 3979">
    <p class='ocr_par' dir='ltr' id='par_1_88' title="bbox 2209 3906 3818 3979">
     <span class='ocr_line' id='line_1_88' title="bbox 2209 3906 3818 3979; baseline 0.001 -18"><span class='ocrx_word' id='word_1_704' title='bbox 2209 3906 2352 3977; x_wconf 90' lang='lat' dir='ltr'>quod</span> <span class='ocrx_word' id='word_1_705' title='bbox 2381 3914 2528 3962; x_wconf 90' lang='lat' dir='ltr'>tanto</span> <span class='ocrx_word' id='word_1_706' title='bbox 2555 3906 2774 3979; x_wconf 88' lang='lat' dir='ltr'>gravius</span> <span class='ocrx_word' id='word_1_707' title='bbox 2803 3907 3022 3979; x_wconf 86' lang='lat' dir='ltr'>pertuli,</span> <span class='ocrx_word' id='word_1_708' title='bbox 3047 3915 3251 3979; x_wconf 90' lang='lat' dir='ltr'>quanto</span> <span class='ocrx_word' id='word_1_709' title='bbox 3279 3906 3394 3962; x_wconf 73' lang='lat' dir='ltr'>haec</span> <span class='ocrx_word' id='word_1_710' title='bbox 3451 3906 3522 3960; x_wconf 89' lang='lat' dir='ltr'>ab</span> <span class='ocrx_word' id='word_1_711' title='bbox 3579 3921 3646 3962; x_wconf 91' lang='lat' dir='ltr'>eo</span> <span class='ocrx_word' id='word_1_712' title='bbox 3723 3907 3818 3978; x_wconf 87' lang='lat' dir='ltr'>qui</span> 
     </span>
    </p>
   </div>
   <div class='ocr_carea' id='block_1_89' title="bbox 2207 3994 3814 4067">
    <p class='ocr_par' dir='ltr' id='par_1_89' title="bbox 2207 3994 3814 4067">
     <span class='ocr_line' id='line_1_89' title="bbox 2207 3994 3814 4067; baseline -0.001 -18"><span class='ocrx_word' id='word_1_713' title='bbox 2207 4010 2364 4050; x_wconf 90' lang='lat' dir='ltr'>meus</span> <span class='ocrx_word' id='word_1_714' title='bbox 2405 4011 2529 4050; x_wconf 89' lang='lat' dir='ltr'>esse</span> <span class='ocrx_word' id='word_1_715' title='bbox 2557 3995 2843 4052; x_wconf 90' lang='lat' dir='ltr'>videbatur</span> <span class='ocrx_word' id='word_1_716' title='bbox 2869 3995 3016 4052; x_wconf 84' lang='lat' dir='ltr'>sensi</span> <span class='ocrx_word' id='word_1_717' title='bbox 3049 4013 3064 4051; x_wconf 91' lang='lat'>:</span> <span class='ocrx_word' id='word_1_718' title='bbox 3095 3996 3194 4051; x_wconf 92' lang='lat' dir='ltr'>sed</span> <span class='ocrx_word' id='word_1_719' title='bbox 3222 3995 3348 4050; x_wconf 91' lang='lat' dir='ltr'>licet</span> <span class='ocrx_word' id='word_1_720' title='bbox 3375 3994 3502 4050; x_wconf 88' lang='lat' dir='ltr'>hinc</span> <span class='ocrx_word' id='word_1_721' title='bbox 3540 4009 3680 4067; x_wconf 88' lang='lat' dir='ltr'>erga</span> <span class='ocrx_word' id='word_1_722' title='bbox 3724 4009 3814 4049; x_wconf 87' lang='lat' dir='ltr'>me</span> 
     </span>
    </p>
   </div>
   <div class='ocr_carea' id='block_1_90' title="bbox 2205 4082 3814 4160">
    <p class='ocr_par' dir='ltr' id='par_1_90' title="bbox 2205 4082 3814 4160">
     <span class='ocr_line' id='line_1_90' title="bbox 2205 4082 3814 4160; baseline -0.001 -22"><span class='ocrx_word' id='word_1_723' title='bbox 2205 4082 2380 4154; x_wconf 89' lang='lat' dir='ltr'>pietas</span> <span class='ocrx_word' id='word_1_724' title='bbox 2401 4099 2494 4140; x_wconf 93' lang='lat' dir='ltr'>cor</span> <span class='ocrx_word' id='word_1_725' title='bbox 2521 4092 2670 4140; x_wconf 89' lang='lat' dir='ltr'>tuum</span> <span class='ocrx_word' id='word_1_726' title='bbox 2699 4101 2810 4140; x_wconf 92' lang='lat' dir='ltr'>non</span> <span class='ocrx_word' id='word_1_727' title='bbox 2837 4092 3044 4160; x_wconf 80' lang='lat' dir='ltr'>tangat,</span> <span class='ocrx_word' id='word_1_728' title='bbox 3075 4085 3236 4140; x_wconf 90' lang='lat' dir='ltr'>timor</span> <span class='ocrx_word' id='word_1_729' title='bbox 3265 4092 3448 4139; x_wconf 88' lang='lat' dir='ltr'>tamen</span> <span class='ocrx_word' id='word_1_730' title='bbox 3467 4083 3601 4138; x_wconf 91' lang='lat' dir='ltr'>illud</span> <span class='ocrx_word' id='word_1_731' title='bbox 3645 4083 3814 4138; x_wconf 89' lang='lat' dir='ltr'>debet</span> 
     </span>
    </p>
   </div>
   <div class='ocr_carea' id='block_1_91' title="bbox 2205 4171 3814 4246">
    <p class='ocr_par' dir='ltr' id='par_1_91' title="bbox 2205 4171 3814 4246">
     <span class='ocr_line' id='line_1_91' title="bbox 2205 4171 3814 4246; baseline -0.001 -18"><span class='ocrx_word' id='word_1_732' title='bbox 2205 4189 2596 4246; x_wconf 88' lang='lat' dir='ltr'>compungere,</span> <span class='ocrx_word' id='word_1_733' title='bbox 2642 4175 2766 4246; x_wconf 90' lang='lat' dir='ltr'>quia</span> <span class='ocrx_word' id='word_1_734' title='bbox 2795 4174 3134 4231; x_wconf 88' lang='lat' dir='ltr'>contumacia</span> <span class='ocrx_word' id='word_1_735' title='bbox 3181 4181 3236 4230; x_wconf 92' lang='lat' dir='ltr'>et</span> <span class='ocrx_word' id='word_1_736' title='bbox 3277 4171 3648 4229; x_wconf 88' lang='lat' dir='ltr'>inobedientia</span> <span class='ocrx_word' id='word_1_737' title='bbox 3726 4181 3814 4227; x_wconf 89' lang='lat' dir='ltr'>tua</span> 
     </span>
    </p>
   </div>
   <div class='ocr_carea' id='block_1_92' title="bbox 2205 4261 3816 4336">
    <p class='ocr_par' dir='ltr' id='par_1_92' title="bbox 2205 4261 3816 4336">
     <span class='ocr_line' id='line_1_92' title="bbox 2205 4261 3816 4336; baseline -0.001 -19"><span class='ocrx_word' id='word_1_738' title='bbox 2205 4262 2569 4336; x_wconf 88' lang='lat' dir='ltr'>qualicunque</span> <span class='ocrx_word' id='word_1_739' title='bbox 2599 4263 2906 4320; x_wconf 89' lang='lat' dir='ltr'>successori</span> <span class='ocrx_word' id='word_1_740' title='bbox 2939 4263 3086 4320; x_wconf 86' lang='lat' dir='ltr'>beati</span> <span class='ocrx_word' id='word_1_741' title='bbox 3115 4262 3348 4334; x_wconf 86' lang='lat' dir='ltr'>Remigii</span> <span class='ocrx_word' id='word_1_742' title='bbox 3385 4263 3442 4316; x_wconf 93' lang='lat' dir='ltr'>in</span> <span class='ocrx_word' id='word_1_743' title='bbox 3495 4261 3816 4332; x_wconf 86' lang='lat' dir='ltr'>metropoli-</span> 
     </span>
    </p>
   </div>
   <div class='ocr_carea' id='block_1_93' title="bbox 2203 4349 3814 4424">
    <p class='ocr_par' dir='ltr' id='par_1_93' title="bbox 2203 4349 3814 4424">
     <span class='ocr_line' id='line_1_93' title="bbox 2203 4349 3814 4424; baseline 0 -20"><span class='ocrx_word' id='word_1_744' title='bbox 2203 4357 2331 4407; x_wconf 87' lang='lat' dir='ltr'>tana</span> <span class='ocrx_word' id='word_1_745' title='bbox 2361 4353 2492 4408; x_wconf 90' lang='lat' dir='ltr'>sede</span> <span class='ocrx_word' id='word_1_746' title='bbox 2521 4351 2694 4424; x_wconf 90' lang='lat' dir='ltr'>ipsius</span> <span class='ocrx_word' id='word_1_747' title='bbox 2724 4361 2829 4408; x_wconf 90' lang='lat' dir='ltr'>ate</span> <span class='ocrx_word' id='word_1_748' title='bbox 2851 4353 2983 4408; x_wconf 90' lang='lat' dir='ltr'>mihi</span> <span class='ocrx_word' id='word_1_749' title='bbox 3013 4352 3164 4408; x_wconf 89' lang='lat' dir='ltr'>illata</span> <span class='ocrx_word' id='word_1_750' title='bbox 3179 4352 3237 4406; x_wconf 92' lang='lat' dir='ltr'>in</span> <span class='ocrx_word' id='word_1_751' title='bbox 3256 4368 3379 4408; x_wconf 87' lang='lat' dir='ltr'>eum</span> <span class='ocrx_word' id='word_1_752' title='bbox 3399 4349 3695 4417; x_wconf 89' lang='lat' dir='ltr'>redundat,</span> <span class='ocrx_word' id='word_1_753' title='bbox 3717 4350 3814 4422; x_wconf 88' lang='lat' dir='ltr'>qui</span> 
     </span>
    </p>
   </div>
   <div class='ocr_carea' id='block_1_94' title="bbox 505 4430 3817 4513">
    <p class='ocr_par' dir='ltr' id='par_1_94' title="bbox 505 4430 3817 4513">
     <span class='ocr_line' id='line_1_94' title="bbox 505 4430 3817 4513; baseline 0 -19"><span class='ocrx_word' id='word_1_754' title='bbox 505 4442 590 4495; x_wconf 89' lang='lat' dir='ltr'>est</span> <span class='ocrx_word' id='word_1_755' title='bbox 606 4438 826 4509; x_wconf 66' lang='lat' dir='ltr'>(Ezech.</span> <span class='ocrx_word' id='word_1_756' title='bbox 849 4439 930 4508; x_wconf 91' lang='grc' dir='ltr'><strong>ιι).</strong></span> <span class='ocrx_word' id='word_1_757' title='bbox 957 4440 1145 4513; x_wconf 89' lang='lat' dir='ltr'>Itaque</span> <span class='ocrx_word' id='word_1_758' title='bbox 1160 4441 1528 4513; x_wconf 87' lang='lat' dir='ltr'>increpandus</span> <span class='ocrx_word' id='word_1_759' title='bbox 1558 4450 1640 4498; x_wconf 88' lang='lat' dir='ltr'>est</span> <span class='ocrx_word' id='word_1_760' title='bbox 1663 4443 1834 4499; x_wconf 85' lang='lat' dir='ltr'>frater</span> <span class='ocrx_word' id='word_1_761' title='bbox 1863 4451 1916 4499; x_wconf 90' lang='lat' dir='ltr'>et</span> <span class='ocrx_word' id='word_1_762' title='bbox 1954 4459 2099 4500; x_wconf 88' lang='lat' dir='ltr'>nun-</span> <span class='ocrx_word' id='word_1_763' title='bbox 2125 4430 2250 4495; x_wconf 88' lang='lat' dir='ltr'>Din</span> <span class='ocrx_word' id='word_1_764' title='bbox 2280 4457 2368 4496; x_wconf 92' lang='lat' dir='ltr'>me</span> <span class='ocrx_word' id='word_1_765' title='bbox 2397 4449 2684 4512; x_wconf 86' lang='lat' dir='ltr'>peccatore</span> <span class='ocrx_word' id='word_1_766' title='bbox 2705 4441 2906 4498; x_wconf 88' lang='lat' dir='ltr'>vicario</span> <span class='ocrx_word' id='word_1_767' title='bbox 2923 4456 3023 4497; x_wconf 90' lang='lat' dir='ltr'>suo</span> <span class='ocrx_word' id='word_1_768' title='bbox 3052 4441 3215 4497; x_wconf 91' lang='lat' dir='ltr'>totius</span> <span class='ocrx_word' id='word_1_769' title='bbox 3233 4441 3563 4497; x_wconf 82' lang='lat' dir='ltr'>Rhemorum</span> <span class='ocrx_word' id='word_1_770' title='bbox 3583 4439 3817 4510; x_wconf 86' lang='lat' dir='ltr'>provin-</span> 
     </span>
    </p>
   </div>
   <div class='ocr_carea' id='block_1_95' title="bbox 503 4527 1812 4604">
    <p class='ocr_par' dir='ltr' id='par_1_95' title="bbox 503 4527 1812 4604">
     <span class='ocr_line' id='line_1_95' title="bbox 503 4527 1812 4604; baseline 0.004 -21"><span class='ocrx_word' id='word_1_771' title='bbox 503 4543 668 4600; x_wconf 88' lang='lat' dir='ltr'>quam</span> <span class='ocrx_word' id='word_1_772' title='bbox 696 4527 968 4584; x_wconf 89' lang='lat' dir='ltr'>timendus</span> <span class='ocrx_word' id='word_1_773' title='bbox 997 4529 1090 4601; x_wconf 88' lang='lat' dir='ltr'>qui</span> <span class='ocrx_word' id='word_1_774' title='bbox 1119 4538 1202 4586; x_wconf 90' lang='lat' dir='ltr'>est</span> <span class='ocrx_word' id='word_1_775' title='bbox 1229 4547 1558 4604; x_wconf 84' lang='lat' dir='ltr'>exasperans</span> <span class='ocrx_word' id='word_1_776' title='bbox 1596 4533 1812 4589; x_wconf 88' lang='lat' dir='ltr'>domus.</span> 
     </span>
    </p>
   </div>
   <div class='ocr_carea' id='block_1_96' title="bbox 571 4644 2099 4720">
    <p class='ocr_par' dir='ltr' id='par_1_96' title="bbox 571 4644 2099 4720">
     <span class='ocr_line' id='line_1_96' title="bbox 571 4644 2099 4720; baseline 0.006 -22"><span class='ocrx_word' id='word_1_777' title='bbox 571 4644 870 4716; x_wconf 89' lang='lat' dir='ltr'>Propterea</span> <span class='ocrx_word' id='word_1_778' title='bbox 899 4644 967 4701; x_wconf 91' lang='lat' dir='ltr'>de</span> <span class='ocrx_word' id='word_1_779' title='bbox 997 4661 1064 4701; x_wconf 93' lang='lat' dir='ltr'>eo</span> <span class='ocrx_word' id='word_1_780' title='bbox 1094 4647 1240 4718; x_wconf 92' lang='lat' dir='ltr'>quod</span> <span class='ocrx_word' id='word_1_781' title='bbox 1291 4647 1406 4716; x_wconf 90' lang='lat' dir='ltr'>jam</span> <span class='ocrx_word' id='word_1_782' title='bbox 1463 4649 1613 4704; x_wconf 89' lang='lat' dir='ltr'>tertio</span> <span class='ocrx_word' id='word_1_783' title='bbox 1669 4649 1726 4704; x_wconf 90' lang='lat' dir='ltr'>in</span> <span class='ocrx_word' id='word_1_784' title='bbox 1779 4647 2099 4720; x_wconf 71' lang='lat' dir='ltr'>praefatione</span> 
     </span>
    </p>
   </div>
   <div class='ocr_carea' id='block_1_97' title="bbox 499 4734 2098 4796">
    <p class='ocr_par' dir='ltr' id='par_1_97' title="bbox 499 4734 2098 4796">
     <span class='ocr_line' id='line_1_97' title="bbox 499 4734 2098 4796; baseline 0.004 -9"><span class='ocrx_word' id='word_1_785' title='bbox 499 4739 716 4788; x_wconf 89' lang='lat' dir='ltr'>tuarum</span> <span class='ocrx_word' id='word_1_786' title='bbox 746 4734 1046 4790; x_wconf 89' lang='lat' dir='ltr'>litterarum</span> <span class='ocrx_word' id='word_1_787' title='bbox 1075 4735 1206 4790; x_wconf 89' lang='lat' dir='ltr'>mihi</span> <span class='ocrx_word' id='word_1_788' title='bbox 1246 4735 1494 4793; x_wconf 89' lang='lat' dir='ltr'>scribens</span> <span class='ocrx_word' id='word_1_789' title='bbox 1543 4739 1814 4793; x_wconf 87' lang='lat' dir='ltr'>mandasti</span> <span class='ocrx_word' id='word_1_790' title='bbox 1860 4739 2098 4796; x_wconf 87' lang='lat' dir='ltr'>debitam</span> 
     </span>
    </p>
   </div>
   <div class='ocr_carea' id='block_1_98' title="bbox 499 4819 2096 4900">
    <p class='ocr_par' dir='ltr' id='par_1_98' title="bbox 499 4819 2096 4900">
     <span class='ocr_line' id='line_1_98' title="bbox 499 4819 2096 4900; baseline 0.005 -24"><span class='ocrx_word' id='word_1_791' title='bbox 499 4819 556 4876; x_wconf 91' lang='lat' dir='ltr'>in</span> <span class='ocrx_word' id='word_1_792' title='bbox 585 4820 816 4878; x_wconf 89' lang='lat' dir='ltr'>Domino</span> <span class='ocrx_word' id='word_1_793' title='bbox 846 4823 1210 4894; x_wconf 91' lang='lat' dir='ltr'>devotionem,</span> <span class='ocrx_word' id='word_1_794' title='bbox 1244 4841 1406 4897; x_wconf 91' lang='lat' dir='ltr'>quam</span> <span class='ocrx_word' id='word_1_795' title='bbox 1437 4843 1546 4883; x_wconf 91' lang='lat' dir='ltr'>non</span> <span class='ocrx_word' id='word_1_796' title='bbox 1577 4827 1930 4899; x_wconf 89' lang='lat' dir='ltr'>subsequeris</span> <span class='ocrx_word' id='word_1_797' title='bbox 1961 4843 2096 4900; x_wconf 90' lang='lat' dir='ltr'>pro-</span> 
     </span>
    </p>
   </div>
   <div class='ocr_carea' id='block_1_99' title="bbox 439 4911 2097 4986">
    <p class='ocr_par' dir='ltr' id='par_1_99' title="bbox 439 4911 2097 4986">
     <span class='ocr_line' id='line_1_99' title="bbox 439 4911 2097 4986; baseline 0.004 -20"><span class='ocrx_word' id='word_1_798' title='bbox 439 4983 444 4986; x_wconf 93' lang='lat'><em>_</em></span> <span class='ocrx_word' id='word_1_799' title='bbox 499 4911 779 4982; x_wconf 90' lang='lat' dir='ltr'>sequendo</span> <span class='ocrx_word' id='word_1_800' title='bbox 808 4912 1067 4982; x_wconf 88' lang='lat' dir='ltr'>debitam,</span> <span class='ocrx_word' id='word_1_801' title='bbox 1093 4922 1147 4970; x_wconf 90' lang='lat' dir='ltr'>et</span> <span class='ocrx_word' id='word_1_802' title='bbox 1173 4914 1230 4970; x_wconf 89' lang='lat' dir='ltr'>in</span> <span class='ocrx_word' id='word_1_803' title='bbox 1259 4915 1492 4972; x_wconf 91' lang='lat' dir='ltr'>Domino</span> <span class='ocrx_word' id='word_1_804' title='bbox 1519 4915 1830 4972; x_wconf 89' lang='lat' dir='ltr'>devotinem</span> <span class='ocrx_word' id='word_1_805' title='bbox 1859 4915 1955 4971; x_wconf 92' lang='lat' dir='ltr'>tibi</span> <span class='ocrx_word' id='word_1_806' title='bbox 2003 4933 2097 4973; x_wconf 86' lang='lat' dir='ltr'>re—</span> 
     </span>
    </p>
   </div>
   <div class='ocr_carea' id='block_1_100' title="bbox 500 5007 2098 5086">
    <p class='ocr_par' dir='ltr' id='par_1_100' title="bbox 500 5007 2098 5086">
     <span class='ocr_line' id='line_1_100' title="bbox 500 5007 2098 5086; baseline 0.005 -23"><span class='ocrx_word' id='word_1_807' title='bbox 500 5007 700 5076; x_wconf 87' lang='lat' dir='ltr'>scribo,</span> <span class='ocrx_word' id='word_1_808' title='bbox 735 5008 857 5081; x_wconf 84' lang='lat' dir='ltr'>quia</span> <span class='ocrx_word' id='word_1_809' title='bbox 886 5019 1145 5076; x_wconf 83' lang='lat' dir='ltr'>quantum</span> <span class='ocrx_word' id='word_1_810' title='bbox 1204 5021 1414 5086; x_wconf 89' lang='lat' dir='ltr'>spectat</span> <span class='ocrx_word' id='word_1_811' title='bbox 1463 5013 1534 5069; x_wconf 91' lang='lat' dir='ltr'>ad</span> <span class='ocrx_word' id='word_1_812' title='bbox 1591 5015 1857 5070; x_wconf 90' lang='lat' dir='ltr'>humanos</span> <span class='ocrx_word' id='word_1_813' title='bbox 1914 5014 2098 5071; x_wconf 88' lang='lat' dir='ltr'>carnis</span> 
     </span>
    </p>
   </div>
   <div class='ocr_carea' id='block_1_101' title="bbox 497 5105 2093 5175">
    <p class='ocr_par' dir='ltr' id='par_1_101' title="bbox 497 5105 2093 5175">
     <span class='ocr_line' id='line_1_101' title="bbox 497 5105 2093 5175; baseline 0.003 -13"><span class='ocrx_word' id='word_1_814' title='bbox 497 5105 706 5175; x_wconf 90' lang='lat' dir='ltr'>oculos,</span> <span class='ocrx_word' id='word_1_815' title='bbox 739 5107 977 5164; x_wconf 89' lang='lat' dir='ltr'>debitam</span> <span class='ocrx_word' id='word_1_816' title='bbox 1034 5109 1378 5169; x_wconf 89' lang='lat' dir='ltr'>devotionem</span> <span class='ocrx_word' id='word_1_817' title='bbox 1425 5111 1557 5166; x_wconf 88' lang='lat' dir='ltr'>mihi</span> <span class='ocrx_word' id='word_1_818' title='bbox 1599 5127 1710 5167; x_wconf 90' lang='lat' dir='ltr'>non</span> <span class='ocrx_word' id='word_1_819' title='bbox 1753 5119 2026 5168; x_wconf 90' lang='lat' dir='ltr'>monstras</span> <span class='ocrx_word' id='word_1_820' title='bbox 2079 5130 2093 5166; x_wconf 94' lang='lat'>:</span> 
     </span>
    </p>
   </div>
   <div class='ocr_carea' id='block_1_102' title="bbox 499 5209 2096 5280">
    <p class='ocr_par' dir='ltr' id='par_1_102' title="bbox 499 5209 2096 5280">
     <span class='ocr_line' id='line_1_102' title="bbox 499 5209 2096 5280; baseline 0.003 -21"><span class='ocrx_word' id='word_1_821' title='bbox 499 5213 758 5276; x_wconf 90' lang='lat' dir='ltr'>quantum</span> <span class='ocrx_word' id='word_1_822' title='bbox 785 5223 913 5264; x_wconf 91' lang='lat' dir='ltr'>vero</span> <span class='ocrx_word' id='word_1_823' title='bbox 943 5216 1153 5280; x_wconf 90' lang='lat' dir='ltr'>spectat</span> <span class='ocrx_word' id='word_1_824' title='bbox 1181 5209 1252 5265; x_wconf 91' lang='lat' dir='ltr'>ad</span> <span class='ocrx_word' id='word_1_825' title='bbox 1279 5209 1477 5267; x_wconf 86' lang='lat' dir='ltr'>mentis</span> <span class='ocrx_word' id='word_1_826' title='bbox 1507 5211 1777 5267; x_wconf 90' lang='lat' dir='ltr'>humanos</span> <span class='ocrx_word' id='word_1_827' title='bbox 1806 5211 2014 5278; x_wconf 90' lang='lat' dir='ltr'>oculos,</span> <span class='ocrx_word' id='word_1_828' title='bbox 2039 5211 2096 5265; x_wconf 89' lang='lat' dir='ltr'>in</span> 
     </span>
    </p>
   </div>
   <div class='ocr_carea' id='block_1_103' title="bbox 497 5301 2096 5378">
    <p class='ocr_par' dir='ltr' id='par_1_103' title="bbox 497 5301 2096 5378">
     <span class='ocr_line' id='line_1_103' title="bbox 497 5301 2096 5378; baseline 0.006 -22"><span class='ocrx_word' id='word_1_829' title='bbox 497 5301 730 5362; x_wconf 89' lang='lat' dir='ltr'>Domino</span> <span class='ocrx_word' id='word_1_830' title='bbox 759 5305 1108 5363; x_wconf 90' lang='lat' dir='ltr'>devotionem</span> <span class='ocrx_word' id='word_1_831' title='bbox 1135 5323 1244 5364; x_wconf 90' lang='lat' dir='ltr'>non</span> <span class='ocrx_word' id='word_1_832' title='bbox 1276 5307 1521 5364; x_wconf 85' lang='lat' dir='ltr'>exhibes.</span> <span class='ocrx_word' id='word_1_833' title='bbox 1583 5307 1856 5378; x_wconf 88' lang='lat' dir='ltr'>Quantum</span> <span class='ocrx_word' id='word_1_834' title='bbox 1913 5317 2096 5366; x_wconf 89' lang='lat' dir='ltr'>autem</span> 
     </span>
    </p>
   </div>
   <div class='ocr_carea' id='block_1_104' title="bbox 495 5397 2092 5479">
    <p class='ocr_par' dir='ltr' id='par_1_104' title="bbox 495 5397 2092 5479">
     <span class='ocr_line' id='line_1_104' title="bbox 495 5397 2092 5479; baseline 0.008 -26"><span class='ocrx_word' id='word_1_835' title='bbox 495 5397 554 5453; x_wconf 89' lang='lat' dir='ltr'>in</span> <span class='ocrx_word' id='word_1_836' title='bbox 581 5400 778 5458; x_wconf 91' lang='lat' dir='ltr'>divinis</span> <span class='ocrx_word' id='word_1_837' title='bbox 808 5403 981 5460; x_wconf 90' lang='lat' dir='ltr'>oculis</span> <span class='ocrx_word' id='word_1_838' title='bbox 1023 5421 1262 5479; x_wconf 89' lang='lat' dir='ltr'>superno</span> <span class='ocrx_word' id='word_1_839' title='bbox 1317 5406 1544 5464; x_wconf 90' lang='lat' dir='ltr'>consilio</span> <span class='ocrx_word' id='word_1_840' title='bbox 1599 5407 1764 5466; x_wconf 88' lang='lat' dir='ltr'>timeo</span> <span class='ocrx_word' id='word_1_841' title='bbox 1824 5408 2092 5478; x_wconf 87' lang='lat' dir='ltr'>trutinari,</span> 
     </span>
    </p>
   </div>
   <div class='ocr_carea' id='block_1_105' title="bbox 497 5495 2096 5579">
    <p class='ocr_par' dir='ltr' id='par_1_105' title="bbox 497 5495 2096 5579">
     <span class='ocr_line' id='line_1_105' title="bbox 497 5495 2096 5579; baseline 0.009 -28"><span class='ocrx_word' id='word_1_842' title='bbox 497 5495 734 5554; x_wconf 88' lang='lat' dir='ltr'>debitam</span> <span class='ocrx_word' id='word_1_843' title='bbox 764 5499 1111 5560; x_wconf 83' lang='lat' dir='ltr'>devotionem</span> <span class='ocrx_word' id='word_1_844' title='bbox 1137 5503 1271 5560; x_wconf 90' lang='lat' dir='ltr'>mihi</span> <span class='ocrx_word' id='word_1_845' title='bbox 1299 5505 1578 5577; x_wconf 87' lang='lat' dir='ltr'>rependis,</span> <span class='ocrx_word' id='word_1_846' title='bbox 1601 5506 1695 5578; x_wconf 89' lang='lat' dir='ltr'>qui</span> <span class='ocrx_word' id='word_1_847' title='bbox 1721 5521 1812 5564; x_wconf 88' lang='lat' dir='ltr'>me</span> <span class='ocrx_word' id='word_1_848' title='bbox 1840 5506 1945 5564; x_wconf 89' lang='lat' dir='ltr'>tuis</span> <span class='ocrx_word' id='word_1_849' title='bbox 1965 5521 2096 5579; x_wconf 89' lang='lat' dir='ltr'>ope-</span> 
     </span>
    </p>
   </div>
   <div class='ocr_carea' id='block_1_106' title="bbox 2199 4529 3810 4603">
    <p class='ocr_par' dir='ltr' id='par_1_106' title="bbox 2199 4529 3810 4603">
     <span class='ocr_line' id='line_1_106' title="bbox 2199 4529 3810 4603; baseline -0.002 -18"><span class='ocrx_word' id='word_1_850' title='bbox 2199 4529 2298 4586; x_wconf 70' lang='lat' dir='ltr'>ciee</span> <span class='ocrx_word' id='word_1_851' title='bbox 2326 4546 2491 4586; x_wconf 91' lang='lat' dir='ltr'>onera</span> <span class='ocrx_word' id='word_1_852' title='bbox 2510 4538 2708 4602; x_wconf 90' lang='lat' dir='ltr'>portat,</span> <span class='ocrx_word' id='word_1_853' title='bbox 2770 4530 3031 4603; x_wconf 89' lang='lat' dir='ltr'>quinimo,</span> <span class='ocrx_word' id='word_1_854' title='bbox 3093 4531 3306 4586; x_wconf 88' lang='lat' dir='ltr'>Christe</span> <span class='ocrx_word' id='word_1_855' title='bbox 3363 4531 3510 4586; x_wconf 90' lang='lat' dir='ltr'>Deus</span> <span class='ocrx_word' id='word_1_856' title='bbox 3565 4535 3810 4584; x_wconf 87' lang='lat' dir='ltr'>noster:</span> 
     </span>
    </p>
   </div>
   <div class='ocr_carea' id='block_1_107' title="bbox 2198 4625 3810 4701">
    <p class='ocr_par' dir='ltr' id='par_1_107' title="bbox 2198 4625 3810 4701">
     <span class='ocr_line' id='line_1_107' title="bbox 2198 4625 3810 4701; baseline 0.001 -19"><span class='ocrx_word' id='word_1_857' title='bbox 2198 4636 2386 4684; x_wconf 90' lang='lat' dir='ltr'>orante</span> <span class='ocrx_word' id='word_1_858' title='bbox 2415 4629 2561 4701; x_wconf 91' lang='lat' dir='ltr'>apud</span> <span class='ocrx_word' id='word_1_859' title='bbox 2589 4645 2714 4685; x_wconf 89' lang='lat' dir='ltr'>eum</span> <span class='ocrx_word' id='word_1_860' title='bbox 2742 4645 2839 4700; x_wconf 92' lang='lat' dir='ltr'>pro</span> <span class='ocrx_word' id='word_1_861' title='bbox 2869 4628 3028 4684; x_wconf 88' lang='lat' dir='ltr'>nobis</span> <span class='ocrx_word' id='word_1_862' title='bbox 3058 4629 3252 4684; x_wconf 91' lang='lat' dir='ltr'>eodem</span> <span class='ocrx_word' id='word_1_863' title='bbox 3285 4625 3632 4683; x_wconf 89' lang='lat' dir='ltr'>sanctissimo</span> <span class='ocrx_word' id='word_1_864' title='bbox 3649 4643 3810 4698; x_wconf 65' lang='lat' dir='ltr'>prae-</span> 
     </span>
    </p>
   </div>
   <div class='ocr_carea' id='block_1_108' title="bbox 2199 4725 3808 4796">
    <p class='ocr_par' dir='ltr' id='par_1_108' title="bbox 2199 4725 3808 4796">
     <span class='ocr_line' id='line_1_108' title="bbox 2199 4725 3808 4796; baseline -0.001 -16"><span class='ocrx_word' id='word_1_865' title='bbox 2199 4726 2490 4783; x_wconf 90' lang='lat' dir='ltr'>decessore</span> <span class='ocrx_word' id='word_1_866' title='bbox 2519 4735 2726 4796; x_wconf 89' lang='lat' dir='ltr'>nostro,</span> <span class='ocrx_word' id='word_1_867' title='bbox 2749 4743 2900 4784; x_wconf 88' lang='lat' dir='ltr'>meas</span> <span class='ocrx_word' id='word_1_868' title='bbox 2931 4727 3356 4784; x_wconf 88' lang='lat' dir='ltr'>contumeliosas</span> <span class='ocrx_word' id='word_1_869' title='bbox 3385 4725 3717 4792; x_wconf 88' lang='lat' dir='ltr'>calumnias,</span> <span class='ocrx_word' id='word_1_870' title='bbox 3755 4733 3808 4781; x_wconf 90' lang='lat' dir='ltr'>et</span> 
     </span>
    </p>
   </div>
   <div class='ocr_carea' id='block_1_109' title="bbox 2195 4823 3810 4897">
    <p class='ocr_par' dir='ltr' id='par_1_109' title="bbox 2195 4823 3810 4897">
     <span class='ocr_line' id='line_1_109' title="bbox 2195 4823 3810 4897; baseline -0.001 -18"><span class='ocrx_word' id='word_1_871' title='bbox 2195 4825 2602 4896; x_wconf 85' lang='lat' dir='ltr'>persecutiones</span> <span class='ocrx_word' id='word_1_872' title='bbox 2622 4825 3038 4897; x_wconf 86' lang='lat' dir='ltr'>derogationum</span> <span class='ocrx_word' id='word_1_873' title='bbox 3068 4833 3277 4881; x_wconf 88' lang='lat' dir='ltr'>tuarum</span> <span class='ocrx_word' id='word_1_874' title='bbox 3325 4824 3380 4878; x_wconf 92' lang='lat' dir='ltr'>in</span> <span class='ocrx_word' id='word_1_875' title='bbox 3436 4839 3495 4879; x_wconf 88' lang='lat' dir='ltr'>se</span> <span class='ocrx_word' id='word_1_876' title='bbox 3541 4823 3810 4896; x_wconf 82' lang='lat' dir='ltr'>dignatus</span> 
     </span>
    </p>
   </div>
   <div class='ocr_carea' id='block_1_110' title="bbox 2197 4919 3814 4993">
    <p class='ocr_par' dir='ltr' id='par_1_110' title="bbox 2197 4919 3814 4993">
     <span class='ocr_line' id='line_1_110' title="bbox 2197 4919 3814 4993; baseline -0.002 -17"><span class='ocrx_word' id='word_1_877' title='bbox 2197 4920 2495 4993; x_wconf 86' lang='lat' dir='ltr'>suscipere,</span> <span class='ocrx_word' id='word_1_878' title='bbox 2533 4921 2626 4992; x_wconf 91' lang='lat' dir='ltr'>qui</span> <span class='ocrx_word' id='word_1_879' title='bbox 2654 4920 2935 4978; x_wconf 87' lang='lat' dir='ltr'>conﬁdens</span> <span class='ocrx_word' id='word_1_880' title='bbox 2965 4921 3108 4977; x_wconf 88' lang='lat' dir='ltr'>Patri</span> <span class='ocrx_word' id='word_1_881' title='bbox 3139 4937 3307 4993; x_wconf 88' lang='lat' dir='ltr'>super</span> <span class='ocrx_word' id='word_1_882' title='bbox 3328 4935 3522 4976; x_wconf 89' lang='lat' dir='ltr'>omnes</span> <span class='ocrx_word' id='word_1_883' title='bbox 3548 4919 3724 4975; x_wconf 81' lang='lat' dir='ltr'>ccnlos</span> <span class='ocrx_word' id='word_1_884' title='bbox 3757 4927 3814 4975; x_wconf 89' lang='lat' dir='ltr'>et</span> 
     </span>
    </p>
   </div>
   <div class='ocr_carea' id='block_1_111' title="bbox 2197 5015 3815 5093">
    <p class='ocr_par' dir='ltr' id='par_1_111' title="bbox 2197 5015 3815 5093">
     <span class='ocr_line' id='line_1_111' title="bbox 2197 5015 3815 5093; baseline -0.001 -20"><span class='ocrx_word' id='word_1_885' title='bbox 2197 5035 2362 5090; x_wconf 89' lang='lat' dir='ltr'>super</span> <span class='ocrx_word' id='word_1_886' title='bbox 2381 5019 2623 5074; x_wconf 90' lang='lat' dir='ltr'>omnium</span> <span class='ocrx_word' id='word_1_887' title='bbox 2655 5019 2978 5093; x_wconf 84' lang='lat' dir='ltr'>angelorum</span> <span class='ocrx_word' id='word_1_888' title='bbox 3009 5019 3271 5076; x_wconf 89' lang='lat' dir='ltr'>verticem</span> <span class='ocrx_word' id='word_1_889' title='bbox 3315 5017 3508 5084; x_wconf 89' lang='lat' dir='ltr'>Saulo,</span> <span class='ocrx_word' id='word_1_890' title='bbox 3559 5024 3616 5071; x_wconf 88' lang='lat' dir='ltr'>ut</span> <span class='ocrx_word' id='word_1_891' title='bbox 3663 5015 3815 5090; x_wconf 83' lang='lat' dir='ltr'>legi-</span> 
     </span>
    </p>
   </div>
   <div class='ocr_carea' id='block_1_112' title="bbox 2195 5115 3809 5190">
    <p class='ocr_par' dir='ltr' id='par_1_112' title="bbox 2195 5115 3809 5190">
     <span class='ocr_line' id='line_1_112' title="bbox 2195 5115 3809 5190; baseline 0 -19"><span class='ocrx_word' id='word_1_892' title='bbox 2195 5133 2336 5184; x_wconf 89' lang='lat' dir='ltr'>mus,</span> <span class='ocrx_word' id='word_1_893' title='bbox 2359 5124 2412 5173; x_wconf 89' lang='lat' dir='ltr'>et</span> <span class='ocrx_word' id='word_1_894' title='bbox 2433 5117 2708 5174; x_wconf 89' lang='lat' dir='ltr'>credimus</span> <span class='ocrx_word' id='word_1_895' title='bbox 2739 5117 2872 5173; x_wconf 82' lang='lat' dir='ltr'>dixit</span> <span class='ocrx_word' id='word_1_896' title='bbox 2897 5117 3116 5184; x_wconf 85' lang='lat' dir='ltr'>:Saule,</span> <span class='ocrx_word' id='word_1_897' title='bbox 3145 5115 3474 5190; x_wconf 87' lang='lat' dir='ltr'>Saule,quid</span> <span class='ocrx_word' id='word_1_898' title='bbox 3502 5132 3590 5170; x_wconf 89' lang='lat' dir='ltr'>me</span> <span class='ocrx_word' id='word_1_899' title='bbox 3611 5131 3809 5188; x_wconf 82' lang='lat' dir='ltr'>perse-</span> 
     </span>
    </p>
   </div>
   <div class='ocr_carea' id='block_1_113' title="bbox 2197 5211 3812 5286">
    <p class='ocr_par' dir='ltr' id='par_1_113' title="bbox 2197 5211 3812 5286">
     <span class='ocr_line' id='line_1_113' title="bbox 2197 5211 3812 5286; baseline -0.002 -16"><span class='ocrx_word' id='word_1_900' title='bbox 2197 5216 2383 5286; x_wconf 87' lang='lat' dir='ltr'>queris</span> <span class='ocrx_word' id='word_1_901' title='bbox 2415 5219 2438 5270; x_wconf 69' lang='lat'>.9</span> <span class='ocrx_word' id='word_1_902' title='bbox 2466 5213 2611 5286; x_wconf 79' lang='lat' dir='ltr'>(Act.</span> <span class='ocrx_word' id='word_1_903' title='bbox 2644 5215 2750 5284; x_wconf 77' lang='lat' dir='ltr'>nt.)</span> <span class='ocrx_word' id='word_1_904' title='bbox 2779 5215 2904 5270; x_wconf 91' lang='lat' dir='ltr'>Non</span> <span class='ocrx_word' id='word_1_905' title='bbox 2943 5213 3088 5270; x_wconf 91' lang='lat' dir='ltr'>enim</span> <span class='ocrx_word' id='word_1_906' title='bbox 3137 5222 3218 5269; x_wconf 90' lang='lat' dir='ltr'>est</span> <span class='ocrx_word' id='word_1_907' title='bbox 3257 5211 3692 5269; x_wconf 90' lang='lat' dir='ltr'>discredendum</span> <span class='ocrx_word' id='word_1_908' title='bbox 3753 5211 3812 5267; x_wconf 89' lang='lat' dir='ltr'>in</span> 
     </span>
    </p>
   </div>
   <div class='ocr_carea' id='block_1_114' title="bbox 2197 5309 3816 5384">
    <p class='ocr_par' dir='ltr' id='par_1_114' title="bbox 2197 5309 3816 5384">
     <span class='ocr_line' id='line_1_114' title="bbox 2197 5309 3816 5384; baseline -0.002 -18"><span class='ocrx_word' id='word_1_909' title='bbox 2197 5317 2342 5366; x_wconf 89' lang='lat' dir='ltr'>tanta</span> <span class='ocrx_word' id='word_1_910' title='bbox 2369 5311 2531 5366; x_wconf 88' lang='lat' dir='ltr'>turba</span> <span class='ocrx_word' id='word_1_911' title='bbox 2576 5311 2912 5368; x_wconf 88' lang='lat' dir='ltr'>credentium</span> <span class='ocrx_word' id='word_1_912' title='bbox 2956 5327 3092 5384; x_wconf 91' lang='lat' dir='ltr'>quos</span> <span class='ocrx_word' id='word_1_913' title='bbox 3129 5311 3326 5368; x_wconf 90' lang='lat' dir='ltr'>Saulus</span> <span class='ocrx_word' id='word_1_914' title='bbox 3361 5309 3816 5382; x_wconf 87' lang='lat' dir='ltr'>persequebatur</span> 
     </span>
    </p>
   </div>
   <div class='ocr_carea' id='block_1_115' title="bbox 2196 5405 3806 5482">
    <p class='ocr_par' dir='ltr' id='par_1_115' title="bbox 2196 5405 3806 5482">
     <span class='ocr_line' id='line_1_115' title="bbox 2196 5405 3806 5482; baseline -0.001 -18"><span class='ocrx_word' id='word_1_915' title='bbox 2196 5409 2433 5480; x_wconf 89' lang='lat' dir='ltr'>aliquem</span> <span class='ocrx_word' id='word_1_916' title='bbox 2463 5407 2651 5476; x_wconf 84' lang='lat' dir='ltr'>fuisse,</span> <span class='ocrx_word' id='word_1_917' title='bbox 2675 5409 2800 5466; x_wconf 89' lang='lat' dir='ltr'>licet</span> <span class='ocrx_word' id='word_1_918' title='bbox 2819 5425 2928 5466; x_wconf 90' lang='lat' dir='ltr'>non</span> <span class='ocrx_word' id='word_1_919' title='bbox 2948 5409 3018 5465; x_wconf 91' lang='lat' dir='ltr'>ita</span> <span class='ocrx_word' id='word_1_920' title='bbox 3035 5417 3091 5465; x_wconf 91' lang='lat' dir='ltr'>ut</span> <span class='ocrx_word' id='word_1_921' title='bbox 3111 5425 3217 5482; x_wconf 84' lang='lat' dir='ltr'>ego</span> <span class='ocrx_word' id='word_1_922' title='bbox 3238 5425 3360 5464; x_wconf 91' lang='lat' dir='ltr'>sum</span> <span class='ocrx_word' id='word_1_923' title='bbox 3383 5405 3806 5478; x_wconf 86' lang='lat' dir='ltr'>imperfectum,</span> 
     </span>
    </p>
   </div>
   <div class='ocr_carea' id='block_1_116' title="bbox 2195 5505 3814 5582">
    <p class='ocr_par' dir='ltr' id='par_1_116' title="bbox 2195 5505 3814 5582">
     <span class='ocr_line' id='line_1_116' title="bbox 2195 5505 3814 5582; baseline -0.001 -20"><span class='ocrx_word' id='word_1_924' title='bbox 2195 5505 2251 5562; x_wconf 89' lang='lat' dir='ltr'>in</span> <span class='ocrx_word' id='word_1_925' title='bbox 2282 5523 2390 5580; x_wconf 92' lang='lat' dir='ltr'>quo</span> <span class='ocrx_word' id='word_1_926' title='bbox 2419 5508 2560 5566; x_wconf 88' lang='lat' dir='ltr'>sicut</span> <span class='ocrx_word' id='word_1_927' title='bbox 2611 5514 2666 5565; x_wconf 89' lang='lat' dir='ltr'>et</span> <span class='ocrx_word' id='word_1_928' title='bbox 2719 5507 2776 5564; x_wconf 93' lang='lat' dir='ltr'>in</span> <span class='ocrx_word' id='word_1_929' title='bbox 2832 5507 3079 5582; x_wconf 89' lang='lat' dir='ltr'>reliquis,</span> <span class='ocrx_word' id='word_1_930' title='bbox 3131 5507 3224 5581; x_wconf 91' lang='lat' dir='ltr'>qui</span> <span class='ocrx_word' id='word_1_931' title='bbox 3277 5506 3535 5565; x_wconf 87' lang='lat' dir='ltr'>videlicet</span> <span class='ocrx_word' id='word_1_932' title='bbox 3597 5521 3814 5577; x_wconf 87' lang='lat' dir='ltr'>corpus</span> 
     </span>
    </p>
   </div>
  </div>
