4056 6178
245 188 356 283 549
976 220 1220 281 orasc.
1271 218 1365 275 ET
1418 218 1637 307 EPIS'l‘.
1682 217 1758 273 IN
1806 214 2033 273 CAUSA
2086 213 2431 271 amoma!
2484 213 2791 272 LAUDUN.
3460 213 3564 270 550

250 352 373 421 ejus
403 357 576 420 erant,
607 349 655 405 si
684 348 946 406 Dominus
974 348 1229 421 persequi
1258 347 1409 404 dixit.
1438 347 1506 402 Et
1534 345 1659 402 ideo
1690 344 1745 400 in
1773 357 1862 423 me
1893 343 1950 405 A
1971 339 2117 396 ciunt
2162 339 2473 411 increpare,
2533 354 2715 395 mores
2767 352 3059 411 pravorum
3111 353 3386 410 premere,
3436 336 3561 393 vitae

248 440 595 512 imperfecto,
626 439 791 495 modo
823 437 1065 511 quolibet
1105 444 1394 509 persecuto
1424 435 1575 491 illum
1603 431 1860 505 persequi
1960 430 2246 502 prodesse.
2280 428 2626 485 Pensandum
2654 436 2737 484 est
2757 427 2921 500 igitur
2947 427 3164 500 quando
3194 426 3263 482 ab
3305 426 3561 498 increpa-

250 529 445 595 credo,
480 528 604 601 quia
633 535 685 583 et
715 544 851 584 voce
880 534 1084 583 sanctae
1112 525 1379 582 Ecclesiae
1402 524 1458 579 in
1486 540 1591 596 qua
1603 523 1718 592 ejus
1739 538 1861 577 sum

250 619 505 673 ultimum
536 616 840 672 membrum
864 632 964 688 per
1016 614 1334 670 Psalmitam
1365 612 1562 669 dicitur
1594 630 1607 666 :
1642 613 1860 684 Imper-

251 710 475 779 fectum
487 722 677 761 meum
694 706 959 761 viderunt
971 704 1122 760 oculi
1136 704 1240 771 tui,
1262 707 1317 758 et
1330 704 1394 758 in
1410 702 1546 758 libro
1562 704 1657 757 tuo
1669 716 1861 757 omnes

252 796 580 852 scribentur
589 794 765 864 (Psal.
782 793 1086 864 cxxxvm).
1104 793 1171 847 Et
1185 792 1383 847 iterum
1398 789 1685 846 Psalmista
1697 788 1825 845 dicit
1844 805 1858 843 :

254 885 563 941 Benedixit
578 900 770 940 omnes
791 884 1055 938 timentes
1073 898 1130 937 se
1162 882 1434 937 Dominus
1462 880 1700 953 pusillos
1730 895 1861 934 cum

254 973 568 1043 majoribus
587 972 763 1041 (Psal.
783 972 943 1041 cxxu)
976 978 1064 1037 ;et
1086 969 1179 1041 qui
1208 968 1265 1024 in
1287 967 1493 1038 judicio
1523 967 1666 1023 dicet
1682 966 1751 1021 de
1768 966 1863 1023 be-

255 1059 490 1117 nefactis
518 1058 957 1116 benefactoribus
989 1076 1003 1112 :
1041 1058 1303 1126 Quandiu
1327 1058 1546 1130 fecistis
1566 1056 1672 1112 uni
1686 1056 1751 1111 de
1774 1056 1863 1111 his

253 1152 519 1206 minimis
538 1150 678 1205 meis
695 1149 840 1205 mihi
854 1149 1074 1220 fecistis
1099 1147 1321 1217 (Matth.
1342 1144 1501 1217 xxv).

326 1237 610 1294 Veraciter
640 1237 809 1295 credo
835 1235 958 1307 quia
1002 1234 1263 1307 quidquid
1283 1233 1417 1289 mihi
1438 1233 1563 1290 sive
1608 1232 1864 1305 benigni-

255 1326 408 1393 tatis,
442 1326 560 1382 sive
587 1323 935 1397 malignitatis
963 1338 1063 1395 pro
1110 1324 1229 1392 ejus
1284 1323 1506 1379 nomine
1562 1322 1861 1390 exhibetur,

257 1415 382 1471 sine
410 1413 579 1469 dubio
607 1413 685 1469 illi
712 1411 1066 1483 impenditur.
1098 1412 1169 1467 Et
1212 1411 1345 1483 quia
1388 1412 1580 1467 beatus
1625 1412 1866 1466 Joannes

257 1503 508 1576 Baptista
534 1518 636 1574 pro
666 1502 909 1568 veritate,
942 1500 1199 1557 videlicet
1227 1517 1326 1573 pro
1357 1500 1570 1556 Christo
1602 1499 1720 1555 sine
1759 1498 1866 1556 du-

257 1593 528 1648 bitatione
556 1589 828 1660 occubuit,
862 1590 1002 1646 sicut
1055 1590 1174 1662 ipse
1222 1590 1518 1645 ostendens
1546 1588 1679 1645 dicit
1713 1607 1728 1644 :
1759 1592 1866 1660 Ego

1961 519 2108 575 tione
2136 518 2454 591 quiescitur,
2487 525 2686 590 quanta
2715 517 2875 589 culpa
2906 517 2993 584 sit,
3053 516 3099 572 si
3158 531 3283 571 cum
3339 514 3423 570 his
3472 513 3563 587 qui

1961 607 2283 679 increpandi
2329 614 2453 663 sunt
2503 607 2620 663 sine
2677 593 3194 678 increpatione'pax
3244 612 3473 661 tenetur.
3506 602 3565 658 Si

1962 697 2229 768 prOpheta
2258 704 2438 751 tantus
2493 696 2597 752 hoc
2625 696 2771 752 velut
2818 694 3105 752 historiam
3135 694 3369 751 Domino
3400 693 3563 750 obtu-

1962 784 2040 854 lit,
2075 784 2221 857 quod
2250 792 2443 841 contra
2481 801 2541 841 se
2587 800 2883 857 pravorum
2926 783 3239 839 inimicitias
3286 781 3561 840 excitavit.

1963 873 2118 931 Unde
2167 873 2365 929 Paulus
2408 872 2706 945 discipulos
2749 874 3008 929 admonet
3046 872 3235 928 dicens
3269 889 3282 925 :
3333 872 3393 927 Si
3439 872 3564 945 quis

1961 979 2077 1019 non
2109 961 2289 1019 obedit
2306 963 2464 1019 verbo
2480 965 2671 1020 nostro
2696 978 2800 1034 per
2819 963 3136 1034 epistolam,
3162 961 3313 1016 hunc
3345 963 3559 1025 notate,

1964 1055 2019 1107 et
2062 1067 2180 1108 non
2228 1051 2708 1107 commisceamini
2758 1067 2888 1106 cum
2928 1050 3030 1105 illo
3062 1053 3131 1105 ut
3172 1048 3569 1121 confundatur

1973 1140 2050 1211 (II
2079 1140 2233 1196 Thes.
2285 1138 2391 1211 tu).
2451 1140 2629 1210 Atque
2659 1137 2803 1195 illico
2828 1137 3104 1208 subjunxit
3144 1155 3158 1192 :
3190 1140 3262 1194 Et
3292 1138 3470 1194 nolite
3498 1139 3568 1193 ut

1964 1228 2269 1285 inimicum
2285 1229 2619 1284 existimare
2636 1228 2821 1294 illum,
2840 1227 2937 1284 sed
2957 1227 3223 1300 corripite
3242 1231 3310 1283 ut
3325 1229 3571 1299 fratrem

1966 1316 2191 1388 (ibid);
2221 1332 2287 1373 ac
2317 1316 2363 1372 si
2405 1316 2613 1373 diceret
2650 1334 2663 1371 :
2695 1316 2892 1373 Pacem
2939 1331 3065 1372 cum
3122 1331 3188 1371 eo
3244 1315 3569 1371 exteriorem

1967 1405 2181 1473 solvite,
2216 1406 2315 1462 sed
2343 1405 2660 1462 interiorem
2691 1412 2884 1462 contra
2928 1403 3081 1459 illum
3128 1403 3439 1460 medullitus
3468 1419 3570 1461 cu-

1968 1494 2183 1550 stodite.
2214 1495 2284 1550 Et
2312 1495 2404 1567 qui
2433 1511 2619 1551 amore
2652 1502 2743 1550 tuo
2774 1502 2826 1549 te
2856 1493 3023 1550 credo
3052 1492 3307 1567 refugere
3338 1493 3409 1549 ad
3437 1508 3571 1565 per-

1968 1582 2117 1656 fugia
2146 1583 2327 1651 solita,
2361 1584 2568 1640 scilicet
2589 1583 2661 1639 ad
2720 1582 3035 1640 excusanda
3085 1581 3466 1639 excusationes
3513 1581 3572 1637 in

258 1698 396 1739 sum
423 1682 633 1737 veritas
653 1678 996 1751 (Joan.xrv).
1015 1679 1219 1751 Etego,
1244 1686 1301 1733 ut
1317 1677 1564 1750 Apostoli
1590 1686 1713 1734 utar
1741 1694 1867 1735 ver-
1894 1711 1949 1772 B
1968 1671 2225 1744 peccatis,
2258 1679 2316 1727 ut
2346 1672 2500 1729 dicas
2530 1672 2656 1746 quia
2685 1672 2850 1727 etiam
2878 1672 2947 1728 de
2999 1671 3328 1744 cogitatione
3376 1679 3429 1727 te
3478 1671 3574 1742 ju-

260 1770 371 1840 bis,
412 1768 664 1824 inimicus
693 1766 868 1823 factus
898 1783 1021 1822 sum
1050 1767 1147 1822 tibi
1177 1783 1311 1823 vera
1341 1766 1434 1822 tibi
1454 1767 1643 1823 dicens
1671 1774 1868 1822 etsua-
1894 1760 1946 1772 ’”
1970 1761 2114 1828 dico,
2148 1777 2273 1818 cum
2299 1761 2441 1818 dicat
2470 1760 2763 1833 Apostolus
2794 1779 2808 1816 :
2848 1762 2981 1830 Quis
3010 1762 3121 1817 scit
3136 1762 3432 1818 hominum
3452 1777 3574 1833 qua:

259 1858 426 1924 dens,
468 1856 566 1912 sed
594 1857 929 1929 persuadere
950 1872 1060 1912 non
1088 1856 1293 1923 valens,
1328 1863 1405 1923 ut,
1439 1856 1578 1911 sicut
1606 1855 1727 1926 ipsa
1756 1855 1870 1911 Ve-
1969 1854 2109 1906 sunt
2124 1850 2390 1918 hominis,
2422 1851 2539 1907 nisi
2558 1852 2796 1923 spiritus
2818 1850 3065 1906 hominis
3087 1849 3186 1923 qui
3203 1851 3267 1905 in
3296 1850 3415 1923 ipso
3437 1852 3522 1906 est
3550 1852 3575 1905 .9

261 1947 398 2002 ritas
427 1962 531 2018 per
559 1945 779 2001 beatum
807 1946 1045 2001 Leonem
1074 1945 1203 2001 dicit
1234 1961 1248 1999 :
1274 1943 1658 2001 Obedientiam
1705 1959 1871 2015 quam
1971 1940 2022 2010 (Ι
2077 1939 2196 1995 Cor.
2248 1938 2315 2011 ιι)
2357 1938 2636 2010 praevenio
2684 1937 2811 1994 huic
2857 1945 2965 1993 tuae
3005 1937 3299 2006 objectioni
3358 1937 3569 2005 dicens,

265 2050 298 2091 a
323 2035 437 2091 tuis
468 2034 699 2089 subditis
730 2033 931 2107 exigis,
962 2033 1203 2105 prmlatis
1250 2033 1357 2089 tuis
1402 2032 1521 2104 ipse
1566 2033 1866 2104 dependas,
1971 2027 2096 2100 quia
2116 2036 2242 2084 tunc
2273 2027 2497 2101 spiritus
2525 2026 2763 2084 hominis
2792 2025 3080 2100 ignoratur
3110 2025 3178 2080 ab
3208 2025 3397 2093 altero,
3449 2041 3575 2082 cum

263 2132 315 2180 et
344 2124 407 2179 in
436 2140 503 2179 ea
527 2122 809 2179 vocatione
837 2137 945 2194 qua
974 2129 1200 2178 vocatus
1230 2137 1311 2192 es,
1345 2121 1402 2177 in
1432 2138 1495 2178 ea
1523 2137 1868 2193 permaneas,
1971 2116 2173 2184 verbis,
2207 2117 2297 2173 vel
2349 2117 2607 2188 operibus
2662 2132 2771 2172 non
2818 2115 3225 2172 demonstratur
3256 2132 3270 2169 :
3294 2131 3419 2169 nam
3449 2129 3575 2171 cum

264 2229 390 2286 quae
419 2212 552 2283 quia
579 2226 691 2267 non
719 2207 939 2278 suﬁ'ers,
963 2227 1074 2266 non
1105 2210 1282 2266 solum
1311 2211 1462 2279 mihi,
1492 2211 1592 2266 sed
1620 2219 1674 2266 et
1726 2210 1871 2267 mul-
1972 2205 2236 2277 scriptum
2268 2206 2353 2273 sit,
2386 2207 2476 2262 Ex
2502 2206 2787 2279 fructibus
2839 2221 3035 2262 eorum
3092 2204 3436 2277 cognoscetis
3484 2220 3575 2262 eos

265 2302 333 2357 tis
364 2300 689 2356 scandalum
719 2299 948 2373 ingeris,
981 2307 1034 2355 et
1054 2299 1270 2356 Veritas
1286 2299 1417 2355 dicit
1446 2318 1461 2355 ε
1498 2300 1602 2369 Qui
1620 2300 1872 2356 scanda-
1972 2293 2192 2366 (Matth.
2227 2294 2349 2365 vn),
2372 2310 2470 2366 per
2499 2295 2605 2350 hoc
2633 2294 2779 2366 quod
2807 2292 2942 2349 foris
2971 2292 3153 2367 agitur
3181 2293 3447 2365 quidquid
3493 2292 3576 2349 in-

269 2391 536 2446 lizaverit
562 2405 748 2445 unum
778 2390 843 2445 de
868 2390 1101 2463 pusillis
1120 2390 1250 2446 istis
1267 2391 1362 2462 qui
1391 2391 1455 2446 in
1479 2406 1569 2446 me
1610 2389 1868 2456 credunt,
1971 2400 2058 2447 tus
2087 2391 2217 2448 latet
2267 2391 2529 2464 aperitur.
2570 2391 2727 2448 Unde
2774 2398 2924 2449 recte
2952 2406 3170 2464 quoque
3206 2406 3307 2461 per
3337 2389 3581 2446 Salomo-

263 2478 508 2552 ezpedit
519 2482 585 2535 ut
595 2480 647 2534 ei
662 2477 1207 2551 suspendatur-mola
1220 2478 1480 2534 asinaria
1497 2479 1560 2533 in
1571 2478 1714 2535 collo
1728 2480 1870 2550 ejus,

263 2568 699 2639 etdemergatur
717 2568 780 2622 in
788 2566 1139 2638 profundum
1161 2568 1341 2623 maris
1356 2566 1581 2638 (Matth.
1596 2566 1785 2639 xvm).
1804 2566 1875 2621 Et

263 2655 397 2712 item
425 2655 577 2726 idem
604 2655 852 2711 Christus
878 2655 981 2711 Dei
996 2655 1186 2723 virtus,
1212 2663 1264 2710 et
1281 2655 1384 2712 Dei
1410 2654 1676 2728 sapientia
1694 2655 1825 2711 dicit
1856 2672 1870 2709 :

273 2746 398 2802 Viro
432 2747 533 2818 qui
574 2745 976 2817 corripientem
1003 2743 1147 2801 dura
1178 2745 1392 2801 cervice
1430 2746 1749 2802 contemnit
1778 2759 1873 2800 re-

262 2836 550 2907 pentinus
577 2835 936 2906 superveniet
955 2835 1249 2899 interitus,
1284 2838 1342 2889 et
1368 2849 1500 2889 eum
1511 2833 1731 2890 sanitas
1758 2849 1875 2890 non

267 2927 544 2996 sequetur
569 2922 751 2991 (Prov.
802 2923 990 2994 xmx).
1040 2922 1111 2977 Et
1152 2922 1368 2993 Moyses
1413 2929 1468 2977 et
1510 2924 1696 2977 Aaron
1739 2922 1876 2977 dura

267 3011 490 3068 cervice
534 3010 804 3067 resistenti
847 3010 951 3065 sibi
998 3010 1200 3083 populo
1255 3010 1439 3066 dicunt
1472 3028 1486 3064 :
1516 3011 1626 3066 Nec
1674 3015 1875 3068 contra

267 3116 374 3156 nos
390 3103 482 3155 est
510 3116 775 3157 murmur
787 3104 1057 3170 vestrum,
1082 3099 1179 3155 sed
1207 3103 1408 3156 contra
1453 3102 1630 3157 Deum
1671 3101 1871 3173 (Exod.

262 3189 414 3260 xw).
446 3189 607 3245 Unde
634 3204 737 3245 nec
758 3196 878 3244 tuas
908 3188 1222 3245 inimicitias
1251 3204 1470 3256 vereor,
1504 3204 1608 3247 nec
1637 3197 1690 3245 te
1748 3204 1873 3246 mo-

261 3293 403 3333 nere
432 3277 493 3332 in
539 3277 882 3345 necessariis,
917 3294 1039 3349 quae
1091 3277 1210 3332 sine
1239 3286 1466 3348 peccato
1496 3294 1605 3334 non
1649 3294 1876 3351 possum

262 3366 568 3433 dimittere,
598 3366 866 3433 desinam,
928 3366 1108 3422 sciens
1158 3381 1353 3438 pacem
1407 3366 1700 3424 dilectione
1728 3367 1875 3424 inte-

262 3471 375 3528 gra
406 3454 739 3511 intrinsecus
765 3472 853 3511 me
883 3462 1072 3512 tenere
1102 3455 1327 3523 debere,
1369 3470 1531 3528 quam
1560 3471 1656 3527 per
1673 3455 1877 3512 vectio-

265 3560 402 3599 nem
429 3543 587 3601 vocis
614 3544 745 3599 mihi
775 3544 1144 3601 exstrinsecus
1168 3560 1277 3600 non
1331 3544 1495 3600 timeo
1526 3544 1873 3616 perturbare.

265 3631 438 3702 Quod
466 3639 756 3705 utrumque
785 3633 1015 3705 provide
1052 3634 1226 3689 David
1256 3649 1317 3689 se
1343 3633 1597 3706 perhibet
1628 3649 1874 3702 servare,

263 3737 399 3778 cum
431 3721 567 3777 dicit
599 3739 612 3775 :
649 3722 784 3778 Cum
806 3724 893 3778 his
924 3723 1021 3796 qui
1041 3723 1497 3796 oderuntpacem
1509 3738 1667 3779 eram
1678 3723 1878 3795 paciﬁ-

261 3828 366 3869 cus
380 3833 401 3880 ,-
415 3828 553 3868 cum
572 3811 830 3883 loquebar
839 3812 960 3867 illis
972 3811 1388 3884 impugnabant
1399 3828 1489 3868 me
1500 3814 1679 3885 gratis
1697 3810 1873 3882 (Psal.

263 3900 457 3972 cxxx).
490 3900 640 3955 Ecce
661 3906 715 3954 et
742 3898 973 3972 loquens
997 3899 1438 3974 impugnabatur,
1463 3908 1516 3957 et
1561 3908 1742 3957 tamen
1770 3900 1879 3956 im-

260 3989 629 4060 impugnatus
654 3996 773 4043 erat
801 3988 1080 4060 paciﬁcus,
1113 3989 1373 4061 quoniam
1402 4004 1506 4046 nec
1546 3989 1879 4046 insanientes

261 4077 530 4133 cessabat
559 4077 982 4148 reprehendere,
1014 4094 1118 4135 nec
1156 4080 1518 4151 reprehensos
1565 4079 1881 4152 negligebat

264 4181 479 4222 amare.
514 4165 655 4221 Hinc
682 4165 845 4221 etiam
874 4167 1072 4222 Paulus
1102 4167 1176 4222 ait
1207 4185 1220 4222 :
1256 4168 1314 4225 Si
1350 4168 1478 4237 ﬁeri
1509 4172 1695 4241 potest
1738 4168 1881 4240 quod

260 4272 338 4312 ea:
355 4256 516 4313 vobis
537 4258 623 4310 est
642 4270 772 4311 cum
787 4257 1042 4313 omnibus
1066 4257 1382 4313 hominibus
1403 4273 1599 4329 pacem
1615 4257 1880 4313 habentes

261 4346 454 4415 (Rom.
488 4343 601 4414 xu)
622 4362 638 4411 ;
660 4344 901 4399 hortatus
929 4345 1073 4399 enim
1103 4345 1399 4417 Apostolus
1430 4353 1489 4400 ut
1518 4360 1712 4415 pacem
1758 4361 1882 4402 cum

1972 2495 2099 2536 nem
2130 2479 2328 2537 dicitur
2360 2497 2373 2534 :
2407 2480 2682 2549 Quomodo
2714 2482 2778 2536 in
2808 2481 2969 2555 aquis
2998 2479 3367 2553 resplendent
3385 2480 3578 2535 vultus

1968 2569 2459 2642 perspicientium,
2491 2570 2573 2626 sic
2597 2570 2766 2627 corda
2793 2570 3088 2627 hominum
3099 2568 3414 2639 manifesta
3438 2572 3578 2624 sunt

1968 2658 2344 2730 prudentibus
2374 2656 2557 2731 (Prov.
2588 2657 2783 2727 xxvu).
2850 2657 2985 2729 cum
3013 2656 3149 2714 dicis
3207 2663 3261 2712 te
3290 2655 3579 2727 scripsisse

1974 2745 2046 2799 ad
2091 2744 2449 2801 auferendam
2494 2744 2956 2819 amphibologiam
3003 2743 3313 2802 traditionis
3360 2751 3466 2801 tuae
3513 2760 3579 2801 ex

1973 2832 2246 2905 primitivo
2302 2834 2529 2907 genitivi
2600 2834 2742 2890 inter
2806 2834 3108 2890 tradentem
3185 2842 3238 2889 et
3290 2833 3572 2904 traditum,

1973 2922 2394 2996 grammaticam
2425 2938 2591 2995 quam
2618 2922 2715 2978 tibi
2742 2921 3003 2979 insinuari
3027 2921 3134 2978 feci
3188 2937 3294 2996 ego
3343 2929 3398 2978 et
3453 2921 3575 2994 ipse

1975 3011 2127 3078 satis,
2160 3011 2291 3067 mihi
2321 3012 2379 3066 in
2406 3010 2601 3068 faciem
2631 3011 2821 3084 expuis
2854 3030 2868 3067 :
2901 3012 3050 3085 quod
3091 3011 3296 3086 gratias
3341 3010 3422 3066 illi
3474 3028 3579 3084 pa-

1975 3099 2172 3156 tienter
2190 3109 2415 3173 portare
2444 3117 2689 3173 possum,
2739 3101 2833 3173 qui
2880 3101 3029 3173 quod
3073 3101 3142 3157 de
3198 3117 3259 3157 se
3304 3100 3577 3173 praedixit,

1974 3206 2075 3261 pro
2095 3207 2184 3246 me
2210 3199 2504 3263 peccatore
2534 3189 2788 3263 sustinuit
2819 3207 2833 3244 :
2866 3192 3111 3257 Faciem,
3152 3189 3347 3262 inquit,
3390 3206 3579 3247 meam

1975 3296 2092 3336 non
2118 3281 2300 3337 averti
2319 3280 2386 3336 ab
2396 3278 2849 3352 increpantibus,
2866 3281 2923 3335 et
2947 3295 3233 3351 conspuen
3242 3280 3389 3334 tibus
3410 3280 3475 3335 in
3487 3295 3580 3337 me

1975 3367 2108 3439 (Isa.
2130 3367 2206 3439 L).
2237 3366 2349 3423 Sed
2407 3367 2537 3440 quia
2594 3375 2644 3423 te
2688 3366 2963 3434 traditum,
3013 3373 3066 3422 et
3121 3381 3234 3421 non
3271 3367 3579 3423 tradentem

1976 3456 2233 3528 designes
2252 3472 2319 3511 ex
2345 3456 2586 3526 nomine,
2621 3456 2690 3512 de
2742 3457 2848 3512 hoc
2906 3462 3000 3511 tuo
3049 3454 3195 3511 dicto
3254 3471 3365 3512 non
3422 3472 3582 3527 curo,

1977 3544 2345 3600 testimonium
2373 3545 2503 3601 inde
2532 3545 2855 3617 perhibente
2883 3543 3018 3600 mihi
3064 3543 3397 3600 conscientia
3452 3561 3581 3602 mea

1974 3632 2110 3688 nihil
2138 3650 2227 3690 me
2258 3632 2385 3690 hinc
2409 3633 2506 3689 tibi
2537 3650 2660 3690 esse
2690 3632 3013 3689 debitorem.
3044 3632 3201 3690 Unde
3224 3641 3287 3688 et
3312 3650 3416 3706 pro
3463 3635 3581 3691 mi-

1976 3724 2132 3780 nimo
2144 3726 2248 3790 est,
2262 3727 2412 3781 utea:
2435 3723 2536 3781 hoc
2546 3740 2581 3779 a
2598 3726 2653 3780 te
2655 3723 2880 3796 judicer
2891 3723 2977 3779 vel
2992 3721 3058 3778 ab
3071 3723 3208 3779 hum
3215 3738 3325 3779 ano
3338 3722 3428 3781 die
3443 3745 3462 3785 :
3482 3725 3582 3782 sed

1978 3828 2158 3885 neque
2168 3828 2257 3869 me
2267 3812 2457 3885 ipsum
2468 3812 2602 3868 inde
2612 3810 2856 3884 dijudico
2871 3811 2923 3884 (Ι
2931 3812 3053 3871 Cor.
3069 3811 3170 3884 IV).
3189 3811 3582 3869 Verumtamen

1980 3901 2028 3956 si
2056 3909 2108 3958 te
2129 3900 2200 3956 ita
2228 3901 2371 3956 mori
2400 3908 2621 3972 gratum
2650 3900 2868 3968 scirem,
2901 3908 2961 3956 ut
3008 3892 3123 3958 ‘hoc
3171 3901 3241 3957 ad
3296 3901 3583 3958 utilitatem

1979 3998 2144 4057 tuam,
2177 3997 2229 4045 et
2259 3989 2330 4045 ad
2357 3989 2557 4045 mentis
2586 3997 2694 4046 tua;
2725 3989 3016 4045 sanitatem
3043 3997 3232 4061 posset
3285 3989 3579 4063 proﬁcere,

1978 4078 2069 4135 vel
2096 4077 2228 4134 mihi
2256 4078 2385 4134 inde
2416 4094 2811 4152 cognoscerem
2829 4077 3070 4151 aliquam
3098 4079 3486 4137 necessitatem
3507 4079 3589 4136 in-

1980 4168 2257 4238 cumbere,
2291 4175 2345 4222 et
2373 4167 2589 4240 scriptis
2618 4167 2757 4224 meis
2782 4168 2853 4223 ad
2869 4184 3080 4241 regem,
3111 4177 3163 4224 et
3181 4169 3250 4224 ad
3268 4169 3582 4242 episcopos,

1981 4264 2035 4312 et
2062 4256 2308 4328 ipsorum
2355 4256 2685 4324 testimonio,
2718 4272 2782 4312 ac
2808 4273 2911 4328 per
2968 4257 3105 4312 alios
3153 4257 3382 4313 idoneos
3410 4266 3586 4315 tester

1982 4361 2205 4418 possem
2229 4345 2323 4400 tibi
2352 4345 2645 4400 ostendere
2673 4360 2780 4410 me,
2814 4344 2953 4399 sicut
2981 4344 3110 4411 dixi,
3135 4345 3440 4401 debitorem
3456 4346 3585 4404 hinc

258 4433 533 4489 omnibus
562 4432 841 4500 haberent,
874 4433 1137 4504 praemisit
1165 4434 1354 4490 dicens
1388 4450 1400 4489 :
1434 4434 1493 4490 Si
1521 4432 1636 4489 ﬁeri
1676 4443 1875 4507 potest,
1897 4429 1951 4490 D
1982 4434 2079 4489 tibi
2098 4450 2204 4490 non
2218 4450 2380 4489 esse:
2419 4433 3354 4506 Uniuscujusqueenimopusquale
3374 4436 3585 4492 sitdies

258 4530 437 4594 atque
469 4520 777 4589 subiunxit;
813 4521 959 4593 quod
988 4538 1053 4577 ex
1087 4522 1243 4578 vobis
1267 4530 1349 4577 est
1382 4541 1395 4577 :
1430 4521 1649 4578 difﬁcile
1682 4522 1883 4595 quippe

257 4618 381 4666 erat
410 4616 476 4664 ut
506 4609 557 4664 si
583 4609 730 4665 mala
761 4618 883 4666 acta
912 4611 1273 4683 corriperent,
1305 4611 1503 4668 habere
1532 4628 1729 4685 pacem
1760 4628 1884 4669 cum

254 4699 533 4755 omnibus
560 4706 785 4770 possent
818 4716 832 4754 :
864 4700 962 4756 sed
991 4717 1116 4756 cum
1136 4691 1455 4773 temporalis
1492 4717 1601 4773 pax
1648 4701 1705 4757 in
1747 4716 1883 4773 pra-

252 4803 467 4845 vorum
498 4786 761 4843 cordibus
791 4803 859 4843 ex
888 4797 1075 4845 nostra
1105 4789 1478 4862 increpatione
1508 4789 1880 4857 confunditur,

252 4876 542 4933 inviolata
569 4891 798 4933 necesse
828 4884 911 4932 est
941 4885 1000 4933 ut
1027 4877 1084 4932 in
1109 4887 1298 4935 nostro
1318 4879 1483 4934 corde
1505 4886 1772 4935 servetur.

327 4965 490 5021 Hinc
509 4964 705 5019 iterum
734 4965 909 5021 David
940 4982 1064 5022 cum
1096 4983 1155 5022 se
1177 4974 1347 5022 totum
1374 4966 1446 5021 ad
1476 4965 1686 5024 fmdera
1733 4966 1884 5040 pacis

248 5056 507 5111 internae
525 5053 943 5127 constringeret,
979 5062 1208 5111 testatur
1236 5055 1383 5129 quod
1408 5071 1533 5112 cum
1560 5056 1722 5114 malis
1754 5063 1885 5112 con-

249 5143 526 5203 cordiam
557 5158 666 5197 non
695 5149 902 5200 teneret
918 5143 1107 5201 dicens
1141 5163 1155 5200 :
1188 5147 1384 5204 Nonne
1401 5146 1497 5218 qui
1527 5150 1579 5203 te
1617 5146 1882 5214 oderunt,

248 5235 441 5300 Deus,
466 5231 699 5287 oderam
717 5231 866 5300 illos,
892 5238 948 5290 et
964 5250 1136 5308 super
1150 5235 1413 5292 inimicos
1467 5237 1587 5291 tuos
1634 5233 1885 5291 tabesce-

252 5324 395 5379 bam
423 5325 453 5377 ?
481 5322 743 5393 Perfecto
764 5321 886 5379 odio
902 5323 1130 5381 oderam
1148 5325 1298 5392 illos,
1320 5324 1543 5379 inimici
1569 5324 1715 5395 facti
1746 5325 1885 5380 sunt

246 5412 414 5468 mihi
450 5410 633 5482 (Psal.
667 5411 977 5485 cxxxvm).
1018 5412 1276 5469 Inimicos
1305 5411 1451 5469 enim
1470 5410 1715 5484 perfecto
1760 5411 1887 5469 odio

252 5509 469 5568 odisse
516 5515 624 5578 est,
672 5508 740 5565 ad
787 5508 933 5582 quod
972 5507 1103 5567 facti
1123 5517 1247 5568 sunt
1277 5508 1508 5583 diligere
1538 5515 1592 5568 et
1621 5508 1770 5583 quod
1796 5508 1885 5567 fa-

1984 4524 2209 4580 Domini
2219 4522 2546 4580 declarabit.
2573 4521 2624 4595 (Ι
2636 4521 2757 4578 Cor.
2776 4520 2882 4593 tu).
2911 4519 3053 4590 Quia
3065 4536 3192 4576 vero
3209 4521 3277 4577 de
3292 4522 3584 4580 traditione

1983 4620 2076 4667 tua
2101 4611 2374 4685 quereris,
2406 4618 2459 4667 et
2487 4610 2622 4665 nihil
2650 4608 2712 4666 fit
2740 4610 2796 4665 in
2824 4618 2968 4666 terra
2997 4610 3115 4666 sine
3137 4625 3318 4678 causa,
3338 4611 3583 4685 nihilque

1987 4701 2134 4773 quod
2162 4708 2252 4756 aut
2279 4717 2391 4758 non
2421 4699 2587 4757 faciat
2615 4701 2765 4757 Deus
2794 4700 3082 4773 propitius,
3146 4708 3239 4755 aut
3294 4699 3416 4757 fieri
3473 4717 3585 4758 non

1984 4790 2258 4862 permittat
2284 4790 2474 4859 iratus,
2508 4798 2561 4846 et
2588 4789 2875 4862 pluraliter
2902 4788 3019 4845 ﬁeri
3057 4789 3373 4847 traditiones
3417 4798 3584 4864 atque

1986 4878 2219 4936 diversis
2248 4880 2426 4935 modis
2455 4878 2705 4936 diversos
2736 4886 2788 4934 et
2817 4894 2916 4951 pro
2950 4878 3184 4934 diversis
3213 4879 3398 4936 causis
3426 4880 3585 4937 tradi-

1985 4975 2068 5023 tos
2098 4968 2353 5041 legimus,
2383 4982 2612 5024 necesse
2640 4975 2723 5023 est
2751 4966 2846 5021 tibi
2875 4966 3141 5024 subtiliter
3165 4977 3406 5027 mentem
3434 4977 3584 5026 tuam

1985 5056 2278 5127 discutere,
2312 5064 2369 5112 ut
2396 5056 2684 5112 meditatus
2714 5071 2840 5111 cum
2861 5055 3024 5112 corde
3040 5063 3152 5125 tuo,
3178 5066 3231 5114 et
3246 5074 3357 5114 non
3371 5059 3584 5129 dolosa,

1986 5145 2087 5202 sed
2115 5153 2266 5202 recta
2296 5153 2495 5201 statera
2554 5145 2874 5217 appendens
2930 5161 3134 5215 mores,
3195 5147 3580 5220 cogitationes,

1985 5234 2177 5303 verba,
2212 5241 2266 5289 et
2294 5242 2446 5289 actus
2479 5242 2621 5303 tuos,
2652 5234 2798 5306 apud
2828 5242 2880 5291 te
2911 5234 3157 5293 invenias
3211 5237 3330 5293 haec
3368 5235 3584 5292 traditio

1985 5331 2079 5379 tua
2104 5321 2269 5389 unde,
2303 5330 2356 5377 et
2383 5338 2416 5377 a
2446 5338 2553 5396 quo
2582 5324 2932 5395 processerit,
2965 5332 3018 5381 et
3046 5341 3207 5398 quem
3262 5340 3584 5397 processum

1984 5411 2206 5480 habeat,
2239 5410 2328 5467 vel
2357 5411 2429 5467 ad
2459 5428 2619 5485 quem
2651 5411 2816 5469 ﬁnem
2874 5421 3085 5486 spectat
3116 5431 3129 5469 :
3171 5414 3408 5488 legimus
3438 5414 3585 5472 enim

1987 5509 2258 5583 quosdam
2285 5524 2320 5568 a
2348 5526 2409 5568 se
2436 5510 2688 5581 traditos,
2720 5518 2779 5569 ut
2806 5510 3010 5570 Paulus
3059 5512 3129 5570 ad
3180 5514 3453 5589 Ephesios
3515 5516 3586 5572 de
