4056 6178
495 265 593 320 551

1275 257 1621 318 HINCMARI
1645 257 2049 316 RHEMENSIS
2075 255 2624 315 ARCHIEPISCOPI.

3685 267 3788 320 552

494 386 823 462 quibusdam
833 385 992 443 dicit:
1014 386 1117 456 Qui
1127 385 1488 459 desperantes
1505 387 1832 459 semetipsos
1846 385 2086 442 tradide-
2113 383 2170 446 A
2189 385 2402 441 reversi
2417 383 2642 454 (Jerem.
2661 383 2784 455 xv).
2799 381 2937 440 Hinc
2958 399 3149 440 rursus
3169 384 3276 441 ait:
3296 387 3541 458 Populus
3565 403 3682 443 non
3703 391 3789 444 est

493 482 637 536 runt
673 495 732 536 se
767 476 1141 551 impudicitiae
1172 477 1235 532 in
1283 477 1670 548 operationem
1711 474 2093 530 immunditice

495 568 680 626 omnis
699 569 762 623 in
781 567 1027 622 avaritia
1039 565 1263 638 (Ephes.
1279 564 1360 636 ιν)
1376 581 1390 618 :
1404 564 1573 620 Tanto
1585 563 1730 620 enim
1748 563 2092 631 hinc,beatus

495 655 666 730 inquit
697 653 1016 728 Gregorius,
1050 669 1110 710 se
1140 653 1370 726 quisque
1386 651 1611 708 inmalis
1634 651 1992 724 praesentibus
2003 651 2090 707 la-

493 745 600 802 tius
635 743 862 809 relaxat,
892 749 1097 814 quanto
1123 748 1247 813 post
1266 741 1408 798 hanc
1436 741 1602 797 vitam
1619 756 1679 796 se
1709 741 1928 814 assequi
1949 741 2092 796 bona

493 842 696 892 aeterna
722 833 999 904 desperat,
1033 838 1088 886 et
1113 829 1349 887 Iacobus
1394 829 1675 902 apostolus
1705 829 1872 886 dicit:
1911 831 2090 888 Unus-

494 924 724 998 quisque
746 924 1009 978 tentatur
1027 938 1062 976 a
1083 920 1545 992 concupiscentia
1565 936 1672 976 sua
1691 919 2011 976 abstractus
2031 923 2090 975 et

489 1012 716 1069 illectus
732 1011 874 1082 (Jac.
893 1010 956 1081 ι),
981 1008 1191 1066 scilicet
1210 1024 1244 1064 a
1275 1015 1422 1064 recto
1453 1007 1663 1077 itinere,
1695 1014 1748 1063 et
1784 1007 2002 1064 illectus
2033 1006 2085 1062 in

488 1099 712 1158 malum.
745 1099 814 1155 Et
831 1098 964 1155 item
993 1096 1194 1153 Paulus
1223 1095 1293 1152 ad
1311 1097 1588 1152 Romanos
1644 1097 1713 1152 de
1759 1095 2087 1168 quibusdam

489 1188 680 1248 scribit
711 1207 725 1244 :
756 1187 861 1256 Qui
875 1204 1006 1245 cum
1017 1185 1401 1259 cognovissent
1412 1187 1590 1241 Deum
1605 1201 1721 1241 non
1735 1185 1886 1242 sicut
1907 1186 2084 1240 Deum

487 1279 1083 1352 gloriﬁcaverunt,aut
1091 1275 1308 1346 gratias
1321 1277 1560 1346 egerunt
1572 1273 1636 1328 in
1653 1273 2084 1346 cogitationibus

489 1370 628 1435 suis,
648 1371 704 1424 et
715 1367 1074 1424 obscuratum
1089 1367 1176 1419 est
1189 1362 1467 1435 insipiens
1479 1378 1577 1418 cor
1587 1377 1781 1418 eorum
1797 1382 1816 1431 ,-
1832 1363 2084 1419 dicentes

491 1457 646 1514 enim
665 1471 723 1511 se
739 1453 1153 1526 essesapientes
1197 1451 1366 1507 stulti
1402 1449 1547 1522 [acti
1589 1454 1725 1506 sunt
1743 1451 1920 1521 (Rom,
1945 1450 2084 1520 1).Et

485 1545 646 1618 paulo
670 1549 794 1616 post
817 1559 831 1596 :
854 1543 1093 1614 Propter
1102 1539 1246 1614 quod
1263 1539 1504 1596 tradidit
1517 1540 1668 1598 illos.
1687 1538 1951 1607 Tradidit,
1992 1539 2081 1594 di—

486 1632 582 1703 xit,
612 1631 670 1688 id
697 1637 780 1688 est
809 1629 988 1704 gratia
1012 1644 1124 1684 non
1172 1627 1425 1685 liberavit
1469 1627 1608 1684 sicut
1651 1643 1746 1684 cor
1777 1627 2081 1684 Pharaonis

482 1721 776 1792 induravit,
808 1719 955 1792 quod
982 1717 1158 1792 gratia
1172 1733 1282 1773 non
1312 1715 1592 1773 emollivit.
1621 1718 1690 1772 Et
1717 1717 1962 1789 psalmus
1991 1715 2080 1772 di-
2108 1743 2162 1804 Β

485 1811 585 1868 cit:
605 1809 855 1868 Tradidit
874 1809 938 1864 in
957 1807 1345 1880 captivitatem
1367 1807 1639 1862 virtutem
1659 1821 1872 1872 eorum,
1897 1807 2082 1879 etput-

485 1899 870 1958 chritudinem
889 1913 1083 1954 eorum
1102 1897 1166 1952 in
1185 1912 1392 1952 manus
1412 1893 2080 1968 inimici(Psal.Lxxvn):

483 1989 540 2044 in
572 1987 939 2060 captivitatem
967 1984 1112 2041 enim
1141 1984 1315 2040 virtus
1345 1991 1398 2040 et
1423 1983 1770 2056 pulchritudo
1813 1999 2082 2056 quorum-

481 2077 606 2134 dam
621 2076 677 2134 in
695 2092 892 2133 manus
911 2073 1114 2132 inimici
1129 2073 1381 2143 traditur,
1399 2089 1524 2130 cum
1543 2073 1786 2144 deceptae
1806 2073 1974 2128 menti
1993 2087 2084 2128 an-

480 2165 662 2241 tiquus
689 2165 862 2222 hostis
891 2180 958 2220 ex
987 2162 1116 2218 boni
1143 2162 1329 2234 aperis
1376 2161 1612 2218 elatione
1641 2161 1970 2218 dominatur.
2014 2162 2082 2218 Et

482 2253 762 2328 apostolos
799 2254 1072 2326 expetivit
1095 2253 1340 2309 Satanas
1377 2255 1448 2307 ut
1495 2251 1773 2308 cribraret
1811 2267 1900 2308 eos
1927 2252 2080 2308 sicut

484 2345 746 2402 triticum
775 2343 936 2415 (Luc.
972 2341 1134 2412 χχιι),
1159 2341 1252 2412 qui
1271 2339 1413 2409 jussi
1452 2346 1576 2395 sunt
1605 2355 1766 2396 orare
1793 2347 1853 2394 ut
1867 2354 1978 2394 non
1996 2339 2080 2394 in-

481 2439 690 2490 trarent
719 2431 777 2488 in
804 2429 1178 2503 tentationem.
1211 2427 1282 2484 Et
1311 2427 1510 2484 Paulus
1543 2427 1833 2500 quemdam
1861 2427 2078 2484 tradidit

481 2522 714 2588 Satanae,
739 2524 806 2578 ut
825 2519 1064 2593 spiritus
1075 2519 1196 2592 ejus
1207 2518 1397 2574 salvus
1435 2517 1591 2587 ﬁerit
1627 2519 1694 2574 in
1733 2518 1827 2574 die
1849 2519 2079 2574 Domini

479 2611 531 2683 (Ι
549 2612 670 2669 Cor.
693 2609 773 2684 v).
792 2609 862 2665 Et
881 2608 1010 2664 item
1026 2625 1040 2662 :
1056 2605 1336 2676 Quosdam
1346 2606 1567 2662 tradidit
1583 2606 1818 2674 Satana,
1833 2613 1891 2661 ut
1905 2605 2080 2663 disce-

473 2707 594 2757 rent
621 2714 730 2756 non
758 2697 1164 2770 blasphemare,
1195 2703 1250 2752 et
1278 2693 1447 2751 filiam
1473 2695 1709 2752 Abrahae
1736 2693 2075 2752 incurvatum

475 2789 709 2864 legimus
738 2785 1010 2852 aSatana,
1057 2793 1111 2842 et
1167 2784 1352 2856 plures
1407 2791 1638 2857 propter
1692 2792 1920 2858 peccata
1967 2800 2076 2856 pu-

474 2877 678 2934 nienda
705 2891 826 2948 quae
863 2873 1097 2930 cruciari
1152 2879 1470 2930 meruerunt
1524 2873 1683 2945 quasi
1741 2873 2076 2946 quibusdam

475 2962 1066 3039 quaestionariis'atque
1087 2961 1382 3018 tortoribus
1410 2961 1634 3016 traditos
1665 2961 1902 3036 legimus
1934 2960 2077 3017 refu-

477 3052 564 3129 gis
593 3051 893 3126 spiritibus,
917 3051 1046 3124 quia
1073 3065 1182 3106 non
1225 3049 1401 3106 solum
1439 3049 1688 3106 homines
1733 3049 1964 3106 ministri
2021 3056 2074 3104 et

475 3143 680 3200 ultores
709 3149 834 3198 sunt
862 3139 961 3198 ira;
987 3138 1088 3196 Dei
1116 3139 1172 3194 in
1218 3137 1302 3194 his
1355 3137 1446 3212 qui
1498 3137 1702 3194 malum
1757 3146 2066 3211 operantur,

476 3231 678 3306 quique
709 3247 819 3288 non
855 3229 974 3286 sine
1019 3244 1181 3285 causa
1210 3235 1432 3300 portant
1459 3227 1724 3302 gladium,
1777 3227 1876 3284 sed
1905 3227 2070 3284 etiam

475 3321 760 3380 contraria
787 3317 1146 3385 fortitudines,
1181 3333 1302 3390 quas
1325 3316 1670 3390 appellantur
1721 3316 1872 3372 furor
1891 3323 1946 3372 et
1976 3317 2070 3373 ira:

471 3411 574 3469 Dei
601 3413 778 3484 (Rom.
803 3410 942 3481 xm).
974 3407 1316 3480 Quapropter
1343 3406 1390 3463 si
1417 3406 1660 3462 moribus
1681 3414 1734 3463 et
1763 3405 1920 3464 factis
1965 3405 2071 3462 tuis

471 3500 814 3575 exigentibus
837 3499 985 3569 justo
1021 3496 1122 3553 Dei
1162 3495 1370 3566 judicio
1417 3496 1781 3568 permittente,
1818 3502 1908 3552 aut
1937 3511 1972 3551 a
2018 3503 2070 3551 te

472 3590 614 3662 ipso,
647 3589 737 3646 vel
763 3604 862 3660 per
889 3585 1137 3658 spiritum
1166 3584 1421 3659 refugam
1447 3585 1820 3658 inpeccatum,
1837 3584 1964 3658 quia
1983 3584 2069 3640 le-

470 3677 652 3754 gimus
681 3679 1058 3736 immissiones
1075 3691 1182 3749 per
1195 3675 1425 3748 angelos
1441 3676 1620 3732 malos
1637 3675 1812 3747 (Psal.
1837 3675 2066 3744 Lxxvu),

469 3769 558 3826 vel
589 3767 865 3824 hominem
904 3764 1006 3821 Dei
1033 3763 1343 3819 ministrum
1388 3762 1461 3820 ad
1501 3778 1722 3834 poenam
1767 3762 1980 3834 peccati
2008 3779 2068 3818 es

471 3856 723 3923 traditus,
747 3855 794 3910 si
821 3863 873 3911 te
888 3869 999 3910 non
1019 3851 1395 3925 recognoscis,
1421 3859 1601 3907 etnon
1617 3850 1950 3923 corrigendo
1979 3867 2070 3906 re-

471 3944 708 4018 sipiscis,
738 3958 849 3998 non
875 3941 1048 3996 habes
1077 3939 1222 3995 unde
1251 3939 1518 4012 queraris,
1552 3939 1650 3995 sed
1679 3939 1823 3996 unde
1851 3938 2070 3996 tribule-

472 4034 546 4090 ris
565 4053 580 4101 ;
597 4032 726 4105 quia
739 4046 850 4086 non
860 4029 991 4086 dicit
1007 4027 1271 4084 Dominus
1287 4028 1473 4084 :Beati
1505 4029 1604 4102 qui
1616 4030 2068 4102 persecutionem

470 4123 779 4198 patiuntur
794 4126 1022 4192 propter
1039 4115 1378 4188 injustitiam,
1412 4116 1509 4174 sed
1517 4121 1752 4190 propter
1771 4118 2068 4190 justitiam

471 4211 690 4284 (Matth.
706 4210 784 4282 v).
817 4209 885 4264 Et
913 4206 1205 4280 Apostolus
1250 4205 1382 4262 dicit
1414 4224 1428 4261 :
1479 4208 1686 4264 Beatus
1723 4207 1819 4281 qui
1865 4207 2069 4278 suﬂ’ert

469 4301 866 4368 tentationem,
881 4299 1146 4372 quoniam
1158 4313 1288 4353 cum
1306 4296 1576 4369 probatus
1616 4297 1801 4368 fuerit
1825 4296 2070 4370 accipiet

467 4405 733 4448 coronam
749 4385 1030 4458 vitceUac,
1045 4387 1106 4458 ι),
1127 4385 1272 4458 quia,
1290 4385 1429 4442 sicut
1441 4385 1632 4442 beatus
1645 4385 1948 4456 Cyprianus
1969 4385 2062 4456 ait,

2195 488 2448 529 reversus
2460 473 2532 528 ad
2539 474 2954 546 percutientem
2965 489 3024 530 se
3039 473 3168 546 (Isa.
3184 473 3288 544 Ix).
3303 472 3440 531 Hinc
3451 489 3588 532 voce
3607 474 3790 548 ﬂagel-

2199 555 2425 616 lantium
2469 561 2740 632 prOpheta
2780 561 3135 634 conqueritur
3180 563 3370 618 dicens
3405 579 3419 617 :
3451 563 3786 620 Curavimus

2190 649 2546 722 Babylonem,
2569 654 2626 706 et
2653 667 2768 707 non
2789 654 2875 706 est
2917 655 3125 707 sanata
3145 650 3372 723 (Jerem.
3397 651 3472 722 ιι)
3502 668 3516 705 :
3541 651 3784 724 Babylon

2189 737 2392 810 quippe
2418 745 2658 806 curatur,
2692 753 2796 794 nec
2835 746 3018 795 tamen
3048 741 3120 795 ad
3167 740 3456 796 sanitatem
3500 740 3784 797 reducitur

2189 826 2406 897 quando
2435 843 2592 882 mens
2618 827 2675 882 in
2703 843 2872 898 prava
2899 827 3114 885 actione
3141 827 3368 884 confusa
3395 829 3564 886 verba
3594 845 3787 886 corre-

2185 915 2386 986 ptionis
2417 915 2584 988 audit,
2617 915 2835 990 ﬂagella
2863 916 3217 974 correctionis
3235 917 3482 990 percipit,
3517 925 3570 974 et
3601 926 3786 975 tamen

2187 1003 2258 1058 ad
2310 1011 2459 1060 recta
2515 1004 2706 1060 salutis
2779 1005 2972 1062 itinera
3029 1006 3206 1062 redire
3265 1006 3580 1062 contemnit.
3643 1007 3785 1064 Hinc

2185 1091 2402 1164 captivo
2431 1093 2734 1150 Israelitico
2761 1093 2984 1166 populo,
3015 1110 3117 1152 nec
3156 1101 3335 1151 tamen
3381 1095 3448 1150 ab
3502 1095 3786 1168 iniquitate

2184 1195 2454 1238 converso
2473 1182 2740 1238 Dominus
2760 1182 3052 1254 exprobrat
3067 1183 3257 1240 dicens
3292 1201 3306 1238 :
3344 1185 3507 1242 Versa
3530 1187 3618 1240 est
3640 1185 3787 1241 mihi

2183 1269 2382 1326 domus
2397 1270 2575 1326 Israel
2589 1271 2652 1326 in
2665 1272 2909 1328 scoriam
2928 1289 2942 1326 :
2957 1288 3152 1328 omnes
3169 1273 3272 1329 isti
3289 1288 3386 1338 tes,
3403 1277 3458 1328 et
3474 1277 3779 1344 stannum,

2183 1362 2240 1414 et
2267 1361 2511 1429 ferrum,
2554 1363 2612 1415 et
2632 1360 2929 1432 plumbum
2952 1360 3016 1416 in
3045 1360 3230 1418 medio
3253 1362 3508 1432 fornacis
3549 1361 3778 1433 (Ezech.

2179 1446 2342 1518 xxu);
2355 1461 2418 1504 ac
2437 1447 2484 1502 si
2498 1455 2680 1518 aperte
2702 1445 2876 1504 dicat:
2904 1449 3148 1522 Purgare
3169 1464 3265 1505 eos
3280 1465 3378 1521 per
3395 1449 3582 1522 ignem
3603 1450 3783 1506 tribu-

2179 1533 2397 1590 lationis
2427 1535 2595 1604 volui,
2621 1543 2674 1592 et
2695 1545 2979 1608 argentum
3007 1536 3150 1607 illos,
3171 1537 3257 1594 vel
3275 1553 3469 1594 aurum
3490 1536 3610 1594 ﬁeri
3633 1555 3782 1611 quas-

2180 1622 2319 1690 sivi;
2353 1623 2452 1679 sed
2471 1623 2528 1678 in
2547 1623 2772 1681 fornace
2805 1625 2938 1680 mihi
2973 1625 3031 1680 in
3044 1641 3140 1694 aes,
3174 1634 3448 1695 stannum,
3497 1625 3708 1682 ferrum
3731 1635 3784 1684 et

2181 1710 2460 1782 plumbum
2478 1711 2623 1768 versi
2643 1720 2783 1780 sunt,
2805 1712 2933 1785 quia
2951 1729 3061 1769 non
3080 1713 3148 1770 ad
3169 1713 3442 1782 virtutem,
3463 1715 3560 1770 sed
3572 1715 3643 1770 ad
3655 1715 3784 1772 vitia

2185 1799 2432 1856 etiamin
2460 1799 2811 1857 tribulatione
2853 1810 3251 1874 proruperunt;
3285 1803 3540 1876 quoniam
3575 1813 3669 1860 aut
3712 1804 3785 1860 ad

2182 1888 2416 1944 sonitum
2444 1889 2894 1946 murmurationis
2925 1899 3241 1962 eruperunt,
3275 1899 3371 1947 aut
3419 1891 3781 1948 simulationis

2181 1976 2310 2033 vitio
2338 1993 2450 2033 non
2479 1993 2672 2034 carere
2691 1979 3066 2049 decreverunt,
3096 1988 3186 2036 aut
3214 1979 3273 2036 in
3300 1981 3535 2037 nocendi
3570 1981 3780 2038 malitia

2180 2065 2440 2138 proximis
2468 2075 2976 2138 perseveraverunt,
3011 2075 3103 2124 aut
3130 2085 3161 2124 a
3201 2068 3486 2125 desideriis
3540 2069 3778 2126 terrenis

2163 2155 2354 2226 'pressi
2381 2155 2439 2210 in
2464 2155 2813 2214 tribulatione
2840 2157 3070 2230 purgari
3088 2173 3200 2212 non
3227 2166 3540 2230 potuerunt.

2251 2243 2388 2301 Hinc
2417 2261 2608 2299 rursus
2637 2245 2900 2318 scriptum
2928 2253 3012 2302 est
3042 2263 3058 2302 :
3091 2247 3260 2304 Multo
3295 2248 3478 2304 labore
3505 2246 3778 2306 sudatum

2179 2336 2284 2400 est,
2315 2337 2372 2390 et
2401 2350 2518 2391 non
2534 2334 2713 2390 exivit
2744 2334 2810 2391 de
2831 2335 3028 2392 anima
3043 2337 3237 2408 rubigo
3279 2338 3420 2408 ejus,
3465 2353 3643 2410 neque
3670 2354 3777 2409 per

2177 2422 2364 2494 ignem
2379 2421 2602 2494 (Ezech.
2620 2422 2806 2490 xxxv),
2821 2423 3005 2497 ignem
3027 2423 3226 2496 quippe
3247 2425 3406 2481 nobis
3417 2423 3779 2482 tribulationis

2177 2509 2448 2578 admovet,
2472 2518 2529 2565 ut
2558 2510 2612 2566 in
2641 2510 2800 2566 nobis
2844 2511 3150 2584 rubiginem
3194 2512 3451 2570 vitiorum
3506 2515 3776 2571 Dominus

2175 2599 2497 2673 purget,sed
2525 2615 2626 2654 nec
2654 2615 2756 2670 per
2782 2599 2968 2672 ignem
2997 2601 3294 2658 amittimus
3311 2602 3530 2676 quando
3550 2610 3604 2658 et
3624 2603 3777 2658 rubi-

2176 2687 2319 2759 ginis
2347 2686 2490 2744 inter
2504 2687 2746 2762 ﬂagella,
2761 2689 2848 2744 vel
2867 2705 2966 2760 per
2992 2689 3214 2763 ﬂagella
3232 2691 3362 2748 vitio
3374 2707 3482 2747 non
3497 2707 3771 2748 caremus.

2173 2776 2311 2833 Hinc
2334 2777 2602 2848 propheta
2633 2776 2834 2832 iterum
2860 2777 2991 2835 dicit
3023 2796 3037 2834 :
3075 2780 3284 2836 Frusta
3330 2781 3602 2850 conﬂavit
3625 2797 3772 2840 con-

2174 2867 2402 2932 solator,
2417 2866 2658 2922 malitia:
2669 2883 2862 2922 eorum
2873 2884 2988 2924 non
3023 2872 3521 2942 suntconsumptw
3534 2871 3769 2941 (Jerem.

2175 2967 2274 3026 v1).
2289 2953 2660 3027 Poenainquit,
2677 2955 2996 3028 Gregorius,
3012 2973 3257 3028 praesens
3270 2957 3316 3012 si
3328 2955 3513 3014 aﬁlicti
3526 2957 3774 3014 animum

2173 3043 2458 3112 convertit,
2493 3041 2615 3097 finis
2645 3051 2728 3098 est
2756 3043 2932 3116 culpas
2959 3044 3320 3116 praecedentis
3354 3063 3370 3102 :
3401 3045 3447 3100 si
3485 3053 3668 3102 autem
3697 3047 3775 3102 ad

2761 3095 2930 3116 ---ππ
2959 3095 3317 3116 ,_"___-_--_
3355 3095 3370 3102 -
3402 3095 3447 3100 -_
3486 3095 3668 3102 ηπ..
3699 3095 3774 3102 --

2101 3095 2152 3167 C
2172 3130 2425 3188 timorem
2454 3131 2671 3188 Domini
2699 3132 2923 3188 minime
2951 3134 3234 3204 convertit,
3264 3133 3474 3189 initium
3489 3141 3570 3190 est
3590 3150 3774 3206 poenas

2171 3220 2468 3293 sequentis.
2503 3221 2818 3278 Cavendum
2847 3237 2984 3296 ergo
3014 3222 3174 3278 nobis
3203 3229 3286 3278 est
3323 3230 3378 3278 et
3419 3239 3774 3295 summopere

2168 3307 2228 3364 in
2253 3308 2469 3365 ﬂetibus
2485 3315 2596 3365 tota
2623 3309 2819 3366 mentis
2849 3310 3204 3367 conversione
3234 3311 3590 3384 vigilandum,
3612 3329 3679 3368 ne
3701 3313 3775 3368 de

2171 3405 2440 3455 tormento
2467 3398 2536 3454 ad
2563 3406 2827 3454 tormenta
2857 3406 3222 3456 transeamus.
3257 3399 3360 3470 Qui
3399 3416 3534 3474 ergo
3584 3401 3773 3470 justus

2169 3487 2390 3558 patitur,
2418 3487 2466 3543 si
2483 3487 2754 3560 patienter
2779 3503 2845 3544 ea
2867 3503 2985 3562 quae
3005 3489 3203 3560 patitur
3228 3487 3472 3557 sustinet,
3492 3489 3774 3546 Christum

2168 3575 2428 3632 imitatur.
2461 3575 2568 3646 Qui
2596 3577 2651 3632 in
2672 3577 2908 3648 ﬂagellis
2929 3577 3236 3652 corrigitur,
3268 3577 3531 3634 latronem
3587 3579 3682 3650 qui
3718 3579 3776 3634 in

2169 3681 2332 3722 cruce
2362 3665 2634 3722 Christum
2663 3665 2938 3740 cognovit,
2971 3674 3024 3722 et
3051 3673 3175 3738 post
3195 3682 3415 3723 crucem
3453 3654 3776 3738 paradisum

2169 3769 2295 3811 cum
2325 3753 2536 3810 Christo
2565 3754 2784 3810 intravit
2809 3772 2822 3810 :
2856 3755 2950 3828 qui
2973 3771 3076 3812 nec
3094 3755 3236 3812 inter
3252 3755 3470 3830 ﬂagella
3488 3755 3710 3811 desistit
3726 3772 3762 3812 a

2167 3843 2362 3914 culpis,
2395 3843 2678 3899 sinistrum
2703 3843 2978 3900 imitamur
3035 3843 3322 3912 latronem,
3382 3844 3475 3917 qui
3530 3853 3766 3916 propter

2167 3939 2392 4004 peccata
2421 3931 2668 3988 ascendit
2695 3933 2752 3987 in
2779 3948 3014 4002 crucem,
3059 3940 3112 3988 et
3137 3941 3262 4005 post
3291 3949 3510 3990 crucem
3567 3932 3678 3988 ruit
3717 3933 3776 3990 in

2167 4027 2448 4076 tartarum.
2485 4021 2542 4077 Si
2572 4037 2708 4094 ergo
2735 4028 2960 4092 propter
2987 4027 3272 4093 peccatum
3313 4021 3478 4078 modo
3524 4022 3776 4094 quolibet

2167 4109 2256 4166 vel
2285 4125 2318 4164 a
2345 4124 2672 4182 quocunque
2699 4109 2932 4166 traditus
2962 4125 3042 4178 es,
3075 4118 3127 4166 et
3155 4126 3257 4182 per
3285 4109 3589 4166 traditionis
3637 4128 3775 4183 per-

2169 4197 2505 4254 secutionem
2530 4206 2832 4266 correctus,
2868 4207 2926 4254 ut
2954 4199 3146 4256 audire
3164 4197 3430 4256 merearis
3458 4217 3488 4254 a
3505 4198 3769 4268 Domino,

2168 4293 2222 4342 et
2249 4286 2296 4342 si
2323 4303 2433 4343 non
2452 4287 2677 4344 auribus
2705 4287 3064 4359 corporis,vel
3077 4288 3300 4344 auribus
3344 4287 3452 4343 illis
3475 4287 3542 4344 de
3566 4289 3774 4360 quibus

2168 4375 2453 4432 Psalmista
2483 4376 2614 4434 dicit
2645 4395 2659 4432 :
2690 4377 2934 4434 Audiam
2949 4377 3082 4450 quid
3101 4379 3366 4450 loquatur
3380 4379 3442 4434 in
3459 4393 3548 4434 me
3567 4379 3774 4435 Domi-

467 4485 766 4552 martyrem
792 4493 903 4533 non
939 4473 1068 4532 facit
1106 4489 1289 4546 poena,
1347 4473 1447 4530 sed
1502 4481 1672 4530 causa
1705 4491 1720 4528 :
1756 4489 1886 4529 nam
1941 4464 2138 4530 cumD
2168 4482 2279 4522 nus
2294 4467 2440 4522 Deus
2483 4466 2658 4536 (Psal.
2698 4465 2962 4538 Lxxxrv),
3013 4467 3162 4538 quod
3181 4466 3386 4522 audivit
3418 4465 3510 4538 qui
3529 4474 3770 4538 propter

467 4567 684 4624 Christo
703 4581 922 4624 crucem
949 4563 1114 4621 etiam
1149 4562 1428 4634 periturus
1466 4561 1604 4619 latro
1650 4561 1911 4636 suscepit,
1965 4561 2064 4618 sed
2164 4563 2451 4627 peccatum
2478 4553 2804 4628 ﬂagellatus,
2836 4563 2890 4610 et
2915 4571 3017 4626 per
3047 4555 3325 4628 ﬂagellum
3358 4564 3628 4628 purgatus
3660 4564 3772 4624 est,

465 4673 629 4731 quem
655 4663 836 4712 reatus
862 4652 1115 4728 proprius
1143 4651 1336 4718 tenuit,
1368 4667 1472 4723 par
1493 4651 1776 4709 cruciﬁxio
1805 4667 1916 4708 non
1961 4650 2066 4706 ab-

467 4745 646 4803 solvit.
669 4745 739 4802 Et
765 4742 1094 4816 persecutio,
1128 4741 1217 4798 vel
1242 4739 1463 4797 traditio
1492 4739 1624 4798 dum
1666 4756 1777 4797 non
1823 4741 2066 4798 rationa-

463 4833 646 4891 biliter
672 4833 982 4901 sustinetur,
1013 4839 1072 4888 ut
1100 4831 1290 4888 beatus
1319 4837 1586 4886 monstrat
1616 4829 1935 4902 Gregorius,
1971 4845 2069 4885 ne-

467 4937 740 4996 quaquam
765 4919 980 4994 proiicit
1007 4920 1077 4978 ad
1108 4919 1354 4977 salutem.
1387 4921 1528 4976 Nam
1556 4918 1690 4975 nulli
1736 4917 1820 4974 fas
1871 4925 1955 4974 est
1981 4933 2068 4975 re-

465 5011 817 5069 tributionem
836 5009 1187 5083 praemiorum
1204 5015 1526 5082 exspectare
1542 5024 1642 5082 per
1657 5007 1896 5080 culpam,
1921 5007 2069 5081 quod

467 5109 522 5160 et
551 5101 745 5158 beatus
770 5100 965 5156 Petrus
993 5097 1275 5172 apostolus
1298 5098 1640 5156 demonstrat
1662 5097 1854 5154 dicens
1885 5113 1900 5151 :
1938 5097 2070 5165 Qua:

465 5195 552 5248 est
573 5190 727 5249 enim
745 5188 934 5264 gratia
952 5190 1004 5245 si
1011 5192 1310 5262 peccantes
1339 5193 1396 5244 et
1423 5186 1771 5260 colaphizati
1786 5185 2070 5258 su/fertis?

465 5279 519 5353 (I
529 5283 683 5337 Petr.
716 5279 802 5352 ιι.)
827 5279 1026 5336 Contra
1045 5277 1149 5334 hos
1168 5277 1431 5350 propheta
1458 5275 1692 5332 Domino
1723 5274 1964 5349 queritur
1993 5273 2072 5330 di-

465 5381 599 5425 cens
613 5387 628 5424 :
643 5368 930 5426 Attrivisti
939 5384 1030 5424 eos
1041 5370 1098 5424 et
1108 5369 1427 5424 renuerunt
1437 5366 1692 5439 accipere
1703 5364 2071 5438 disciplinam

464 5456 692 5530 (Jerem.
723 5456 829 5529 ιιι).
863 5456 1000 5512 Hinc
1027 5462 1111 5512 est
1142 5454 1290 5528 quod
1309 5454 1574 5511 Dominus
1593 5453 1724 5510 dicit
1761 5471 1775 5509 :
1801 5452 2072 5524 Inter/"eoi

462 5547 522 5605 et
526 5543 750 5620 perdidi
759 5545 1029 5620 populum
1039 5545 1234 5613 istum,
1243 5549 1299 5602 et
1311 5547 1504 5602 tamen
1515 5561 1551 5601 a
1561 5543 1666 5600 viis
1677 5542 1796 5601 suis
1807 5557 1924 5600 non
1935 5542 2074 5598 sunt

2167 4641 2382 4701 dicente
2393 4643 2626 4700 Domino
2660 4662 2673 4699 :
2705 4645 2845 4701 Ecce
2860 4661 3038 4700 sanus
3057 4646 3249 4716 factus
3269 4660 3346 4711 es,
3361 4645 3490 4718 jam
3500 4645 3775 4719 nolipec-

2167 4749 2315 4824 care,
2357 4750 2429 4790 ne
2453 4733 2703 4824 deterius
2754 4732 2856 4790 tibi
2891 4725 3110 4824 aliquid
3150 4735 3448 4824 contingat
3460 4733 3645 4824 (Joan.
3685 4733 3772 4824 ν).

2167 4821 2350 4878 Habes
2378 4821 2523 4878 unde
2543 4821 2806 4894 gaudeas,
2841 4829 2895 4876 et
2925 4821 3074 4894 quod
3091 4819 3338 4877 cavendo
3367 4819 3671 4878 custodias.
3715 4821 3778 4878 Si

2168 4918 2346 4967 autem
2377 4909 2502 4966 ideo
2557 4909 2806 4980 traditus,
2866 4917 2920 4968 et
2975 4909 3260 4966 traditione
3312 4908 3620 4984 ﬂagellatus
3681 4927 3772 4980 es,

2167 5013 2279 5056 non
2307 4999 2432 5072 quia
2473 4999 2733 5072 peccasti,
2793 4997 2892 5054 sed
2937 5014 3007 5054 ne
3053 5012 3330 5071 peccares,
3389 4999 3530 5055 sicut
3568 4998 3778 5054 Paulus

2169 5089 2263 5162 qui
2291 5088 2424 5148 dixit
2457 5106 2470 5142 :
2503 5089 2580 5144 Ne
2607 5086 2939 5160 magnitudo
2976 5088 3378 5145 revelationem
3399 5088 3648 5144 extollat
3677 5104 3777 5146 me

2169 5179 2336 5236 datus
2359 5181 2443 5234 est
2453 5177 2600 5234 mihi
2626 5177 2896 5232 stimulus
2909 5177 3104 5232 carnis
3126 5192 3282 5244 mere,
3297 5180 3363 5232 ut
3393 5191 3484 5233 me
3502 5175 3778 5249 colaphi-

2169 5271 2260 5323 καί
2279 5267 2357 5338 (ΙΙ
2395 5266 2516 5324 Cor.
2547 5266 2674 5338 xu).
2707 5265 2960 5321 Libenter
3005 5264 3246 5337 gloriare
3275 5265 3333 5320 in
3363 5263 3780 5322 infirmitatibus

2170 5355 2295 5422 tuis,
2325 5358 2396 5412 ut
2422 5355 2702 5413 inhabitet
2730 5355 2794 5410 in
2837 5358 2891 5411 te
2917 5355 3100 5411 virtus
3134 5355 3364 5412 Christi.
3387 5354 3444 5409 Si
3472 5352 3721 5426 denique
3744 5371 3782 5412 a.

2172 5459 2514 5518 quocunque,
2546 5443 2634 5502 vel
2687 5442 2852 5499 modo
2907 5456 3231 5516 quocunque
3287 5441 3514 5498 traditus
3561 5459 3642 5508 es,
3681 5443 3781 5501 vel

2170 5555 2280 5599 non
2307 5548 2535 5614 propter
2577 5540 2896 5614 pmcedens
2941 5548 3248 5613 peccatum,
3297 5537 3386 5598 vel
3413 5539 3540 5597 ideo
3567 5546 3625 5596 ut
3655 5556 3782 5598 non
