  <div class='ocr_page' id='page_1' title='image "/cluster/home/n/w/nwhite01/storage/ocr_20150623/126/hvd.32044052819513/282.png"; bbox 0 0 4056 6178; ppageno 0'>
   <div class='ocr_carea' id='block_1_1' title="bbox 225 260 321 317">
    <p class='ocr_par' dir='ltr' id='par_1_1' title="bbox 225 260 321 317">
     <span class='ocr_line' id='line_1_1' title="bbox 225 260 321 317; baseline 0 0"><span class='ocrx_word' id='word_1_1' title='bbox 225 260 321 317; x_wconf 79' lang='grc'><strong>553</strong></span> 
     </span>
    </p>
   </div>
   <div class='ocr_carea' id='block_1_2' title="bbox 1009 236 2727 339">
    <p class='ocr_par' dir='ltr' id='par_1_2' title="bbox 1009 236 2727 339">
     <span class='ocr_line' id='line_1_2' title="bbox 1009 236 2727 339; baseline 0.002 -27"><span class='ocrx_word' id='word_1_2' title='bbox 1009 254 1249 315; x_wconf 73' lang='lat' dir='ltr'><strong>orasc.</strong></span> <span class='ocrx_word' id='word_1_3' title='bbox 1281 255 1373 312; x_wconf 83' lang='lat' dir='ltr'><strong>Er</strong></span> <span class='ocrx_word' id='word_1_4' title='bbox 1398 254 1619 313; x_wconf 87' lang='lat' dir='ltr'><strong>EPIST.</strong></span> <span class='ocrx_word' id='word_1_5' title='bbox 1649 236 1725 313; x_wconf 81' lang='lat' dir='ltr'><strong>1N</strong></span> <span class='ocrx_word' id='word_1_6' title='bbox 1753 254 1978 313; x_wconf 81' lang='lat' dir='ltr'><strong>CAUSA</strong></span> <span class='ocrx_word' id='word_1_7' title='bbox 2010 256 2355 315; x_wconf 68' lang='lat' dir='ltr'><strong>meum</strong></span> <span class='ocrx_word' id='word_1_8' title='bbox 2382 256 2688 316; x_wconf 82' lang='lat' dir='ltr'><strong>LAUDUN.</strong></span> <span class='ocrx_word' id='word_1_9' title='bbox 2724 336 2727 339; x_wconf 95' lang='lat'><em>_</em></span> 
     </span>
    </p>
   </div>
   <div class='ocr_carea' id='block_1_3' title="bbox 3411 264 3515 324">
    <p class='ocr_par' dir='ltr' id='par_1_3' title="bbox 3411 264 3515 324">
     <span class='ocr_line' id='line_1_3' title="bbox 3411 264 3515 324; baseline 0.01 -1"><span class='ocrx_word' id='word_1_10' title='bbox 3411 264 3515 324; x_wconf 71' lang='grc'><strong>554</strong></span> 
     </span>
    </p>
   </div>
   <div class='ocr_carea' id='block_1_4' title="bbox 226 379 3515 455">
    <p class='ocr_par' dir='ltr' id='par_1_4' title="bbox 226 379 3515 455">
     <span class='ocr_line' id='line_1_4' title="bbox 226 379 3515 455; baseline 0.004 -18"><span class='ocrx_word' id='word_1_11' title='bbox 226 381 539 438; x_wconf 81' lang='lat' dir='ltr'><strong>incurreres</strong></span> <span class='ocrx_word' id='word_1_12' title='bbox 569 380 717 451; x_wconf 90' lang='lat' dir='ltr'><strong>quod</strong></span> <span class='ocrx_word' id='word_1_13' title='bbox 743 387 956 452; x_wconf 79' lang='lat' dir='ltr'><strong>poterat</strong></span> <span class='ocrx_word' id='word_1_14' title='bbox 988 379 1244 437; x_wconf 88' lang='lat' dir='ltr'><strong>accidere</strong></span> <span class='ocrx_word' id='word_1_15' title='bbox 1274 380 1373 436; x_wconf 91' lang='lat' dir='ltr'><strong>tibi</strong></span> <span class='ocrx_word' id='word_1_16' title='bbox 1400 387 1702 451; x_wconf 85' lang='lat' dir='ltr'><strong>peccatum,</strong></span> <span class='ocrx_word' id='word_1_17' title='bbox 1735 379 1834 437; x_wconf 86' lang='lat' dir='ltr'><strong>sed</strong></span> <span class='ocrx_word' id='word_1_18' title='bbox 1865 380 2043 442; x_wconf 89' lang='lat' dir='ltr'><strong>Aloci</strong></span> <span class='ocrx_word' id='word_1_19' title='bbox 2086 383 2195 439; x_wconf 90' lang='lat' dir='ltr'><strong>mei</strong></span> <span class='ocrx_word' id='word_1_20' title='bbox 2223 383 2401 440; x_wconf 71' lang='lat' dir='ltr'><strong>officio</strong></span> <span class='ocrx_word' id='word_1_21' title='bbox 2439 383 2746 455; x_wconf 81' lang='lat' dir='ltr'><strong>intelligere</strong></span> <span class='ocrx_word' id='word_1_22' title='bbox 2802 385 3074 443; x_wconf 81' lang='lat' dir='ltr'><strong>debueras</strong></span> <span class='ocrx_word' id='word_1_23' title='bbox 3129 390 3452 448; x_wconf 89' lang='lat' dir='ltr'><strong>monitorem</strong></span> <span class='ocrx_word' id='word_1_24' title='bbox 3500 413 3515 450; x_wconf 90' lang='lat'><strong>:</strong></span> 
     </span>
    </p>
   </div>
   <div class='ocr_carea' id='block_1_5' title="bbox 233 467 1833 538">
    <p class='ocr_par' dir='ltr' id='par_1_5' title="bbox 233 467 1833 538">
     <span class='ocr_line' id='line_1_5' title="bbox 233 467 1833 538; baseline -0.003 -12"><span class='ocrx_word' id='word_1_25' title='bbox 233 478 289 526; x_wconf 90' lang='lat' dir='ltr'><strong>ut</strong></span> <span class='ocrx_word' id='word_1_26' title='bbox 307 470 493 538; x_wconf 90' lang='lat' dir='ltr'><strong>justus</strong></span> <span class='ocrx_word' id='word_1_27' title='bbox 511 467 892 538; x_wconf 79' lang='lat' dir='ltr'><strong>justiﬁcareris</strong></span> <span class='ocrx_word' id='word_1_28' title='bbox 922 469 1117 535; x_wconf 89' lang='lat' dir='ltr'><strong>adhuc,</strong></span> <span class='ocrx_word' id='word_1_29' title='bbox 1164 468 1305 525; x_wconf 82' lang='lat' dir='ltr'><strong>sicut</strong></span> <span class='ocrx_word' id='word_1_30' title='bbox 1350 468 1572 537; x_wconf 80' lang='lat' dir='ltr'><strong>Tobias,</strong></span> <span class='ocrx_word' id='word_1_31' title='bbox 1630 474 1685 524; x_wconf 91' lang='lat' dir='ltr'><strong>et</strong></span> <span class='ocrx_word' id='word_1_32' title='bbox 1730 467 1833 523; x_wconf 83' lang='lat' dir='ltr'><strong>Job</strong></span> 
     </span>
    </p>
   </div>
   <div class='ocr_carea' id='block_1_6' title="bbox 233 556 1836 630">
    <p class='ocr_par' dir='ltr' id='par_1_6' title="bbox 233 556 1836 630">
     <span class='ocr_line' id='line_1_6' title="bbox 233 556 1836 630; baseline -0.001 -17"><span class='ocrx_word' id='word_1_33' title='bbox 233 558 297 613; x_wconf 90' lang='lat' dir='ltr'><strong>de</strong></span> <span class='ocrx_word' id='word_1_34' title='bbox 325 574 439 630; x_wconf 92' lang='lat' dir='ltr'><strong>quo</strong></span> <span class='ocrx_word' id='word_1_35' title='bbox 465 556 730 614; x_wconf 88' lang='lat' dir='ltr'><strong>Dominus</strong></span> <span class='ocrx_word' id='word_1_36' title='bbox 761 556 894 612; x_wconf 88' lang='lat' dir='ltr'><strong>dixit</strong></span> <span class='ocrx_word' id='word_1_37' title='bbox 923 557 994 612; x_wconf 90' lang='lat' dir='ltr'><strong>ad</strong></span> <span class='ocrx_word' id='word_1_38' title='bbox 1024 557 1191 613; x_wconf 87' lang='lat' dir='ltr'><strong>Satan</strong></span> <span class='ocrx_word' id='word_1_39' title='bbox 1223 573 1239 612; x_wconf 90' lang='lat'><strong>:</strong></span> <span class='ocrx_word' id='word_1_40' title='bbox 1271 558 1410 613; x_wconf 64' lang='lat' dir='ltr'><strong>[hcce</strong></span> <span class='ocrx_word' id='word_1_41' title='bbox 1442 557 1507 612; x_wconf 87' lang='lat' dir='ltr'><strong>in</strong></span> <span class='ocrx_word' id='word_1_42' title='bbox 1539 572 1720 613; x_wconf 86' lang='lat' dir='ltr'><strong>manu</strong></span> <span class='ocrx_word' id='word_1_43' title='bbox 1736 560 1836 612; x_wconf 84' lang='lat' dir='ltr'><strong>tua</strong></span> 
     </span>
    </p>
   </div>
   <div class='ocr_carea' id='block_1_7' title="bbox 230 644 1833 716">
    <p class='ocr_par' dir='ltr' id='par_1_7' title="bbox 230 644 1833 716">
     <span class='ocr_line' id='line_1_7' title="bbox 230 644 1833 716; baseline -0.002 -13"><span class='ocrx_word' id='word_1_44' title='bbox 230 649 327 714; x_wconf 83' lang='lat' dir='ltr'><strong>est,</strong></span> <span class='ocrx_word' id='word_1_45' title='bbox 354 650 583 703; x_wconf 86' lang='lat' dir='ltr'><strong>tantum</strong></span> <span class='ocrx_word' id='word_1_46' title='bbox 607 647 864 702; x_wconf 87' lang='lat' dir='ltr'><strong>animam</strong></span> <span class='ocrx_word' id='word_1_47' title='bbox 882 646 1044 701; x_wconf 84' lang='lat' dir='ltr'><strong>illius</strong></span> <span class='ocrx_word' id='word_1_48' title='bbox 1063 661 1223 701; x_wconf 84' lang='lat' dir='ltr'><strong>serva</strong></span> <span class='ocrx_word' id='word_1_49' title='bbox 1243 645 1363 715; x_wconf 86' lang='lat' dir='ltr'><strong>(Job</strong></span> <span class='ocrx_word' id='word_1_50' title='bbox 1392 645 1453 716; x_wconf 83' lang='grc' dir='ltr'><strong>ι),</strong></span> <span class='ocrx_word' id='word_1_51' title='bbox 1481 644 1758 700; x_wconf 90' lang='lat' dir='ltr'><strong>custodire</strong></span> <span class='ocrx_word' id='word_1_52' title='bbox 1780 651 1833 699; x_wconf 92' lang='lat' dir='ltr'><strong>te</strong></span> 
     </span>
    </p>
   </div>
   <div class='ocr_carea' id='block_1_8' title="bbox 226 731 1835 805">
    <p class='ocr_par' dir='ltr' id='par_1_8' title="bbox 226 731 1835 805">
     <span class='ocr_line' id='line_1_8' title="bbox 226 731 1835 805; baseline -0.002 -16"><span class='ocrx_word' id='word_1_53' title='bbox 226 740 439 805; x_wconf 85' lang='lat' dir='ltr'><strong>oportet</strong></span> <span class='ocrx_word' id='word_1_54' title='bbox 464 741 525 789; x_wconf 92' lang='lat' dir='ltr'><strong>ut</strong></span> <span class='ocrx_word' id='word_1_55' title='bbox 549 749 620 789; x_wconf 93' lang='lat' dir='ltr'><strong>ne</strong></span> <span class='ocrx_word' id='word_1_56' title='bbox 647 733 719 790; x_wconf 90' lang='lat' dir='ltr'><strong>de</strong></span> <span class='ocrx_word' id='word_1_57' title='bbox 749 732 969 805; x_wconf 90' lang='lat' dir='ltr'><strong>ﬂagello</strong></span> <span class='ocrx_word' id='word_1_58' title='bbox 996 748 1325 799; x_wconf 89' lang='lat' dir='ltr'><strong>murmures,</strong></span> <span class='ocrx_word' id='word_1_59' title='bbox 1350 740 1404 788; x_wconf 91' lang='lat' dir='ltr'><strong>et</strong></span> <span class='ocrx_word' id='word_1_60' title='bbox 1423 731 1661 788; x_wconf 91' lang='lat' dir='ltr'><strong>animam</strong></span> <span class='ocrx_word' id='word_1_61' title='bbox 1688 739 1835 786; x_wconf 92' lang='lat' dir='ltr'><strong>tuam</strong></span> 
     </span>
    </p>
   </div>
   <div class='ocr_carea' id='block_1_9' title="bbox 229 820 1835 893">
    <p class='ocr_par' dir='ltr' id='par_1_9' title="bbox 229 820 1835 893">
     <span class='ocr_line' id='line_1_9' title="bbox 229 820 1835 893; baseline -0.002 -16"><span class='ocrx_word' id='word_1_62' title='bbox 229 836 389 893; x_wconf 88' lang='lat' dir='ltr'><strong>quam</strong></span> <span class='ocrx_word' id='word_1_63' title='bbox 448 820 714 878; x_wconf 84' lang='lat' dir='ltr'><strong>Dominus</strong></span> <span class='ocrx_word' id='word_1_64' title='bbox 756 835 979 877; x_wconf 87' lang='lat' dir='ltr'><strong>servare</strong></span> <span class='ocrx_word' id='word_1_65' title='bbox 1033 820 1091 875; x_wconf 91' lang='lat' dir='ltr'><strong>in</strong></span> <span class='ocrx_word' id='word_1_66' title='bbox 1119 820 1222 876; x_wconf 82' lang='lat' dir='ltr'><strong>Job</strong></span> <span class='ocrx_word' id='word_1_67' title='bbox 1272 820 1537 888; x_wconf 90' lang='lat' dir='ltr'><strong>jusserat,</strong></span> <span class='ocrx_word' id='word_1_68' title='bbox 1592 834 1835 875; x_wconf 82' lang='lat' dir='ltr'><strong>murmu-</strong></span> 
     </span>
    </p>
   </div>
   <div class='ocr_carea' id='block_1_10' title="bbox 230 907 1835 980">
    <p class='ocr_par' dir='ltr' id='par_1_10' title="bbox 230 907 1835 980">
     <span class='ocr_line' id='line_1_10' title="bbox 230 907 1835 980; baseline -0.001 -16"><span class='ocrx_word' id='word_1_69' title='bbox 230 908 403 965; x_wconf 87' lang='lat' dir='ltr'><strong>rando</strong></span> <span class='ocrx_word' id='word_1_70' title='bbox 432 909 491 964; x_wconf 92' lang='lat' dir='ltr'><strong>in</strong></span> <span class='ocrx_word' id='word_1_71' title='bbox 518 915 846 979; x_wconf 86' lang='lat' dir='ltr'><strong>potestatem</strong></span> <span class='ocrx_word' id='word_1_72' title='bbox 872 908 1022 963; x_wconf 89' lang='lat' dir='ltr'><strong>illius</strong></span> <span class='ocrx_word' id='word_1_73' title='bbox 1050 907 1255 963; x_wconf 84' lang='lat' dir='ltr'><strong>tradas.</strong></span> <span class='ocrx_word' id='word_1_74' title='bbox 1287 909 1472 980; x_wconf 81' lang='lat' dir='ltr'><strong>Neque</strong></span> <span class='ocrx_word' id='word_1_75' title='bbox 1504 923 1835 963; x_wconf 81' lang='lat' dir='ltr'><strong>murmura-</strong></span> 
     </span>
    </p>
   </div>
   <div class='ocr_carea' id='block_1_11' title="bbox 228 995 1836 1068">
    <p class='ocr_par' dir='ltr' id='par_1_11' title="bbox 228 995 1836 1068">
     <span class='ocr_line' id='line_1_11' title="bbox 228 995 1836 1068; baseline -0.001 -15"><span class='ocrx_word' id='word_1_76' title='bbox 228 999 443 1063; x_wconf 86' lang='lat' dir='ltr'><strong>veritis,</strong></span> <span class='ocrx_word' id='word_1_77' title='bbox 477 996 658 1068; x_wconf 88' lang='lat' dir='ltr'><strong>inquit</strong></span> <span class='ocrx_word' id='word_1_78' title='bbox 711 995 1025 1068; x_wconf 77' lang='lat' dir='ltr'><strong>Apostolus,</strong></span> <span class='ocrx_word' id='word_1_79' title='bbox 1055 996 1208 1053; x_wconf 87' lang='lat' dir='ltr'><strong>sicut</strong></span> <span class='ocrx_word' id='word_1_80' title='bbox 1227 996 1457 1067; x_wconf 86' lang='lat' dir='ltr'><strong>quidam</strong></span> <span class='ocrx_word' id='word_1_81' title='bbox 1480 1011 1836 1052; x_wconf 85' lang='lat' dir='ltr'><strong>eorummur—</strong></span> 
     </span>
    </p>
   </div>
   <div class='ocr_carea' id='block_1_12' title="bbox 228 1083 1831 1156">
    <p class='ocr_par' dir='ltr' id='par_1_12' title="bbox 228 1083 1831 1156">
     <span class='ocr_line' id='line_1_12' title="bbox 228 1083 1831 1156; baseline -0.003 -16"><span class='ocrx_word' id='word_1_82' title='bbox 228 1088 620 1152; x_wconf 82' lang='lat' dir='ltr'><strong>muraverunt,</strong></span> <span class='ocrx_word' id='word_1_83' title='bbox 656 1088 713 1140; x_wconf 87' lang='lat' dir='ltr'><strong>et</strong></span> <span class='ocrx_word' id='word_1_84' title='bbox 739 1100 776 1139; x_wconf 88' lang='lat' dir='ltr'><strong>a</strong></span> <span class='ocrx_word' id='word_1_85' title='bbox 822 1084 1178 1155; x_wconf 74' lang='lat' dir='ltr'><strong>serpentibus</strong></span> <span class='ocrx_word' id='word_1_86' title='bbox 1206 1087 1503 1156; x_wconf 82' lang='lat' dir='ltr'><strong>perierunt</strong></span> <span class='ocrx_word' id='word_1_87' title='bbox 1538 1083 1591 1154; x_wconf 89' lang='lat' dir='ltr'><strong>(I</strong></span> <span class='ocrx_word' id='word_1_88' title='bbox 1621 1084 1831 1154; x_wconf 83' lang='lat' dir='ltr'><strong>Cor.x).</strong></span> 
     </span>
    </p>
   </div>
   <div class='ocr_carea' id='block_1_13' title="bbox 233 1170 1835 1243">
    <p class='ocr_par' dir='ltr' id='par_1_13' title="bbox 233 1170 1835 1243">
     <span class='ocr_line' id='line_1_13' title="bbox 233 1170 1835 1243; baseline -0.002 -15"><span class='ocrx_word' id='word_1_89' title='bbox 233 1173 442 1229; x_wconf 88' lang='lat' dir='ltr'><strong>Cavere</strong></span> <span class='ocrx_word' id='word_1_90' title='bbox 464 1172 630 1228; x_wconf 85' lang='lat' dir='ltr'><strong>etiam</strong></span> <span class='ocrx_word' id='word_1_91' title='bbox 655 1187 1003 1243; x_wconf 83' lang='lat' dir='ltr'><strong>summopere</strong></span> <span class='ocrx_word' id='word_1_92' title='bbox 1032 1171 1204 1228; x_wconf 86' lang='lat' dir='ltr'><strong>debes</strong></span> <span class='ocrx_word' id='word_1_93' title='bbox 1232 1178 1292 1227; x_wconf 94' lang='lat' dir='ltr'><strong>ut</strong></span> <span class='ocrx_word' id='word_1_94' title='bbox 1314 1178 1471 1229; x_wconf 83' lang='lat' dir='ltr'><strong>aucta</strong></span> <span class='ocrx_word' id='word_1_95' title='bbox 1497 1186 1600 1243; x_wconf 90' lang='lat' dir='ltr'><strong>per</strong></span> <span class='ocrx_word' id='word_1_96' title='bbox 1645 1170 1835 1242; x_wconf 86' lang='lat' dir='ltr'><strong>ﬂagel-</strong></span> 
     </span>
    </p>
   </div>
   <div class='ocr_carea' id='block_1_14' title="bbox 228 1258 1834 1331">
    <p class='ocr_par' dir='ltr' id='par_1_14' title="bbox 228 1258 1834 1331">
     <span class='ocr_line' id='line_1_14' title="bbox 228 1258 1834 1331; baseline -0.002 -15"><span class='ocrx_word' id='word_1_97' title='bbox 228 1260 335 1316; x_wconf 88' lang='lat' dir='ltr'><strong>lum</strong></span> <span class='ocrx_word' id='word_1_98' title='bbox 361 1260 559 1316; x_wconf 87' lang='lat' dir='ltr'><strong>merita</strong></span> <span class='ocrx_word' id='word_1_99' title='bbox 587 1260 656 1316; x_wconf 90' lang='lat' dir='ltr'><strong>de</strong></span> <span class='ocrx_word' id='word_1_100' title='bbox 687 1267 885 1318; x_wconf 66' lang='lat' dir='ltr'><strong>cetero</strong></span> <span class='ocrx_word' id='word_1_101' title='bbox 937 1259 1218 1331; x_wconf 79' lang='lat' dir='ltr'><strong>peccando</strong></span> <span class='ocrx_word' id='word_1_102' title='bbox 1270 1275 1381 1315; x_wconf 92' lang='lat' dir='ltr'><strong>non</strong></span> <span class='ocrx_word' id='word_1_103' title='bbox 1422 1258 1696 1330; x_wconf 90' lang='lat' dir='ltr'><strong>inquines,</strong></span> <span class='ocrx_word' id='word_1_104' title='bbox 1736 1258 1834 1314; x_wconf 91' lang='lat' dir='ltr'><strong>sed</strong></span> 
     </span>
    </p>
   </div>
   <div class='ocr_carea' id='block_1_15' title="bbox 230 1347 1830 1420">
    <p class='ocr_par' dir='ltr' id='par_1_15' title="bbox 230 1347 1830 1420">
     <span class='ocr_line' id='line_1_15' title="bbox 230 1347 1830 1420; baseline -0.001 -16"><span class='ocrx_word' id='word_1_105' title='bbox 230 1349 383 1418; x_wconf 82' lang='lat' dir='ltr'><strong>juxta</strong></span> <span class='ocrx_word' id='word_1_106' title='bbox 409 1364 607 1406; x_wconf 83' lang='lat' dir='ltr'><strong>vocem</strong></span> <span class='ocrx_word' id='word_1_107' title='bbox 652 1348 871 1404; x_wconf 88' lang='lat' dir='ltr'><strong>Domini</strong></span> <span class='ocrx_word' id='word_1_108' title='bbox 922 1348 1088 1405; x_wconf 85' lang='lat' dir='ltr'><strong>corde</strong></span> <span class='ocrx_word' id='word_1_109' title='bbox 1106 1348 1245 1405; x_wconf 89' lang='lat' dir='ltr'><strong>bono</strong></span> <span class='ocrx_word' id='word_1_110' title='bbox 1270 1351 1328 1404; x_wconf 89' lang='lat' dir='ltr'><strong>ct</strong></span> <span class='ocrx_word' id='word_1_111' title='bbox 1346 1348 1554 1420; x_wconf 76' lang='lat' dir='ltr'><strong>Optimo</strong></span> <span class='ocrx_word' id='word_1_112' title='bbox 1581 1347 1830 1413; x_wconf 81' lang='lat' dir='ltr'><strong>verbum,</strong></span> 
     </span>
    </p>
   </div>
   <div class='ocr_carea' id='block_1_16' title="bbox 232 1435 1834 1508">
    <p class='ocr_par' dir='ltr' id='par_1_16' title="bbox 232 1435 1834 1508">
     <span class='ocr_line' id='line_1_16' title="bbox 232 1435 1834 1508; baseline -0.002 -14"><span class='ocrx_word' id='word_1_113' title='bbox 232 1445 283 1494; x_wconf 89' lang='lat' dir='ltr'><strong>et</strong></span> <span class='ocrx_word' id='word_1_114' title='bbox 298 1436 686 1508; x_wconf 79' lang='lat' dir='ltr'><strong>purgationem</strong></span> <span class='ocrx_word' id='word_1_115' title='bbox 707 1436 825 1506; x_wconf 87' lang='lat' dir='ltr'><strong>ejus</strong></span> <span class='ocrx_word' id='word_1_116' title='bbox 854 1438 1113 1493; x_wconf 88' lang='lat' dir='ltr'><strong>retinens</strong></span> <span class='ocrx_word' id='word_1_117' title='bbox 1141 1439 1400 1507; x_wconf 75' lang='lat' dir='ltr'><strong>fructum</strong></span> <span class='ocrx_word' id='word_1_118' title='bbox 1415 1435 1621 1506; x_wconf 67' lang='lat' dir='ltr'><strong>afferas</strong></span> <span class='ocrx_word' id='word_1_119' title='bbox 1642 1435 1707 1489; x_wconf 87' lang='lat' dir='ltr'><strong>in</strong></span> <span class='ocrx_word' id='word_1_120' title='bbox 1735 1450 1834 1504; x_wconf 84' lang='lat' dir='ltr'><strong>pa-</strong></span> 
     </span>
    </p>
   </div>
   <div class='ocr_carea' id='block_1_17' title="bbox 237 1522 1833 1597">
    <p class='ocr_par' dir='ltr' id='par_1_17' title="bbox 237 1522 1833 1597">
     <span class='ocr_line' id='line_1_17' title="bbox 237 1522 1833 1597; baseline -0.003 -15"><span class='ocrx_word' id='word_1_121' title='bbox 237 1527 440 1582; x_wconf 76' lang='lat' dir='ltr'><strong>tientia</strong></span> <span class='ocrx_word' id='word_1_122' title='bbox 472 1526 627 1597; x_wconf 90' lang='lat' dir='ltr'><strong>(Luc.</strong></span> <span class='ocrx_word' id='word_1_123' title='bbox 686 1524 829 1595; x_wconf 80' lang='lat' dir='ltr'><strong>VIII),</strong></span> <span class='ocrx_word' id='word_1_124' title='bbox 878 1524 1138 1596; x_wconf 89' lang='lat' dir='ltr'><strong>quoniam</strong></span> <span class='ocrx_word' id='word_1_125' title='bbox 1183 1523 1277 1595; x_wconf 88' lang='lat' dir='ltr'><strong>qui</strong></span> <span class='ocrx_word' id='word_1_126' title='bbox 1334 1522 1615 1580; x_wconf 88' lang='lat' dir='ltr'><strong>humiliter</strong></span> <span class='ocrx_word' id='word_1_127' title='bbox 1670 1522 1833 1578; x_wconf 90' lang='lat' dir='ltr'><strong>etiam</strong></span> 
     </span>
    </p>
   </div>
   <div class='ocr_carea' id='block_1_18' title="bbox 230 1608 1834 1685">
    <p class='ocr_par' dir='ltr' id='par_1_18' title="bbox 230 1608 1834 1685">
     <span class='ocr_line' id='line_1_18' title="bbox 230 1608 1834 1685; baseline -0.002 -17"><span class='ocrx_word' id='word_1_128' title='bbox 230 1628 326 1683; x_wconf 90' lang='lat' dir='ltr'><strong>pro</strong></span> <span class='ocrx_word' id='word_1_129' title='bbox 350 1612 599 1685; x_wconf 87' lang='lat' dir='ltr'><strong>peccatis</strong></span> <span class='ocrx_word' id='word_1_130' title='bbox 628 1612 742 1667; x_wconf 84' lang='lat' dir='ltr'><strong>suis</strong></span> <span class='ocrx_word' id='word_1_131' title='bbox 770 1611 992 1684; x_wconf 86' lang='lat' dir='ltr'><strong>ﬂagella</strong></span> <span class='ocrx_word' id='word_1_132' title='bbox 1018 1611 1340 1683; x_wconf 89' lang='lat' dir='ltr'><strong>suscipiunt,</strong></span> <span class='ocrx_word' id='word_1_133' title='bbox 1366 1618 1492 1683; x_wconf 89' lang='lat' dir='ltr'><strong>post</strong></span> <span class='ocrx_word' id='word_1_134' title='bbox 1511 1609 1733 1683; x_wconf 87' lang='lat' dir='ltr'><strong>ﬂagella</strong></span> <span class='ocrx_word' id='word_1_135' title='bbox 1761 1608 1834 1665; x_wconf 89' lang='lat' dir='ltr'><strong>ad</strong></span> 
     </span>
    </p>
   </div>
   <div class='ocr_carea' id='block_1_19' title="bbox 1936 473 3518 553">
    <p class='ocr_par' dir='ltr' id='par_1_19' title="bbox 1936 473 3518 553">
     <span class='ocr_line' id='line_1_19' title="bbox 1936 473 3518 553; baseline 0.008 -26"><span class='ocrx_word' id='word_1_136' title='bbox 1936 481 1988 527; x_wconf 90' lang='lat' dir='ltr'><strong>et</strong></span> <span class='ocrx_word' id='word_1_137' title='bbox 2015 479 2074 526; x_wconf 93' lang='lat' dir='ltr'><strong>tu</strong></span> <span class='ocrx_word' id='word_1_138' title='bbox 2102 487 2212 528; x_wconf 92' lang='lat' dir='ltr'><strong>non</strong></span> <span class='ocrx_word' id='word_1_139' title='bbox 2239 488 2328 529; x_wconf 88' lang='lat' dir='ltr'><strong>me</strong></span> <span class='ocrx_word' id='word_1_140' title='bbox 2357 488 2551 531; x_wconf 89' lang='lat' dir='ltr'><strong>aversa</strong></span> <span class='ocrx_word' id='word_1_141' title='bbox 2599 473 2771 541; x_wconf 87' lang='lat' dir='ltr'><strong>basta,</strong></span> <span class='ocrx_word' id='word_1_142' title='bbox 2819 482 2879 530; x_wconf 92' lang='lat' dir='ltr'><strong>ut</strong></span> <span class='ocrx_word' id='word_1_143' title='bbox 2917 475 3107 532; x_wconf 80' lang='lat' dir='ltr'><strong>Abner</strong></span> <span class='ocrx_word' id='word_1_144' title='bbox 3149 480 3349 536; x_wconf 82' lang='lat' dir='ltr'><strong>Asahel</strong></span> <span class='ocrx_word' id='word_1_145' title='bbox 3388 499 3518 553; x_wconf 88' lang='lat' dir='ltr'><strong>per-</strong></span> 
     </span>
    </p>
   </div>
   <div class='ocr_carea' id='block_1_20' title="bbox 1935 560 3521 637">
    <p class='ocr_par' dir='ltr' id='par_1_20' title="bbox 1935 560 3521 637">
     <span class='ocr_line' id='line_1_20' title="bbox 1935 560 3521 637; baseline 0.006 -21"><span class='ocrx_word' id='word_1_146' title='bbox 1935 568 2252 632; x_wconf 86' lang='lat' dir='ltr'><strong>sequentem</strong></span> <span class='ocrx_word' id='word_1_147' title='bbox 2304 560 2455 624; x_wconf 70' lang='lat' dir='ltr'><strong>ieris,</strong></span> <span class='ocrx_word' id='word_1_148' title='bbox 2499 569 2555 616; x_wconf 89' lang='lat' dir='ltr'><strong>et</strong></span> <span class='ocrx_word' id='word_1_149' title='bbox 2595 562 2891 633; x_wconf 87' lang='lat' dir='ltr'><strong>tranquille</strong></span> <span class='ocrx_word' id='word_1_150' title='bbox 2934 579 3000 620; x_wconf 88' lang='lat' dir='ltr'><strong>ex</strong></span> <span class='ocrx_word' id='word_1_151' title='bbox 3043 567 3366 637; x_wconf 88' lang='lat' dir='ltr'><strong>quibusdam</strong></span> <span class='ocrx_word' id='word_1_152' title='bbox 3406 578 3521 626; x_wconf 87' lang='lat' dir='ltr'><strong>tan-</strong></span> 
     </span>
    </p>
   </div>
   <div class='ocr_carea' id='block_1_21' title="bbox 1934 647 3524 724">
    <p class='ocr_par' dir='ltr' id='par_1_21' title="bbox 1934 647 3524 724">
     <span class='ocr_line' id='line_1_21' title="bbox 1934 647 3524 724; baseline 0.007 -22"><span class='ocrx_word' id='word_1_153' title='bbox 1934 647 2039 719; x_wconf 86' lang='lat' dir='ltr'><strong>gis,</strong></span> <span class='ocrx_word' id='word_1_154' title='bbox 2072 655 2127 703; x_wconf 92' lang='lat' dir='ltr'><strong>et</strong></span> <span class='ocrx_word' id='word_1_155' title='bbox 2156 648 2311 720; x_wconf 90' lang='lat' dir='ltr'><strong>quasi</strong></span> <span class='ocrx_word' id='word_1_156' title='bbox 2350 649 2628 719; x_wconf 90' lang='lat' dir='ltr'><strong>parcendo</strong></span> <span class='ocrx_word' id='word_1_157' title='bbox 2671 665 2915 720; x_wconf 87' lang='lat' dir='ltr'><strong>superas,</strong></span> <span class='ocrx_word' id='word_1_158' title='bbox 2965 653 3065 708; x_wconf 90' lang='lat' dir='ltr'><strong>sed</strong></span> <span class='ocrx_word' id='word_1_159' title='bbox 3111 654 3437 724; x_wconf 86' lang='lat' dir='ltr'><strong>invehendo,</strong></span> <span class='ocrx_word' id='word_1_160' title='bbox 3470 666 3524 716; x_wconf 91' lang='lat' dir='ltr'><strong>et</strong></span> 
     </span>
    </p>
   </div>
   <div class='ocr_carea' id='block_1_22' title="bbox 1935 735 3521 811">
    <p class='ocr_par' dir='ltr' id='par_1_22' title="bbox 1935 735 3521 811">
     <span class='ocr_line' id='line_1_22' title="bbox 1935 735 3521 811; baseline 0.008 -22"><span class='ocrx_word' id='word_1_161' title='bbox 1935 735 2324 799; x_wconf 81' lang='lat' dir='ltr'><strong>resistendoin</strong></span> <span class='ocrx_word' id='word_1_162' title='bbox 2364 736 2562 792; x_wconf 82' lang='lat' dir='ltr'><strong>faciem</strong></span> <span class='ocrx_word' id='word_1_163' title='bbox 2589 745 2853 809; x_wconf 90' lang='lat' dir='ltr'><strong>quantum</strong></span> <span class='ocrx_word' id='word_1_164' title='bbox 2878 747 3036 811; x_wconf 88' lang='lat' dir='ltr'><strong>potes</strong></span> <span class='ocrx_word' id='word_1_165' title='bbox 3076 756 3179 811; x_wconf 93' lang='lat' dir='ltr'><strong>per</strong></span> <span class='ocrx_word' id='word_1_166' title='bbox 3233 752 3521 802; x_wconf 89' lang='lat' dir='ltr'><strong>contuma-</strong></span> 
     </span>
    </p>
   </div>
   <div class='ocr_carea' id='block_1_23' title="bbox 1934 825 3523 902">
    <p class='ocr_par' dir='ltr' id='par_1_23' title="bbox 1934 825 3523 902">
     <span class='ocr_line' id='line_1_23' title="bbox 1934 825 3523 902; baseline 0.008 -23"><span class='ocrx_word' id='word_1_167' title='bbox 1934 839 2056 879; x_wconf 90' lang='lat' dir='ltr'><strong>cem</strong></span> <span class='ocrx_word' id='word_1_168' title='bbox 2083 830 2451 894; x_wconf 90' lang='lat' dir='ltr'><strong>contemptum</strong></span> <span class='ocrx_word' id='word_1_169' title='bbox 2479 825 2525 879; x_wconf 91' lang='lat' dir='ltr'><strong>si</strong></span> <span class='ocrx_word' id='word_1_170' title='bbox 2566 834 2722 896; x_wconf 89' lang='lat' dir='ltr'><strong>potes</strong></span> <span class='ocrx_word' id='word_1_171' title='bbox 2763 827 2834 882; x_wconf 91' lang='lat' dir='ltr'><strong>ad</strong></span> <span class='ocrx_word' id='word_1_172' title='bbox 2880 826 3122 884; x_wconf 86' lang='lat' dir='ltr'><strong>furorem</strong></span> <span class='ocrx_word' id='word_1_173' title='bbox 3177 834 3523 902; x_wconf 87' lang='lat' dir='ltr'><strong>provocando</strong></span> 
     </span>
    </p>
   </div>
   <div class='ocr_carea' id='block_1_24' title="bbox 1934 914 3520 988">
    <p class='ocr_par' dir='ltr' id='par_1_24' title="bbox 1934 914 3520 988">
     <span class='ocr_line' id='line_1_24' title="bbox 1934 914 3520 988; baseline 0.008 -22"><span class='ocrx_word' id='word_1_174' title='bbox 1934 927 2275 983; x_wconf 85' lang='lat' dir='ltr'><strong>exaggerare</strong></span> <span class='ocrx_word' id='word_1_175' title='bbox 2302 927 2414 967; x_wconf 92' lang='lat' dir='ltr'><strong>non</strong></span> <span class='ocrx_word' id='word_1_176' title='bbox 2438 928 2661 981; x_wconf 86' lang='lat' dir='ltr'><strong>cessas;</strong></span> <span class='ocrx_word' id='word_1_177' title='bbox 2696 922 2751 970; x_wconf 92' lang='lat' dir='ltr'><strong>et</strong></span> <span class='ocrx_word' id='word_1_178' title='bbox 2777 914 2902 971; x_wconf 89' lang='lat' dir='ltr'><strong>ideo</strong></span> <span class='ocrx_word' id='word_1_179' title='bbox 2955 918 3373 988; x_wconf 85' lang='lat' dir='ltr'><strong>responsionum</strong></span> <span class='ocrx_word' id='word_1_180' title='bbox 3423 938 3520 977; x_wconf 88' lang='lat' dir='ltr'><strong>ra-</strong></span> 
     </span>
    </p>
   </div>
   <div class='ocr_carea' id='block_1_25' title="bbox 1934 998 3515 1081">
    <p class='ocr_par' dir='ltr' id='par_1_25' title="bbox 1934 998 3515 1081">
     <span class='ocr_line' id='line_1_25' title="bbox 1934 998 3515 1081; baseline 0.008 -27"><span class='ocrx_word' id='word_1_181' title='bbox 1934 999 2081 1056; x_wconf 91' lang='lat' dir='ltr'><strong>tione</strong></span> <span class='ocrx_word' id='word_1_182' title='bbox 2108 998 2166 1055; x_wconf 92' lang='lat' dir='ltr'><strong>in</strong></span> <span class='ocrx_word' id='word_1_183' title='bbox 2195 999 2398 1055; x_wconf 89' lang='lat' dir='ltr'><strong>intimis</strong></span> <span class='ocrx_word' id='word_1_184' title='bbox 2428 1000 2527 1055; x_wconf 89' lang='lat' dir='ltr'><strong>sub</strong></span> <span class='ocrx_word' id='word_1_185' title='bbox 2557 1002 2945 1073; x_wconf 86' lang='lat' dir='ltr'><strong>tranquillitate</strong></span> <span class='ocrx_word' id='word_1_186' title='bbox 2975 1011 3148 1062; x_wconf 88' lang='lat' dir='ltr'><strong>tactus</strong></span> <span class='ocrx_word' id='word_1_187' title='bbox 3176 1007 3248 1062; x_wconf 89' lang='lat' dir='ltr'><strong>ab</strong></span> <span class='ocrx_word' id='word_1_188' title='bbox 3277 1023 3343 1064; x_wconf 92' lang='lat' dir='ltr'><strong>eo</strong></span> <span class='ocrx_word' id='word_1_189' title='bbox 3369 1011 3515 1081; x_wconf 91' lang='lat' dir='ltr'><strong>quod</strong></span> 
     </span>
    </p>
   </div>
   <div class='ocr_carea' id='block_1_26' title="bbox 1932 1087 3512 1168">
    <p class='ocr_par' dir='ltr' id='par_1_26' title="bbox 1932 1087 3512 1168">
     <span class='ocr_line' id='line_1_26' title="bbox 1932 1087 3512 1168; baseline 0.006 -25"><span class='ocrx_word' id='word_1_190' title='bbox 1932 1102 2021 1144; x_wconf 88' lang='lat' dir='ltr'><strong>me</strong></span> <span class='ocrx_word' id='word_1_191' title='bbox 2066 1102 2169 1159; x_wconf 91' lang='lat' dir='ltr'><strong>pro</strong></span> <span class='ocrx_word' id='word_1_192' title='bbox 2214 1087 2539 1145; x_wconf 87' lang='lat' dir='ltr'><strong>necessitate</strong></span> <span class='ocrx_word' id='word_1_193' title='bbox 2584 1088 2693 1147; x_wconf 91' lang='lat' dir='ltr'><strong>loci</strong></span> <span class='ocrx_word' id='word_1_194' title='bbox 2718 1090 2827 1147; x_wconf 91' lang='lat' dir='ltr'><strong>mei</strong></span> <span class='ocrx_word' id='word_1_195' title='bbox 2855 1108 3140 1149; x_wconf 85' lang='lat' dir='ltr'><strong>erexeram</strong></span> <span class='ocrx_word' id='word_1_196' title='bbox 3184 1110 3297 1153; x_wconf 91' lang='lat' dir='ltr'><strong>non</strong></span> <span class='ocrx_word' id='word_1_197' title='bbox 3350 1096 3512 1168; x_wconf 88' lang='lat' dir='ltr'><strong>cado,</strong></span> 
     </span>
    </p>
   </div>
   <div class='ocr_carea' id='block_1_27' title="bbox 1932 1175 3520 1252">
    <p class='ocr_par' dir='ltr' id='par_1_27' title="bbox 1932 1175 3520 1252">
     <span class='ocr_line' id='line_1_27' title="bbox 1932 1175 3520 1252; baseline 0.008 -21"><span class='ocrx_word' id='word_1_198' title='bbox 1932 1191 2113 1248; x_wconf 89' lang='lat' dir='ltr'><strong>neque</strong></span> <span class='ocrx_word' id='word_1_199' title='bbox 2132 1175 2449 1244; x_wconf 89' lang='lat' dir='ltr'><strong>succumbo,</strong></span> <span class='ocrx_word' id='word_1_200' title='bbox 2481 1175 2580 1232; x_wconf 90' lang='lat' dir='ltr'><strong>sed</strong></span> <span class='ocrx_word' id='word_1_201' title='bbox 2623 1177 2855 1235; x_wconf 84' lang='lat' dir='ltr'><strong>validius</strong></span> <span class='ocrx_word' id='word_1_202' title='bbox 2896 1195 3114 1252; x_wconf 86' lang='lat' dir='ltr'><strong>semper</strong></span> <span class='ocrx_word' id='word_1_203' title='bbox 3155 1183 3348 1251; x_wconf 91' lang='lat' dir='ltr'><strong>clamo,</strong></span> <span class='ocrx_word' id='word_1_204' title='bbox 3401 1186 3520 1242; x_wconf 82' lang='lat' dir='ltr'><strong>cla-</strong></span> 
     </span>
    </p>
   </div>
   <div class='ocr_carea' id='block_1_28' title="bbox 1932 1263 3523 1334">
    <p class='ocr_par' dir='ltr' id='par_1_28' title="bbox 1932 1263 3523 1334">
     <span class='ocr_line' id='line_1_28' title="bbox 1932 1263 3523 1334; baseline 0.008 -15"><span class='ocrx_word' id='word_1_205' title='bbox 1932 1264 2095 1330; x_wconf 88' lang='lat' dir='ltr'><strong>mavi,</strong></span> <span class='ocrx_word' id='word_1_206' title='bbox 2129 1263 2377 1319; x_wconf 91' lang='lat' dir='ltr'><strong>clamabo</strong></span> <span class='ocrx_word' id='word_1_207' title='bbox 2405 1280 2506 1334; x_wconf 90' lang='lat' dir='ltr'><strong>per</strong></span> <span class='ocrx_word' id='word_1_208' title='bbox 2531 1280 2727 1332; x_wconf 69' lang='lat' dir='ltr'><strong>navum,</strong></span> <span class='ocrx_word' id='word_1_209' title='bbox 2757 1270 2816 1321; x_wconf 91' lang='lat' dir='ltr'><strong>et</strong></span> <span class='ocrx_word' id='word_1_210' title='bbox 2867 1269 3017 1323; x_wconf 84' lang='lat' dir='ltr'><strong>sicut</strong></span> <span class='ocrx_word' id='word_1_211' title='bbox 3072 1271 3206 1327; x_wconf 86' lang='lat' dir='ltr'><strong>tuba</strong></span> <span class='ocrx_word' id='word_1_212' title='bbox 3262 1274 3523 1332; x_wconf 70' lang='lat' dir='ltr'><strong>excitabo</strong></span> 
     </span>
    </p>
   </div>
   <div class='ocr_carea' id='block_1_29' title="bbox 1931 1351 3521 1423">
    <p class='ocr_par' dir='ltr' id='par_1_29' title="bbox 1931 1351 3521 1423">
     <span class='ocr_line' id='line_1_29' title="bbox 1931 1351 3521 1423; baseline 0.006 -16"><span class='ocrx_word' id='word_1_213' title='bbox 1931 1367 2121 1409; x_wconf 88' lang='lat' dir='ltr'><strong>vocem</strong></span> <span class='ocrx_word' id='word_1_214' title='bbox 2148 1367 2336 1408; x_wconf 87' lang='lat' dir='ltr'><strong>meam</strong></span> <span class='ocrx_word' id='word_1_215' title='bbox 2386 1353 2519 1421; x_wconf 84' lang='lat' dir='ltr'><strong>(Isa.</strong></span> <span class='ocrx_word' id='word_1_216' title='bbox 2551 1351 2730 1423; x_wconf 83' lang='lat' dir='ltr'><strong>Lvm),</strong></span> <span class='ocrx_word' id='word_1_217' title='bbox 2761 1359 2817 1408; x_wconf 91' lang='lat' dir='ltr'><strong>et</strong></span> <span class='ocrx_word' id='word_1_218' title='bbox 2843 1354 3171 1413; x_wconf 89' lang='lat' dir='ltr'><strong>annuntiabo</strong></span> <span class='ocrx_word' id='word_1_219' title='bbox 3200 1357 3299 1414; x_wconf 90' lang='lat' dir='ltr'><strong>tibi</strong></span> <span class='ocrx_word' id='word_1_220' title='bbox 3326 1376 3521 1418; x_wconf 86' lang='lat' dir='ltr'><strong>exces-</strong></span> 
     </span>
    </p>
   </div>
   <div class='ocr_carea' id='block_1_30' title="bbox 1932 1442 3522 1513">
    <p class='ocr_par' dir='ltr' id='par_1_30' title="bbox 1932 1442 3522 1513">
     <span class='ocr_line' id='line_1_30' title="bbox 1932 1442 3522 1513; baseline 0.006 -18"><span class='ocrx_word' id='word_1_221' title='bbox 1932 1455 2025 1495; x_wconf 91' lang='lat' dir='ltr'><strong>sus</strong></span> <span class='ocrx_word' id='word_1_222' title='bbox 2070 1445 2212 1506; x_wconf 89' lang='lat' dir='ltr'><strong>tuos,</strong></span> <span class='ocrx_word' id='word_1_223' title='bbox 2247 1446 2302 1495; x_wconf 92' lang='lat' dir='ltr'><strong>et</strong></span> <span class='ocrx_word' id='word_1_224' title='bbox 2328 1445 2579 1511; x_wconf 89' lang='lat' dir='ltr'><strong>satagam</strong></span> <span class='ocrx_word' id='word_1_225' title='bbox 2607 1447 2661 1495; x_wconf 90' lang='lat' dir='ltr'><strong>te</strong></span> <span class='ocrx_word' id='word_1_226' title='bbox 2689 1455 2947 1498; x_wconf 91' lang='lat' dir='ltr'><strong>revocare</strong></span> <span class='ocrx_word' id='word_1_227' title='bbox 2976 1458 3075 1513; x_wconf 88' lang='lat' dir='ltr'><strong>pro</strong></span> <span class='ocrx_word' id='word_1_228' title='bbox 3090 1442 3301 1501; x_wconf 85' lang='lat' dir='ltr'><strong>viribus</strong></span> <span class='ocrx_word' id='word_1_229' title='bbox 3330 1462 3365 1504; x_wconf 87' lang='lat' dir='ltr'><strong>a</strong></span> <span class='ocrx_word' id='word_1_230' title='bbox 3392 1464 3522 1505; x_wconf 90' lang='lat' dir='ltr'><strong>con-</strong></span> 
     </span>
    </p>
   </div>
   <div class='ocr_carea' id='block_1_31' title="bbox 1931 1525 3519 1603">
    <p class='ocr_par' dir='ltr' id='par_1_31' title="bbox 1931 1525 3519 1603">
     <span class='ocr_line' id='line_1_31' title="bbox 1931 1525 3519 1603; baseline 0.006 -21"><span class='ocrx_word' id='word_1_231' title='bbox 1931 1527 2131 1583; x_wconf 88' lang='lat' dir='ltr'><strong>tumaci</strong></span> <span class='ocrx_word' id='word_1_232' title='bbox 2159 1525 2396 1583; x_wconf 91' lang='lat' dir='ltr'><strong>elatione</strong></span> <span class='ocrx_word' id='word_1_233' title='bbox 2441 1533 2553 1583; x_wconf 88' lang='lat' dir='ltr'><strong>tua.</strong></span> <span class='ocrx_word' id='word_1_234' title='bbox 2595 1525 2755 1595; x_wconf 85' lang='lat' dir='ltr'><strong>Quod</strong></span> <span class='ocrx_word' id='word_1_235' title='bbox 2800 1528 2938 1585; x_wconf 89' lang='lat' dir='ltr'><strong>dicis</strong></span> <span class='ocrx_word' id='word_1_236' title='bbox 2978 1537 3033 1587; x_wconf 87' lang='lat' dir='ltr'><strong>te</strong></span> <span class='ocrx_word' id='word_1_237' title='bbox 3079 1532 3250 1588; x_wconf 90' lang='lat' dir='ltr'><strong>serris</strong></span> <span class='ocrx_word' id='word_1_238' title='bbox 3296 1534 3519 1603; x_wconf 89' lang='lat' dir='ltr'><strong>tritum;</strong></span> 
     </span>
    </p>
   </div>
   <div class='ocr_carea' id='block_1_32' title="bbox 1929 1613 3524 1692">
    <p class='ocr_par' dir='ltr' id='par_1_32' title="bbox 1929 1613 3524 1692">
     <span class='ocr_line' id='line_1_32' title="bbox 1929 1613 3524 1692; baseline 0.006 -22"><span class='ocrx_word' id='word_1_239' title='bbox 1929 1613 2228 1686; x_wconf 88' lang='lat' dir='ltr'><strong>improprie</strong></span> <span class='ocrx_word' id='word_1_240' title='bbox 2253 1621 2515 1686; x_wconf 90' lang='lat' dir='ltr'><strong>quantum</strong></span> <span class='ocrx_word' id='word_1_241' title='bbox 2544 1615 2722 1671; x_wconf 88' lang='lat' dir='ltr'><strong>audeo</strong></span> <span class='ocrx_word' id='word_1_242' title='bbox 2749 1616 2931 1673; x_wconf 89' lang='lat' dir='ltr'><strong>dicere</strong></span> <span class='ocrx_word' id='word_1_243' title='bbox 2959 1619 3065 1675; x_wconf 93' lang='lat' dir='ltr'><strong>hoc</strong></span> <span class='ocrx_word' id='word_1_244' title='bbox 3094 1626 3186 1676; x_wconf 89' lang='lat' dir='ltr'><strong>tua</strong></span> <span class='ocrx_word' id='word_1_245' title='bbox 3249 1637 3524 1692; x_wconf 86' lang='lat' dir='ltr'><strong>gramma-</strong></span> 
     </span>
    </p>
   </div>
   <div class='ocr_carea' id='block_1_33' title="bbox 229 1697 1824 1772">
    <p class='ocr_par' dir='ltr' id='par_1_33' title="bbox 229 1697 1824 1772">
     <span class='ocr_line' id='line_1_33' title="bbox 229 1697 1824 1772; baseline -0.003 -16"><span class='ocrx_word' id='word_1_246' title='bbox 229 1701 473 1772; x_wconf 88' lang='lat' dir='ltr'><strong>requiem</strong></span> <span class='ocrx_word' id='word_1_247' title='bbox 521 1699 822 1756; x_wconf 86' lang='lat' dir='ltr'><strong>sublimiter</strong></span> <span class='ocrx_word' id='word_1_248' title='bbox 867 1699 1248 1770; x_wconf 87' lang='lat' dir='ltr'><strong>suscipiuntur.</strong></span> <span class='ocrx_word' id='word_1_249' title='bbox 1296 1698 1389 1755; x_wconf 86' lang='lat' dir='ltr'><strong>Sic</strong></span> <span class='ocrx_word' id='word_1_250' title='bbox 1429 1714 1538 1755; x_wconf 82' lang='lat' dir='ltr'><strong>uva</strong></span> <span class='ocrx_word' id='word_1_251' title='bbox 1583 1697 1824 1754; x_wconf 86' lang='lat' dir='ltr'><strong>calcibus</strong></span> 
     </span>
    </p>
   </div>
   <div class='ocr_carea' id='block_1_34' title="bbox 229 1786 1823 1859">
    <p class='ocr_par' dir='ltr' id='par_1_34' title="bbox 229 1786 1823 1859">
     <span class='ocr_line' id='line_1_34' title="bbox 229 1786 1823 1859; baseline -0.001 -17"><span class='ocrx_word' id='word_1_252' title='bbox 229 1788 493 1856; x_wconf 89' lang='lat' dir='ltr'><strong>tunditur,</strong></span> <span class='ocrx_word' id='word_1_253' title='bbox 525 1797 579 1844; x_wconf 90' lang='lat' dir='ltr'><strong>et</strong></span> <span class='ocrx_word' id='word_1_254' title='bbox 605 1789 663 1845; x_wconf 91' lang='lat' dir='ltr'><strong>in</strong></span> <span class='ocrx_word' id='word_1_255' title='bbox 688 1787 799 1844; x_wconf 88' lang='lat' dir='ltr'><strong>vini</strong></span> <span class='ocrx_word' id='word_1_256' title='bbox 825 1803 1082 1859; x_wconf 86' lang='lat' dir='ltr'><strong>saporem</strong></span> <span class='ocrx_word' id='word_1_257' title='bbox 1105 1787 1384 1859; x_wconf 88' lang='lat' dir='ltr'><strong>liquatur;</strong></span> <span class='ocrx_word' id='word_1_258' title='bbox 1416 1787 1496 1844; x_wconf 90' lang='lat' dir='ltr'><strong>sic</strong></span> <span class='ocrx_word' id='word_1_259' title='bbox 1525 1786 1670 1842; x_wconf 88' lang='lat' dir='ltr'><strong>oliva</strong></span> <span class='ocrx_word' id='word_1_260' title='bbox 1699 1800 1823 1842; x_wconf 90' lang='lat' dir='ltr'><strong>con-</strong></span> 
     </span>
    </p>
   </div>
   <div class='ocr_carea' id='block_1_35' title="bbox 228 1873 3524 1950">
    <p class='ocr_par' dir='ltr' id='par_1_35' title="bbox 228 1873 3524 1950">
     <span class='ocr_line' id='line_1_35' title="bbox 228 1873 3524 1950; baseline 0.003 -19"><span class='ocrx_word' id='word_1_261' title='bbox 228 1875 539 1932; x_wconf 87' lang='lat' dir='ltr'><strong>tritionibus</strong></span> <span class='ocrx_word' id='word_1_262' title='bbox 593 1891 856 1947; x_wconf 86' lang='lat' dir='ltr'><strong>expressa</strong></span> <span class='ocrx_word' id='word_1_263' title='bbox 916 1891 1192 1933; x_wconf 83' lang='lat' dir='ltr'><strong>amurcam</strong></span> <span class='ocrx_word' id='word_1_264' title='bbox 1260 1890 1414 1931; x_wconf 89' lang='lat' dir='ltr'><strong>suam</strong></span> <span class='ocrx_word' id='word_1_265' title='bbox 1478 1873 1718 1940; x_wconf 89' lang='lat' dir='ltr'><strong>deserit,</strong></span> <span class='ocrx_word' id='word_1_266' title='bbox 1778 1880 1831 1928; x_wconf 91' lang='lat' dir='ltr'><strong>et</strong></span> <span class='ocrx_word' id='word_1_267' title='bbox 1929 1891 2056 1934; x_wconf 90' lang='lat' dir='ltr'><strong>cum</strong></span> <span class='ocrx_word' id='word_1_268' title='bbox 2081 1876 2366 1948; x_wconf 88' lang='lat' dir='ltr'><strong>passiones</strong></span> <span class='ocrx_word' id='word_1_269' title='bbox 2396 1883 2709 1934; x_wconf 87' lang='lat' dir='ltr'><strong>sanctorum</strong></span> <span class='ocrx_word' id='word_1_270' title='bbox 2738 1878 3027 1950; x_wconf 88' lang='lat' dir='ltr'><strong>descripsit</strong></span> <span class='ocrx_word' id='word_1_271' title='bbox 3052 1880 3241 1939; x_wconf 89' lang='lat' dir='ltr'><strong>dicens</strong></span> <span class='ocrx_word' id='word_1_272' title='bbox 3273 1900 3287 1939; x_wconf 88' lang='lat'>:</span> <span class='ocrx_word' id='word_1_273' title='bbox 3323 1885 3524 1941; x_wconf 85' lang='lat' dir='ltr'><strong>Sancti</strong></span> 
     </span>
    </p>
   </div>
   <div class='ocr_carea' id='block_1_36' title="bbox 227 1961 3519 2039">
    <p class='ocr_par' dir='ltr' id='par_1_36' title="bbox 227 1961 3519 2039">
     <span class='ocr_line' id='line_1_36' title="bbox 227 1961 3519 2039; baseline 0.003 -20"><span class='ocrx_word' id='word_1_274' title='bbox 227 1962 280 2019; x_wconf 91' lang='lat' dir='ltr'><strong>in</strong></span> <span class='ocrx_word' id='word_1_275' title='bbox 302 1964 410 2020; x_wconf 92' lang='lat' dir='ltr'><strong>olei</strong></span> <span class='ocrx_word' id='word_1_276' title='bbox 437 1964 714 2034; x_wconf 87' lang='lat' dir='ltr'><strong>liquorem</strong></span> <span class='ocrx_word' id='word_1_277' title='bbox 761 1962 1091 2034; x_wconf 88' lang='lat' dir='ltr'><strong>pinguescit,</strong></span> <span class='ocrx_word' id='word_1_278' title='bbox 1139 1978 1220 2019; x_wconf 70' lang='grc' dir='ltr'><strong>διο</strong></span> <span class='ocrx_word' id='word_1_279' title='bbox 1264 1979 1363 2034; x_wconf 90' lang='lat' dir='ltr'><strong>per</strong></span> <span class='ocrx_word' id='word_1_280' title='bbox 1408 1961 1659 2018; x_wconf 86' lang='lat' dir='ltr'><strong>trituram</strong></span> <span class='ocrx_word' id='word_1_281' title='bbox 1687 1975 1830 2017; x_wconf 67' lang='lat' dir='ltr'><strong>area</strong></span> <span class='ocrx_word' id='word_1_282' title='bbox 1931 1964 2175 2022; x_wconf 83' lang='lat' dir='ltr'><strong>ludibria</strong></span> <span class='ocrx_word' id='word_1_283' title='bbox 2192 1968 2254 2021; x_wconf 84' lang='lat' dir='ltr'><strong>et</strong></span> <span class='ocrx_word' id='word_1_284' title='bbox 2265 1965 2746 2037; x_wconf 71' lang='lat' dir='ltr'><strong>verberaexperti,</strong></span> <span class='ocrx_word' id='word_1_285' title='bbox 2764 1967 2997 2039; x_wconf 75' lang='lat' dir='ltr'><strong>insuper</strong></span> <span class='ocrx_word' id='word_1_286' title='bbox 3011 1970 3311 2026; x_wconf 85' lang='lat' dir='ltr'><strong>etvincula</strong></span> <span class='ocrx_word' id='word_1_287' title='bbox 3327 1975 3519 2028; x_wconf 81' lang='lat' dir='ltr'><strong>etcur-</strong></span> 
     </span>
    </p>
   </div>
   <div class='ocr_carea' id='block_1_37' title="bbox 231 2051 3517 2127">
    <p class='ocr_par' dir='ltr' id='par_1_37' title="bbox 231 2051 3517 2127">
     <span class='ocr_line' id='line_1_37' title="bbox 231 2051 3517 2127; baseline 0.003 -21"><span class='ocrx_word' id='word_1_288' title='bbox 231 2067 259 2106; x_wconf 86' lang='lat' dir='ltr'><strong>a</strong></span> <span class='ocrx_word' id='word_1_289' title='bbox 275 2051 452 2123; x_wconf 85' lang='lat' dir='ltr'><strong>paleis</strong></span> <span class='ocrx_word' id='word_1_290' title='bbox 481 2066 653 2122; x_wconf 86' lang='lat' dir='ltr'><strong>grana</strong></span> <span class='ocrx_word' id='word_1_291' title='bbox 682 2059 1025 2122; x_wconf 86' lang='lat' dir='ltr'><strong>separantur,</strong></span> <span class='ocrx_word' id='word_1_292' title='bbox 1072 2058 1125 2107; x_wconf 87' lang='lat' dir='ltr'><strong>et</strong></span> <span class='ocrx_word' id='word_1_293' title='bbox 1170 2051 1240 2107; x_wconf 89' lang='lat' dir='ltr'><strong>ad</strong></span> <span class='ocrx_word' id='word_1_294' title='bbox 1286 2052 1546 2107; x_wconf 89' lang='lat' dir='ltr'><strong>horreum</strong></span> <span class='ocrx_word' id='word_1_295' title='bbox 1598 2056 1830 2121; x_wconf 87' lang='lat' dir='ltr'><strong>purgata</strong></span> <span class='ocrx_word' id='word_1_296' title='bbox 1928 2067 2101 2119; x_wconf 82' lang='lat' dir='ltr'><strong>ceres,</strong></span> <span class='ocrx_word' id='word_1_297' title='bbox 2123 2051 2363 2124; x_wconf 86' lang='lat' dir='ltr'><strong>lapidati</strong></span> <span class='ocrx_word' id='word_1_298' title='bbox 2378 2058 2533 2118; x_wconf 84' lang='lat' dir='ltr'><strong>sunt,</strong></span> <span class='ocrx_word' id='word_1_299' title='bbox 2554 2055 2698 2109; x_wconf 88' lang='lat' dir='ltr'><strong>secti</strong></span> <span class='ocrx_word' id='word_1_300' title='bbox 2713 2057 2853 2110; x_wconf 84' lang='lat' dir='ltr'><strong>sunt</strong></span> <span class='ocrx_word' id='word_1_301' title='bbox 2867 2053 3049 2123; x_wconf 86' lang='lat' dir='ltr'><strong>(Hebr.</strong></span> <span class='ocrx_word' id='word_1_302' title='bbox 3064 2055 3166 2127; x_wconf 85' lang='lat' dir='ltr'><strong>vn)</strong></span> <span class='ocrx_word' id='word_1_303' title='bbox 3198 2072 3345 2113; x_wconf 90' lang='lat' dir='ltr'><strong>:non</strong></span> <span class='ocrx_word' id='word_1_304' title='bbox 3374 2059 3517 2115; x_wconf 89' lang='lat' dir='ltr'><strong>enim</strong></span> 
     </span>
    </p>
   </div>
   <div class='ocr_carea' id='block_1_38' title="bbox 224 2135 3519 2217">
    <p class='ocr_par' dir='ltr' id='par_1_38' title="bbox 224 2135 3519 2217">
     <span class='ocr_line' id='line_1_38' title="bbox 224 2135 3519 2217; baseline 0.002 -22"><span class='ocrx_word' id='word_1_305' title='bbox 224 2138 568 2210; x_wconf 86' lang='lat' dir='ltr'><strong>perveniunt.</strong></span> <span class='ocrx_word' id='word_1_306' title='bbox 600 2138 861 2210; x_wconf 87' lang='lat' dir='ltr'><strong>Quisquis</strong></span> <span class='ocrx_word' id='word_1_307' title='bbox 890 2153 1023 2212; x_wconf 90' lang='lat' dir='ltr'><strong>ergo</strong></span> <span class='ocrx_word' id='word_1_308' title='bbox 1052 2139 1259 2210; x_wconf 89' lang='lat' dir='ltr'><strong>appetit</strong></span> <span class='ocrx_word' id='word_1_309' title='bbox 1278 2180 1285 2195; x_wconf 55' lang='grc' dir='ltr'><strong>ς</strong></span> <span class='ocrx_word' id='word_1_310' title='bbox 1305 2138 1467 2210; x_wconf 87' lang='lat' dir='ltr'><strong>plene</strong></span> <span class='ocrx_word' id='word_1_311' title='bbox 1521 2137 1655 2195; x_wconf 85' lang='lat' dir='ltr'><strong>vitia</strong></span> <span class='ocrx_word' id='word_1_312' title='bbox 1710 2135 1830 2193; x_wconf 83' lang='lat' dir='ltr'><strong>vin—</strong></span> <span class='ocrx_word' id='word_1_313' title='bbox 1928 2139 2061 2196; x_wconf 84' lang='lat' dir='ltr'><strong>dixit</strong></span> <span class='ocrx_word' id='word_1_314' title='bbox 2088 2139 2199 2195; x_wconf 87' lang='lat' dir='ltr'><strong>triti</strong></span> <span class='ocrx_word' id='word_1_315' title='bbox 2227 2147 2353 2196; x_wconf 85' lang='lat' dir='ltr'><strong>sunt</strong></span> <span class='ocrx_word' id='word_1_316' title='bbox 2385 2157 2400 2194; x_wconf 89' lang='lat'><strong>:</strong></span> <span class='ocrx_word' id='word_1_317' title='bbox 2431 2155 2584 2196; x_wconf 88' lang='lat' dir='ltr'><strong>serra</strong></span> <span class='ocrx_word' id='word_1_318' title='bbox 2623 2140 2770 2196; x_wconf 91' lang='lat' dir='ltr'><strong>enim</strong></span> <span class='ocrx_word' id='word_1_319' title='bbox 2799 2141 3018 2199; x_wconf 85' lang='lat' dir='ltr'><strong>dentata</strong></span> <span class='ocrx_word' id='word_1_320' title='bbox 3045 2142 3164 2200; x_wconf 87' lang='lat' dir='ltr'><strong>ﬁeri</strong></span> <span class='ocrx_word' id='word_1_321' title='bbox 3192 2143 3410 2217; x_wconf 86' lang='lat' dir='ltr'><strong>legitur,</strong></span> <span class='ocrx_word' id='word_1_322' title='bbox 3464 2156 3519 2205; x_wconf 91' lang='lat' dir='ltr'><strong>et</strong></span> 
     </span>
    </p>
   </div>
   <div class='ocr_carea' id='block_1_39' title="bbox 230 2225 3518 2301">
    <p class='ocr_par' dir='ltr' id='par_1_39' title="bbox 230 2225 3518 2301">
     <span class='ocr_line' id='line_1_39' title="bbox 230 2225 3518 2301; baseline 0.003 -18"><span class='ocrx_word' id='word_1_323' title='bbox 230 2241 370 2297; x_wconf 86' lang='lat' dir='ltr'><strong>cere,</strong></span> <span class='ocrx_word' id='word_1_324' title='bbox 403 2226 624 2283; x_wconf 87' lang='lat' dir='ltr'><strong>studeat</strong></span> <span class='ocrx_word' id='word_1_325' title='bbox 644 2226 919 2287; x_wconf 80' lang='lat' dir='ltr'><strong>humiliter</strong></span> <span class='ocrx_word' id='word_1_326' title='bbox 946 2226 1290 2298; x_wconf 89' lang='lat' dir='ltr'><strong>purgationis</strong></span> <span class='ocrx_word' id='word_1_327' title='bbox 1320 2242 1432 2283; x_wconf 64' lang='lat' dir='ltr'><strong>sum</strong></span> <span class='ocrx_word' id='word_1_328' title='bbox 1476 2225 1690 2298; x_wconf 87' lang='lat' dir='ltr'><strong>ﬂagella</strong></span> <span class='ocrx_word' id='word_1_329' title='bbox 1747 2231 1828 2281; x_wconf 92' lang='lat' dir='ltr'><strong>to-</strong></span> <span class='ocrx_word' id='word_1_330' title='bbox 1928 2242 2034 2299; x_wconf 87' lang='lat' dir='ltr'><strong>ego</strong></span> <span class='ocrx_word' id='word_1_331' title='bbox 2064 2234 2321 2301; x_wconf 89' lang='lat' dir='ltr'><strong>quantum</strong></span> <span class='ocrx_word' id='word_1_332' title='bbox 2346 2242 2574 2299; x_wconf 89' lang='lat' dir='ltr'><strong>possum</strong></span> <span class='ocrx_word' id='word_1_333' title='bbox 2601 2228 2833 2285; x_wconf 89' lang='lat' dir='ltr'><strong>dentatis</strong></span> <span class='ocrx_word' id='word_1_334' title='bbox 2860 2230 3028 2286; x_wconf 87' lang='lat' dir='ltr'><strong>serris</strong></span> <span class='ocrx_word' id='word_1_335' title='bbox 3054 2236 3110 2286; x_wconf 92' lang='lat' dir='ltr'><strong>te</strong></span> <span class='ocrx_word' id='word_1_336' title='bbox 3137 2231 3208 2287; x_wconf 89' lang='lat' dir='ltr'><strong>ab</strong></span> <span class='ocrx_word' id='word_1_337' title='bbox 3264 2234 3518 2293; x_wconf 87' lang='lat' dir='ltr'><strong>acciden-</strong></span> 
     </span>
    </p>
   </div>
   <div class='ocr_carea' id='block_1_40' title="bbox 229 2313 3512 2391">
    <p class='ocr_par' dir='ltr' id='par_1_40' title="bbox 229 2313 3512 2391">
     <span class='ocr_line' id='line_1_40' title="bbox 229 2313 3512 2391; baseline 0.003 -22"><span class='ocrx_word' id='word_1_338' title='bbox 229 2313 420 2382; x_wconf 89' lang='lat' dir='ltr'><strong>lerare,</strong></span> <span class='ocrx_word' id='word_1_339' title='bbox 474 2323 533 2371; x_wconf 93' lang='lat' dir='ltr'><strong>ut</strong></span> <span class='ocrx_word' id='word_1_340' title='bbox 577 2322 726 2372; x_wconf 80' lang='lat' dir='ltr'><strong>tanto</strong></span> <span class='ocrx_word' id='word_1_341' title='bbox 754 2322 877 2386; x_wconf 90' lang='lat' dir='ltr'><strong>post</strong></span> <span class='ocrx_word' id='word_1_342' title='bbox 913 2315 986 2371; x_wconf 91' lang='lat' dir='ltr'><strong>ad</strong></span> <span class='ocrx_word' id='word_1_343' title='bbox 1027 2315 1267 2384; x_wconf 77' lang='lat' dir='ltr'><strong>iudicem</strong></span> <span class='ocrx_word' id='word_1_344' title='bbox 1321 2314 1574 2369; x_wconf 89' lang='lat' dir='ltr'><strong>mundior</strong></span> <span class='ocrx_word' id='word_1_345' title='bbox 1625 2313 1824 2379; x_wconf 85' lang='lat' dir='ltr'><strong>veniat,</strong></span> <span class='ocrx_word' id='word_1_346' title='bbox 1926 2315 2073 2372; x_wconf 85' lang='lat' dir='ltr'><strong>tibus</strong></span> <span class='ocrx_word' id='word_1_347' title='bbox 2096 2330 2227 2388; x_wconf 68' lang='lat' dir='ltr'><strong>quae</strong></span> <span class='ocrx_word' id='word_1_348' title='bbox 2246 2315 2507 2387; x_wconf 91' lang='lat' dir='ltr'><strong>episcopo</strong></span> <span class='ocrx_word' id='word_1_349' title='bbox 2534 2331 2644 2372; x_wconf 89' lang='lat' dir='ltr'><strong>non</strong></span> <span class='ocrx_word' id='word_1_350' title='bbox 2673 2323 2799 2373; x_wconf 91' lang='lat' dir='ltr'><strong>sunt</strong></span> <span class='ocrx_word' id='word_1_351' title='bbox 2823 2317 3045 2388; x_wconf 81' lang='lat' dir='ltr'><strong>prapria</strong></span> <span class='ocrx_word' id='word_1_352' title='bbox 3072 2332 3261 2376; x_wconf 87' lang='lat' dir='ltr'><strong>secare</strong></span> <span class='ocrx_word' id='word_1_353' title='bbox 3304 2320 3512 2391; x_wconf 88' lang='lat' dir='ltr'><strong>laboro,</strong></span> 
     </span>
    </p>
   </div>
   <div class='ocr_carea' id='block_1_41' title="bbox 230 2401 3518 2475">
    <p class='ocr_par' dir='ltr' id='par_1_41' title="bbox 230 2401 3518 2475">
     <span class='ocr_line' id='line_1_41' title="bbox 230 2401 3518 2475; baseline 0.003 -16"><span class='ocrx_word' id='word_1_354' title='bbox 230 2410 425 2474; x_wconf 89' lang='lat' dir='ltr'><strong>quanto</strong></span> <span class='ocrx_word' id='word_1_355' title='bbox 456 2418 605 2459; x_wconf 92' lang='lat' dir='ltr'><strong>nunc</strong></span> <span class='ocrx_word' id='word_1_356' title='bbox 634 2402 752 2473; x_wconf 84' lang='lat' dir='ltr'><strong>ejus</strong></span> <span class='ocrx_word' id='word_1_357' title='bbox 779 2402 1087 2473; x_wconf 86' lang='lat' dir='ltr'><strong>rubiginem</strong></span> <span class='ocrx_word' id='word_1_358' title='bbox 1115 2402 1260 2475; x_wconf 87' lang='lat' dir='ltr'><strong>ignis</strong></span> <span class='ocrx_word' id='word_1_359' title='bbox 1288 2401 1651 2458; x_wconf 88' lang='lat' dir='ltr'><strong>tribulationis</strong></span> <span class='ocrx_word' id='word_1_360' title='bbox 1696 2417 1827 2472; x_wconf 84' lang='lat' dir='ltr'><strong>pur-</strong></span> <span class='ocrx_word' id='word_1_361' title='bbox 1928 2409 1982 2459; x_wconf 92' lang='lat' dir='ltr'><strong>et</strong></span> <span class='ocrx_word' id='word_1_362' title='bbox 2010 2403 2345 2474; x_wconf 84' lang='lat' dir='ltr'><strong>spiritalibus</strong></span> <span class='ocrx_word' id='word_1_363' title='bbox 2374 2403 2648 2469; x_wconf 89' lang='lat' dir='ltr'><strong>dentibus,</strong></span> <span class='ocrx_word' id='word_1_364' title='bbox 2678 2405 2938 2461; x_wconf 88' lang='lat' dir='ltr'><strong>mordere</strong></span> <span class='ocrx_word' id='word_1_365' title='bbox 2957 2420 3025 2462; x_wconf 93' lang='lat' dir='ltr'><strong>ac</strong></span> <span class='ocrx_word' id='word_1_366' title='bbox 3054 2406 3285 2463; x_wconf 90' lang='lat' dir='ltr'><strong>stimulis</strong></span> <span class='ocrx_word' id='word_1_367' title='bbox 3312 2410 3518 2469; x_wconf 84' lang='lat' dir='ltr'><strong>verbo-</strong></span> 
     </span>
    </p>
   </div>
   <div class='ocr_carea' id='block_1_42' title="bbox 228 2489 3517 2569">
    <p class='ocr_par' dir='ltr' id='par_1_42' title="bbox 228 2489 3517 2569">
     <span class='ocr_line' id='line_1_42' title="bbox 228 2489 3517 2569; baseline 0.003 -24"><span class='ocrx_word' id='word_1_368' title='bbox 228 2498 339 2563; x_wconf 81' lang='lat' dir='ltr'><strong>gat.</strong></span> <span class='ocrx_word' id='word_1_369' title='bbox 369 2490 535 2560; x_wconf 86' lang='lat' dir='ltr'><strong>Quod</strong></span> <span class='ocrx_word' id='word_1_370' title='bbox 563 2490 700 2547; x_wconf 91' lang='lat' dir='ltr'><strong>dicis</strong></span> <span class='ocrx_word' id='word_1_371' title='bbox 726 2490 864 2546; x_wconf 90' lang='lat' dir='ltr'><strong>meis</strong></span> <span class='ocrx_word' id='word_1_372' title='bbox 918 2490 1165 2562; x_wconf 90' lang='lat' dir='ltr'><strong>apicibus</strong></span> <span class='ocrx_word' id='word_1_373' title='bbox 1220 2497 1275 2546; x_wconf 89' lang='lat' dir='ltr'><strong>te</strong></span> <span class='ocrx_word' id='word_1_374' title='bbox 1306 2489 1465 2546; x_wconf 89' lang='lat' dir='ltr'><strong>solito</strong></span> <span class='ocrx_word' id='word_1_375' title='bbox 1502 2504 1652 2545; x_wconf 91' lang='lat' dir='ltr'><strong>more</strong></span> <span class='ocrx_word' id='word_1_376' title='bbox 1680 2502 1827 2545; x_wconf 87' lang='lat' dir='ltr'><strong>mor-</strong></span> <span class='ocrx_word' id='word_1_377' title='bbox 1927 2506 2046 2547; x_wconf 90' lang='lat' dir='ltr'><strong>rum</strong></span> <span class='ocrx_word' id='word_1_378' title='bbox 2074 2491 2431 2561; x_wconf 89' lang='lat' dir='ltr'><strong>monentium,</strong></span> <span class='ocrx_word' id='word_1_379' title='bbox 2462 2498 2517 2547; x_wconf 88' lang='lat' dir='ltr'><strong>et</strong></span> <span class='ocrx_word' id='word_1_380' title='bbox 2562 2491 2729 2548; x_wconf 85' lang='lat' dir='ltr'><strong>clavis</strong></span> <span class='ocrx_word' id='word_1_381' title='bbox 2774 2492 3208 2563; x_wconf 85' lang='lat' dir='ltr'><strong>increpationum</strong></span> <span class='ocrx_word' id='word_1_382' title='bbox 3236 2496 3517 2569; x_wconf 83' lang='lat' dir='ltr'><strong>conﬁgere</strong></span> 
     </span>
    </p>
   </div>
   <div class='ocr_carea' id='block_1_43' title="bbox 226 2575 3521 2651">
    <p class='ocr_par' dir='ltr' id='par_1_43' title="bbox 226 2575 3521 2651">
     <span class='ocr_line' id='line_1_43' title="bbox 226 2575 3521 2651; baseline 0.002 -17"><span class='ocrx_word' id='word_1_383' title='bbox 226 2577 357 2647; x_wconf 83' lang='lat' dir='ltr'><strong>deri,</strong></span> <span class='ocrx_word' id='word_1_384' title='bbox 391 2578 496 2635; x_wconf 89' lang='lat' dir='ltr'><strong>sed</strong></span> <span class='ocrx_word' id='word_1_385' title='bbox 521 2594 632 2635; x_wconf 92' lang='lat' dir='ltr'><strong>non</strong></span> <span class='ocrx_word' id='word_1_386' title='bbox 660 2586 712 2635; x_wconf 91' lang='lat' dir='ltr'><strong>te</strong></span> <span class='ocrx_word' id='word_1_387' title='bbox 743 2578 983 2634; x_wconf 89' lang='lat' dir='ltr'><strong>sensisse</strong></span> <span class='ocrx_word' id='word_1_388' title='bbox 1010 2577 1155 2644; x_wconf 67' lang='lat' dir='ltr'><strong>lmdi,</strong></span> <span class='ocrx_word' id='word_1_389' title='bbox 1180 2578 1227 2634; x_wconf 89' lang='lat' dir='ltr'><strong>si</strong></span> <span class='ocrx_word' id='word_1_390' title='bbox 1255 2578 1329 2632; x_wconf 92' lang='lat' dir='ltr'><strong>ita</strong></span> <span class='ocrx_word' id='word_1_391' title='bbox 1360 2577 1508 2649; x_wconf 91' lang='lat' dir='ltr'><strong>quod</strong></span> <span class='ocrx_word' id='word_1_392' title='bbox 1560 2575 1699 2632; x_wconf 89' lang='lat' dir='ltr'><strong>dicis</strong></span> <span class='ocrx_word' id='word_1_393' title='bbox 1754 2576 1829 2631; x_wconf 90' lang='lat' dir='ltr'><strong>ita</strong></span> <span class='ocrx_word' id='word_1_394' title='bbox 1926 2593 2038 2635; x_wconf 87' lang='lat' dir='ltr'><strong>non</strong></span> <span class='ocrx_word' id='word_1_395' title='bbox 2065 2579 2348 2645; x_wconf 89' lang='lat' dir='ltr'><strong>omittam;</strong></span> <span class='ocrx_word' id='word_1_396' title='bbox 2382 2579 2659 2649; x_wconf 88' lang='lat' dir='ltr'><strong>quoniam,</strong></span> <span class='ocrx_word' id='word_1_397' title='bbox 2710 2586 2769 2635; x_wconf 88' lang='lat' dir='ltr'><strong>ut</strong></span> <span class='ocrx_word' id='word_1_398' title='bbox 2815 2580 3092 2651; x_wconf 86' lang='lat' dir='ltr'><strong>Scriptura</strong></span> <span class='ocrx_word' id='word_1_399' title='bbox 3148 2581 3297 2648; x_wconf 92' lang='lat' dir='ltr'><strong>dicit,</strong></span> <span class='ocrx_word' id='word_1_400' title='bbox 3355 2583 3521 2640; x_wconf 84' lang='lat' dir='ltr'><strong>verba</strong></span> 
     </span>
    </p>
   </div>
   <div class='ocr_carea' id='block_1_44' title="bbox 228 2663 3524 2739">
    <p class='ocr_par' dir='ltr' id='par_1_44' title="bbox 228 2663 3524 2739">
     <span class='ocr_line' id='line_1_44' title="bbox 228 2663 3524 2739; baseline 0.002 -19"><span class='ocrx_word' id='word_1_401' title='bbox 228 2674 284 2720; x_wconf 92' lang='lat' dir='ltr'><strong>ut</strong></span> <span class='ocrx_word' id='word_1_402' title='bbox 300 2673 387 2724; x_wconf 83' lang='lat' dir='ltr'><strong>est</strong></span> <span class='ocrx_word' id='word_1_403' title='bbox 413 2666 833 2739; x_wconf 89' lang='lat' dir='ltr'><strong>intelligendum</strong></span> <span class='ocrx_word' id='word_1_404' title='bbox 878 2665 1161 2737; x_wconf 88' lang='lat' dir='ltr'><strong>intelligis,</strong></span> <span class='ocrx_word' id='word_1_405' title='bbox 1212 2680 1323 2721; x_wconf 90' lang='lat' dir='ltr'><strong>non</strong></span> <span class='ocrx_word' id='word_1_406' title='bbox 1376 2665 1650 2736; x_wconf 87' lang='lat' dir='ltr'><strong>improbo,</strong></span> <span class='ocrx_word' id='word_1_407' title='bbox 1702 2663 1829 2735; x_wconf 81' lang='lat' dir='ltr'><strong>quia</strong></span> <span class='ocrx_word' id='word_1_408' title='bbox 1927 2669 2254 2739; x_wconf 80' lang='lat' dir='ltr'><strong>sapientum</strong></span> <span class='ocrx_word' id='word_1_409' title='bbox 2281 2667 2443 2739; x_wconf 85' lang='lat' dir='ltr'><strong>quasi</strong></span> <span class='ocrx_word' id='word_1_410' title='bbox 2470 2668 2714 2732; x_wconf 77' lang='lat' dir='ltr'><strong>stimuli,</strong></span> <span class='ocrx_word' id='word_1_411' title='bbox 2740 2671 2799 2721; x_wconf 90' lang='lat' dir='ltr'><strong>et</strong></span> <span class='ocrx_word' id='word_1_412' title='bbox 2813 2670 2975 2739; x_wconf 85' lang='lat' dir='ltr'><strong>quasi</strong></span> <span class='ocrx_word' id='word_1_413' title='bbox 2989 2669 3137 2724; x_wconf 80' lang='lat' dir='ltr'><strong>clavi</strong></span> <span class='ocrx_word' id='word_1_414' title='bbox 3152 2670 3217 2725; x_wconf 87' lang='lat' dir='ltr'><strong>in</strong></span> <span class='ocrx_word' id='word_1_415' title='bbox 3232 2672 3417 2727; x_wconf 79' lang='lat' dir='ltr'><strong>altum</strong></span> <span class='ocrx_word' id='word_1_416' title='bbox 3433 2672 3524 2728; x_wconf 85' lang='lat' dir='ltr'><strong>de-</strong></span> 
     </span>
    </p>
   </div>
   <div class='ocr_carea' id='block_1_45' title="bbox 227 2751 3522 2828">
    <p class='ocr_par' dir='ltr' id='par_1_45' title="bbox 227 2751 3522 2828">
     <span class='ocr_line' id='line_1_45' title="bbox 227 2751 3522 2828; baseline 0.002 -19"><span class='ocrx_word' id='word_1_417' title='bbox 227 2760 280 2809; x_wconf 88' lang='lat' dir='ltr'><strong>et</strong></span> <span class='ocrx_word' id='word_1_418' title='bbox 316 2761 432 2809; x_wconf 84' lang='lat' dir='ltr'><strong>erat</strong></span> <span class='ocrx_word' id='word_1_419' title='bbox 474 2754 621 2810; x_wconf 91' lang='lat' dir='ltr'><strong>unde</strong></span> <span class='ocrx_word' id='word_1_420' title='bbox 646 2753 909 2823; x_wconf 90' lang='lat' dir='ltr'><strong>morderi,</strong></span> <span class='ocrx_word' id='word_1_421' title='bbox 943 2754 1043 2810; x_wconf 88' lang='lat' dir='ltr'><strong>sed</strong></span> <span class='ocrx_word' id='word_1_422' title='bbox 1088 2754 1161 2810; x_wconf 90' lang='lat' dir='ltr'><strong>ad</strong></span> <span class='ocrx_word' id='word_1_423' title='bbox 1190 2754 1509 2820; x_wconf 86' lang='lat' dir='ltr'><strong>sanitatem;</strong></span> <span class='ocrx_word' id='word_1_424' title='bbox 1540 2760 1595 2808; x_wconf 92' lang='lat' dir='ltr'><strong>et</strong></span> <span class='ocrx_word' id='word_1_425' title='bbox 1621 2751 1827 2807; x_wconf 90' lang='lat' dir='ltr'><strong>idcirco</strong></span> <span class='ocrx_word' id='word_1_426' title='bbox 1931 2754 2038 2823; x_wconf 75' lang='lat' dir='ltr'><strong>ﬁxi</strong></span> <span class='ocrx_word' id='word_1_427' title='bbox 2067 2755 2262 2824; x_wconf 83' lang='lat' dir='ltr'><strong>(Eccli.</strong></span> <span class='ocrx_word' id='word_1_428' title='bbox 2311 2753 2438 2824; x_wconf 83' lang='lat' dir='ltr'><strong>xu),</strong></span> <span class='ocrx_word' id='word_1_429' title='bbox 2472 2753 2599 2825; x_wconf 88' lang='lat' dir='ltr'><strong>quia</strong></span> <span class='ocrx_word' id='word_1_430' title='bbox 2642 2753 2916 2822; x_wconf 86' lang='lat' dir='ltr'><strong>videlicet,</strong></span> <span class='ocrx_word' id='word_1_431' title='bbox 2963 2762 3024 2811; x_wconf 92' lang='lat' dir='ltr'><strong>ut</strong></span> <span class='ocrx_word' id='word_1_432' title='bbox 3067 2757 3287 2828; x_wconf 88' lang='lat' dir='ltr'><strong>exponit</strong></span> <span class='ocrx_word' id='word_1_433' title='bbox 3328 2758 3522 2815; x_wconf 86' lang='lat' dir='ltr'><strong>beatus</strong></span> 
     </span>
    </p>
   </div>
   <div class='ocr_carea' id='block_1_46' title="bbox 226 2838 3521 2917">
    <p class='ocr_par' dir='ltr' id='par_1_46' title="bbox 226 2838 3521 2917">
     <span class='ocr_line' id='line_1_46' title="bbox 226 2838 3521 2917; baseline 0.001 -18"><span class='ocrx_word' id='word_1_434' title='bbox 226 2848 277 2899; x_wconf 87' lang='lat' dir='ltr'><strong>te</strong></span> <span class='ocrx_word' id='word_1_435' title='bbox 293 2856 403 2897; x_wconf 91' lang='lat' dir='ltr'><strong>non</strong></span> <span class='ocrx_word' id='word_1_436' title='bbox 419 2841 767 2898; x_wconf 69' lang='lat' dir='ltr'><strong>lmdisentire</strong></span> <span class='ocrx_word' id='word_1_437' title='bbox 784 2842 1027 2898; x_wconf 85' lang='lat' dir='ltr'><strong>debebas</strong></span> <span class='ocrx_word' id='word_1_438' title='bbox 1060 2860 1074 2897; x_wconf 92' lang='lat'><strong>:</strong></span> <span class='ocrx_word' id='word_1_439' title='bbox 1105 2841 1177 2898; x_wconf 90' lang='lat' dir='ltr'><strong>sit</strong></span> <span class='ocrx_word' id='word_1_440' title='bbox 1196 2841 1345 2897; x_wconf 89' lang='lat' dir='ltr'><strong>enim</strong></span> <span class='ocrx_word' id='word_1_441' title='bbox 1363 2848 1424 2896; x_wconf 91' lang='lat' dir='ltr'><strong>ut</strong></span> <span class='ocrx_word' id='word_1_442' title='bbox 1441 2841 1499 2895; x_wconf 92' lang='lat' dir='ltr'><strong>in</strong></span> <span class='ocrx_word' id='word_1_443' title='bbox 1524 2838 1827 2910; x_wconf 82' lang='lat' dir='ltr'><strong>Evangelia</strong></span> <span class='ocrx_word' id='word_1_444' title='bbox 1929 2841 2246 2913; x_wconf 81' lang='lat' dir='ltr'><strong>Gregorius,</strong></span> <span class='ocrx_word' id='word_1_445' title='bbox 2277 2841 2447 2897; x_wconf 83' lang='lat' dir='ltr'><strong>verba</strong></span> <span class='ocrx_word' id='word_1_446' title='bbox 2493 2841 2799 2912; x_wconf 89' lang='lat' dir='ltr'><strong>sapientum</strong></span> <span class='ocrx_word' id='word_1_447' title='bbox 2843 2842 3034 2914; x_wconf 89' lang='lat' dir='ltr'><strong>culpas</strong></span> <span class='ocrx_word' id='word_1_448' title='bbox 3088 2845 3521 2917; x_wconf 90' lang='lat' dir='ltr'><strong>delinquentium</strong></span> 
     </span>
    </p>
   </div>
   <div class='ocr_carea' id='block_1_47' title="bbox 224 2927 3518 3006">
    <p class='ocr_par' dir='ltr' id='par_1_47' title="bbox 224 2927 3518 3006">
     <span class='ocr_line' id='line_1_47' title="bbox 224 2927 3518 3006; baseline 0.001 -21"><span class='ocrx_word' id='word_1_449' title='bbox 224 2929 460 3002; x_wconf 85' lang='lat' dir='ltr'><strong>legimus</strong></span> <span class='ocrx_word' id='word_1_450' title='bbox 489 2929 653 3003; x_wconf 86' lang='lat' dir='ltr'><strong>plaga</strong></span> <span class='ocrx_word' id='word_1_451' title='bbox 680 2937 917 3000; x_wconf 85' lang='lat' dir='ltr'><strong>sanatus,</strong></span> <span class='ocrx_word' id='word_1_452' title='bbox 948 2929 1155 2986; x_wconf 89' lang='lat' dir='ltr'><strong>scilicet</strong></span> <span class='ocrx_word' id='word_1_453' title='bbox 1181 2945 1284 3001; x_wconf 88' lang='lat' dir='ltr'><strong>per</strong></span> <span class='ocrx_word' id='word_1_454' title='bbox 1311 2944 1498 2986; x_wconf 88' lang='lat' dir='ltr'><strong>acrem</strong></span> <span class='ocrx_word' id='word_1_455' title='bbox 1527 2927 1639 2984; x_wconf 91' lang='lat' dir='ltr'><strong>vini</strong></span> <span class='ocrx_word' id='word_1_456' title='bbox 1686 2942 1830 2982; x_wconf 91' lang='lat' dir='ltr'><strong>mor-</strong></span> <span class='ocrx_word' id='word_1_457' title='bbox 1926 2929 2177 2986; x_wconf 90' lang='lat' dir='ltr'><strong>nesciunt</strong></span> <span class='ocrx_word' id='word_1_458' title='bbox 2202 2929 2447 3000; x_wconf 90' lang='lat' dir='ltr'><strong>palpare,</strong></span> <span class='ocrx_word' id='word_1_459' title='bbox 2480 2929 2578 2984; x_wconf 92' lang='lat' dir='ltr'><strong>sed</strong></span> <span class='ocrx_word' id='word_1_460' title='bbox 2606 2946 2874 3002; x_wconf 90' lang='lat' dir='ltr'><strong>pungere.</strong></span> <span class='ocrx_word' id='word_1_461' title='bbox 2908 2929 3047 2998; x_wconf 90' lang='lat' dir='ltr'><strong>Quia</strong></span> <span class='ocrx_word' id='word_1_462' title='bbox 3075 2947 3207 2990; x_wconf 80' lang='lat' dir='ltr'><strong>vero</strong></span> <span class='ocrx_word' id='word_1_463' title='bbox 3232 2932 3518 3006; x_wconf 88' lang='lat' dir='ltr'><strong>incompo-</strong></span> 
     </span>
    </p>
   </div>
   <div class='ocr_carea' id='block_1_48' title="bbox 226 3010 3520 3091">
    <p class='ocr_par' dir='ltr' id='par_1_48' title="bbox 226 3010 3520 3091">
     <span class='ocr_line' id='line_1_48' title="bbox 226 3010 3520 3091; baseline 0.002 -20"><span class='ocrx_word' id='word_1_464' title='bbox 226 3030 365 3084; x_wconf 86' lang='lat' dir='ltr'><strong>sum,</strong></span> <span class='ocrx_word' id='word_1_465' title='bbox 396 3024 452 3071; x_wconf 92' lang='lat' dir='ltr'><strong>et</strong></span> <span class='ocrx_word' id='word_1_466' title='bbox 480 3031 584 3087; x_wconf 92' lang='lat' dir='ltr'><strong>per</strong></span> <span class='ocrx_word' id='word_1_467' title='bbox 610 3015 719 3072; x_wconf 87' lang='lat' dir='ltr'><strong>olei</strong></span> <span class='ocrx_word' id='word_1_468' title='bbox 744 3014 1043 3072; x_wconf 84' lang='lat' dir='ltr'><strong>fomentum</strong></span> <span class='ocrx_word' id='word_1_469' title='bbox 1077 3031 1091 3069; x_wconf 91' lang='lat'><strong>:</strong></span> <span class='ocrx_word' id='word_1_470' title='bbox 1116 3030 1239 3071; x_wconf 83' lang='lat' dir='ltr'><strong>cum</strong></span> <span class='ocrx_word' id='word_1_471' title='bbox 1267 3014 1414 3068; x_wconf 89' lang='lat' dir='ltr'><strong>enim</strong></span> <span class='ocrx_word' id='word_1_472' title='bbox 1465 3012 1560 3068; x_wconf 91' lang='lat' dir='ltr'><strong>tibi</strong></span> <span class='ocrx_word' id='word_1_473' title='bbox 1612 3010 1828 3069; x_wconf 90' lang='lat' dir='ltr'><strong>ostendi</strong></span> <span class='ocrx_word' id='word_1_474' title='bbox 1858 3067 1902 3091; x_wconf 55' lang='grc' dir='ltr'>η</span> <span class='ocrx_word' id='word_1_475' title='bbox 1927 3017 2029 3073; x_wconf 78' lang='lat' dir='ltr'><strong>site</strong></span> <span class='ocrx_word' id='word_1_476' title='bbox 2055 3016 2390 3088; x_wconf 58' lang='lat' dir='ltr'><strong>praeteritum</strong></span> <span class='ocrx_word' id='word_1_477' title='bbox 2416 3017 2569 3073; x_wconf 89' lang='lat' dir='ltr'><strong>verbi</strong></span> <span class='ocrx_word' id='word_1_478' title='bbox 2602 3020 2754 3077; x_wconf 83' lang='lat' dir='ltr'><strong>teror</strong></span> <span class='ocrx_word' id='word_1_479' title='bbox 2773 3018 2944 3074; x_wconf 88' lang='lat' dir='ltr'><strong>serris</strong></span> <span class='ocrx_word' id='word_1_480' title='bbox 2972 3019 3343 3091; x_wconf 86' lang='lat' dir='ltr'><strong>composuisti,</strong></span> <span class='ocrx_word' id='word_1_481' title='bbox 3374 3022 3520 3079; x_wconf 82' lang='lat' dir='ltr'><strong>mul-</strong></span> 
     </span>
    </p>
   </div>
   <div class='ocr_carea' id='block_1_49' title="bbox 224 3100 3522 3178">
    <p class='ocr_par' dir='ltr' id='par_1_49' title="bbox 224 3100 3522 3178">
     <span class='ocr_line' id='line_1_49' title="bbox 224 3100 3522 3178; baseline 0.002 -19"><span class='ocrx_word' id='word_1_482' title='bbox 224 3104 371 3175; x_wconf 89' lang='lat' dir='ltr'><strong>quod</strong></span> <span class='ocrx_word' id='word_1_483' title='bbox 397 3110 581 3160; x_wconf 86' lang='lat' dir='ltr'><strong>actum</strong></span> <span class='ocrx_word' id='word_1_484' title='bbox 609 3102 700 3170; x_wconf 89' lang='lat' dir='ltr'><strong>sit,</strong></span> <span class='ocrx_word' id='word_1_485' title='bbox 730 3103 831 3159; x_wconf 91' lang='lat' dir='ltr'><strong>rite</strong></span> <span class='ocrx_word' id='word_1_486' title='bbox 860 3103 932 3159; x_wconf 88' lang='lat' dir='ltr'><strong>ad</strong></span> <span class='ocrx_word' id='word_1_487' title='bbox 960 3118 1203 3159; x_wconf 90' lang='lat' dir='ltr'><strong>morsum</strong></span> <span class='ocrx_word' id='word_1_488' title='bbox 1229 3100 1562 3167; x_wconf 81' lang='lat' dir='ltr'><strong>intellexisti,</strong></span> <span class='ocrx_word' id='word_1_489' title='bbox 1621 3107 1677 3156; x_wconf 83' lang='lat' dir='ltr'><strong>at</strong></span> <span class='ocrx_word' id='word_1_490' title='bbox 1698 3114 1825 3156; x_wconf 89' lang='lat' dir='ltr'><strong>cum</strong></span> <span class='ocrx_word' id='word_1_491' title='bbox 1857 3100 1905 3132; x_wconf 67' lang='grc' dir='ltr'>υ</span> <span class='ocrx_word' id='word_1_492' title='bbox 1925 3105 1996 3162; x_wconf 89' lang='lat' dir='ltr'><strong>tis</strong></span> <span class='ocrx_word' id='word_1_493' title='bbox 2021 3105 2159 3163; x_wconf 91' lang='lat' dir='ltr'><strong>locis</strong></span> <span class='ocrx_word' id='word_1_494' title='bbox 2186 3120 2300 3161; x_wconf 90' lang='lat' dir='ltr'><strong>non</strong></span> <span class='ocrx_word' id='word_1_495' title='bbox 2328 3105 2501 3161; x_wconf 90' lang='lat' dir='ltr'><strong>solum</strong></span> <span class='ocrx_word' id='word_1_496' title='bbox 2533 3104 2590 3159; x_wconf 91' lang='lat' dir='ltr'><strong>in</strong></span> <span class='ocrx_word' id='word_1_497' title='bbox 2618 3111 2711 3161; x_wconf 92' lang='lat' dir='ltr'><strong>tua</strong></span> <span class='ocrx_word' id='word_1_498' title='bbox 2739 3107 3114 3178; x_wconf 86' lang='lat' dir='ltr'><strong>grammatica,</strong></span> <span class='ocrx_word' id='word_1_499' title='bbox 3145 3109 3244 3164; x_wconf 90' lang='lat' dir='ltr'><strong>sed</strong></span> <span class='ocrx_word' id='word_1_500' title='bbox 3272 3110 3431 3165; x_wconf 87' lang='lat' dir='ltr'><strong>etiam</strong></span> <span class='ocrx_word' id='word_1_501' title='bbox 3464 3111 3522 3166; x_wconf 89' lang='lat' dir='ltr'><strong>in</strong></span> 
     </span>
    </p>
   </div>
   <div class='ocr_carea' id='block_1_50' title="bbox 223 3186 3521 3266">
    <p class='ocr_par' dir='ltr' id='par_1_50' title="bbox 223 3186 3521 3266">
     <span class='ocr_line' id='line_1_50' title="bbox 223 3186 3521 3266; baseline 0.002 -18"><span class='ocrx_word' id='word_1_502' title='bbox 223 3191 439 3249; x_wconf 85' lang='lat' dir='ltr'><strong>ostendi</strong></span> <span class='ocrx_word' id='word_1_503' title='bbox 462 3191 597 3263; x_wconf 88' lang='lat' dir='ltr'><strong>quid</strong></span> <span class='ocrx_word' id='word_1_504' title='bbox 623 3191 898 3266; x_wconf 87' lang='lat' dir='ltr'><strong>agendum</strong></span> <span class='ocrx_word' id='word_1_505' title='bbox 927 3191 1016 3258; x_wconf 85' lang='lat' dir='ltr'><strong>sit,</strong></span> <span class='ocrx_word' id='word_1_506' title='bbox 1051 3190 1099 3247; x_wconf 89' lang='lat' dir='ltr'><strong>si</strong></span> <span class='ocrx_word' id='word_1_507' title='bbox 1116 3198 1261 3247; x_wconf 90' lang='lat' dir='ltr'><strong>recte</strong></span> <span class='ocrx_word' id='word_1_508' title='bbox 1276 3189 1429 3255; x_wconf 83' lang='lat' dir='ltr'><strong>facis,</strong></span> <span class='ocrx_word' id='word_1_509' title='bbox 1448 3188 1726 3261; x_wconf 88' lang='lat' dir='ltr'><strong>pertinere</strong></span> <span class='ocrx_word' id='word_1_510' title='bbox 1754 3186 1825 3244; x_wconf 91' lang='lat' dir='ltr'><strong>ad</strong></span> <span class='ocrx_word' id='word_1_511' title='bbox 1925 3194 2215 3265; x_wconf 90' lang='lat' dir='ltr'><strong>Scripturis</strong></span> <span class='ocrx_word' id='word_1_512' title='bbox 2242 3193 2512 3265; x_wconf 81' lang='lat' dir='ltr'><strong>praevales</strong></span> <span class='ocrx_word' id='word_1_513' title='bbox 2538 3192 2802 3259; x_wconf 90' lang='lat' dir='ltr'><strong>invenire,</strong></span> <span class='ocrx_word' id='word_1_514' title='bbox 2836 3194 2935 3249; x_wconf 88' lang='lat' dir='ltr'><strong>sed</strong></span> <span class='ocrx_word' id='word_1_515' title='bbox 2966 3200 3021 3250; x_wconf 90' lang='lat' dir='ltr'><strong>et</strong></span> <span class='ocrx_word' id='word_1_516' title='bbox 3050 3193 3109 3249; x_wconf 90' lang='lat' dir='ltr'><strong>in</strong></span> <span class='ocrx_word' id='word_1_517' title='bbox 3134 3193 3229 3249; x_wconf 92' lang='lat' dir='ltr'><strong>illo</strong></span> <span class='ocrx_word' id='word_1_518' title='bbox 3255 3194 3379 3252; x_wconf 93' lang='lat' dir='ltr'><strong>loco</strong></span> <span class='ocrx_word' id='word_1_519' title='bbox 3425 3196 3521 3254; x_wconf 91' lang='lat' dir='ltr'><strong>ubi</strong></span> 
     </span>
    </p>
   </div>
   <div class='ocr_carea' id='block_1_51' title="bbox 221 3279 3517 3361">
    <p class='ocr_par' dir='ltr' id='par_1_51' title="bbox 221 3279 3517 3361">
     <span class='ocr_line' id='line_1_51' title="bbox 221 3279 3517 3361; baseline -0.002 -16"><span class='ocrx_word' id='word_1_520' title='bbox 221 3287 328 3345; x_wconf 89' lang='lat' dir='ltr'><strong>olei</strong></span> <span class='ocrx_word' id='word_1_521' title='bbox 355 3287 658 3345; x_wconf 80' lang='lat' dir='ltr'><strong>fomentum</strong></span> <span class='ocrx_word' id='word_1_522' title='bbox 686 3288 968 3361; x_wconf 86' lang='lat' dir='ltr'><strong>intelligis.</strong></span> <span class='ocrx_word' id='word_1_523' title='bbox 1001 3287 1060 3343; x_wconf 91' lang='lat' dir='ltr'><strong>Si</strong></span> <span class='ocrx_word' id='word_1_524' title='bbox 1088 3294 1271 3344; x_wconf 89' lang='lat' dir='ltr'><strong>autem</strong></span> <span class='ocrx_word' id='word_1_525' title='bbox 1299 3287 1437 3342; x_wconf 89' lang='lat' dir='ltr'><strong>adeo</strong></span> <span class='ocrx_word' id='word_1_526' title='bbox 1465 3285 1825 3341; x_wconf 90' lang='lat' dir='ltr'><strong>intentionem</strong></span> <span class='ocrx_word' id='word_1_527' title='bbox 1923 3281 2188 3339; x_wconf 89' lang='lat' dir='ltr'><strong>Dominus</strong></span> <span class='ocrx_word' id='word_1_528' title='bbox 2216 3281 2391 3351; x_wconf 82' lang='lat' dir='ltr'><strong>Moysi</strong></span> <span class='ocrx_word' id='word_1_529' title='bbox 2418 3281 2651 3352; x_wconf 89' lang='lat' dir='ltr'><strong>qualiter</strong></span> <span class='ocrx_word' id='word_1_530' title='bbox 2678 3279 2971 3352; x_wconf 84' lang='lat' dir='ltr'><strong>thymiama</strong></span> <span class='ocrx_word' id='word_1_531' title='bbox 2998 3281 3148 3352; x_wconf 92' lang='lat' dir='ltr'><strong>quod</strong></span> <span class='ocrx_word' id='word_1_532' title='bbox 3174 3290 3359 3338; x_wconf 86' lang='lat' dir='ltr'><strong>nostra</strong></span> <span class='ocrx_word' id='word_1_533' title='bbox 3406 3282 3517 3339; x_wconf 83' lang='lat' dir='ltr'><strong>lin-</strong></span> 
     </span>
    </p>
   </div>
   <div class='ocr_carea' id='block_1_52' title="bbox 224 3367 3517 3448">
    <p class='ocr_par' dir='ltr' id='par_1_52' title="bbox 224 3367 3517 3448">
     <span class='ocr_line' id='line_1_52' title="bbox 224 3367 3517 3448; baseline -0.001 -16"><span class='ocrx_word' id='word_1_534' title='bbox 224 3383 375 3433; x_wconf 89' lang='lat' dir='ltr'><strong>tuam</strong></span> <span class='ocrx_word' id='word_1_535' title='bbox 404 3377 575 3433; x_wconf 88' lang='lat' dir='ltr'><strong>rebus</strong></span> <span class='ocrx_word' id='word_1_536' title='bbox 618 3376 942 3433; x_wconf 87' lang='lat' dir='ltr'><strong>transitoriis</strong></span> <span class='ocrx_word' id='word_1_537' title='bbox 994 3375 1412 3431; x_wconf 89' lang='lat' dir='ltr'><strong>immoderatius</strong></span> <span class='ocrx_word' id='word_1_538' title='bbox 1467 3373 1735 3445; x_wconf 89' lang='lat' dir='ltr'><strong>implicas,</strong></span> <span class='ocrx_word' id='word_1_539' title='bbox 1766 3380 1827 3429; x_wconf 92' lang='lat' dir='ltr'><strong>ut</strong></span> <span class='ocrx_word' id='word_1_540' title='bbox 1925 3385 2033 3441; x_wconf 86' lang='lat' dir='ltr'><strong>gua</strong></span> <span class='ocrx_word' id='word_1_541' title='bbox 2060 3369 2344 3424; x_wconf 90' lang='lat' dir='ltr'><strong>incensum</strong></span> <span class='ocrx_word' id='word_1_542' title='bbox 2372 3368 2571 3423; x_wconf 90' lang='lat' dir='ltr'><strong>dicitur</strong></span> <span class='ocrx_word' id='word_1_543' title='bbox 2590 3367 2775 3424; x_wconf 80' lang='lat' dir='ltr'><strong>facere</strong></span> <span class='ocrx_word' id='word_1_544' title='bbox 2795 3369 2961 3438; x_wconf 90' lang='lat' dir='ltr'><strong>jussit</strong></span> <span class='ocrx_word' id='word_1_545' title='bbox 2988 3368 3177 3425; x_wconf 88' lang='lat' dir='ltr'><strong>dicens</strong></span> <span class='ocrx_word' id='word_1_546' title='bbox 3211 3385 3225 3423; x_wconf 88' lang='lat'><strong>:</strong></span> <span class='ocrx_word' id='word_1_547' title='bbox 3270 3371 3517 3448; x_wconf 64' lang='lat' dir='ltr'><strong>Cumque</strong></span> 
     </span>
    </p>
   </div>
   <div class='ocr_carea' id='block_1_53' title="bbox 220 3457 3519 3537">
    <p class='ocr_par' dir='ltr' id='par_1_53' title="bbox 220 3457 3519 3537">
     <span class='ocr_line' id='line_1_53' title="bbox 220 3457 3519 3537; baseline -0.001 -17"><span class='ocrx_word' id='word_1_548' title='bbox 220 3464 424 3535; x_wconf 87' lang='lat' dir='ltr'><strong>quibus</strong></span> <span class='ocrx_word' id='word_1_549' title='bbox 453 3464 908 3537; x_wconf 82' lang='lat' dir='ltr'><strong>negligentiamm</strong></span> <span class='ocrx_word' id='word_1_550' title='bbox 931 3463 1124 3533; x_wconf 88' lang='lat' dir='ltr'><strong>jaculis</strong></span> <span class='ocrx_word' id='word_1_551' title='bbox 1161 3461 1521 3535; x_wconf 85' lang='lat' dir='ltr'><strong>transﬁgaris,</strong></span> <span class='ocrx_word' id='word_1_552' title='bbox 1566 3460 1654 3517; x_wconf 86' lang='lat' dir='ltr'><strong>vel</strong></span> <span class='ocrx_word' id='word_1_553' title='bbox 1698 3458 1825 3531; x_wconf 87' lang='lat' dir='ltr'><strong>qui-</strong></span> <span class='ocrx_word' id='word_1_554' title='bbox 1923 3459 1989 3513; x_wconf 84' lang='lat' dir='ltr'><strong>in</strong></span> <span class='ocrx_word' id='word_1_555' title='bbox 2050 3457 2452 3514; x_wconf 84' lang='lat' dir='ltr'><strong>tenuissimum</strong></span> <span class='ocrx_word' id='word_1_556' title='bbox 2527 3457 2822 3527; x_wconf 79' lang='lat' dir='ltr'><strong>pulverem</strong></span> <span class='ocrx_word' id='word_1_557' title='bbox 2869 3458 3135 3513; x_wconf 86' lang='lat' dir='ltr'><strong>universa</strong></span> <span class='ocrx_word' id='word_1_558' title='bbox 3195 3460 3519 3517; x_wconf 82' lang='lat' dir='ltr'><strong>contuderis</strong></span> 
     </span>
    </p>
   </div>
   <div class='ocr_carea' id='block_1_54' title="bbox 215 3542 3522 3620">
    <p class='ocr_par' dir='ltr' id='par_1_54' title="bbox 215 3542 3522 3620">
     <span class='ocr_line' id='line_1_54' title="bbox 215 3542 3522 3620; baseline -0.001 -15"><span class='ocrx_word' id='word_1_559' title='bbox 215 3552 319 3607; x_wconf 88' lang='lat' dir='ltr'><strong>bus</strong></span> <span class='ocrx_word' id='word_1_560' title='bbox 346 3552 714 3609; x_wconf 89' lang='lat' dir='ltr'><strong>monitionum</strong></span> <span class='ocrx_word' id='word_1_561' title='bbox 739 3550 1154 3609; x_wconf 89' lang='lat' dir='ltr'><strong>medicamentis</strong></span> <span class='ocrx_word' id='word_1_562' title='bbox 1183 3551 1390 3607; x_wconf 87' lang='lat' dir='ltr'><strong>debeas</strong></span> <span class='ocrx_word' id='word_1_563' title='bbox 1433 3548 1613 3607; x_wconf 89' lang='lat' dir='ltr'><strong>curari</strong></span> <span class='ocrx_word' id='word_1_564' title='bbox 1658 3548 1822 3620; x_wconf 90' lang='lat' dir='ltr'><strong>igno-</strong></span> <span class='ocrx_word' id='word_1_565' title='bbox 1925 3542 2304 3617; x_wconf 74' lang='lat' dir='ltr'><strong>(Exod.xxx).</strong></span> <span class='ocrx_word' id='word_1_566' title='bbox 2333 3543 2489 3598; x_wconf 91' lang='lat' dir='ltr'><strong>Unde</strong></span> <span class='ocrx_word' id='word_1_567' title='bbox 2505 3550 2723 3599; x_wconf 90' lang='lat' dir='ltr'><strong>sanctus</strong></span> <span class='ocrx_word' id='word_1_568' title='bbox 2736 3543 3129 3614; x_wconf 86' lang='lat' dir='ltr'><strong>Gregorius:in</strong></span> <span class='ocrx_word' id='word_1_569' title='bbox 3144 3545 3522 3603; x_wconf 84' lang='lat' dir='ltr'><strong>tenuissimum</strong></span> 
     </span>
    </p>
   </div>
   <div class='ocr_carea' id='block_1_55' title="bbox 219 3630 3516 3712">
    <p class='ocr_par' dir='ltr' id='par_1_55' title="bbox 219 3630 3516 3712">
     <span class='ocr_line' id='line_1_55' title="bbox 219 3630 3516 3712; baseline -0.002 -17"><span class='ocrx_word' id='word_1_570' title='bbox 219 3656 333 3706; x_wconf 91' lang='lat' dir='ltr'><strong>res,</strong></span> <span class='ocrx_word' id='word_1_571' title='bbox 369 3641 500 3712; x_wconf 89' lang='lat' dir='ltr'><strong>quia</strong></span> <span class='ocrx_word' id='word_1_572' title='bbox 527 3655 633 3698; x_wconf 87' lang='lat' dir='ltr'><strong>nec</strong></span> <span class='ocrx_word' id='word_1_573' title='bbox 657 3640 870 3707; x_wconf 63' lang='lat' dir='ltr'><strong>Iesum,</strong></span> <span class='ocrx_word' id='word_1_574' title='bbox 901 3656 1004 3697; x_wconf 92' lang='lat' dir='ltr'><strong>nec</strong></span> <span class='ocrx_word' id='word_1_575' title='bbox 1042 3638 1340 3695; x_wconf 90' lang='lat' dir='ltr'><strong>sanabilem</strong></span> <span class='ocrx_word' id='word_1_576' title='bbox 1368 3646 1422 3694; x_wconf 91' lang='lat' dir='ltr'><strong>te</strong></span> <span class='ocrx_word' id='word_1_577' title='bbox 1439 3636 1610 3694; x_wconf 88' lang='lat' dir='ltr'><strong>sentis</strong></span> <span class='ocrx_word' id='word_1_578' title='bbox 1624 3635 1825 3708; x_wconf 89' lang='lat' dir='ltr'><strong>proba-</strong></span> <span class='ocrx_word' id='word_1_579' title='bbox 1924 3633 2208 3704; x_wconf 84' lang='lat' dir='ltr'><strong>pulverem</strong></span> <span class='ocrx_word' id='word_1_580' title='bbox 2263 3638 2508 3686; x_wconf 87' lang='lat' dir='ltr'><strong>aromata</strong></span> <span class='ocrx_word' id='word_1_581' title='bbox 2561 3630 2816 3687; x_wconf 90' lang='lat' dir='ltr'><strong>universa</strong></span> <span class='ocrx_word' id='word_1_582' title='bbox 2870 3630 3215 3688; x_wconf 88' lang='lat' dir='ltr'><strong>conterimus.</strong></span> <span class='ocrx_word' id='word_1_583' title='bbox 3262 3634 3329 3688; x_wconf 88' lang='lat' dir='ltr'><strong>Et</strong></span> <span class='ocrx_word' id='word_1_584' title='bbox 3366 3634 3516 3703; x_wconf 92' lang='lat' dir='ltr'><strong>item,</strong></span> 
     </span>
    </p>
   </div>
   <div class='ocr_carea' id='block_1_56' title="bbox 220 3718 3524 3799">
    <p class='ocr_par' dir='ltr' id='par_1_56' title="bbox 220 3718 3524 3799">
     <span class='ocr_line' id='line_1_56' title="bbox 220 3718 3524 3799; baseline -0.001 -17"><span class='ocrx_word' id='word_1_585' title='bbox 220 3727 410 3783; x_wconf 85' lang='lat' dir='ltr'><strong>biliter</strong></span> <span class='ocrx_word' id='word_1_586' title='bbox 438 3728 714 3799; x_wconf 91' lang='lat' dir='ltr'><strong>improbo.</strong></span> <span class='ocrx_word' id='word_1_587' title='bbox 747 3728 906 3784; x_wconf 89' lang='lat' dir='ltr'><strong>Unde</strong></span> <span class='ocrx_word' id='word_1_588' title='bbox 932 3743 1036 3798; x_wconf 92' lang='lat' dir='ltr'><strong>per</strong></span> <span class='ocrx_word' id='word_1_589' title='bbox 1063 3726 1408 3783; x_wconf 89' lang='lat' dir='ltr'><strong>Salomonem</strong></span> <span class='ocrx_word' id='word_1_590' title='bbox 1436 3740 1540 3781; x_wconf 88' lang='lat' dir='ltr'><strong>vox</strong></span> <span class='ocrx_word' id='word_1_591' title='bbox 1577 3721 1825 3795; x_wconf 90' lang='lat' dir='ltr'><strong>percussi</strong></span> <span class='ocrx_word' id='word_1_592' title='bbox 1927 3726 2167 3777; x_wconf 90' lang='lat' dir='ltr'><strong>aromata</strong></span> <span class='ocrx_word' id='word_1_593' title='bbox 2181 3719 2237 3775; x_wconf 91' lang='lat' dir='ltr'><strong>in</strong></span> <span class='ocrx_word' id='word_1_594' title='bbox 2251 3718 2533 3791; x_wconf 90' lang='lat' dir='ltr'><strong>pulverem</strong></span> <span class='ocrx_word' id='word_1_595' title='bbox 2552 3718 2912 3791; x_wconf 88' lang='lat' dir='ltr'><strong>redigere,est</strong></span> <span class='ocrx_word' id='word_1_596' title='bbox 2929 3719 3155 3777; x_wconf 87' lang='lat' dir='ltr'><strong>virtutes</strong></span> <span class='ocrx_word' id='word_1_597' title='bbox 3169 3720 3524 3793; x_wconf 86' lang='lat' dir='ltr'><strong>recogitando</strong></span> 
     </span>
    </p>
   </div>
   <div class='ocr_carea' id='block_1_57' title="bbox 221 3805 3516 3886">
    <p class='ocr_par' dir='ltr' id='par_1_57' title="bbox 221 3805 3516 3886">
     <span class='ocr_line' id='line_1_57' title="bbox 221 3805 3516 3886; baseline -0.002 -14"><span class='ocrx_word' id='word_1_598' title='bbox 221 3823 274 3872; x_wconf 86' lang='lat' dir='ltr'><strong>et</strong></span> <span class='ocrx_word' id='word_1_599' title='bbox 310 3814 641 3872; x_wconf 86' lang='lat' dir='ltr'><strong>dormientis</strong></span> <span class='ocrx_word' id='word_1_600' title='bbox 660 3814 980 3885; x_wconf 89' lang='lat' dir='ltr'><strong>exprimitur</strong></span> <span class='ocrx_word' id='word_1_601' title='bbox 999 3814 1092 3886; x_wconf 90' lang='lat' dir='ltr'><strong>qui</strong></span> <span class='ocrx_word' id='word_1_602' title='bbox 1106 3814 1181 3870; x_wconf 88' lang='lat' dir='ltr'><strong>ait</strong></span> <span class='ocrx_word' id='word_1_603' title='bbox 1208 3830 1221 3869; x_wconf 89' lang='lat'><strong>:</strong></span> <span class='ocrx_word' id='word_1_604' title='bbox 1256 3815 1694 3871; x_wconf 86' lang='lat' dir='ltr'><strong>Verberaverunt</strong></span> <span class='ocrx_word' id='word_1_605' title='bbox 1711 3826 1821 3878; x_wconf 86' lang='lat' dir='ltr'><strong>me,</strong></span> <span class='ocrx_word' id='word_1_606' title='bbox 1926 3816 2123 3865; x_wconf 88' lang='lat' dir='ltr'><strong>terere.</strong></span> <span class='ocrx_word' id='word_1_607' title='bbox 2157 3807 2331 3876; x_wconf 84' lang='lat' dir='ltr'><strong>Hujus</strong></span> <span class='ocrx_word' id='word_1_608' title='bbox 2354 3806 2517 3864; x_wconf 90' lang='lat' dir='ltr'><strong>activi</strong></span> <span class='ocrx_word' id='word_1_609' title='bbox 2544 3805 2823 3877; x_wconf 88' lang='lat' dir='ltr'><strong>passivum</strong></span> <span class='ocrx_word' id='word_1_610' title='bbox 2843 3814 2947 3874; x_wconf 91' lang='lat' dir='ltr'><strong>est,</strong></span> <span class='ocrx_word' id='word_1_611' title='bbox 2981 3807 3121 3864; x_wconf 90' lang='lat' dir='ltr'><strong>sicut</strong></span> <span class='ocrx_word' id='word_1_612' title='bbox 3135 3808 3332 3864; x_wconf 90' lang='lat' dir='ltr'><strong>melius</strong></span> <span class='ocrx_word' id='word_1_613' title='bbox 3352 3810 3516 3878; x_wconf 89' lang='lat' dir='ltr'><strong>nosti,</strong></span> 
     </span>
    </p>
   </div>
   <div class='ocr_carea' id='block_1_58' title="bbox 219 3894 3522 3973">
    <p class='ocr_par' dir='ltr' id='par_1_58' title="bbox 219 3894 3522 3973">
     <span class='ocr_line' id='line_1_58' title="bbox 219 3894 3522 3973; baseline -0.002 -15"><span class='ocrx_word' id='word_1_614' title='bbox 219 3903 318 3958; x_wconf 84' lang='lat' dir='ltr'><strong>sed</strong></span> <span class='ocrx_word' id='word_1_615' title='bbox 334 3903 622 3961; x_wconf 79' lang='lat' dir='ltr'><strong>nondolui</strong></span> <span class='ocrx_word' id='word_1_616' title='bbox 643 3906 991 3971; x_wconf 77' lang='lat' dir='ltr'><strong>,-traxerunt</strong></span> <span class='ocrx_word' id='word_1_617' title='bbox 1006 3918 1115 3967; x_wconf 86' lang='lat' dir='ltr'><strong>me,</strong></span> <span class='ocrx_word' id='word_1_618' title='bbox 1141 3905 1200 3957; x_wconf 90' lang='lat' dir='ltr'><strong>et</strong></span> <span class='ocrx_word' id='word_1_619' title='bbox 1216 3917 1311 3973; x_wconf 85' lang='lat' dir='ltr'><strong>ego</strong></span> <span class='ocrx_word' id='word_1_620' title='bbox 1328 3916 1446 3957; x_wconf 87' lang='lat' dir='ltr'><strong>non</strong></span> <span class='ocrx_word' id='word_1_621' title='bbox 1464 3901 1619 3956; x_wconf 86' lang='lat' dir='ltr'><strong>sensi</strong></span> <span class='ocrx_word' id='word_1_622' title='bbox 1638 3899 1825 3969; x_wconf 84' lang='lat' dir='ltr'><strong>(Prov.</strong></span> <span class='ocrx_word' id='word_1_623' title='bbox 1929 3901 2130 3963; x_wconf 86' lang='lat' dir='ltr'><strong>tereor,</strong></span> <span class='ocrx_word' id='word_1_624' title='bbox 2164 3896 2318 3965; x_wconf 89' lang='lat' dir='ltr'><strong>cujus</strong></span> <span class='ocrx_word' id='word_1_625' title='bbox 2337 3902 2420 3951; x_wconf 90' lang='lat' dir='ltr'><strong>est</strong></span> <span class='ocrx_word' id='word_1_626' title='bbox 2445 3894 2778 3965; x_wconf 86' lang='lat' dir='ltr'><strong>praeteritum</strong></span> <span class='ocrx_word' id='word_1_627' title='bbox 2810 3898 3004 3964; x_wconf 87' lang='lat' dir='ltr'><strong>tritus,</strong></span> <span class='ocrx_word' id='word_1_628' title='bbox 3056 3896 3203 3967; x_wconf 91' lang='lat' dir='ltr'><strong>quod</strong></span> <span class='ocrx_word' id='word_1_629' title='bbox 3257 3912 3367 3953; x_wconf 90' lang='lat' dir='ltr'><strong>non</strong></span> <span class='ocrx_word' id='word_1_630' title='bbox 3421 3898 3522 3954; x_wconf 88' lang='lat' dir='ltr'><strong>rite</strong></span> 
     </span>
    </p>
   </div>
   <div class='ocr_carea' id='block_1_59' title="bbox 223 3982 3525 4062">
    <p class='ocr_par' dir='ltr' id='par_1_59' title="bbox 223 3982 3525 4062">
     <span class='ocr_line' id='line_1_59' title="bbox 223 3982 3525 4062; baseline -0.001 -18"><span class='ocrx_word' id='word_1_631' title='bbox 223 3990 398 4061; x_wconf 88' lang='lat' dir='ltr'><strong>xxm)</strong></span> <span class='ocrx_word' id='word_1_632' title='bbox 430 4006 447 4043; x_wconf 90' lang='lat'><strong>:</strong></span> <span class='ocrx_word' id='word_1_633' title='bbox 472 4004 634 4045; x_wconf 89' lang='lat' dir='ltr'><strong>mens</strong></span> <span class='ocrx_word' id='word_1_634' title='bbox 680 3989 880 4062; x_wconf 89' lang='lat' dir='ltr'><strong>quippe</strong></span> <span class='ocrx_word' id='word_1_635' title='bbox 907 4005 943 4046; x_wconf 86' lang='lat' dir='ltr'><strong>s</strong></span> <span class='ocrx_word' id='word_1_636' title='bbox 969 4004 1100 4046; x_wconf 88' lang='lat' dir='ltr'><strong>cura</strong></span> <span class='ocrx_word' id='word_1_637' title='bbox 1128 4004 1241 4046; x_wconf 63' lang='lat' dir='ltr'><strong>sum</strong></span> <span class='ocrx_word' id='word_1_638' title='bbox 1269 3987 1651 4045; x_wconf 90' lang='lat' dir='ltr'><strong>sollicitudinis</strong></span> <span class='ocrx_word' id='word_1_639' title='bbox 1699 3987 1831 4042; x_wconf 90' lang='lat' dir='ltr'><strong>dor—</strong></span> <span class='ocrx_word' id='word_1_640' title='bbox 1930 3985 2119 4053; x_wconf 89' lang='lat' dir='ltr'><strong>serris,</strong></span> <span class='ocrx_word' id='word_1_641' title='bbox 2154 3984 2252 4040; x_wconf 88' lang='lat' dir='ltr'><strong>sed</strong></span> <span class='ocrx_word' id='word_1_642' title='bbox 2278 3983 2403 4055; x_wconf 82' lang='lat' dir='ltr'><strong>pilae</strong></span> <span class='ocrx_word' id='word_1_643' title='bbox 2432 3998 2496 4040; x_wconf 92' lang='lat' dir='ltr'><strong>ac</strong></span> <span class='ocrx_word' id='word_1_644' title='bbox 2523 3983 2634 4055; x_wconf 92' lang='lat' dir='ltr'><strong>pilo</strong></span> <span class='ocrx_word' id='word_1_645' title='bbox 2661 3982 2838 4055; x_wconf 90' lang='lat' dir='ltr'><strong>potius</strong></span> <span class='ocrx_word' id='word_1_646' title='bbox 2867 3983 3130 4055; x_wconf 88' lang='lat' dir='ltr'><strong>applicari</strong></span> <span class='ocrx_word' id='word_1_647' title='bbox 3157 3984 3341 4051; x_wconf 87' lang='lat' dir='ltr'><strong>debet,</strong></span> <span class='ocrx_word' id='word_1_648' title='bbox 3382 3985 3525 4042; x_wconf 85' lang='lat' dir='ltr'><strong>sicut</strong></span> 
     </span>
    </p>
   </div>
   <div class='ocr_carea' id='block_1_60' title="bbox 221 4070 3523 4149">
    <p class='ocr_par' dir='ltr' id='par_1_60' title="bbox 221 4070 3523 4149">
     <span class='ocr_line' id='line_1_60' title="bbox 221 4070 3523 4149; baseline -0.002 -15"><span class='ocrx_word' id='word_1_649' title='bbox 221 4077 405 4134; x_wconf 82' lang='lat' dir='ltr'><strong>miens</strong></span> <span class='ocrx_word' id='word_1_650' title='bbox 432 4077 776 4149; x_wconf 88' lang='lat' dir='ltr'><strong>verberatur,</strong></span> <span class='ocrx_word' id='word_1_651' title='bbox 808 4085 862 4133; x_wconf 90' lang='lat' dir='ltr'><strong>et</strong></span> <span class='ocrx_word' id='word_1_652' title='bbox 907 4093 1017 4133; x_wconf 91' lang='lat' dir='ltr'><strong>non</strong></span> <span class='ocrx_word' id='word_1_653' title='bbox 1072 4076 1259 4145; x_wconf 89' lang='lat' dir='ltr'><strong>dolet;</strong></span> <span class='ocrx_word' id='word_1_654' title='bbox 1290 4075 1415 4148; x_wconf 87' lang='lat' dir='ltr'><strong>quia</strong></span> <span class='ocrx_word' id='word_1_655' title='bbox 1461 4075 1601 4132; x_wconf 89' lang='lat' dir='ltr'><strong>sicut</strong></span> <span class='ocrx_word' id='word_1_656' title='bbox 1653 4074 1831 4130; x_wconf 90' lang='lat' dir='ltr'><strong>immi-</strong></span> <span class='ocrx_word' id='word_1_657' title='bbox 1932 4073 2188 4130; x_wconf 87' lang='lat' dir='ltr'><strong>Salomon</strong></span> <span class='ocrx_word' id='word_1_658' title='bbox 2216 4072 2555 4127; x_wconf 89' lang='lat' dir='ltr'><strong>demonstrat</strong></span> <span class='ocrx_word' id='word_1_659' title='bbox 2572 4070 2760 4128; x_wconf 88' lang='lat' dir='ltr'><strong>dicens</strong></span> <span class='ocrx_word' id='word_1_660' title='bbox 2792 4088 2807 4126; x_wconf 88' lang='lat'><strong>:</strong></span> <span class='ocrx_word' id='word_1_661' title='bbox 2845 4072 2905 4128; x_wconf 88' lang='lat' dir='ltr'><strong>Si</strong></span> <span class='ocrx_word' id='word_1_662' title='bbox 2933 4070 3259 4128; x_wconf 83' lang='lat' dir='ltr'><strong>contuderis</strong></span> <span class='ocrx_word' id='word_1_663' title='bbox 3275 4073 3523 4129; x_wconf 86' lang='lat' dir='ltr'><strong>stultum</strong></span> 
     </span>
    </p>
   </div>
   <div class='ocr_carea' id='block_1_61' title="bbox 222 4160 3526 4237">
    <p class='ocr_par' dir='ltr' id='par_1_61' title="bbox 222 4160 3526 4237">
     <span class='ocr_line' id='line_1_61' title="bbox 222 4160 3526 4237; baseline -0.001 -15"><span class='ocrx_word' id='word_1_664' title='bbox 222 4165 413 4222; x_wconf 85' lang='lat' dir='ltr'><strong>nentia</strong></span> <span class='ocrx_word' id='word_1_665' title='bbox 438 4163 586 4221; x_wconf 89' lang='lat' dir='ltr'><strong>mala</strong></span> <span class='ocrx_word' id='word_1_666' title='bbox 611 4180 723 4221; x_wconf 91' lang='lat' dir='ltr'><strong>non</strong></span> <span class='ocrx_word' id='word_1_667' title='bbox 747 4165 1030 4237; x_wconf 90' lang='lat' dir='ltr'><strong>prospicit,</strong></span> <span class='ocrx_word' id='word_1_668' title='bbox 1082 4164 1163 4220; x_wconf 93' lang='lat' dir='ltr'><strong>sic</strong></span> <span class='ocrx_word' id='word_1_669' title='bbox 1204 4179 1309 4221; x_wconf 91' lang='lat' dir='ltr'><strong>nec</strong></span> <span class='ocrx_word' id='word_1_670' title='bbox 1364 4169 1668 4235; x_wconf 87' lang='lat' dir='ltr'><strong>perpetrata</strong></span> <span class='ocrx_word' id='word_1_671' title='bbox 1696 4177 1828 4233; x_wconf 91' lang='lat' dir='ltr'><strong>per—</strong></span> <span class='ocrx_word' id='word_1_672' title='bbox 1930 4162 1994 4217; x_wconf 85' lang='lat' dir='ltr'><strong>in</strong></span> <span class='ocrx_word' id='word_1_673' title='bbox 2008 4162 2151 4233; x_wconf 82' lang='lat' dir='ltr'><strong>pila,</strong></span> <span class='ocrx_word' id='word_1_674' title='bbox 2172 4162 2332 4231; x_wconf 83' lang='lat' dir='ltr'><strong>quasi</strong></span> <span class='ocrx_word' id='word_1_675' title='bbox 2345 4161 2606 4231; x_wconf 86' lang='lat' dir='ltr'><strong>ptisanas</strong></span> <span class='ocrx_word' id='word_1_676' title='bbox 2623 4161 2868 4229; x_wconf 80' lang='lat' dir='ltr'><strong>feriente</strong></span> <span class='ocrx_word' id='word_1_677' title='bbox 2880 4160 3122 4231; x_wconf 79' lang='lat' dir='ltr'><strong>desuper</strong></span> <span class='ocrx_word' id='word_1_678' title='bbox 3134 4161 3274 4231; x_wconf 87' lang='lat' dir='ltr'><strong>pilo,</strong></span> <span class='ocrx_word' id='word_1_679' title='bbox 3295 4177 3411 4217; x_wconf 90' lang='lat' dir='ltr'><strong>non</strong></span> <span class='ocrx_word' id='word_1_680' title='bbox 3428 4176 3526 4218; x_wconf 53' lang='lat' dir='ltr'><strong>au‘</strong></span> 
     </span>
    </p>
   </div>
   <div class='ocr_carea' id='block_1_62' title="bbox 222 4245 3529 4324">
    <p class='ocr_par' dir='ltr' id='par_1_62' title="bbox 222 4245 3529 4324">
     <span class='ocr_line' id='line_1_62' title="bbox 222 4245 3529 4324; baseline -0.002 -16"><span class='ocrx_word' id='word_1_681' title='bbox 222 4252 467 4310; x_wconf 88' lang='lat' dir='ltr'><strong>timescit</strong></span> <span class='ocrx_word' id='word_1_682' title='bbox 504 4269 519 4307; x_wconf 88' lang='lat'><strong>:</strong></span> <span class='ocrx_word' id='word_1_683' title='bbox 553 4252 782 4308; x_wconf 87' lang='lat' dir='ltr'><strong>trahitur</strong></span> <span class='ocrx_word' id='word_1_684' title='bbox 810 4259 865 4308; x_wconf 87' lang='lat' dir='ltr'><strong>et</strong></span> <span class='ocrx_word' id='word_1_685' title='bbox 888 4267 1231 4324; x_wconf 88' lang='lat' dir='ltr'><strong>nequaquam</strong></span> <span class='ocrx_word' id='word_1_686' title='bbox 1261 4252 1426 4309; x_wconf 90' lang='lat' dir='ltr'><strong>sentit</strong></span> <span class='ocrx_word' id='word_1_687' title='bbox 1452 4252 1710 4323; x_wconf 89' lang='lat' dir='ltr'><strong>quoniam</strong></span> <span class='ocrx_word' id='word_1_688' title='bbox 1727 4265 1831 4322; x_wconf 92' lang='lat' dir='ltr'><strong>per</strong></span> <span class='ocrx_word' id='word_1_689' title='bbox 1931 4252 2155 4321; x_wconf 81' lang='lat' dir='ltr'><strong>feretur</strong></span> <span class='ocrx_word' id='word_1_690' title='bbox 2172 4249 2240 4303; x_wconf 84' lang='lat' dir='ltr'><strong>ab</strong></span> <span class='ocrx_word' id='word_1_691' title='bbox 2256 4263 2317 4303; x_wconf 89' lang='lat' dir='ltr'><strong>eo</strong></span> <span class='ocrx_word' id='word_1_692' title='bbox 2328 4249 2582 4303; x_wconf 84' lang='lat' dir='ltr'><strong>stultitia</strong></span> <span class='ocrx_word' id='word_1_693' title='bbox 2597 4248 2718 4317; x_wconf 82' lang='lat' dir='ltr'><strong>ejus</strong></span> <span class='ocrx_word' id='word_1_694' title='bbox 2733 4245 3529 4319; x_wconf 64' lang='lat' dir='ltr'><strong>(Prov.xxvn).Quodquethya</strong></span> 
     </span>
    </p>
   </div>
   <div class='ocr_carea' id='block_1_63' title="bbox 220 4331 3520 4405">
    <p class='ocr_par' dir='ltr' id='par_1_63' title="bbox 220 4331 3520 4405">
     <span class='ocr_line' id='line_1_63' title="bbox 220 4331 3520 4405; baseline -0.003 -7"><span class='ocrx_word' id='word_1_695' title='bbox 220 4340 520 4398; x_wconf 88' lang='lat' dir='ltr'><strong>illecebras</strong></span> <span class='ocrx_word' id='word_1_696' title='bbox 547 4340 801 4398; x_wconf 88' lang='lat' dir='ltr'><strong>vitiorum</strong></span> <span class='ocrx_word' id='word_1_697' title='bbox 830 4340 1043 4396; x_wconf 89' lang='lat' dir='ltr'><strong>ducitur</strong></span> <span class='ocrx_word' id='word_1_698' title='bbox 1069 4355 1173 4397; x_wconf 91' lang='lat' dir='ltr'><strong>nec</strong></span> <span class='ocrx_word' id='word_1_699' title='bbox 1200 4346 1383 4397; x_wconf 87' lang='lat' dir='ltr'><strong>tamen</strong></span> <span class='ocrx_word' id='word_1_700' title='bbox 1414 4355 1449 4394; x_wconf 88' lang='lat' dir='ltr'><strong>a</strong></span> <span class='ocrx_word' id='word_1_701' title='bbox 1496 4340 1583 4395; x_wconf 92' lang='lat' dir='ltr'><strong>sui</strong></span> <span class='ocrx_word' id='word_1_702' title='bbox 1640 4345 1827 4395; x_wconf 89' lang='lat' dir='ltr'><strong>custo-</strong></span> <span class='ocrx_word' id='word_1_703' title='bbox 1934 4334 2545 4405; x_wconf 82' lang='lat' dir='ltr'><strong>miamaperMoysema</strong></span> <span class='ocrx_word' id='word_1_704' title='bbox 2564 4332 3019 4400; x_wconf 89' lang='lat' dir='ltr'><strong>Dominojussum</strong></span> <span class='ocrx_word' id='word_1_705' title='bbox 3034 4331 3151 4387; x_wconf 82' lang='lat' dir='ltr'><strong>ﬁeri</strong></span> <span class='ocrx_word' id='word_1_706' title='bbox 3168 4334 3407 4405; x_wconf 88' lang='lat' dir='ltr'><strong>quotidie</strong></span> <span class='ocrx_word' id='word_1_707' title='bbox 3418 4349 3520 4391; x_wconf 86' lang='lat' dir='ltr'><strong>nos</strong></span> 
     </span>
    </p>
   </div>
   <div class='ocr_carea' id='block_1_64' title="bbox 214 4413 3519 4498">
    <p class='ocr_par' dir='ltr' id='par_1_64' title="bbox 214 4413 3519 4498">
     <span class='ocr_line' id='line_1_64' title="bbox 214 4413 3519 4498; baseline -0.002 -13"><span class='ocrx_word' id='word_1_708' title='bbox 214 4428 307 4485; x_wconf 87' lang='lat' dir='ltr'><strong>dia</strong></span> <span class='ocrx_word' id='word_1_709' title='bbox 338 4428 657 4485; x_wconf 84' lang='lat' dir='ltr'><strong>suscitatur.</strong></span> <span class='ocrx_word' id='word_1_710' title='bbox 688 4427 849 4497; x_wconf 91' lang='lat' dir='ltr'><strong>Quod</strong></span> <span class='ocrx_word' id='word_1_711' title='bbox 872 4427 1011 4485; x_wconf 88' lang='lat' dir='ltr'><strong>dicis</strong></span> <span class='ocrx_word' id='word_1_712' title='bbox 1039 4444 1073 4483; x_wconf 94' lang='lat' dir='ltr'><strong>a</strong></span> <span class='ocrx_word' id='word_1_713' title='bbox 1124 4443 1213 4485; x_wconf 91' lang='lat' dir='ltr'><strong>me</strong></span> <span class='ocrx_word' id='word_1_714' title='bbox 1259 4428 1457 4497; x_wconf 88' lang='lat' dir='ltr'><strong>jaculis</strong></span> <span class='ocrx_word' id='word_1_715' title='bbox 1504 4436 1559 4483; x_wconf 88' lang='lat' dir='ltr'><strong>te</strong></span> <span class='ocrx_word' id='word_1_716' title='bbox 1610 4425 1832 4498; x_wconf 88' lang='lat' dir='ltr'><strong>impeti-</strong></span> <span class='ocrx_word' id='word_1_717' title='bbox 1850 4413 1904 4474; x_wconf 92' lang='lat' dir='ltr'><strong>D</strong></span> <span class='ocrx_word' id='word_1_718' title='bbox 1937 4422 2080 4479; x_wconf 88' lang='lat' dir='ltr'><strong>sacri</strong></span> <span class='ocrx_word' id='word_1_719' title='bbox 2106 4421 2291 4478; x_wconf 87' lang='lat' dir='ltr'><strong>altaris</strong></span> <span class='ocrx_word' id='word_1_720' title='bbox 2318 4419 2620 4476; x_wconf 90' lang='lat' dir='ltr'><strong>ministerio</strong></span> <span class='ocrx_word' id='word_1_721' title='bbox 2648 4417 2849 4475; x_wconf 90' lang='lat' dir='ltr'><strong>addicti</strong></span> <span class='ocrx_word' id='word_1_722' title='bbox 2878 4418 3142 4475; x_wconf 88' lang='lat' dir='ltr'><strong>debemus</strong></span> <span class='ocrx_word' id='word_1_723' title='bbox 3170 4434 3519 4492; x_wconf 89' lang='lat' dir='ltr'><strong>componere,</strong></span> 
     </span>
    </p>
   </div>
   <div class='ocr_carea' id='block_1_65' title="bbox 217 4506 3524 4588">
    <p class='ocr_par' dir='ltr' id='par_1_65' title="bbox 217 4506 3524 4588">
     <span class='ocr_line' id='line_1_65' title="bbox 217 4506 3524 4588; baseline -0.001 -18"><span class='ocrx_word' id='word_1_724' title='bbox 217 4523 361 4584; x_wconf 85' lang='lat' dir='ltr'><strong>tum,</strong></span> <span class='ocrx_word' id='word_1_725' title='bbox 423 4531 692 4588; x_wconf 75' lang='lat' dir='ltr'><strong>ntevoque</strong></span> <span class='ocrx_word' id='word_1_726' title='bbox 746 4523 1008 4583; x_wconf 87' lang='lat' dir='ltr'><strong>notatum,</strong></span> <span class='ocrx_word' id='word_1_727' title='bbox 1058 4515 1171 4572; x_wconf 86' lang='lat' dir='ltr'><strong>noli</strong></span> <span class='ocrx_word' id='word_1_728' title='bbox 1222 4531 1387 4588; x_wconf 87' lang='lat' dir='ltr'><strong>agere</strong></span> <span class='ocrx_word' id='word_1_729' title='bbox 1434 4523 1493 4571; x_wconf 91' lang='lat' dir='ltr'><strong>ut</strong></span> <span class='ocrx_word' id='word_1_730' title='bbox 1541 4515 1645 4570; x_wconf 89' lang='lat' dir='ltr'><strong>hoc</strong></span> <span class='ocrx_word' id='word_1_731' title='bbox 1698 4512 1832 4569; x_wconf 88' lang='lat' dir='ltr'><strong>mihi</strong></span> <span class='ocrx_word' id='word_1_732' title='bbox 1930 4518 1990 4566; x_wconf 90' lang='lat' dir='ltr'><strong>ut</strong></span> <span class='ocrx_word' id='word_1_733' title='bbox 2017 4516 2167 4565; x_wconf 92' lang='lat' dir='ltr'><strong>recte</strong></span> <span class='ocrx_word' id='word_1_734' title='bbox 2194 4507 2468 4580; x_wconf 89' lang='lat' dir='ltr'><strong>possimus</strong></span> <span class='ocrx_word' id='word_1_735' title='bbox 2495 4506 2730 4564; x_wconf 90' lang='lat' dir='ltr'><strong>Domino</strong></span> <span class='ocrx_word' id='word_1_736' title='bbox 2751 4507 2981 4563; x_wconf 90' lang='lat' dir='ltr'><strong>dicere:</strong></span> <span class='ocrx_word' id='word_1_737' title='bbox 3014 4508 3311 4579; x_wconf 85' lang='lat' dir='ltr'><strong>Dirigatur</strong></span> <span class='ocrx_word' id='word_1_738' title='bbox 3343 4510 3524 4567; x_wconf 86' lang='lat' dir='ltr'><strong>oratio</strong></span> 
     </span>
    </p>
   </div>
   <div class='ocr_carea' id='block_1_66' title="bbox 215 4595 3520 4672">
    <p class='ocr_par' dir='ltr' id='par_1_66' title="bbox 215 4595 3520 4672">
     <span class='ocr_line' id='line_1_66' title="bbox 215 4595 3520 4672; baseline -0.002 -13"><span class='ocrx_word' id='word_1_739' title='bbox 215 4619 463 4660; x_wconf 84' lang='lat' dir='ltr'><strong>necesse</strong></span> <span class='ocrx_word' id='word_1_740' title='bbox 490 4604 563 4659; x_wconf 91' lang='lat' dir='ltr'><strong>sit</strong></span> <span class='ocrx_word' id='word_1_741' title='bbox 590 4603 792 4672; x_wconf 90' lang='lat' dir='ltr'><strong>facere,</strong></span> <span class='ocrx_word' id='word_1_742' title='bbox 841 4612 895 4660; x_wconf 92' lang='lat' dir='ltr'><strong>et</strong></span> <span class='ocrx_word' id='word_1_743' title='bbox 938 4618 1028 4660; x_wconf 91' lang='lat' dir='ltr'><strong>me</strong></span> <span class='ocrx_word' id='word_1_744' title='bbox 1060 4603 1131 4659; x_wconf 88' lang='lat' dir='ltr'><strong>ab</strong></span> <span class='ocrx_word' id='word_1_745' title='bbox 1186 4603 1272 4659; x_wconf 89' lang='lat' dir='ltr'><strong>his</strong></span> <span class='ocrx_word' id='word_1_746' title='bbox 1314 4602 1517 4659; x_wconf 88' lang='lat' dir='ltr'><strong>senties</strong></span> <span class='ocrx_word' id='word_1_747' title='bbox 1562 4601 1830 4672; x_wconf 89' lang='lat' dir='ltr'><strong>conquie-</strong></span> <span class='ocrx_word' id='word_1_748' title='bbox 1930 4614 2057 4654; x_wconf 86' lang='lat' dir='ltr'><strong>mea</strong></span> <span class='ocrx_word' id='word_1_749' title='bbox 2071 4596 2222 4653; x_wconf 86' lang='lat' dir='ltr'><strong>sicut</strong></span> <span class='ocrx_word' id='word_1_750' title='bbox 2261 4598 2567 4653; x_wconf 85' lang='lat' dir='ltr'><strong>incensum</strong></span> <span class='ocrx_word' id='word_1_751' title='bbox 2592 4596 2658 4651; x_wconf 86' lang='lat' dir='ltr'><strong>in</strong></span> <span class='ocrx_word' id='word_1_752' title='bbox 2687 4600 2991 4669; x_wconf 86' lang='lat' dir='ltr'><strong>conspectu</strong></span> <span class='ocrx_word' id='word_1_753' title='bbox 3020 4600 3115 4653; x_wconf 92' lang='lat' dir='ltr'><strong>tuo</strong></span> <span class='ocrx_word' id='word_1_754' title='bbox 3145 4595 3320 4667; x_wconf 83' lang='lat' dir='ltr'><strong>(Psal.</strong></span> <span class='ocrx_word' id='word_1_755' title='bbox 3372 4596 3520 4666; x_wconf 79' lang='lat' dir='ltr'><strong>CXL),</strong></span> 
     </span>
    </p>
   </div>
   <div class='ocr_carea' id='block_1_67' title="bbox 216 4681 3527 4765">
    <p class='ocr_par' dir='ltr' id='par_1_67' title="bbox 216 4681 3527 4765">
     <span class='ocr_line' id='line_1_67' title="bbox 216 4681 3527 4765; baseline -0.003 -16"><span class='ocrx_word' id='word_1_756' title='bbox 216 4706 408 4749; x_wconf 82' lang='lat' dir='ltr'><strong>scere.</strong></span> <span class='ocrx_word' id='word_1_757' title='bbox 442 4690 605 4762; x_wconf 91' lang='lat' dir='ltr'><strong>Quod</strong></span> <span class='ocrx_word' id='word_1_758' title='bbox 634 4691 769 4748; x_wconf 88' lang='lat' dir='ltr'><strong>dicis</strong></span> <span class='ocrx_word' id='word_1_759' title='bbox 816 4700 868 4747; x_wconf 87' lang='lat' dir='ltr'><strong>te</strong></span> <span class='ocrx_word' id='word_1_760' title='bbox 914 4689 1132 4765; x_wconf 83' lang='lat' dir='ltr'><strong>integro</strong></span> <span class='ocrx_word' id='word_1_761' title='bbox 1160 4691 1404 4763; x_wconf 86' lang='lat' dir='ltr'><strong>fugatum</strong></span> <span class='ocrx_word' id='word_1_762' title='bbox 1440 4705 1606 4757; x_wconf 91' lang='lat' dir='ltr'><strong>anno,</strong></span> <span class='ocrx_word' id='word_1_763' title='bbox 1640 4696 1695 4744; x_wconf 93' lang='lat' dir='ltr'><strong>et</strong></span> <span class='ocrx_word' id='word_1_764' title='bbox 1721 4703 1834 4745; x_wconf 92' lang='lat' dir='ltr'><strong>non</strong></span> <span class='ocrx_word' id='word_1_765' title='bbox 2002 4686 2085 4740; x_wconf 94' lang='lat' dir='ltr'><strong>De</strong></span> <span class='ocrx_word' id='word_1_766' title='bbox 2113 4699 2181 4740; x_wconf 91' lang='lat' dir='ltr'><strong>eo</strong></span> <span class='ocrx_word' id='word_1_767' title='bbox 2210 4684 2358 4757; x_wconf 89' lang='lat' dir='ltr'><strong>quod</strong></span> <span class='ocrx_word' id='word_1_768' title='bbox 2382 4683 2520 4740; x_wconf 90' lang='lat' dir='ltr'><strong>dicis</strong></span> <span class='ocrx_word' id='word_1_769' title='bbox 2548 4690 2601 4739; x_wconf 92' lang='lat' dir='ltr'><strong>te</strong></span> <span class='ocrx_word' id='word_1_770' title='bbox 2630 4683 2821 4739; x_wconf 90' lang='lat' dir='ltr'><strong>mirari</strong></span> <span class='ocrx_word' id='word_1_771' title='bbox 2850 4699 2947 4740; x_wconf 89' lang='lat' dir='ltr'><strong>cur</strong></span> <span class='ocrx_word' id='word_1_772' title='bbox 2990 4681 3287 4739; x_wconf 84' lang='lat' dir='ltr'><strong>Hadulfum</strong></span> <span class='ocrx_word' id='word_1_773' title='bbox 3338 4682 3527 4739; x_wconf 87' lang='lat' dir='ltr'><strong>tandiu</strong></span> 
     </span>
    </p>
   </div>
   <div class='ocr_carea' id='block_1_68' title="bbox 1853 1700 3522 1786">
    <p class='ocr_par' dir='ltr' id='par_1_68' title="bbox 1853 1700 3522 1786">
     <span class='ocr_line' id='line_1_68' title="bbox 1853 1700 3522 1786; baseline 0.006 -29"><span class='ocrx_word' id='word_1_774' title='bbox 1853 1726 1907 1786; x_wconf 83' lang='grc' dir='ltr'>Β</span> <span class='ocrx_word' id='word_1_775' title='bbox 1929 1701 2038 1758; x_wconf 90' lang='lat' dir='ltr'><strong>tica</strong></span> <span class='ocrx_word' id='word_1_776' title='bbox 2063 1700 2287 1773; x_wconf 90' lang='lat' dir='ltr'><strong>protulit</strong></span> <span class='ocrx_word' id='word_1_777' title='bbox 2318 1719 2331 1757; x_wconf 87' lang='lat'><strong>:</strong></span> <span class='ocrx_word' id='word_1_778' title='bbox 2364 1716 2529 1762; x_wconf 90' lang='lat' dir='ltr'><strong>nemo</strong></span> <span class='ocrx_word' id='word_1_779' title='bbox 2561 1702 2707 1758; x_wconf 91' lang='lat' dir='ltr'><strong>enim</strong></span> <span class='ocrx_word' id='word_1_780' title='bbox 2736 1704 2900 1759; x_wconf 87' lang='lat' dir='ltr'><strong>serris</strong></span> <span class='ocrx_word' id='word_1_781' title='bbox 2942 1705 3147 1774; x_wconf 88' lang='lat' dir='ltr'><strong>teritur,</strong></span> <span class='ocrx_word' id='word_1_782' title='bbox 3208 1709 3307 1765; x_wconf 88' lang='lat' dir='ltr'><strong>sed</strong></span> <span class='ocrx_word' id='word_1_783' title='bbox 3361 1725 3522 1767; x_wconf 88' lang='lat' dir='ltr'><strong>seca-</strong></span> 
     </span>
    </p>
   </div>
   <div class='ocr_carea' id='block_1_69' title="bbox 1908 1789 3523 1861">
    <p class='ocr_par' dir='ltr' id='par_1_69' title="bbox 1908 1789 3523 1861">
     <span class='ocr_line' id='line_1_69' title="bbox 1908 1789 3523 1861; baseline 0.007 -17"><span class='ocrx_word' id='word_1_784' title='bbox 1908 1852 1910 1854; x_wconf 23' lang='lat'><strong>,</strong></span> <span class='ocrx_word' id='word_1_785' title='bbox 1929 1797 2040 1856; x_wconf 91' lang='lat' dir='ltr'><strong>tur,</strong></span> <span class='ocrx_word' id='word_1_786' title='bbox 2060 1789 2208 1861; x_wconf 93' lang='lat' dir='ltr'><strong>quod</strong></span> <span class='ocrx_word' id='word_1_787' title='bbox 2227 1789 2367 1845; x_wconf 91' lang='lat' dir='ltr'><strong>bene</strong></span> <span class='ocrx_word' id='word_1_788' title='bbox 2383 1789 2582 1845; x_wconf 91' lang='lat' dir='ltr'><strong>Paulus</strong></span> <span class='ocrx_word' id='word_1_789' title='bbox 2598 1789 2861 1847; x_wconf 86' lang='lat' dir='ltr'><strong>intellexit</strong></span> <span class='ocrx_word' id='word_1_790' title='bbox 2875 1792 3123 1850; x_wconf 89' lang='lat' dir='ltr'><strong>scribens</strong></span> <span class='ocrx_word' id='word_1_791' title='bbox 3154 1796 3224 1851; x_wconf 90' lang='lat' dir='ltr'><strong>ad</strong></span> <span class='ocrx_word' id='word_1_792' title='bbox 3260 1796 3523 1855; x_wconf 66' lang='lat' dir='ltr'><strong>Hebraeos</strong></span> 
     </span>
    </p>
   </div>
   <div class='ocr_carea' id='block_1_70' title="bbox 215 4775 1833 4852">
    <p class='ocr_par' dir='ltr' id='par_1_70' title="bbox 215 4775 1833 4852">
     <span class='ocr_line' id='line_1_70' title="bbox 215 4775 1833 4852; baseline -0.004 -16"><span class='ocrx_word' id='word_1_793' title='bbox 215 4779 365 4836; x_wconf 87' lang='lat' dir='ltr'><strong>dicis</strong></span> <span class='ocrx_word' id='word_1_794' title='bbox 391 4795 425 4835; x_wconf 90' lang='lat' dir='ltr'><strong>a</strong></span> <span class='ocrx_word' id='word_1_795' title='bbox 456 4794 568 4850; x_wconf 89' lang='lat' dir='ltr'><strong>quo</strong></span> <span class='ocrx_word' id='word_1_796' title='bbox 595 4779 814 4852; x_wconf 83' lang='lat' dir='ltr'><strong>fugatus</strong></span> <span class='ocrx_word' id='word_1_797' title='bbox 870 4779 1093 4846; x_wconf 80' lang='lat' dir='ltr'><strong>existas,</strong></span> <span class='ocrx_word' id='word_1_798' title='bbox 1142 4779 1332 4835; x_wconf 89' lang='lat' dir='ltr'><strong>nescio</strong></span> <span class='ocrx_word' id='word_1_799' title='bbox 1391 4777 1521 4849; x_wconf 88' lang='lat' dir='ltr'><strong>quid</strong></span> <span class='ocrx_word' id='word_1_800' title='bbox 1565 4776 1692 4832; x_wconf 90' lang='lat' dir='ltr'><strong>inde</strong></span> <span class='ocrx_word' id='word_1_801' title='bbox 1733 4775 1833 4831; x_wconf 87' lang='lat' dir='ltr'><strong>tibi</strong></span> 
     </span>
    </p>
   </div>
   <div class='ocr_carea' id='block_1_71' title="bbox 213 4864 1833 4940">
    <p class='ocr_par' dir='ltr' id='par_1_71' title="bbox 213 4864 1833 4940">
     <span class='ocr_line' id='line_1_71' title="bbox 213 4864 1833 4940; baseline -0.003 -17"><span class='ocrx_word' id='word_1_802' title='bbox 213 4867 615 4940; x_wconf 85' lang='lat' dir='ltr'><strong>respondeam,</strong></span> <span class='ocrx_word' id='word_1_803' title='bbox 647 4866 754 4922; x_wconf 87' lang='lat' dir='ltr'><strong>nisi</strong></span> <span class='ocrx_word' id='word_1_804' title='bbox 783 4867 928 4938; x_wconf 91' lang='lat' dir='ltr'><strong>quod</strong></span> <span class='ocrx_word' id='word_1_805' title='bbox 956 4866 1088 4922; x_wconf 91' lang='lat' dir='ltr'><strong>dicit</strong></span> <span class='ocrx_word' id='word_1_806' title='bbox 1135 4866 1431 4937; x_wconf 88' lang='lat' dir='ltr'><strong>Scriptura,</strong></span> <span class='ocrx_word' id='word_1_807' title='bbox 1484 4864 1633 4937; x_wconf 87' lang='lat' dir='ltr'><strong>quod</strong></span> <span class='ocrx_word' id='word_1_808' title='bbox 1677 4864 1735 4919; x_wconf 92' lang='lat' dir='ltr'><strong>in</strong></span> <span class='ocrx_word' id='word_1_809' title='bbox 1779 4870 1833 4918; x_wconf 90' lang='lat' dir='ltr'><strong>te</strong></span> 
     </span>
    </p>
   </div>
   <div class='ocr_carea' id='block_1_72' title="bbox 216 4949 1833 5021">
    <p class='ocr_par' dir='ltr' id='par_1_72' title="bbox 216 4949 1833 5021">
     <span class='ocr_line' id='line_1_72' title="bbox 216 4949 1833 5021; baseline -0.002 -16"><span class='ocrx_word' id='word_1_810' title='bbox 216 4950 497 5007; x_wconf 88' lang='lat' dir='ltr'><strong>Dominus</strong></span> <span class='ocrx_word' id='word_1_811' title='bbox 513 4949 714 5006; x_wconf 88' lang='lat' dir='ltr'><strong>cadere</strong></span> <span class='ocrx_word' id='word_1_812' title='bbox 731 4965 840 5005; x_wconf 90' lang='lat' dir='ltr'><strong>non</strong></span> <span class='ocrx_word' id='word_1_813' title='bbox 852 4949 1128 5020; x_wconf 89' lang='lat' dir='ltr'><strong>permittat</strong></span> <span class='ocrx_word' id='word_1_814' title='bbox 1152 4968 1166 5003; x_wconf 89' lang='lat'><strong>:</strong></span> <span class='ocrx_word' id='word_1_815' title='bbox 1199 4951 1366 5021; x_wconf 88' lang='lat' dir='ltr'><strong>Fugit</strong></span> <span class='ocrx_word' id='word_1_816' title='bbox 1375 4950 1586 5020; x_wconf 86' lang='lat' dir='ltr'><strong>impius</strong></span> <span class='ocrx_word' id='word_1_817' title='bbox 1602 4949 1833 5004; x_wconf 90' lang='lat' dir='ltr'><strong>nemine</strong></span> 
     </span>
    </p>
   </div>
   <div class='ocr_carea' id='block_1_73' title="bbox 200 5035 1835 5111">
    <p class='ocr_par' dir='ltr' id='par_1_73' title="bbox 200 5035 1835 5111">
     <span class='ocr_line' id='line_1_73' title="bbox 200 5035 1835 5111; baseline -0.004 -15"><span class='ocrx_word' id='word_1_818' title='bbox 200 5041 593 5111; x_wconf 78' lang='lat' dir='ltr'><strong>persequente</strong></span> <span class='ocrx_word' id='word_1_819' title='bbox 620 5037 806 5107; x_wconf 86' lang='lat' dir='ltr'><strong>(Prov.</strong></span> <span class='ocrx_word' id='word_1_820' title='bbox 838 5038 1066 5109; x_wconf 85' lang='lat' dir='ltr'><strong>xxvm).</strong></span> <span class='ocrx_word' id='word_1_821' title='bbox 1119 5035 1282 5104; x_wconf 91' lang='lat' dir='ltr'><strong>Quod</strong></span> <span class='ocrx_word' id='word_1_822' title='bbox 1311 5036 1449 5092; x_wconf 91' lang='lat' dir='ltr'><strong>dicis</strong></span> <span class='ocrx_word' id='word_1_823' title='bbox 1479 5045 1530 5091; x_wconf 86' lang='lat' dir='ltr'><strong>te</strong></span> <span class='ocrx_word' id='word_1_824' title='bbox 1560 5037 1630 5092; x_wconf 91' lang='lat' dir='ltr'><strong>ad</strong></span> <span class='ocrx_word' id='word_1_825' title='bbox 1660 5036 1835 5090; x_wconf 88' lang='lat' dir='ltr'><strong>instar</strong></span> 
     </span>
    </p>
   </div>
   <div class='ocr_carea' id='block_1_74' title="bbox 219 5123 1836 5198">
    <p class='ocr_par' dir='ltr' id='par_1_74' title="bbox 219 5123 1836 5198">
     <span class='ocr_line' id='line_1_74' title="bbox 219 5123 1836 5198; baseline -0.002 -17"><span class='ocrx_word' id='word_1_826' title='bbox 219 5126 426 5181; x_wconf 74' lang='lat' dir='ltr'><strong>Abner</strong></span> <span class='ocrx_word' id='word_1_827' title='bbox 458 5125 708 5198; x_wconf 84' lang='lat' dir='ltr'><strong>fugatum</strong></span> <span class='ocrx_word' id='word_1_828' title='bbox 757 5125 835 5197; x_wconf 89' lang='lat' dir='ltr'><strong>(II</strong></span> <span class='ocrx_word' id='word_1_829' title='bbox 862 5128 989 5197; x_wconf 81' lang='lat' dir='ltr'><strong>Reg.</strong></span> <span class='ocrx_word' id='word_1_830' title='bbox 1043 5124 1141 5195; x_wconf 81' lang='lat' dir='ltr'><strong>iv),</strong></span> <span class='ocrx_word' id='word_1_831' title='bbox 1172 5132 1226 5181; x_wconf 90' lang='lat' dir='ltr'><strong>et</strong></span> <span class='ocrx_word' id='word_1_832' title='bbox 1271 5124 1436 5180; x_wconf 90' lang='lat' dir='ltr'><strong>serris</strong></span> <span class='ocrx_word' id='word_1_833' title='bbox 1501 5123 1683 5180; x_wconf 90' lang='lat' dir='ltr'><strong>tritum</strong></span> <span class='ocrx_word' id='word_1_834' title='bbox 1706 5166 1723 5189; x_wconf 93' lang='lat'><strong>,</strong></span> <span class='ocrx_word' id='word_1_835' title='bbox 1781 5130 1836 5178; x_wconf 91' lang='lat' dir='ltr'><strong>et</strong></span> 
     </span>
    </p>
   </div>
   <div class='ocr_carea' id='block_1_75' title="bbox 212 5211 1835 5284">
    <p class='ocr_par' dir='ltr' id='par_1_75' title="bbox 212 5211 1835 5284">
     <span class='ocr_line' id='line_1_75' title="bbox 212 5211 1835 5284; baseline -0.002 -16"><span class='ocrx_word' id='word_1_836' title='bbox 212 5213 350 5270; x_wconf 91' lang='lat' dir='ltr'><strong>ideo</strong></span> <span class='ocrx_word' id='word_1_837' title='bbox 383 5229 498 5269; x_wconf 92' lang='lat' dir='ltr'><strong>non</strong></span> <span class='ocrx_word' id='word_1_838' title='bbox 517 5220 702 5271; x_wconf 91' lang='lat' dir='ltr'><strong>tacere</strong></span> <span class='ocrx_word' id='word_1_839' title='bbox 729 5213 1079 5284; x_wconf 89' lang='lat' dir='ltr'><strong>permissum,</strong></span> <span class='ocrx_word' id='word_1_840' title='bbox 1110 5227 1220 5268; x_wconf 90' lang='lat' dir='ltr'><strong>non</strong></span> <span class='ocrx_word' id='word_1_841' title='bbox 1276 5211 1662 5268; x_wconf 90' lang='lat' dir='ltr'><strong>convenienter</strong></span> <span class='ocrx_word' id='word_1_842' title='bbox 1708 5225 1835 5266; x_wconf 89' lang='lat' dir='ltr'><strong>sen-</strong></span> 
     </span>
    </p>
   </div>
   <div class='ocr_carea' id='block_1_76' title="bbox 214 5298 1835 5372">
    <p class='ocr_par' dir='ltr' id='par_1_76' title="bbox 214 5298 1835 5372">
     <span class='ocr_line' id='line_1_76' title="bbox 214 5298 1835 5372; baseline -0.002 -16"><span class='ocrx_word' id='word_1_843' title='bbox 214 5301 462 5357; x_wconf 85' lang='lat' dir='ltr'><strong>tentiam</strong></span> <span class='ocrx_word' id='word_1_844' title='bbox 488 5300 637 5357; x_wconf 88' lang='lat' dir='ltr'><strong>beati</strong></span> <span class='ocrx_word' id='word_1_845' title='bbox 692 5300 947 5372; x_wconf 87' lang='lat' dir='ltr'><strong>Gregorii</strong></span> <span class='ocrx_word' id='word_1_846' title='bbox 1011 5300 1069 5355; x_wconf 90' lang='lat' dir='ltr'><strong>in</strong></span> <span class='ocrx_word' id='word_1_847' title='bbox 1111 5299 1492 5372; x_wconf 89' lang='lat' dir='ltr'><strong>persecutione</strong></span> <span class='ocrx_word' id='word_1_848' title='bbox 1529 5299 1719 5353; x_wconf 81' lang='lat' dir='ltr'><strong>Abner</strong></span> <span class='ocrx_word' id='word_1_849' title='bbox 1762 5298 1835 5353; x_wconf 90' lang='lat' dir='ltr'><strong>ab</strong></span> 
     </span>
    </p>
   </div>
   <div class='ocr_carea' id='block_1_77' title="bbox 212 5387 1837 5461">
    <p class='ocr_par' dir='ltr' id='par_1_77' title="bbox 212 5387 1837 5461">
     <span class='ocr_line' id='line_1_77' title="bbox 212 5387 1837 5461; baseline -0.003 -15"><span class='ocrx_word' id='word_1_850' title='bbox 212 5388 433 5446; x_wconf 76' lang='lat' dir='ltr'><strong>Asahel</strong></span> <span class='ocrx_word' id='word_1_851' title='bbox 465 5387 717 5461; x_wconf 87' lang='lat' dir='ltr'><strong>posuisti,</strong></span> <span class='ocrx_word' id='word_1_852' title='bbox 751 5389 879 5461; x_wconf 88' lang='lat' dir='ltr'><strong>quia</strong></span> <span class='ocrx_word' id='word_1_853' title='bbox 906 5403 1019 5445; x_wconf 90' lang='lat' dir='ltr'><strong>non</strong></span> <span class='ocrx_word' id='word_1_854' title='bbox 1044 5404 1134 5445; x_wconf 91' lang='lat' dir='ltr'><strong>me</strong></span> <span class='ocrx_word' id='word_1_855' title='bbox 1163 5387 1436 5445; x_wconf 84' lang='lat' dir='ltr'><strong>furentem</strong></span> <span class='ocrx_word' id='word_1_856' title='bbox 1462 5394 1615 5442; x_wconf 84' lang='lat' dir='ltr'><strong>tuum</strong></span> <span class='ocrx_word' id='word_1_857' title='bbox 1645 5401 1837 5456; x_wconf 83' lang='lat' dir='ltr'><strong>perse-</strong></span> 
     </span>
    </p>
   </div>
   <div class='ocr_carea' id='block_1_78' title="bbox 212 5476 1837 5549">
    <p class='ocr_par' dir='ltr' id='par_1_78' title="bbox 212 5476 1837 5549">
     <span class='ocr_line' id='line_1_78' title="bbox 212 5476 1837 5549; baseline -0.003 -15"><span class='ocrx_word' id='word_1_858' title='bbox 212 5484 496 5544; x_wconf 85' lang='lat' dir='ltr'><strong>cutorem,</strong></span> <span class='ocrx_word' id='word_1_859' title='bbox 547 5476 647 5533; x_wconf 86' lang='lat' dir='ltr'><strong>sed</strong></span> <span class='ocrx_word' id='word_1_860' title='bbox 703 5477 774 5531; x_wconf 89' lang='lat' dir='ltr'><strong>ad</strong></span> <span class='ocrx_word' id='word_1_861' title='bbox 829 5476 1222 5549; x_wconf 85' lang='lat' dir='ltr'><strong>corrigendum</strong></span> <span class='ocrx_word' id='word_1_862' title='bbox 1268 5490 1531 5533; x_wconf 83' lang='lat' dir='ltr'><strong>excessus</strong></span> <span class='ocrx_word' id='word_1_863' title='bbox 1573 5482 1698 5531; x_wconf 85' lang='lat' dir='ltr'><strong>tuos</strong></span> <span class='ocrx_word' id='word_1_864' title='bbox 1732 5487 1837 5544; x_wconf 90' lang='lat' dir='ltr'><strong>pro</strong></span> 
     </span>
    </p>
   </div>
   <div class='ocr_carea' id='block_1_79' title="bbox 488 5589 1012 5647">
    <p class='ocr_par' dir='ltr' id='par_1_79' title="bbox 488 5589 1012 5647">
     <span class='ocr_line' id='line_1_79' title="bbox 488 5589 1012 5647; baseline 0 -2"><span class='ocrx_word' id='word_1_865' title='bbox 488 5590 731 5645; x_wconf 63' lang='lat' dir='ltr'><strong>Pas-non.</strong></span> <span class='ocrx_word' id='word_1_866' title='bbox 766 5589 1012 5647; x_wconf 80' lang='lat' dir='ltr'><strong>CXXVI.</strong></span> 
     </span>
    </p>
   </div>
   <div class='ocr_carea' id='block_1_80' title="bbox 1931 4770 3529 4842">
    <p class='ocr_par' dir='ltr' id='par_1_80' title="bbox 1931 4770 3529 4842">
     <span class='ocr_line' id='line_1_80' title="bbox 1931 4770 3529 4842; baseline 0.001 -14"><span class='ocrx_word' id='word_1_867' title='bbox 1931 4779 2298 4830; x_wconf 91' lang='lat' dir='ltr'><strong>remorantem</strong></span> <span class='ocrx_word' id='word_1_868' title='bbox 2324 4787 2435 4828; x_wconf 90' lang='lat' dir='ltr'><strong>non</strong></span> <span class='ocrx_word' id='word_1_869' title='bbox 2463 4770 2753 4838; x_wconf 87' lang='lat' dir='ltr'><strong>remittam,</strong></span> <span class='ocrx_word' id='word_1_870' title='bbox 2785 4771 3092 4842; x_wconf 65' lang='lat' dir='ltr'><strong>praesertim</strong></span> <span class='ocrx_word' id='word_1_871' title='bbox 3120 4784 3246 4826; x_wconf 90' lang='lat' dir='ltr'><strong>cum</strong></span> <span class='ocrx_word' id='word_1_872' title='bbox 3265 4785 3434 4841; x_wconf 89' lang='lat' dir='ltr'><strong>super</strong></span> <span class='ocrx_word' id='word_1_873' title='bbox 3460 4784 3529 4831; x_wconf 86' lang='lat' dir='ltr'><strong>eo</strong></span> 
     </span>
    </p>
   </div>
   <div class='ocr_carea' id='block_1_81' title="bbox 1932 4857 3531 4929">
    <p class='ocr_par' dir='ltr' id='par_1_81' title="bbox 1932 4857 3531 4929">
     <span class='ocr_line' id='line_1_81' title="bbox 1932 4857 3531 4929; baseline -0.001 -12"><span class='ocrx_word' id='word_1_874' title='bbox 1932 4877 2090 4928; x_wconf 79' lang='lat' dir='ltr'><strong>mese,</strong></span> <span class='ocrx_word' id='word_1_875' title='bbox 2121 4869 2180 4916; x_wconf 89' lang='lat' dir='ltr'><strong>ut</strong></span> <span class='ocrx_word' id='word_1_876' title='bbox 2201 4861 2409 4929; x_wconf 88' lang='lat' dir='ltr'><strong>justum</strong></span> <span class='ocrx_word' id='word_1_877' title='bbox 2465 4867 2598 4926; x_wconf 88' lang='lat' dir='ltr'><strong>erat,</strong></span> <span class='ocrx_word' id='word_1_878' title='bbox 2660 4858 2897 4914; x_wconf 87' lang='lat' dir='ltr'><strong>annuisti</strong></span> <span class='ocrx_word' id='word_1_879' title='bbox 2948 4857 3348 4925; x_wconf 81' lang='lat' dir='ltr'><strong>interventioni,</strong></span> <span class='ocrx_word' id='word_1_880' title='bbox 3405 4857 3531 4915; x_wconf 90' lang='lat' dir='ltr'><strong>ideo</strong></span> 
     </span>
    </p>
   </div>
   <div class='ocr_carea' id='block_1_82' title="bbox 1931 4945 3531 5022">
    <p class='ocr_par' dir='ltr' id='par_1_82' title="bbox 1931 4945 3531 5022">
     <span class='ocr_line' id='line_1_82' title="bbox 1931 4945 3531 5022; baseline -0.003 -15"><span class='ocrx_word' id='word_1_881' title='bbox 1931 4949 2164 5022; x_wconf 91' lang='lat' dir='ltr'><strong>pleniter</strong></span> <span class='ocrx_word' id='word_1_882' title='bbox 2192 4964 2304 5006; x_wconf 90' lang='lat' dir='ltr'><strong>non</strong></span> <span class='ocrx_word' id='word_1_883' title='bbox 2331 4947 2653 5018; x_wconf 90' lang='lat' dir='ltr'><strong>respondeo,</strong></span> <span class='ocrx_word' id='word_1_884' title='bbox 2686 4946 2817 5017; x_wconf 87' lang='lat' dir='ltr'><strong>quia</strong></span> <span class='ocrx_word' id='word_1_885' title='bbox 2845 4945 3061 5001; x_wconf 78' lang='lat' dir='ltr'><strong>sincera</strong></span> <span class='ocrx_word' id='word_1_886' title='bbox 3088 4960 3200 5002; x_wconf 91' lang='lat' dir='ltr'><strong>non</strong></span> <span class='ocrx_word' id='word_1_887' title='bbox 3230 4952 3314 5003; x_wconf 92' lang='lat' dir='ltr'><strong>est</strong></span> <span class='ocrx_word' id='word_1_888' title='bbox 3342 4945 3531 5003; x_wconf 80' lang='lat' dir='ltr'><strong>solidi—</strong></span> 
     </span>
    </p>
   </div>
   <div class='ocr_carea' id='block_1_83' title="bbox 1934 5033 3527 5104">
    <p class='ocr_par' dir='ltr' id='par_1_83' title="bbox 1934 5033 3527 5104">
     <span class='ocr_line' id='line_1_83' title="bbox 1934 5033 3527 5104; baseline -0.003 -9"><span class='ocrx_word' id='word_1_889' title='bbox 1934 5045 2042 5094; x_wconf 91' lang='lat' dir='ltr'><strong>tate</strong></span> <span class='ocrx_word' id='word_1_890' title='bbox 2068 5036 2328 5103; x_wconf 87' lang='lat' dir='ltr'><strong>veritatis,</strong></span> <span class='ocrx_word' id='word_1_891' title='bbox 2361 5043 2416 5091; x_wconf 91' lang='lat' dir='ltr'><strong>et</strong></span> <span class='ocrx_word' id='word_1_892' title='bbox 2443 5034 2723 5091; x_wconf 90' lang='lat' dir='ltr'><strong>charitatis</strong></span> <span class='ocrx_word' id='word_1_893' title='bbox 2750 5041 2910 5103; x_wconf 90' lang='lat' dir='ltr'><strong>atque</strong></span> <span class='ocrx_word' id='word_1_894' title='bbox 2937 5033 3091 5104; x_wconf 88' lang='lat' dir='ltr'><strong>pacis</strong></span> <span class='ocrx_word' id='word_1_895' title='bbox 3117 5041 3209 5089; x_wconf 88' lang='lat' dir='ltr'><strong>tua</strong></span> <span class='ocrx_word' id='word_1_896' title='bbox 3232 5034 3527 5103; x_wconf 87' lang='lat' dir='ltr'><strong>mandatio,</strong></span> 
     </span>
    </p>
   </div>
   <div class='ocr_carea' id='block_1_84' title="bbox 1934 5119 3528 5192">
    <p class='ocr_par' dir='ltr' id='par_1_84' title="bbox 1934 5119 3528 5192">
     <span class='ocr_line' id='line_1_84' title="bbox 1934 5119 3528 5192; baseline -0.004 -11"><span class='ocrx_word' id='word_1_897' title='bbox 1934 5132 2142 5181; x_wconf 89' lang='lat' dir='ltr'><strong>tantum</strong></span> <span class='ocrx_word' id='word_1_898' title='bbox 2168 5125 2274 5180; x_wconf 90' lang='lat' dir='ltr'><strong>hoc</strong></span> <span class='ocrx_word' id='word_1_899' title='bbox 2303 5122 2564 5189; x_wconf 86' lang='lat' dir='ltr'><strong>rescribo,</strong></span> <span class='ocrx_word' id='word_1_900' title='bbox 2614 5119 2740 5192; x_wconf 88' lang='lat' dir='ltr'><strong>quia</strong></span> <span class='ocrx_word' id='word_1_901' title='bbox 2768 5119 3200 5192; x_wconf 88' lang='lat' dir='ltr'><strong>quotiescunque</strong></span> <span class='ocrx_word' id='word_1_902' title='bbox 3246 5122 3316 5176; x_wconf 84' lang='lat' dir='ltr'><strong>ad</strong></span> <span class='ocrx_word' id='word_1_903' title='bbox 3343 5136 3431 5177; x_wconf 90' lang='lat' dir='ltr'><strong>me</strong></span> <span class='ocrx_word' id='word_1_904' title='bbox 3457 5122 3528 5176; x_wconf 59' lang='lat' dir='ltr'><strong>ila</strong></span> 
     </span>
    </p>
   </div>
   <div class='ocr_carea' id='block_1_85' title="bbox 1934 5198 3532 5281">
    <p class='ocr_par' dir='ltr' id='par_1_85' title="bbox 1934 5198 3532 5281">
     <span class='ocr_line' id='line_1_85' title="bbox 1934 5198 3532 5281; baseline -0.002 -14"><span class='ocrx_word' id='word_1_905' title='bbox 1934 5213 2046 5269; x_wconf 90' lang='lat' dir='ltr'><strong>lum</strong></span> <span class='ocrx_word' id='word_1_906' title='bbox 2073 5211 2287 5279; x_wconf 91' lang='lat' dir='ltr'><strong>misisti,</strong></span> <span class='ocrx_word' id='word_1_907' title='bbox 2319 5225 2536 5281; x_wconf 89' lang='lat' dir='ltr'><strong>semper</strong></span> <span class='ocrx_word' id='word_1_908' title='bbox 2561 5208 2661 5264; x_wconf 89' lang='lat' dir='ltr'><strong>tibi</strong></span> <span class='ocrx_word' id='word_1_909' title='bbox 2687 5198 2840 5264; x_wconf 88' lang='lat' dir='ltr'><strong>illum</strong></span> <span class='ocrx_word' id='word_1_910' title='bbox 2869 5208 3075 5276; x_wconf 90' lang='lat' dir='ltr'><strong>remisi,</strong></span> <span class='ocrx_word' id='word_1_911' title='bbox 3127 5216 3183 5264; x_wconf 89' lang='lat' dir='ltr'><strong>et</strong></span> <span class='ocrx_word' id='word_1_912' title='bbox 3232 5223 3345 5264; x_wconf 91' lang='lat' dir='ltr'><strong>non</strong></span> <span class='ocrx_word' id='word_1_913' title='bbox 3391 5209 3532 5265; x_wconf 87' lang='lat' dir='ltr'><strong>sicut</strong></span> 
     </span>
    </p>
   </div>
   <div class='ocr_carea' id='block_1_86' title="bbox 1937 5296 3601 5368">
    <p class='ocr_par' dir='ltr' id='par_1_86' title="bbox 1937 5296 3601 5368">
     <span class='ocr_line' id='line_1_86' title="bbox 1937 5296 3601 5368; baseline -0.004 -11"><span class='ocrx_word' id='word_1_914' title='bbox 1937 5300 2059 5356; x_wconf 89' lang='lat' dir='ltr'><strong>aliis</strong></span> <span class='ocrx_word' id='word_1_915' title='bbox 2087 5298 2283 5354; x_wconf 91' lang='lat' dir='ltr'><strong>litteris</strong></span> <span class='ocrx_word' id='word_1_916' title='bbox 2311 5299 2380 5354; x_wconf 90' lang='lat' dir='ltr'><strong>de</strong></span> <span class='ocrx_word' id='word_1_917' title='bbox 2411 5312 2478 5352; x_wconf 92' lang='lat' dir='ltr'><strong>eo</strong></span> <span class='ocrx_word' id='word_1_918' title='bbox 2506 5296 2642 5352; x_wconf 90' lang='lat' dir='ltr'><strong>mihi</strong></span> <span class='ocrx_word' id='word_1_919' title='bbox 2670 5296 2895 5353; x_wconf 87' lang='lat' dir='ltr'><strong>directis</strong></span> <span class='ocrx_word' id='word_1_920' title='bbox 2925 5303 3187 5368; x_wconf 88' lang='lat' dir='ltr'><strong>quantum</strong></span> <span class='ocrx_word' id='word_1_921' title='bbox 3219 5311 3287 5351; x_wconf 85' lang='lat' dir='ltr'><strong>ex</strong></span> <span class='ocrx_word' id='word_1_922' title='bbox 3305 5312 3396 5352; x_wconf 91' lang='lat' dir='ltr'><strong>me</strong></span> <span class='ocrx_word' id='word_1_923' title='bbox 3424 5304 3527 5364; x_wconf 89' lang='lat' dir='ltr'><strong>est,</strong></span> <span class='ocrx_word' id='word_1_924' title='bbox 3600 5314 3601 5317; x_wconf 42' lang='grc' dir='ltr'><strong>η</strong></span> 
     </span>
    </p>
   </div>
   <div class='ocr_carea' id='block_1_87' title="bbox 1936 5382 3531 5456">
    <p class='ocr_par' dir='ltr' id='par_1_87' title="bbox 1936 5382 3531 5456">
     <span class='ocr_line' id='line_1_87' title="bbox 1936 5382 3531 5456; baseline -0.003 -12"><span class='ocrx_word' id='word_1_925' title='bbox 1936 5394 2311 5444; x_wconf 88' lang='lat' dir='ltr'><strong>contumacem</strong></span> <span class='ocrx_word' id='word_1_926' title='bbox 2338 5386 2485 5441; x_wconf 91' lang='lat' dir='ltr'><strong>illum</strong></span> <span class='ocrx_word' id='word_1_927' title='bbox 2518 5400 2549 5440; x_wconf 91' lang='lat' dir='ltr'><strong>a</strong></span> <span class='ocrx_word' id='word_1_928' title='bbox 2576 5401 2665 5440; x_wconf 90' lang='lat' dir='ltr'><strong>me</strong></span> <span class='ocrx_word' id='word_1_929' title='bbox 2712 5384 2968 5456; x_wconf 88' lang='lat' dir='ltr'><strong>recepisti</strong></span> <span class='ocrx_word' id='word_1_930' title='bbox 3025 5382 3181 5455; x_wconf 89' lang='lat' dir='ltr'><strong>quasi</strong></span> <span class='ocrx_word' id='word_1_931' title='bbox 3241 5392 3531 5441; x_wconf 79' lang='lat' dir='ltr'><strong>contumax</strong></span> 
     </span>
    </p>
   </div>
   <div class='ocr_carea' id='block_1_88' title="bbox 1936 5471 3532 5544">
    <p class='ocr_par' dir='ltr' id='par_1_88' title="bbox 1936 5471 3532 5544">
     <span class='ocr_line' id='line_1_88' title="bbox 1936 5471 3532 5544; baseline -0.003 -12"><span class='ocrx_word' id='word_1_932' title='bbox 1936 5476 2035 5532; x_wconf 90' lang='lat' dir='ltr'><strong>tibi</strong></span> <span class='ocrx_word' id='word_1_933' title='bbox 2065 5473 2307 5531; x_wconf 81' lang='lat' dir='ltr'><strong>existerit</strong></span> <span class='ocrx_word' id='word_1_934' title='bbox 2343 5491 2358 5529; x_wconf 92' lang='lat'><strong>:</strong></span> <span class='ocrx_word' id='word_1_935' title='bbox 2389 5488 2500 5529; x_wconf 90' lang='lat' dir='ltr'><strong>non</strong></span> <span class='ocrx_word' id='word_1_936' title='bbox 2525 5489 2647 5531; x_wconf 89' lang='lat' dir='ltr'><strong>mea</strong></span> <span class='ocrx_word' id='word_1_937' title='bbox 2674 5473 2876 5542; x_wconf 89' lang='lat' dir='ltr'><strong>suasio,</strong></span> <span class='ocrx_word' id='word_1_938' title='bbox 2936 5472 3055 5544; x_wconf 90' lang='lat' dir='ltr'><strong>sed,</strong></span> <span class='ocrx_word' id='word_1_939' title='bbox 3087 5475 3146 5529; x_wconf 90' lang='lat' dir='ltr'><strong>ut</strong></span> <span class='ocrx_word' id='word_1_940' title='bbox 3173 5471 3404 5543; x_wconf 70' lang='lat' dir='ltr'><strong>aestimo,</strong></span> <span class='ocrx_word' id='word_1_941' title='bbox 3437 5481 3532 5529; x_wconf 90' lang='lat' dir='ltr'><strong>tua</strong></span> 
     </span>
    </p>
   </div>
   <div class='ocr_carea' id='block_1_89' title="bbox 3186 5578 3253 5634">
    <p class='ocr_par' dir='ltr' id='par_1_89' title="bbox 3186 5578 3253 5634">
     <span class='ocr_line' id='line_1_89' title="bbox 3186 5578 3253 5634; baseline 0.03 -2"><span class='ocrx_word' id='word_1_942' title='bbox 3186 5578 3253 5634; x_wconf 81' lang='grc'><strong>18</strong></span> 
     </span>
    </p>
   </div>
  </div>
