4056 6178
545 281 648 334 555

1570 270 1909 326 HINCMARI
1945 266 2343 324 RHEMENSIS
2379 265 2931 323 ARCHIEPISCOPI.

3732 264 3834 318 556

548 401 709 458 factic
739 401 842 456 hoc
869 400 936 454 ab
966 399 1059 455 illo
1087 397 1285 470 exegit,
1318 395 1446 467 quia
1475 403 1531 450 ut
1551 403 1678 465 puto
1709 393 1878 449 calice
1908 392 2139 463 Babylo-
2165 394 2221 453 A
2241 407 2339 462 per
2386 407 2545 446 veras
2586 391 2909 456 ostenditur,
2977 387 3232 444 videlicet
3278 388 3402 460 quia
3450 388 3588 443 sicut
3630 386 3726 442 tibi
3769 403 3834 442 ex

547 489 670 544 nico
701 503 810 560 quo
846 488 1085 544 vicissim
1112 501 1176 542 ac
1221 483 1538 556 singillatim
1583 491 1776 554 gentes
1820 481 2138 552 propinatas

545 595 718 650 usque
747 579 812 633 ad
848 576 1023 647 Sesag
1051 575 1139 645 υἱ,
1171 571 1395 643 Sesach]
1429 570 1782 626 novissimum
1811 569 2067 641 legimus,
2107 583 2141 622 a

547 678 600 725 te
628 668 718 722 ille
747 666 904 722 etiam
934 671 1014 718 est
1042 661 1378 733 propinatus,
1431 659 1569 714 sicut
1608 667 1660 712 et
1686 658 1874 728 plures
1917 657 2008 710 alii
2039 672 2138 710 ex-

543 757 806 812 stiterunt.
841 753 1000 815 Nam,
1025 758 1082 805 ut
1111 749 1373 819 scriptum
1403 754 1484 802 est
1505 748 1729 813 (Jerem.
1763 746 1926 814 xxv),
1957 761 1989 800 a
2009 760 2139 798 san-

547 842 750 898 ctuario
781 855 902 894 meo
932 837 1169 908 incipite,
1203 852 1235 890 a
1263 851 1351 891 me
1380 835 1643 890 nutritore
1676 841 1786 900 tuo,
1838 840 1891 888 et
1937 833 2007 886 ab
2053 831 2139 886 his

549 939 639 1010 qui
667 945 957 993 temecum
1006 934 1330 1001 nutrierunt,
1378 930 1464 986 vel
1512 931 1653 985 inter
1708 944 1844 1000 quos
1901 927 2136 982 nutritus

544 1025 710 1093 fuisti,
743 1025 890 1094 prius
918 1020 1188 1092 incoepisti
1207 1019 1591 1090 derelinquens
1621 1033 1741 1082 nos,
1775 1025 1828 1071 et
1883 1015 2007 1070 odio
2036 1016 2137 1069 ha-

547 1114 680 1168 bere
707 1112 990 1177 inchoans,
1039 1117 1201 1180 atque
1255 1107 1484 1161 aliorum
1531 1105 1928 1159 familiaritates
1973 1119 2137 1174 expe-

546 1208 688 1266 tens,
719 1198 914 1254 deinde
943 1213 1043 1267 per
1063 1197 1227 1262 alios,
1260 1202 1314 1249 et
1343 1193 1480 1248 alios
1510 1201 1618 1246 tam
1650 1191 1854 1247 amicos
1882 1207 2044 1262 quam
2086 1197 2138 1245 et

547 1286 810 1352 subditos,
844 1293 949 1340 tam
978 1283 1205 1340 clericos
1226 1297 1388 1353 quam
1419 1289 1470 1335 et
1498 1280 1666 1336 laicos
1704 1281 1965 1336 hactenus
2017 1277 2135 1333 dis-

546 1391 796 1441 currens,
828 1381 881 1428 et
908 1371 1107 1427 viritim
1155 1369 1526 1440 praecedentes
1583 1367 1900 1439 relinquens
1961 1381 2135 1437 usque

545 1463 618 1518 ad
646 1464 789 1516 hunc
818 1461 914 1514 tibi
945 1456 1418 1514 familiarissimum
1447 1471 1641 1511 cursus
1699 1463 1820 1508 tuus
1867 1453 2133 1524 pervenit,

545 1557 599 1605 et
626 1565 750 1606 cum
779 1547 874 1604 tali
901 1548 1088 1620 gratia.
1107 1545 1176 1601 de
1207 1545 1356 1601 scala
1388 1544 1557 1600 vitrea
1604 1551 1716 1598 tua}
1755 1541 2134 1598 familiaritatis

545 1637 765 1704 decidit,
799 1636 936 1691 sicut
965 1643 1016 1690 et
1045 1650 1146 1689 nos
1173 1634 1405 1704 priores,
1448 1639 1501 1687 et
1543 1631 1684 1686 illius
1716 1631 1784 1686 de
1843 1629 1949 1684 tuis
1998 1629 2134 1684 sub-

2242 478 2435 534 ordine
2491 478 2708 548 scripsi,
2765 487 3011 549 tempore
3068 476 3282 547 Tilpini,
3336 485 3387 530 et
3437 475 3656 547 quando
3712 483 3834 546 post

2242 582 2365 622 eum
2409 583 2507 637 per
2551 582 2724 622 annos
2772 567 2989 623 circiter
3027 581 3225 622 novem
3253 565 3566 635 metropolis
3586 564 3829 619 Rhemo-

2241 670 2361 709 rum
2377 654 2588 709 vacavit
2615 655 2892 724 episcopo,
2927 663 2980 708 et
3008 661 3254 724 tempore
3294 652 3566 717 Wolfarii,
3601 659 3652 707 et
3689 659 3829 705 tem-

2241 757 2371 812 pore
2402 742 2628 807 Ebonis,
2662 750 2716 798 et
2750 727 2968 813 quando
2998 741 3182 808 Folco,
3215 749 3271 798 et
3315 749 3436 810 post
3456 756 3578 794 eum
3607 739 3827 794 Nottho.

2240 829 2417 900 ipsum
2445 830 2782 900 episcOpium
2821 838 3126 898 tenuerunt,
3177 829 3274 883 sed
3303 837 3356 883 et
3402 836 3645 898 tempore
3684 843 3827 882 meo.

2241 917 2346 972 Per
2401 925 2645 987 tempora
2710 917 3094 988 episcOporum
3152 915 3523 971 Laudunensis
3583 915 3830 970 ecclesia

2241 1003 2562 1059 Genebaudi
2590 1004 2840 1060 videlicet
2863 1004 3112 1074 junioris,
3142 1003 3490 1068 Berneconis,
3532 1001 3824 1069 Gairfredi,

2239 1091 2572 1158 Wanilonis,
2606 1091 2864 1158 Ostroldi,
2899 1100 2953 1147 et
2973 1091 3192 1162 quando
3222 1091 3564 1162 episc0patus
3619 1089 3831 1145 vacavit

2238 1178 2293 1233 in
2323 1179 2618 1245 Ailemaro,
2653 1187 2706 1234 et
2736 1186 2982 1251 tempore
3013 1179 3301 1246 Simeonis,
3334 1195 3398 1233 ac
3440 1177 3681 1243 Parduli,
3733 1176 3831 1232 sed

2237 1275 2292 1322 et
2320 1275 2410 1322 tuo
2440 1275 2682 1338 tempore
2708 1284 2808 1338 per
2835 1276 3081 1339 tempora
3127 1267 3344 1338 quando
3392 1264 3657 1322 Rodulfus
3687 1274 3829 1320 tem-

2236 1370 2370 1425 pore
2399 1355 2594 1426 Tilpini
2624 1355 2813 1410 habuit
2842 1356 3023 1410 villam
3054 1355 3521 1425 Follanaebrayum
3547 1354 3603 1408 in
3625 1352 3831 1409 benefi-

2237 1443 2342 1508 cio,
2362 1450 2415 1497 et
2431 1451 2554 1514 post
2575 1459 2700 1499 eum
2719 1443 3058 1510 Odelharius,
3083 1443 3278 1498 deinde
3301 1442 3612 1513 Odalgisus,
3631 1441 3830 1496 deinde

2237 1528 2560 1585 Odelharius
2592 1547 2606 1584 :
2640 1531 2840 1587 deinde
2889 1531 3108 1602 quando
3134 1539 3257 1603 post
3287 1546 3411 1585 eum
3429 1531 3575 1585 idem
3622 1527 3830 1585 benefi-

2235 1617 2377 1672 cium
2407 1618 2704 1674 comissum
2763 1618 2861 1674 fuit
2913 1618 3142 1685 Osvero,
3191 1619 3378 1672 habuit
3432 1618 3551 1689 ipsa
3597 1617 3832 1673 ecclesia

545 1724 670 1780 ditis
699 1732 1070 1781 antecessores
1099 1719 1412 1788 cecidimus,
1464 1720 1509 1774 si
1558 1726 1739 1773 tamen
1790 1717 1920 1772 talis'
1969 1731 2132 1773 casus
2149 1737 2202 1796 Β
2232 1705 2291 1762 in
2318 1705 2728 1796 FOHMEBbI‘ayO
2757 1722 2974 1778 semper
3000 1706 3370 1777 presbyterOS,
3395 1723 3460 1762 ex
3493 1721 3600 1777 quo
3620 1721 3829 1762 memo-

544 1829 653 1869 non
681 1812 857 1883 potius
885 1826 1146 1866 ascensus
1177 1825 1337 1881 quam
1367 1823 1526 1863 casus
1557 1807 1692 1862 dicit
1737 1805 1959 1862 debeat.
1999 1806 2132 1860 Cum

541 1901 641 1956 tibi
665 1900 917 1956 Salomon
935 1899 1106 1954 dicat:
1125 1899 1383 1953 Amicum
1399 1901 1580 1961 tuum,
1605 1899 1660 1950 et
1681 1896 1930 1949 amicum
1945 1896 2134 1965 patri:

546 1991 716 2046 tuine
732 1988 1012 2044 dimiseris
1025 1987 1205 2057 (Prov.
1225 1984 1432 2054 xxvu).
1451 1984 1520 2039 Et
1533 1990 1756 2038 sanctus
1769 1981 2134 2051 Hieronymus

541 2077 714 2132 dicit:
748 2075 1121 2140 Proverbium,
1154 2073 1420 2146 inquiens,
1472 2079 1554 2127 est
1599 2071 1744 2142 quod
1790 2069 1981 2125 serviri
2030 2084 2134 2124 ne-

541 2172 706 2237 queat
732 2164 823 2235 qui
851 2163 984 2218 nulli
1012 2162 1252 2226 servivit,
1286 2161 1423 2216 sicut
1453 2159 1550 2214 tibi
1571 2157 1766 2214 serviri
1800 2172 1911 2212 non
1956 2164 2135 2227 potest

541 2253 633 2324 qui
661 2251 794 2307 nulli
823 2250 1058 2316 servisti,
1089 2249 1286 2320 quique
1313 2263 1422 2303 non
1462 2246 1783 2311 laborando,
1845 2245 1944 2299 sed
1991 2243 2133 2300 deli-

539 2339 753 2407 ciando,
796 2346 849 2393 et
894 2337 1214 2392 dormiendo
1268 2334 1494 2389 alterius
1541 2333 1730 2388 labore
1779 2331 1926 2402 quod
1949 2331 2134 2387 .habes

538 2426 766 2498 adeptus
785 2424 950 2480 fuisti.
980 2425 1050 2480 Et
1078 2422 1225 2494 quod
1255 2421 1563 2478 Simonides
1593 2435 1716 2476 cum
1758 2419 2132 2489 interrogare-

537 2521 625 2569 tur
662 2514 810 2585 quod
849 2513 990 2568 inter
1034 2511 1285 2568 homines
1345 2507 1625 2566 celerrime
1684 2514 2128 2572 consenesceret,

535 2599 878 2665 beneficium,
911 2599 1101 2671 inquit,
1132 2597 1417 2654 manifeste
1445 2595 1706 2652 ostendis.
1751 2595 1819 2650 Et
1877 2593 2133 2650 Salomon

533 2689 662 2745 dicit
695 2704 709 2745 :
747 2689 851 2757 Qui
866 2688 1052 2744 reddit
1067 2687 1222 2742 mala
1234 2702 1336 2758 pro
1349 2685 1523 2750 nobis,
1541 2700 1656 2740 non
1676 2682 1896 2738 recedet
1911 2683 2131 2737 malum

543 2777 611 2833 de
657 2777 815 2832 domo
851 2779 990 2847 ejus,
1035 2778 1093 2830 et
1119 2775 1215 2845 qui
1243 2775 1453 2828 menti:
1480 2776 1567 2828 est
1604 2771 1778 2837 durae,
1811 2773 2039 2826 corruet
2066 2769 2130 2823 in

547 2864 768 2920 malum
795 2863 977 2932 (Prov.
1003 2862 1230 2929 xxvm).

602 2951 684 3005 De
713 2951 818 3004 hoc
847 2947 994 3020 quod
1023 2947 1158 3002 dicis
1189 2954 1239 3001 te
1268 2946 1482 3002 nescire
1509 2945 1652 3000 unde
1684 2944 1855 3000 sciam
1903 2950 1956 2998 te
1988 2957 2125 2998 con-

531 3036 771 3092 sensisse
798 3035 1086 3091 ecclesiam
1116 3035 1317 3089 Sanato
1347 3033 1544 3089 clerico
1587 3038 1775 3088 nostro
1823 3031 1880 3086 in
1934 3030 2120 3086 Folla-

2237 1793 2339 1847 rari
2370 1801 2568 1863 potest,
2603 1795 2901 1849 Ferherum
2931 1794 3157 1860 scilicet,
3187 1803 3256 1868 et.
3293 1803 3414 1865 post
3461 1809 3589 1849 eum
3635 1795 3828 1850 Dodo-

2232 1896 2380 1946 nem,
2413 1880 2611 1936 deinde
2643 1882 3052 1952 Haimbradum,
3079 1881 3277 1937 deinde
3295 1881 3612 1948 Ottericum,
3637 1889 3828 1953 etpost

2234 1983 2357 2023 eum
2385 1984 2486 2039 per
2505 1969 2744 2040 quinque
2765 1984 2940 2026 annos
2962 1970 3326 2034 Bertfridum;
3357 1978 3410 2024 et
3429 1986 3710 2042 nunquam
3730 1969 3827 2024 fuit

2233 2056 2483 2113 ecclesiae
2504 2056 2559 2110 in
2589 2057 2880 2114 Codiciaco
2902 2058 3159 2126 subjecta.
3192 2059 3262 2112 Et
3290 2058 3508 2129 quando
3555 2057 3830 2113 Ottericus

2231 2145 2523 2214 presbyter
2542 2145 2821 2200 ordinatus
2843 2161 2872 2200 a
2893 2145 3183 2201 Wanilone
3203 2145 3546 2200 Laudunensi
3567 2145 3830 2216 episcopo

2231 2230 2286 2284 in
2317 2231 2548 2287 ecclesia
2577 2232 2984 2304 Follanaebrayo
3021 2233 3276 2305 degebat,
3328 2232 3426 2288 fuit
3462 2233 3829 2304 presbyterin

2234 2318 2522 2374 Codiciaco
2550 2319 2915 2376 Nodalbertus
2942 2337 3039 2392 per
3059 2336 3229 2376 annos
3259 2320 3473 2376 circiter
3527 2321 3746 2392 viginti,
3777 2328 3832 2376 et

2230 2414 2354 2476 post
2383 2407 2778 2464 Nodalbertum
2809 2407 2908 2464 fuit
2945 2409 3020 2462 ibi
3065 2409 3351 2480 presbyter
3403 2409 3706 2464 Gozmarus
3730 2424 3833 2478 per

2232 2509 2403 2548 annos
2431 2495 2648 2550 circiter
2679 2497 2915 2568 triginta.
2945 2497 3013 2551 Et
3044 2504 3168 2566 post
3195 2497 3543 2563 Gozmarum,
3579 2497 3722 2551 sicut
3756 2495 3832 2550 ibi

2231 2582 2564 2652 praescripsi,
2599 2583 2722 2638 misi
2751 2584 2913 2639 istum
2935 2583 3314 2640 Haimeradum
3347 2584 3438 2655 qui
3465 2584 3522 2639 in
3541 2583 3832 2640 Codiciaco

2231 2683 2375 2722 nunc
2403 2669 2553 2740 degit
2584 2671 2824 2726 Simeoni
2854 2671 2924 2726 ad
2952 2671 3330 2740 ordinandum,
3357 2672 3516 2743 quem
3555 2671 3611 2725 in
3643 2671 3830 2728 eccle-

2232 2754 2329 2820 sia,
2365 2773 2486 2827 quae
2515 2765 2597 2813 est
2617 2758 2673 2813 in
2693 2759 3000 2825 Codiciaco,
3035 2759 3324 2816 ordinavit.
3353 2760 3422 2816 Et
3458 2768 3710 2830 tempore
3746 2759 3832 2816 Si-

2231 2845 2442 2898 meonis
2473 2860 2692 2917 semper
2711 2846 2767 2902 in
2799 2847 3204 2919 Follanaebrayo
3235 2846 3510 2904 Ottericus
3536 2848 3832 2918 presbyter

2233 2930 2373 2986 sicut
2399 2932 2455 2986 in
2487 2949 2549 2988 ea
2579 2934 2859 2990 ordinatus
2883 2935 3098 2990 mansit.

2303 3018 2411 3074 Sed
2442 3027 2494 3074 et
2517 3028 2760 3092 tempore
2789 3022 3005 3077 Parduli
3029 3038 3204 3094 usque
3233 3022 3381 3078 circa
3424 3022 3590 3078 finem
3629 3022 3828 3094 ipsius,

529 3125 805 3196 nzebrayo,
837 3123 1091 3195 quoniam
1119 3137 1220 3177 nec
1249 3137 1341 3177 res
1371 3129 1500 3176 nota
1530 3127 1632 3186 est,
1665 3135 1766 3175 nec
1801 3135 1901 3189 per
1958 3133 2118 3174 casus
2142 3081 2190 3142 C
2227 3113 2280 3196 et
2311 3115 2436 3163 tunc
2464 3109 2778 3182 Wlfegerus
2817 3109 3051 3167 clericus
3072 3111 3244 3182 ipsam
3275 3111 3559 3167 ecclesiam
3591 3127 3833 3168 consen-

527 3220 620 3268 aut
673 3211 876 3267 formas
931 3210 1125 3266 saltem
1172 3209 1493 3266 verisimiles
1546 3207 1858 3273 inflectitur,
1891 3213 1945 3262 et
1999 3205 2123 3261 ideo

525 3315 630 3356 nec
655 3307 709 3356 te
737 3299 1083 3356 consensisse
1103 3298 1237 3366 scio,
1277 3312 1380 3353 nec
1410 3296 1544 3352 illud
1591 3295 1827 3366 probare
1874 3308 2118 3366 possum,

526 3388 624 3444 tibi
667 3387 935 3454 rescribo,
982 3386 1108 3458 quia
1161 3386 1444 3458 indignum
1501 3384 1600 3439 tibi
1657 3399 1781 3439 esse
1835 3382 2118 3449 debuerat,

523 3477 778 3549 quoniam
836 3483 921 3532 est
970 3475 1154 3547 utique
1229 3474 1546 3530 indecorum
1617 3479 1675 3527 ut
1719 3487 1821 3542 pro
1870 3470 2122 3526 illusionc

522 3575 648 3616 mea
700 3559 988 3630 episcopus
1045 3559 1116 3614 ad
1191 3573 1363 3614 cunas
1435 3555 1694 3612 infantilis
1749 3554 2121 3625 grammaticas

525 3648 733 3704 redires
767 3665 781 3702 :
812 3648 918 3702 hoc
964 3646 1108 3702 enim
1156 3647 1303 3718 quod
1363 3643 1498 3700 inihi
1553 3643 1754 3699 scribis
1785 3643 2120 3713 respondere

523 3735 744 3792 solebas
772 3735 829 3790 in
857 3733 1066 3801 schola,
1120 3733 1338 3804 quando
1384 3732 1629 3799 nomina,
1691 3731 1779 3786 vel
1835 3728 2156 3801 pronomi-.

524 3839 614 3890 na,
643 3839 741 3879 seu
767 3823 938 3878 verba
966 3821 1260 3888 declinare,
1293 3835 1382 3874 me
1406 3820 1649 3888 jubente,
1703 3816 2068 3872 insinuabaris
2103 3834 2117 3870 :

525 3925 652 3966 cum
704 3909 850 3964 enim
904 3916 955 3962 te
1011 3906 1416 3963 conscbolarius
1472 3905 1733 3976 puerulus
1806 3905 2119 3974 interroga-

526 3997 618 4051 bat
644 3997 751 4051 hoc
793 3996 883 4050 vel
910 3994 1042 4049 illud
1072 4010 1192 4065 quas
1233 4009 1364 4064 pars
1402 3994 1531 4048 est?
1559 3992 1913 4064 Respondere
1971 3991 2119 4047 sole-

525 4081 627 4138 bas
657 4083 796 4138 sicut
822 4083 919 4138 tibi
973 4082 1262 4138 videbatur
1301 4098 1422 4154 quae
1449 4097 1580 4152 pars
1609 4088 1722 4136 erat
1746 4099 1760 4147 ;
1795 4087 1848 4134 et
1877 4079 2119 4134 inferen-

524 4179 580 4226 te
605 4169 720 4237 illo,
754 4170 898 4226 unde
937 4171 1040 4226 hoc
1081 4170 1268 4235 scires,
1320 4169 1565 4234 dicebas,
1613 4169 1659 4223 si
1707 4169 1809 4224 rite
1839 4167 2116 4236 remetior,

527 4255 672 4328 quod
716 4254 849 4310 mihi
909 4254 1093 4310 multis
1128 4254 1240 4322 jam
1286 4253 1442 4308 annis
1487 4251 1770 4307 transactis
1814 4267 1924 4306 non
1970 4250 2120 4306 venit

526 4343 583 4398 in
612 4343 948 4408 memoriam,
982 4342 1108 4414 quia
1137 4359 1228 4397 res
1256 4349 1383 4397 nota
1424 4348 1524 4409 est,
1576 4347 1629 4395 et
1675 4357 1775 4410 per
1821 4354 2000 4405 casus,
2032 4337 2121 4394 vel

2230 3195 2394 3250 tiente
2416 3197 2649 3252 Pardulo
2681 3198 2846 3254 tenuit
2872 3215 3046 3271 usque
3074 3199 3143 3254 ad
3171 3199 3377 3254 obitum
3407 3199 3624 3255 Parduli
3656 3218 3670 3255 :
3705 3209 3834 3272 post

2229 3283 2436 3339 obitum
2475 3293 2653 3342 autem
2694 3286 2933 3353 Parduli,
2968 3295 3019 3342 et
3064 3295 3189 3357 post
3232 3287 3632 3343 ordinationem
3678 3296 3836 3343 tuam

2226 3371 2529 3427 Bertfridus
2557 3374 2842 3444 presbyter
2867 3373 2921 3428 in
2944 3382 3036 3429 tua
3051 3374 3288 3431 ecclesia
3304 3391 3480 3444 secus,
3496 3375 3832 3443 Cadomum,

2224 3459 2362 3514 etin
2409 3460 2641 3517 ecclesia
2685 3469 2872 3517 nostra
2916 3461 2974 3516 in
3019 3461 3426 3535 Follanaebrayo
3448 3479 3548 3534 per
3581 3465 3834 3537 quinque

2226 3546 2449 3603 circiter
2475 3563 2649 3604 annos
2677 3548 2914 3605 oﬂicium
2943 3550 3285 3606 sacerdotale
3325 3551 3563 3607 exhibuit
3594 3568 3610 3606 :
3643 3560 3828 3608 utrum

2222 3641 2279 3689 tu
2306 3636 2412 3692 hoc
2431 3637 2799 3702 consenseris,
2833 3644 2890 3692 ut
2910 3645 3053 3692 tuam
3099 3638 3406 3707 ecclesiam,
3450 3640 3608 3708 juxta
3661 3657 3836 3712 quam

2220 3721 2339 3779 ibas
2353 3731 2406 3779 et
2434 3724 2652 3780 redibas
2683 3724 2899 3796 quando
2929 3725 3000 3780 ad
3033 3725 3296 3795 palatium
3324 3727 3464 3795 ibas,
3505 3727 3598 3784 vel
3659 3729 3734 3785 de
3766 3744 3836 3786 eo

2222 3811 2464 3878 redibas,
2496 3829 2618 3867 cum
2649 3813 2878 3869 ecclesia
2907 3812 2963 3867 in
3009 3813 3420 3887 Follanebrayo
3479 3817 3741 3883 tenuerit,
3775 3824 3834 3872 tu

2221 3898 2444 3954 videris.
2477 3900 2859 3957 Abscendente
2889 3908 3073 3955 autem
3101 3901 3169 3957 de
3197 3903 3454 3973 parochia
3475 3910 3569 3958 tua
3599 3904 3838 3960 Bertfri-

2220 3985 2310 4054 do,
2343 4003 2445 4057 pro
2476 3987 2618 4042 fama
2647 3987 2716 4043 de
2744 4003 2808 4043 eo
2839 3987 3074 4058 vulgata,
3122 3991 3372 4046 concessi
3413 4005 3567 4046 more
3600 3992 3837 4061 praede-

2219 4088 2510 4129 cesuorum
2540 4091 2787 4131 meorum
2817 4074 3126 4148 Sigeberto,
3174 4077 3263 4132 cul
3303 4077 3437 4133 illud
3496 4077 3839 4135 beneficium

2219 4161 2386 4229 dedit,
2419 4171 2476 4217 ut
2504 4163 2765 4220 clericum
2791 4170 3039 4218 nostrum
3060 4163 3323 4220 Sanatum
3350 4165 3405 4220 in
3425 4166 3623 4222 eadem
3649 4167 3840 4224 eccle-

2219 4249 2298 4303 sia
2327 4251 2686 4306 ordinandum
2717 4251 2810 4306 tibi
2840 4249 3095 4318 offerret;
3130 4261 3183 4307 et
3212 4253 3261 4308 si
3291 4262 3350 4309 tu
3378 4253 3527 4309 illum
3555 4255 3838 4324 probabi-

2216 4335 2326 4392 lem
2347 4338 2642 4408 judicares,
2678 4355 2783 4410 ego
2811 4337 2890 4395 illi
2919 4337 3230 4396 libertatem
3260 4341 3697 4398 ecclesiasticam
3729 4343 3840 4398 da-

527 4428 740 4500 modos,
773 4445 870 4486 seu
898 4429 1097 4485 formas
1126 4429 1431 4485 inflectitur.
1473 4429 1542 4482 Et
1570 4427 1699 4482 talia
1728 4427 1892 4482 frater
1940 4433 1994 4481 et
2049 4423 2120 4479 fi-
2150 4423 2206 4486 D
2225 4441 2360 4480 rem.
2391 4426 2458 4482 Et
2489 4427 2566 4482 sic
2593 4427 2811 4483 demum
2839 4437 2896 4484 tu
2937 4429 3088 4485 illum
3132 4429 3458 4502 regulariter
3508 4429 3834 4489 ordinares.

527 4513 632 4573 lius
657 4533 809 4573 meus
838 4517 910 4572 ad
939 4517 1268 4574 derisionem
1311 4516 1467 4587 quasi
1503 4515 1710 4586 pituita,
1761 4513 1967 4570 scilicet
2012 4512 2116 4567 fle-

534 4621 664 4677 gina
705 4605 1054 4676 coagulatum
1093 4613 1146 4660 et
1179 4612 1448 4660 vetustum
1478 4619 1539 4658 ac
1582 4602 1861 4658 mucidum
1889 4601 2023 4656 mihi
2069 4601 2125 4655 in

529 4693 734 4749 vultum
765 4709 1009 4758 excreas,
1041 4699 1094 4747 et
1151 4707 1262 4747 non
1317 4691 1554 4745 attendis
1611 4697 1867 4761 quantum
1923 4691 2120 4754 Deum,

533 4781 921 4852 qualiscunque
954 4796 1060 4852 ego
1091 4779 1193 4834 sim
1221 4779 1277 4833 in
1307 4785 1617 4848 contemptu
1647 4775 1930 4831 ministerii
1982 4775 2126 4830 sacri

535 4867 654 4922 sine
682 4868 988 4923 reverentia
1016 4866 1128 4922 ulla
1164 4865 1430 4922 offendas.
1464 4867 1584 4920 Jam
1631 4872 1688 4918 ut
1731 4863 1950 4934 antiquo
1998 4878 2126 4932 pro-

533 4954 724 5009 verbio
751 4955 963 5021 dicitur,
1014 4955 1114 5009 bos
1141 4955 1320 5008 lassus
1366 4952 1558 5008 fortius
1586 4951 1703 5024 figit
1729 4951 1964 5022 pedem;
1999 4950 2124 5021 quia

533 5039 836 5113 intelligere
884 5041 940 5096 in
993 5041 1426 5112 praecedentibus
1497 5039 1689 5096 litteris
1745 5037 1983 5103 noluisti,
2035 5037 2124 5093 vel

529 5129 709 5201 potius
735 5129 1061 5201 dedignatus
1104 5129 1268 5199 fuisti,
1323 5137 1415 5184 aut
1471 5129 1518 5182 si
1573 5127 1882 5182 intellexisti
1937 5126 2122 5182 dicere

530 5218 760 5290 refugis,
792 5217 924 5272 mihi
955 5233 1064 5272 non
1079 5217 1315 5290 pigrum,
1345 5217 1472 5273 licet
1487 5232 1595 5272 non
1617 5215 1711 5270 tibi
1727 5214 2116 5282 necessarium,

528 5314 577 5359 et
609 5305 809 5360 iterare
841 5305 982 5359 unde
1012 5306 1117 5360 hoc
1147 5304 1280 5373 scio,
1316 5304 1440 5375 quia
1469 5312 1522 5360 et
1543 5319 1633 5359 res
1687 5310 1815 5358 nota
1870 5309 1972 5367 est,
2005 5308 2058 5356 et
2086 5315 2121 5355 a

528 5389 694 5460 longo
719 5400 963 5462 tempore
990 5408 1090 5463 per
1118 5391 1426 5445 humaniter
1471 5391 1782 5446 accidentes
1837 5405 2000 5445 casus
2026 5388 2117 5443 in—

530 5477 690 5544 flexa,
725 5488 776 5533 et
803 5497 900 5549 per
928 5480 1131 5536 formas
1160 5495 1268 5535 non
1299 5479 1477 5534 dicam
1527 5473 1867 5544 verisimiles,
1919 5476 2018 5532 sed
2065 5483 2118 5531 et

2225 4512 2332 4582 Qui
2361 4514 2591 4571 clericus
2617 4532 2716 4587 per
2747 4526 2976 4588 quatuor
2994 4533 3166 4573 annos
3193 4518 3365 4589 ipsam
3412 4517 3716 4573 ecclesiam
3747 4528 3840 4576 te-

2225 4601 2358 4667 nuit,
2392 4610 2446 4657 et
2475 4604 2778 4660 secundum
2815 4613 3191 4676 paupertatem
3239 4621 3414 4675 suam,
3465 4605 3604 4661 sicut
3666 4607 3842 4664 simul

2225 4705 2371 4759 saepe
2401 4690 2655 4758 vidimus,
2687 4700 2741 4748 et
2769 4694 2948 4750 adhuc
2975 4702 3150 4765 paret,
3183 4694 3323 4749 bene
3361 4694 3416 4748 in
3433 4708 3498 4748 ea
3514 4692 3836 4763 laboravit;

2225 4783 2278 4830 ct
2307 4778 2524 4848 quando
2544 4779 2705 4834 simul
2733 4781 3110 4851 equitabamus
3132 4783 3288 4850 juxta
3308 4781 3478 4852 ipsam
3527 4782 3843 4840 ecclesiam

2223 4863 2280 4916 in
2329 4880 2433 4934 qua
2460 4865 2602 4920 idem
2630 4866 2858 4922 clericus
2887 4869 3187 4937 laborabat,
3223 4877 3415 4924 euntes
3444 4869 3511 4923 ad
3541 4885 3755 4941 regem
3785 4881 3840 4927 te

2223 4951 2472 5007 audiente
2520 4969 2579 5008 se
2622 4954 3054 5012 reclamaverunt
3083 4957 3154 5011 ad
3183 4972 3272 5012 me
3295 4956 3400 5026 ipsi
3427 4956 3690 5013 homines
3733 4975 3839 5031 pro

2224 5038 2562 5095 ordinatione
2606 5041 2772 5096 dilata
2811 5044 3059 5112 ejusdem
3106 5042 3314 5110 clerici,
3347 5043 3474 5114 quia
3501 5059 3615 5098 non
3649 5045 3843 5103 habe-

2221 5125 2349 5180 bant
2374 5127 2793 5198 presbyterum;
2823 5138 2878 5186 et
2915 5139 2971 5186 tu
2991 5147 3079 5186 me
3105 5130 3376 5197 audiente,
3412 5131 3510 5186 sed
3541 5139 3595 5186 et
3627 5135 3834 5190 multis

2221 5213 2343 5268 aliis
2373 5221 2426 5268 et
2453 5215 2592 5272 meis
2612 5225 2665 5272 et
2689 5217 2794 5273 tuis
2823 5219 3164 5274 audientibus
3192 5219 3521 5289 respondisti
3551 5222 3715 5290 quod
3749 5239 3845 5280 ve-

2221 5316 2342 5356 rum
2357 5317 2467 5356 non
2499 5303 2764 5374 dicerent,
2797 5305 2919 5378 quia
2944 5307 3150 5362 nullam
3195 5306 3546 5379 indigentiam
3595 5307 3677 5364 de
3733 5310 3845 5365 mi-

2219 5388 2442 5445 nisterio
2477 5392 2802 5448 sacerdotali
2845 5383 3116 5450 habebant
3149 5413 3162 5450 :
3215 5402 3268 5450 et
3309 5393 3378 5449 ad
3427 5401 3515 5448 tua
3544 5396 3736 5452 verba
3788 5407 3846 5455 te

2219 5484 2490 5556 audiente,
2522 5503 2627 5561 ego
2657 5489 2866 5544 eisdem
2895 5490 3205 5547 hominibus
3233 5491 3345 5547 dixi
3365 5491 3510 5564 quod
3548 5499 3604 5546 tu
3647 5493 3846 5552 habe-
