4020 6178
215 277 329 332 55"!

939 262 1179 323 OPUSC.
1236 260 1326 319 ET
1370 257 1588 318 EPIS‘I'.
1646 256 1722 314 IN
1774 252 2001 314 CAUSA
2043 250 2388 313 HINCMABI
2447 242 2735 310 LAUDUN
2745 290 2760 306 .

3406 244 3510 304 658

225 402 331 456 bas
361 395 687 468 dispositum
712 399 771 449 ut
798 391 1007 448 nullam
1042 388 1399 463 indigentiam
1426 386 1495 442 de
1524 381 1824 441 ministerio
1853 381 1911 443 Α
1927 398 2195 456 ίηιι-οιιεηε
2222 396 2394 468 pedes
2421 394 2649 466 colligit,
2689 391 2819 465 quia
2847 396 3041 448 cum)”,
3081 386 3373 461 iniquitati,
3401 403 3515 444 sua,

227 485 564 545 sacerdotali
600 483 886 547 haberent,
918 479 1093 536 donec
1129 478 1248 549 ipse
1274 475 1507 533 clericus
1545 472 1831 528 ordinare-

227 585 342 632 tur.
392 576 463 630 Et
501 572 638 630 nihil
683 566 1072 627 contradixisti.
1106 567 1174 621 Et
1199 581 1300 637 per
1341 578 1543 619 annum
1572 569 1625 617 et
1666 558 1833 616 dimi-

228 664 387 721 dium
416 664 538 735 ipso
570 660 769 718 clerico
785 656 1035 715 eamdem
1066 653 1353 712 ecclesiam
1382 658 1616 716 tenente,
1652 648 1835 704 Grim-

228 768 324 808 mo
354 749 629 823 parochia:
657 755 763 803 tua;
790 743 1167 817 presbyteribi
1194 739 1450 799 cantavit.
1474 740 1542 795 Et
1568 753 1667 810 per
1695 736 1835 791 duos

229 855 411 897 annos
465 845 519 894 et
571 834 854 891 dimidium
910 832 1113 887 ibidem
1162 827 1503 885 Haimericus
1545 824 1835 896 presbyter

227 927 477 985 ofﬁcium
523 920 866 981 sacerdotale
917 918 1162 976 exhibuit
1199 932 1373 989 usque
1421 913 1605 987 pridie
1661 926 1836 969 nonas

227 1017 482 1089 proxime
508 1010 870 1085 praecedentis
896 1005 1196 1065 Februarii.

300 1105 374 1160 Et
403 1102 535 1175 quia
563 1099 764 1173 quaeris
791 1096 938 1153 unde
970 1097 1079 1151 hoc
1120 1093 1255 1159 scio,
1288 1091 1368 1148 sic
1414 1089 1547 1145 mihi
1576 1095 1838 1159 quantum

231 1211 301 1249 ex
331 1189 657 1262 antiquitate
683 1203 785 1259 per
815 1199 1041 1242 veraces
1069 1180 1319 1238 homines
1349 1177 1537 1247 didici,
1568 1183 1624 1231 et
1647 1191 1748 1246 per
1775 1190 1839 1230 os

231 1279 463 1337 Parduli
490 1276 691 1341 audivi,
723 1282 776 1331 et
802 1280 926 1346 post
964 1287 1087 1328 eum
1116 1286 1217 1341 per
1244 1283 1308 1323 os
1336 1275 1507 1333 tuum,
1541 1264 1679 1320 sicut
1705 1263 1835 1329 dixi,

233 1367 443 1435 audivi,
477 1374 530 1422 et
559 1363 735 1421 oculis
763 1361 895 1428 vidi,
926 1375 1018 1415 res
1053 1357 1187 1415 mihi
1215 1364 1340 1411 nota
1377 1361 1460 1411 est
1490 1372 1505 1420 ;
1538 1359 1591 1408 et
1617 1367 1714 1422 per
1741 1351 1839 1405 has

234 1470 401 1513 veras
434 1454 641 1510 formas
670 1458 802 1507 nota
828 1448 959 1504 mihi
979 1445 1301 1503 ostenditur.
1333 1443 1393 1500 Si
1422 1449 1601 1496 autem
1628 1438 1723 1496 illa
1751 1453 1841 1493 ne-

234 1561 339 1619 gas
368 1559 495 1615 quae
509 1556 614 1613 per
626 1540 858 1611 teipsum
888 1551 1009 1594 cum
1038 1534 1224 1591 auditu
1249 1531 1544 1587 multorum
1574 1526 1707 1593 scio,
1738 1525 1842 1581 mi-

232 1612 339 1688 nus
366 1612 471 1686 tibi
499 1612 727 1686 credere
754 1633 967 1698 potero,
1002 1623 1050 1679 si
1078 1630 1131 1677 te
1157 1617 1500 1677 excusaveris
1542 1632 1607 1671 ex
1633 1614 1720 1670 his
1749 1612 1842 1685 qui

233 1721 303 1777 de
332 1728 387 1776 te
415 1734 518 1790 per
544 1717 683 1773 alios
702 1714 865 1771 audio
888 1730 902 1768 :
922 1720 1105 1768 tamen
1135 1725 1225 1765 me
1252 1716 1306 1763 et
1324 1716 1377 1762 te
1406 1706 1579 1761 latere
1606 1718 1719 1758 non
1746 1717 1837 1774 po-

231 1816 339 1866 test
366 1806 523 1879 quod
548 1820 651 1861 nec
681 1803 798 1869 tibi,
831 1801 969 1858 sicut
993 1814 1096 1855 nec
1124 1797 1276 1863 mihi,
1311 1792 1547 1866 reputari
1573 1806 1738 1863 posse
1768 1805 1835 1846 ex

231 1895 469 1953 veritate
499 1892 662 1965 cupio
693 1890 839 1963 quod
860 1888 1119 1960 scriptum
1148 1892 1265 1941 est:
1290 1884 1358 1940 Os
1388 1881 1528 1955 quod
1555 1881 1838 1936 mentitur

231 1984 447 2041 occidit
473 1983 734 2037 animam
762 1979 913 2050 (Sap.
946 1978 1008 2047 1).
1039 1976 1108 2030 Et
1133 1992 1147 2028 :
1170 1972 1321 2041 Quod
1348 1971 1415 2028 de
1445 1984 1539 2026 ore
1559 1967 1833 2041 procedit,

230 2070 442 2129 scilicet
471 2066 691 2126 veritati
709 2063 1054 2132 contrarium,
1080 2062 1178 2117 hoc
1195 2059 1525 2131 coinquinat
1553 2055 1837 2111 hominem

231 2159 463 2232 (Matth.
480 2158 607 2226 xv).
631 2157 700 2211 Et
719 2154 976 2212 Salomon
995 2150 1124 2206 dicit
1146 2165 1161 2203 :
1191 2149 1363 2203 Testis
1390 2146 1576 2217 falsus
1590 2158 1707 2232 non
1727 2143 1838 2198 erit

230 2230 566 2321 impunitus
592 2246 776 2316 (Prov.
808 2242 956 2311 xrx).
1002 2237 1225 2295 Duobus
1254 2234 1502 2321 inquiunt
1528 2230 1706 2287 modis
1734 2244 1838 2284 au-

230 2319 419 2394 ctores
450 2333 512 2388 ﬁt
546 2332 715 2388 falsus
742 2329 914 2399 testis,
949 2325 1156 2383 scilicet
1182 2331 1274 2380 aut
1302 2322 1444 2377 falsa
1470 2319 1722 2386 dicendo,
1752 2323 1840 2371 aut

231 2430 369 2481 vera
412 2420 719 2479 reticendo.
749 2416 899 2474 Nihil
937 2422 1040 2485 est,
1072 2412 1247 2485 inquit
1286 2411 1477 2467 beatus
1516 2404 1835 2477 Gregorius,

231 2515 303 2568 ad
348 2508 761 2567 defendendum
815 2504 1047 2577 puritate
1091 2501 1275 2569 tutius,
1317 2499 1394 2553 nil
1434 2497 1503 2552 ad
1548 2493 1841 2552 dicendum

234 2600 465 2658 veritate
488 2596 706 2653 facilius
725 2612 738 2649 :
757 2608 887 2651 nam
922 2592 1051 2647 dum
1078 2588 1353 2645 fallaciam
1383 2600 1539 2641 suam
1564 2579 1840 2652 tueriquis

238 2688 471 2761 cogitur,
523 2686 664 2740 duro
725 2697 820 2739 cor
862 2680 1050 2737 labore
1098 2678 1376 2748 fatigatur.
1425 2673 1564 2728 Hinc
1604 2684 1840 2761 namque

238 2759 507 2849 scriptum
534 2781 620 2830 est
649 2789 664 2827 :
695 2771 872 2828 Labor
899 2768 1166 2826 labiorum
1193 2765 1438 2836 ipsorum
1466 2759 1675 2832 operiet
1703 2772 1800 2812 eos
1823 2772 1837 2810 :

239 2864 332 2939 qui
349 2845 514 2921 enim
528 2876 675 2917 nunc
692 2859 898 2930 implet,
920 2864 1047 2912 tunc
1065 2853 1258 2926 operit,
1280 2850 1408 2925 quia
1427 2849 1582 2919 cujus
1601 2845 1842 2902 animum

232 2970 335 3027 per
380 2951 643 3008 blandam
682 2945 1111 3020 inquietudinem
1139 2941 1330 3009 exerit,
1377 2946 1504 2994 tunc
1548 2952 1650 3009 per
1676 2948 1841 3004 aspe-

233 3019 360 3099 ram
386 3019 803 3098 retributionem
838 3032 1050 3106 premit.
1082 3030 1222 3087 Hinc
1246 3045 1346 3101 per
1371 3023 1661 3082 Jeremiam
1701 3019 1841 3078 dici-

232 3138 326 3187 tur
344 3129 707 3186 :Docuerunt
729 3125 983 3196 linguam
1002 3137 1166 3176 suam
1197 3118 1345 3190 loqui
1376 3113 1757 3179 mendacium,

233 3220 437 3291 inique
466 3217 703 3288 agerent
729 3211 1124 3269 laboraverunt
1143 3207 1371 3279 (Jerem.
1386 3203 1493 3291 1x);
1508 3217 1573 3258 ac
1593 3200 1641 3255 si
1666 3204 1851 3271 aperte

235 3290 554 3364 diceretur:
601 3301 708 3371 Qui
731 3299 891 3356 amici
906 3313 1028 3355 esse
1064 3293 1306 3353 veritatis
1340 3292 1458 3348 sine
1480 3290 1672 3346 labore
1690 3293 1851 3358 pote-

240 3402 395 3460 rant,
428 3399 489 3448 nt
518 3396 752 3463 peccent
764 3387 1034 3445 laborant:
1066 3397 1296 3455 cumque
1316 3380 1499 3438 vivere
1536 3374 1855 3447 simpliciter

235 3487 503 3547 renuunt,
526 3462 821 3536 laboribus
861 3474 1083 3547 exigunt
1110 3479 1170 3528 ut
1196 3468 1497 3527 moriantur
1526 3484 1542 3521 :
1573 3478 1700 3521 nam
1725 3462 1851 3534 ple-

234 3584 472 3643 rumque
502 3568 561 3623 in
601 3566 760 3637 culpa
806 3560 1152 3636 deprehensi,
1199 3559 1331 3615 dum
1375 3555 1563 3629 quales
1603 3553 1710 3643 sint
1749 3564 1850 3607 co-

234 3641 440 3733 gnosci
469 3654 655 3727 refugi
665 3661 777 3724 unt,
818 3664 939 3710 sese
976 3649 1076 3706 sub
1104 3646 1284 3705 fallaci
1310 3644 1580 3704 velamine
1611 3641 1851 3696 abscon-

234 3732 422 3803 dunt:
457 3753 515 3801 et
555 3744 663 3799 hoc
706 3740 849 3813 quod
898 3744 1146 3812 peccant,
1205 3734 1461 3809 quodque
1504 3732 1621 3802 jam
1667 3733 1851 3800 aperte

234 3834 482 3892 cernitur
513 3844 778 3887 excusare
816 3826 1113 3884 moliuntur
1158 3843 1174 3891 ;
1232 3823 1308 3879 ita
1360 3829 1420 3878 ut
1466 3834 1611 3890 sape
1662 3817 1710 3872 is
1757 3813 1853 3886 qui

241 3938 441 3980 eorum
485 3919 679 3990 culpas
738 3915 1019 3988 corripere
1079 3913 1278 3979 studet,
1321 3924 1562 3982 aspersas
1601 3902 1851 3963 falsitatis

235 4010 460 4068 nebulis
492 4007 753 4064 seductus
781 4020 923 4076 pene
953 4001 1204 4059 amisisse
1232 3999 1435 4064 videat,
1486 3995 1634 4069 quod
1673 3993 1743 4048 de
1771 3990 1852 4047 eis

232 4101 350 4169 jam
378 4105 604 4155 certum
643 4095 881 4150 tenebat.
928 4091 1087 4148 Unde
1116 4096 1266 4145 recte
1296 4086 1398 4142 sub
1441 4084 1642 4140 Iudaeae
1669 4079 1851 4153 specie

238 4204 338 4260 per
365 4185 700 4259 prophetam
727 4188 915 4238 contra
942 4185 1259 4252 peccantem
1290 4172 1548 4241 animam,
1582 4184 1851 4226 excusan-

240 4258 465 4348 temque
497 4287 561 4328 se
589 4270 789 4326 dicitur
817 4286 831 4323 :
863 4268 945 4324 Ibi
975 4267 1174 4323 habuit
1208 4267 1428 4336 foveam
1470 4261 1677 4348 ericius
1716 4258 1847 4327 (Isa.

238 4346 452 4432 xxxiv)
480 4379 496 4416 :
523 4358 677 4416 ericii
706 4356 907 4429 quippe
946 4353 1168 4412 nomine
1194 4351 1422 4423 impura
1466 4346 1664 4403 mentis
1694 4360 1850 4401 sese-

239 4468 346 4524 que
377 4422 588 4507 callide
618 4422 959 4501 defendentis
996 4422 1288 4513 duplicitas
1328 4437 1644 4509 designatur
1675 4451 1689 4488 :
1725 4431 1852 4504 quia
1870 4422 1923 4484 D

237 4538 503 4595 videlicet
547 4532 748 4591 ericius
798 4547 921 4587 cum
962 4527 1402 4602 apprehenditur,
1451 4524 1570 4594 ejus
1608 4528 1661 4578 et
1688 4526 1852 4591 caput

240 4627 510 4694 cernitur,
548 4630 604 4678 et
629 4620 800 4693 pedes
829 4618 1097 4687 videntur,
1131 4624 1183 4672 et
1212 4629 1413 4686 corpus
1441 4626 1603 4668 omne
1632 4606 1851 4678 conspi-

241 4715 421 4772 citur:
446 4710 551 4767 sed
581 4724 707 4765 mox
743 4722 870 4764 cum
908 4706 1278 4778 apprehensus
1308 4701 1468 4757 fuerit
1500 4697 1849 4768 semetipsum

239 4802 296 4859 in
326 4803 613 4874 Spharam
628 4796 851 4869 colligit,
882 4794 1052 4867 pedes
1079 4793 1346 4849 introrsus
1374 4787 1657 4857 subtrahit,
1690 4790 1853 4855 caput

242 4870 558 4954 abscondit,
627 4894 680 4941 et
734 4886 879 4941 intra
932 4878 1163 4939 tenentis
1215 4893 1412 4934 manus
1461 4884 1634 4932 totum
1689 4870 1850 4928 simul

240 4979 533 5044 amittitur,
577 4973 727 5047 quod
773 4979 943 5029 totum
994 4968 1156 5027 simul
1204 4975 1361 5023 antea
1406 4965 1711 5023 videbatur.
1759 4960 1851 5018 Sic

241 5067 510 5123 nimirum
540 5063 622 5119 sic
658 5062 888 5133 impurae
919 5064 1132 5114 mentes
1171 5062 1295 5112 sunt
1340 5069 1462 5111 cum
1504 5053 1560 5108 in
1598 5051 1711 5107 suis
1751 5065 1849 5105 ex-

244 5155 503 5214 cessibus
553 5146 1086 5222 comprehenduntur
1121 5161 1133 5201 :
1166 5151 1325 5217 caput
1352 5142 1496 5200 enim
1525 5140 1677 5197 ericii
1722 5154 1849 5195 cer-

241 5244 410 5312 nitur,
444 5239 575 5314 quia
605 5252 713 5311 quo
759 5235 913 5293 initio
942 5234 1015 5291 ad
1051 5233 1267 5304 culpam
1302 5237 1556 5303 peccator
1593 5241 1847 5284 accesse-

240 5333 334 5398 rit,
368 5330 611 5386 videtur.
644 5325 819 5383 Pedes
847 5322 995 5380 ericii
1040 5320 1462 5393 conspiciuntur,
1495 5316 1620 5389 quia
1649 5315 1848 5387 quibus

238 5417 495 5490 vestigiis
557 5413 799 5487 nequitia
859 5412 929 5466 sit
987 5416 1294 5483 perpetrata
1348 5405 1700 5479 cognoscitur
1740 5422 1754 5469 ;
1797 5407 1851 5457 et

241 5518 428 5565 tamen
454 5501 709 5561 adductis
735 5507 964 5573 repente
994 5495 1430 5557 excusationibus
1455 5494 1668 5565 impura
1696 5505 1851 5548 mens

1784 3076 1928 3165 utC

1930 486 2158 559 vestigia
2196 484 2499 542 abscondit.
2544 483 2717 553 Caput
2745 478 3033 547 subtrahit,
3079 476 3207 550 quia
3234 475 3386 532 miris
3416 475 3518 531 de-

1931 574 2266 631 fensionibus
2291 588 2395 629 nec
2434 571 2722 628 inchoasse
2751 585 2812 624 se
2839 566 3043 623 malum
3071 564 3291 637 aliquod
3331 570 3520 619 osten-

1933 663 2029 732 dit,
2058 670 2109 718 et
2131 662 2287 734 quasi
2314 662 2527 732 sphaera
2554 659 2610 714 in
2630 674 2792 713 manu
2819 653 3051 711 tenentis
3080 660 3365 719 remanet;
3392 651 3521 723 quia

1934 752 1981 806 is
2021 751 2114 821 qui
2149 749 2373 823 corripit
2418 756 2607 804 cuncta
2654 761 2774 817 quae
2812 746 2923 814 jam
2967 748 3298 815 cognoverat
3344 738 3523 795 subito

1934 838 2206 903 amittens,
2248 835 2546 891 involutum
2575 835 2716 890 intra
2753 830 3144 889 conscientiam
3180 836 3526 901 peccatorem

1934 933 2101 982 tenet.
2149 926 2220 980 Et
2266 924 2360 996 qui
2400 931 2568 979 totum
2617 923 2733 992 jam
2777 916 3239 991 deprehendendo
3290 915 3523 982 viderat,

1934 1011 2382 1086 tergiversatione
2434 1026 2614 1081 pravae
2668 1006 2999 1064 defensionis
3057 1004 3299 1060 inclusus
3355 1009 3528 1057 totum

1934 1101 2137 1174 pariter
2181 1100 2419 1170 ignorat.
2470 1099 2705 1153 Foveam
2745 1111 2877 1169 ergo
2904 1094 3103 1151 ericius
3149 1092 3312 1147 habet
3347 1089 3404 1145 in
3434 1104 3527 1145 re-

1936 1189 2141 1261 probis,
2175 1187 2317 1258 quia_
2340 1185 2624 1242 malitiosa:
2668 1183 2863 1239 mentis
2910 1180 3195 1253 duplicitas
3235 1194 3359 1235 sese
3386 1177 3529 1233 inter

1940 1293 1999 1333 se
2036 1276 2302 1347 colligens
2342 1272 2629 1331 abscondit
2656 1271 2713 1325 in
2739 1269 2978 1326 tenebris
3019 1265 3371 1325 defensionis.
3413 1265 3530 1321 Au-

1939 1365 2091 1420 diant
2118 1362 2318 1434 impuri
2347 1361 2492 1433 quod
2520 1359 2782 1430 scriptum
2809 1364 2893 1413 est
2925 1374 2939 1411 :
2978 1358 3082 1426 Qui
3109 1356 3363 1412 ambulat
3391 1356 3529 1410 sim-

1937 1454 2182 1525 pliciter,
2208 1450 2463 1506 ambulat
2481 1448 2829 1517 conﬁdenter
2848 1446 3024 1516 (Rom.
3047 1459 3089 1498 x
3108 1447 3162 1500 et
3183 1442 3349 1514 xxiii)
3370 1440 3531 1496 :ﬁdu-

1941 1540 2026 1595 cia
2091 1537 2291 1610 quippe
2320 1552 2533 1609 magnas
2560 1533 2867 1591 securitatis
2898 1540 2981 1587 est
3010 1530 3326 1601 simplicitas
3355 1528 3531 1585 actio-

1938 1627 2044 1682 nis.
2094 1608 2327 1681 Audiant
2370 1608 2519 1695 quod
2565 1621 2825 1693 sapientis
2867 1636 2962 1676 ore
3001 1618 3197 1674 dicitur
3238 1608 3533 1695 {Spiritus

1865 1727 1918 1787 Β
1939 1718 2174 1772 sanctus
2204 1694 2518 1783 disciplinae
2546 1710 2773 1782 eﬂ‘ugiet
2800 1709 3000 1777 ﬂetum
3027 1707 3180 1779 (Sap.
3204 1694 3534 1776 1).'Audiant

1939 1803 2084 1876 quod
2115 1800 2395 1872 Scriptura
2424 1814 2645 1853 rursum
2674 1804 2809 1852 teste
2840 1795 3188 1866 perhibetur:
3223 1793 3363 1849 Cum
3388 1792 3533 1847 sim-

1934 1891 2179 1965 plicibus
2209 1888 2609 1945 sermocinatio
2626 1887 2747 1957 ejus
2779 1884 2963 1955 (Prov.
2987 1881 3092 1954 ιιι).
3115 1883 3232 1937 Deo
3248 1879 3395 1936 enim
3424 1895 3538 1936 ser-

1936 1976 2199 2034 mocinari
2227 1983 2308 2033 est
2348 1991 2448 2046 per
2484 1972 2896 2030 illustrationem
2933 1986 3048 2027 suae
3085 1966 3391 2040 presentiae
3424 1968 3531 2022 hu-

1937 2064 2114 2121 manis
2150 2063 2423 2119 mentibus
2461 2076 2661 2117 arcana
2696 2059 2964 2116 revelare.
3009 2057 3146 2112 Cum
3192 2053 3533 2126 simplicibus

1937 2153 2105 2225 igitur
2136 2149 2489 2208 sermocinari
2533 2148 2746 2216 dicitur,
2788 2146 2917 2219 quia
2944 2144 3014 2200 de
3044 2142 3296 2215 supernis
3336 2147 3534 2213 myste-

1938 2241 2035 2296 riis
2062 2240 2276 2295 illorum
2301 2226 2512 2294 mentes
2539 2236 2691 2292 radio
2735 2250 2847 2292 sum
2884 2230 3210 2290 visitationis
3237 2227 3524 2298 illuminat,

1939 2344 2075 2401 quos
2102 2328 2252 2383 nulla
2278 2326 2468 2382 umbra
2496 2323 2822 2395 duplicitatis
2850 2322 3126 2378 obscurat.

2009 2418 2108 2471 Est
2135 2423 2315 2471 autem
2355 2412 2590 2485 speciale
2629 2410 2926 2483 duplicium
2966 2408 3207 2474 malum;
3239 2406 3365 2479 quia
3399 2405 3532 2462 dum

1939 2519 2204 2576 perversa
2252 2510 2305 2557 et
2349 2500 2553 2573 duplici
2593 2500 2805 2556 actione
2852 2504 3079 2554 ceteros
3124 2492 3339 2562 fallunt,
3379 2492 3534 2565 quasi

1939 2590 2279 2665 praestantius
2306 2589 2519 2646 caeteris
2545 2587 2843 2660 prudentes
2871 2602 2933 2641 se
2960 2599 3083 2640 esse
3110 2582 3430 2656 gloriantur.
3459 2578 3533 2637 Et

1941 2681 2067 2753 quia
2112 2678 2453 2734 districtione
2502 2673 2874 2732 retributionis
2925 2686 3035 2730 non
3075 2669 3422 2727 considerant
3461 2668 3534 2725 de

1940 2767 2153 2824 damnis
2183 2766 2296 2821 suis
2323 2765 2512 2821 miseri
2555 2762 2843 2829 exsultant,
2885 2767 2939 2817 et
2974 2766 3175 2816 cetera
3211 2772 3330 2830 quae
3357 2756 3413 2813 in
3440 2772 3535 2814 re-

1941 2856 2072 2929 gula
2104 2854 2365 2926 pastorali
2408 2852 2552 2909 beati
2594 2849 2847 2922 Gregorii
2875 2865 2943 2905 ex
2969 2847 3162 2904 ordine
3194 2852 3355 2917 potes
3388 2843 3538 2902 rele-

1942 2959 2093 3017 gere,
2144 2958 2305 3015 quam
2333 2940 2433 2997 tibi
2474 2956 2580 2996 una
2609 2955 2735 2996 cum
2762 2938 2905 2993 libro
2941 2950 3224 2993 sacrorum
3263 2947 3537 2991 canonum

1945 3031 2003 3086 in
2028 3046 2191 3086 manu
2220 3037 2347 3087 ante
2375 3030 2543 3085 altare
2571 3035 2775 3085 sanctae
2814 3025 2999 3082 Maria
3027 3025 3085 3080 in
3114 3023 3205 3079 die
3232 3020 3538 3080 ordinatio-

1951 3120 2037 3175 nis
2064 3127 2172 3177 tuoa
2199 3118 2343 3186 misi,
2387 3118 2666 3174 obtestans
2709 3131 2832 3188 qua:
2859 3114 3112 3186 ignorare
3148 3126 3260 3169 non
3301 3116 3460 3181 potes
3489 3113 3546 3166 et

1953 3207 2200 3266 oblivisci
2226 3222 2337 3263 non
2365 3206 2556 3263 debes.
2595 3205 2986 3260 Verumtamen
3019 3201 3163 3256 hanc
3198 3198 3545 3270 negationem

1952 3304 2120 3363 tuam,
2171 3310 2337 3367 quam
2384 3294 2503 3349 sine
2550 3292 2662 3347 ulla
2704 3289 3027 3348 necessitate
3081 3283 3425 3358 assumpsisti
3470 3281 3544 3340 ad

1949 3384 2199 3454 injuriam
2226 3397 2404 3438 meam
2446 3378 2721 3452 pertinere
2749 3393 2861 3434 non
2886 3377 3103 3441 ducam,
3146 3389 3251 3430 nec
3283 3387 3389 3446 pro
3430 3371 3542 3428 cri-

1950 3471 2095 3527 mine
2123 3470 2405 3541 reputabo,
2452 3480 2632 3539 neque
2675 3481 2775 3538 pro
2809 3466 2913 3520 hac
2959 3461 3076 3519 sola
3118 3459 3410 3532 negatione
3450 3464 3545 3515 tua

1949 3575 2038 3615 me
2068 3574 2102 3613 a
2128 3556 2512 3615 communione
2537 3562 2628 3610 tua
2659 3552 2941 3625 separabo,
2984 3562 3221 3621 sequens
3249 3545 3546 3619 capitulum

1949 3645 2187 3703 Africani
2228 3643 2464 3713 concilii,
2524 3642 2671 3714 quod
2715 3648 2773 3697 tu
2812 3640 3212 3703 detruncatum,
3262 3642 3315 3691 et
3361 3648 3396 3690 a
3442 3648 3542 3690 suo

1951 3750 2116 3792 sensu
2164 3732 2469 3805 expositum
2497 3729 2630 3785 mihi
2668 3725 2955 3800 scripsisti,
3002 3724 3248 3781 ultimam
3275 3722 3393 3792 ejus
3419 3735 3547 3793 par-

1950 3822 2175 3879 ticulam
2219 3821 2288 3876 ad
2336 3827 2488 3876 tuum
2538 3833 2760 3874 sensum
2803 3812 3153 3879 inflectendo,
3211 3809 3413 3882 scripto
3454 3815 3548 3865 tuo

1948 3909 2083 3966 mihi
2110 3909 2318 3966 directo
2340 3908 2637 3979 imponere,
2680 3904 2807 3977 quia
2832 3916 2937 3960 nec
2963 3916 3065 3973 pro
3094 3898 3322 3958 crimine
3350 3897 3555 3954 ducen-

1951 3999 2083 4054 dum
2112 4005 2263 4070 puto,
2293 3996 2340 4052 si
2368 3995 2569 4052 clerico
2610 3991 2915 4049 ordinando
2944 4004 3123 4061 usque
3148 3985 3220 4044 ad
3249 3984 3550 4042 ordinatio-

1950 4102 2076 4143 nem
2120 4084 2445 4142 consensisti
2471 4083 2531 4139 in
2556 4080 2792 4138 ecclesia
2828 4080 2887 4134 in
2916 4093 3033 4151 qua
3067 4074 3396 4134 ordinandus
3439 4079 3554 4130 erat

1952 4175 2223 4241 laborare,
2272 4173 2450 4228 donec
2495 4170 2567 4226 ad
2605 4168 2970 4227 ordinandum
3013 4156 3348 4237 perveniret,
3398 4168 3453 4217 et
3506 4158 3557 4217 si

1951 4262 2152 4335 dignus
2195 4268 2357 4333 atque
2406 4259 2636 4316 idoneus
2684 4258 2936 4312 inventus
2991 4253 3133 4310 foret
3182 4249 3550 4316 ordinaretur,

1952 4332 2077 4421 quia
2105 4362 2208 4404 nec
2237 4354 2462 4403 sanctus
2502 4342 2867 4408 Innocentius,
2908 4340 3050 4398 sicut
3078 4338 3174 4395 tibi
3214 4332 3549 4409 praescripsi,

1950 4420 2052 4509 pro
2110 4435 2335 4493 crimine
2398 4431 2664 4503 reputavit
2728 4430 2987 4502 episcopo
3051 4426 3143 4499 qui
3206 4420 3548 4497 presbyteris

1951 4524 2278 4597 quibusdam
2307 4519 2587 4579 consensit
2625 4518 2682 4573 in
2710 4532 2809 4574 sua
2850 4513 3107 4589 parochia
3133 4512 3393 4570 ecclesias
3419 4510 3546 4566 diu-

1949 4613 2053 4668 tius
2082 4610 2333 4676 retinere,
2378 4608 2471 4680 qui
2507 4606 2943 4664 communionem
2986 4602 3131 4659 illius
3169 4607 3390 4658 eatenus
3432 4612 3545 4655 non

1947 4706 2198 4773 poterant
2241 4696 2567 4769 promereri,
2619 4695 2717 4752 sed
2764 4692 2951 4749 statuit
3002 4699 3062 4747 ut
3102 4688 3298 4763 quibus
3345 4685 3544 4743 eadem

1949 4786 2208 4845 ecclesias
2253 4784 2491 4841 retinere
2519 4784 2612 4839 diu
2636 4783 2694 4838 in
2720 4779 2980 4854 parochia
3026 4792 3126 4834 sua
3162 4780 3538 4845 consenserat,

1950 4890 2107 4932 suam
2134 4874 2213 4931 eis
2243 4872 2682 4931 communionem
2727 4869 3034 4924 nullatenus
3078 4865 3392 4936 denegaret.
3444 4856 3541 4919 In-

1949 4965 2174 5038 tegritas
2203 4970 2384 5019 autem
2412 4958 2583 5031 ipsius
2613 4955 2829 5028 capituli
2842 4952 3086 5010 Africani
3115 4950 3352 5020 concilii,
3384 4950 3539 5019 cujus

1949 5059 2162 5125 partem
2180 5049 2425 5106 ultimam
2455 5054 2545 5101 tuo
2574 5044 2775 5115 scripto
2796 5039 3088 5110 inseruisti,
3104 5040 3213 5095 ista
3231 5044 3315 5095 est
3343 5053 3358 5092 :
3394 5038 3537 5093 Item

1945 5120 2169 5214 placuit
2190 5142 2257 5194 ut
2284 5138 2336 5194 si
2375 5135 2594 5209 quando
2641 5133 2929 5205 episcopus
2960 5130 3102 5187 dicit
3138 5128 3384 5201 aliquem

1949 5209 2055 5285 soli
2079 5225 2374 5300 proprium
2406 5222 2620 5279 crimen
2653 5220 2833 5290 fuisse
2862 5220 3204 5290 confessum,
3238 5217 3405 5285 atque
3433 5209 3536 5266 ille

1949 5318 2132 5387 neget,
2151 5329 2267 5369 non
2289 5313 2450 5384 putet
2469 5308 2541 5365 ad
2577 5308 2856 5380 injuriam
2881 5323 3045 5362 suam
3088 5304 3375 5376 episcopus
3403 5314 3538 5372 per-

1954 5405 2132 5458 tinere
2170 5399 2314 5472 quod
2349 5399 2443 5455 illi
2474 5397 2581 5453 soli
2617 5412 2733 5451 non
2763 5394 3035 5450 creditur.
3084 5394 3154 5448 Et
3188 5392 3239 5446 si
3272 5388 3539 5460 scrupulo

1948 5488 2192 5564 propriae
2219 5485 2584 5545 conscientiae
2630 5498 2690 5539 se
2721 5479 2863 5538 dicit
2906 5479 3145 5552 neganti
3188 5476 3342 5535 nolle
3385 5488 3541 5532 conv
