4020 6178
532 253 634 306 559

1422 245 1762 302 HINCMARI
1818 241 2216 300 RHEMENSIS
2253 241 2800 300 ARCHIEPISCOPI.

3719 243 3818 296 560

538 374 836 428 municare
907 371 1160 444 quandiu
1221 373 1714 427 excommunicato
1760 386 1876 426 non
1931 385 2126 426 comu-
2155 365 2208 426 A
2225 367 2551 438 prtejudicio
2581 371 2832 424 servaret
2857 365 3198 422 mandatum
3219 365 3270 434 (Ι
3291 365 3426 420 Tim.
3451 364 3532 436 v).
3563 366 3634 419 Et
3653 365 3818 430 scias,

533 462 812 517 nicaverit
827 477 962 515 suus
994 462 1299 532 episcopus,
1323 461 1502 515 eidem
1514 460 1764 530 episcopo
1781 459 1847 513 ab
1863 458 1994 512 aliis
2007 473 2122 511 non

531 551 984 604 communicetur
1003 548 1294 619 episcopis,
1315 552 1380 612 ut
1407 549 1587 618 magis
1609 550 1804 601 caveat
1835 547 2120 616 episcopus

527 652 600 690 ne
630 637 784 691 dicat
811 638 873 691 in
903 651 1236 707 que-mquam
1277 635 1418 706 quod
1445 635 1578 690 aliis
1607 634 1958 690 documentis
1979 647 2118 686 con-

525 725 750 779 vincere
788 739 902 778 non
941 727 1142 793 potest.
1795 785 1802 792 Ι

595 811 723 865 Haec
753 811 1075 865 documenta
1107 826 1225 880 qua
1255 809 1348 863 tibi
1380 816 1431 864 et
1460 809 1629 879 prius,
1664 816 1716 863 et
1743 823 1888 862 nunc
1937 805 2116 860 scribo

525 897 753 969 qualiter
800 897 965 952 didici
1011 906 1063 952 et
1107 897 1459 967 praecedenti,
1510 905 1562 950 et
1609 897 1708 950 hac
1767 893 2117 964 subsequenti

523 985 755 1040 lectione
783 993 939 1055 potes
989 1000 1344 1056 cognoscere,
1395 983 1462 1036 ad
1495 999 1616 1052 qua:
1642 980 2028 1044 confirmanda,
2063 988 2116 1034 et

521 1073 590 1128 ad
619 1081 672 1127 te
712 1072 1142 1128 convincendum
1189 1071 1369 1126 nullos
1419 1079 1585 1124 testes
1624 1070 1937 1138 producam,
1990 1067 2116 1138 quia

515 1177 626 1216 non
671 1160 865 1230 debeo,
917 1177 1017 1215 nec
1061 1161 1129 1214 de
1159 1161 1261 1213 hac
1300 1175 1362 1212 re
1406 1165 1669 1212 secretam
1716 1155 2112 1210 confessionem

515 1256 684 1314 tuam,
721 1265 884 1319 quam
915 1263 1024 1302 non
1051 1247 1278 1316 accepit,
1331 1259 1583 1315 promere
1613 1243 1757 1312 volo,
1809 1259 1930 1298 cum
1961 1242 2112 1297 Scri-

515 1343 676 1408 ptura
705 1336 846 1390 dicat
875 1335 924 1389 ei
949 1353 960 1388 :
993 1335 1096 1402 Qui
1116 1335 1330 1388 revelat
1355 1348 1588 1396 arcana,
1609 1335 1664 1386 et
1685 1331 1940 1386 ambulat
1959 1333 2113 1400 frau-

519 1425 693 1480 dulen
702 1427 804 1488 ter,
820 1426 874 1477 et
890 1423 1102 1477 dilatat
1120 1422 1268 1476 labia
1279 1437 1399 1484 sua,
1415 1436 1487 1474 ne
1501 1417 2106 1488 commiscearis(Prov.
2147 1437 2150 1440 ·

515 1511 640 1579 xx).
674 1510 832 1578 Quod
860 1509 936 1563 ita
966 1515 1240 1578 exponunt
1269 1507 1518 1562 doctores
1544 1506 1824 1560 catholici:
1849 1506 1932 1560 Ne
1963 1520 2112 1560 com-

513 1597 797 1652 miscearis
847 1597 964 1666 ejus
1011 1595 1262 1650 amicitiis
1311 1596 1402 1665 qui
1455 1593 1648 1664 prioris
1695 1593 1854 1648 amici
1899 1600 2110 1646 secreta

2221 455 2523 510 certissime
2575 455 2832 526 quoniam
2863 455 2908 509 si
2945 470 3105 510 secus
3144 453 3344 526 egeris,
3389 454 3506 508 Deo
3545 460 3822 508 annuente

2221 549 2274 597 et
2319 543 2426 598 vita
2473 544 2690 608 comite,
2736 550 3046 612 opportuno
3088 549 3336 612 tempore
3391 542 3494 596 hoc
3539 557 3650 595 non
3701 541 3820 596 sine

2219 630 2456 700 regulari
2485 630 2826 686 discussione
2865 629 3148 695 dimittam,
3179 644 3290 684 non
3317 629 3446 693 mei,
3477 629 3628 700 quod
3657 628 3818 695 absit,

2218 731 2403 785 causa,
2451 718 2549 772 sed
2593 733 2868 774 sacrarum
2907 718 3212 789 regularum
3261 725 3594 786 contemptu.
3633 716 3718 771 De
3755 731 3818 772 eo

2218 805 2362 875 quod
2385 806 2439 858 in
2458 805 2648 859 eodem
2667 805 2977 860 tuoinsulso
2999 805 3199 874 scripto
3213 804 3516 874 apposuisti
3543 821 3558 857 :
3579 805 3718 858 Item
3739 820 3822 859 ca-

2216 908 2326 946 non
2355 892 2484 947 dicit
2514 911 2526 945 :
2565 894 2668 960 Qui
2711 910 2894 948 unum
2937 893 3154 947 crimen
3185 893 3416 962 probare
3447 909 3564 948 non
3607 895 3816 961 poterit

2216 980 2287 1034 ad
2315 981 2432 1035 alia
2461 980 2691 1034 admitti
2717 997 2834 1034 non
2855 979 3032 1044 debet,
3066 978 3160 1032 tibi
3189 979 3450 1044 rescribo,
3473 978 3674 1034 Nescis
3691 979 3818 1049 quid

2215 1067 2352 1121 dicis
2377 1085 2390 1132 ;
2411 1067 2605 1137 plenus
2645 1067 3020 1138 indignatione
3052 1075 3105 1120 et
3133 1067 3474 1122 contumacia
3521 1082 3636 1120 non
3661 1075 3818 1136 potes

2214 1154 2383 1208 oculis
2419 1153 2616 1208 mentis
2655 1155 2840 1209 videre
2881 1155 3026 1224 quod
3067 1154 3250 1210 verbis
3299 1154 3500 1208 debeas
3537 1169 3814 1224 promere,

2215 1241 2300 1296 vel
2357 1241 2502 1312 quod
2559 1241 2762 1296 debeas
2821 1242 3052 1296 reticere
3089 1261 3104 1308 ;
3139 1242 3184 1296 si
3229 1241 3542 1312 sequereris
3599 1241 3816 1296 beatum

2213 1329 2404 1390 David,
2437 1329 2726 1384 Dominum
2756 1329 3134 1399 deprecareris
3155 1336 3212 1382 ut
3233 1333 3469 1399 poneret
3493 1329 3814 1385 custodiam

2211 1418 2300 1471 ori
2327 1421 2440 1480 tuo,
2475 1420 2532 1470 et
2558 1419 2768 1472 ostium
2815 1419 3268 1472 circumstantia:
3291 1417 3451 1472 labiis
3484 1418 3604 1472 tuis
3635 1418 3810 1486 (Psal.

2210 1505 2479 1574 xxxvm).
2513 1504 2698 1558 Canon
2725 1504 2854 1558 dicit
2879 1521 2891 1558 :
2917 1504 3360 1575 Quotiescunque
3397 1503 3618 1560 clericis
3646 1505 3814 1559 multa

2209 1591 2438 1646 crimina
2483 1591 2552 1645 ab
2597 1592 3002 1647 accusatoribus
3051 1592 3391 1660 objiciuntur,
3441 1600 3494 1646 et
3537 1608 3712 1646 unum
3749 1609 3812 1648 ex

513 1685 765 1749 denudat,
803 1685 900 1739 sed
941 1684 1082 1738 hunc
1120 1683 1264 1738 velut
1301 1680 1567 1752 perﬁdum
1605 1696 1757 1736 cave.
1802 1680 2178 1762 OstendereB
2207 1677 2342 1748 ipsis
2369 1679 2436 1732 de
2467 1695 2574 1750 quo
2613 1679 2766 1749 prius
2815 1679 2988 1751 egerit
3036 1679 3274 1750 probare
3303 1695 3412 1734 non
3449 1679 3708 1748 valuerit,
3745 1681 3812 1734 ad

511 1781 690 1827 autem
720 1779 771 1826 et
815 1786 1038 1827 monere
1071 1779 1120 1824 te
1167 1769 1361 1837 debeo,
1410 1777 1468 1823 ut
1507 1769 1804 1824 secundum
1848 1768 2002 1839 leges
2053 1775 2108 1820 et
2207 1773 2404 1820 caetera
2425 1767 2542 1835 jam
2585 1783 2696 1820 non
2729 1767 3080 1833 admittatur;
3113 1767 3203 1822 dic
3241 1767 3360 1838 quis
3391 1776 3473 1821 est
3516 1767 3611 1822 ille
3651 1784 3814 1824 accu-

509 1860 733 1931 regulas
762 1859 886 1914 inde
907 1859 1052 1929 quod
1067 1859 1270 1926 justum
1291 1864 1376 1910 est
1405 1857 1742 1927 exsequeris.
1777 1857 1856 1909 De
1878 1871 1943 1909 eo
1973 1869 2106 1908 vero

511 1947 656 2018 quod
699 1962 868 2018 negas
907 1962 1006 2016 per
1052 1945 1248 1999 multas
1295 1943 1558 2016 ambages
1597 1959 1705 1997 non
1755 1941 2101 2007 verisimiles,

507 2034 701 2104 quibus
727 2033 858 2086 mihi
879 2039 932 2087 et
961 2033 1186 2102 longum
1206 2039 1258 2085 et
1277 2031 1462 2085 inutile
1492 2029 1824 2100 respondere
1865 2029 2100 2094 videtur,

507 2129 558 2176 te
586 2136 694 2175 non
726 2119 1091 2188 consensisse,
1124 2127 1183 2173 ut
1211 2119 1328 2189 ipse
1359 2117 1587 2174 clericus
1616 2117 1864 2172 eamdem
1893 2123 2104 2170 teneret

509 2208 800 2264 ecclesiam
829 2209 874 2261 si
902 2207 958 2260 in
989 2206 1328 2263 contumacia
1365 2213 1420 2260 et
1444 2205 1730 2275 negatione
1781 2211 1871 2258 tua
1905 2219 2100 2273 perse—

505 2311 697 2351 verare
757 2293 1086 2363 decreveris,
1157 2293 1363 2347 habeas
1421 2292 1571 2346 illum
1626 2290 1968 2346 conscientiae
2043 2297 2098 2346 et

504 2381 814 2453 negationis
844 2389 950 2436 tua;
974 2380 1232 2449 judicem,
1267 2395 1429 2450 quem
1455 2379 1683 2432 habebis
1715 2386 1768 2433 et
1795 2386 2008 2433 testem.
2029 2377 2099 2431 Et

507 2468 762 2540 quoniam
805 2467 936 2521 mihi
983 2467 1248 2537 scripsisti
1292 2466 1437 2537 quod
1494 2466 1620 2520 inde
1669 2481 1886 2521 causam
1934 2481 2095 2536 quam

498 2556 680 2612 nescis
708 2555 1043 2628 investigare
1069 2561 1120 2609 et
1149 2554 1280 2608 mihi
1319 2553 1642 2608 remandare
1671 2553 1895 2618 debeas,
1931 2552 2096 2608 timeo

497 2657 600 2714 pro
631 2650 682 2698 te
711 2659 780 2698 ne
809 2643 947 2699 sicut
977 2643 1090 2711 jam
1136 2641 1312 2697 fecisti
1349 2649 1406 2695 ut
1443 2641 1616 2696 victor
1651 2641 1706 2694 in
1749 2640 2094 2695 contentione

501 2731 764 2788 videreris
810 2731 1029 2800 quando
1072 2737 1260 2785 contra
1300 2745 1511 2784 sacram
1552 2727 1926 2784 auctoritatem
1972 2727 2092 2782 cui-

497 2819 622 2873 dam
673 2819 892 2873 decreto
951 2817 1280 2887 pernicioso,
1329 2825 1388 2870 ut
1436 2816 1651 2885 dicitur,
1704 2815 2088 2884 subscripsisti,

497 2913 552 2960 et.
577 2905 808 2961 clericos
837 2919 902 2959 ac
929 2905 1282 2974 presbyteros
1309 2903 1582 2974 parochiaa
1611 2911 1716 2956 tua:
1747 2902 2091 2957 subscribere

495 2991 688 3057 fecisti,
736 2999 788 3045 te
825 2991 894 3045 de
937 3005 1104 3046 causa
1147 2991 1303 3058 hujus
1352 2989 1598 3044 ecclesiae
1635 2989 1690 3042 in
1726 2989 1908 3059 aliquo
1951 3005 2088 3042 nau-

495 3077 700 3150 frages,
732 3085 785 3132 et
803 3077 938 3132 alios
967 3085 1144 3132 tecum
1169 3076 1541 3147 irregularitar
1571 3076 1834 3148 colligatis
1857 3085 1914 3132 ut
1943 3076 2092 3132 evin-

493 3179 608 3231 cas,
639 3165 697 3218 in
721 3163 1064 3236 naufragium
1101 3164 1285 3219 ducas.
1335 3164 1489 3219 Unde
1518 3164 1760 3219 obtestor
1791 3173 1844 3218 et
1891 3179 2089 3218 moneo

495 3260 546 3308 te
593 3269 692 3324 per
743 3259 983 3308 sanctam
1031 3259 1084 3307 et
1127 3251 1548 3322 inseparabilem
1597 3251 1756 3306 unius
1797 3251 2090 3306 divinitatis

491 3340 824 3406 Trinitatem,
867 3347 920 3395 et
971 3355 1072 3409 per
1118 3339 1392 3395 Christum
1434 3340 1622 3395 Jesum
1669 3340 2089 3410 Redemptorem

491 3437 758 3495 nostrum,
783 3435 836 3483 et
854 3443 955 3498 per
978 3427 1212 3499 gratiam
1243 3427 1475 3498 Spiritus
1505 3427 1695 3492 sancti,
1731 3427 1822 3498 qui
1855 3427 2087 3482 maxime

489 3514 548 3569 in
575 3515 1007 3572 ordinationibus
1045 3520 1322 3584 operatur,
1366 3530 1528 3584 quem
1557 3529 1658 3584 per
1685 3513 2088 3584 impositionem

489 3617 744 3657 manuum
775 3618 1016 3657 mearum
1069 3601 1369 3672 accepisti;
1402 3609 1455 3656 et
1481 3617 1581 3670 per
1601 3601 1832 3672 gloriam
1881 3609 2086 3656 sanctae

489 3690 592 3744 Dei
649 3689 925 3762 genitricis
963 3695 1016 3744 et
1057 3705 1275 3760 semper
1329 3687 1554 3758 virginis
1605 3689 1806 3756 Mariae,
1875 3703 1940 3743 ac
1989 3704 2087 3758 per

487 3777 687 3838 electos
735 3777 837 3832 Dei
884 3776 1131 3846 angelos,
1175 3783 1228 3830 et
1265 3790 1364 3844 per
1401 3775 1546 3829 beati
1596 3775 1828 3846 Remigii
1870 3775 2078 3842 merita,

487 3871 542 3919 et
568 3863 1044 3933 metropolitanam
1081 3861 1449 3916 auctoritatem
1481 3861 1660 3916 eidem
1686 3861 2083 3931 praedecessori

487 3965 630 4018 meo,
665 3957 718 4004 et
747 3950 802 4003 in
832 3950 949 4016 ejus
981 3947 1323 4004 successione
1364 3949 1617 4002 divinitus
1645 3948 1777 4002 mihi
1806 3948 2077 4016 collatam,

481 4045 541 4092 ut
574 4043 763 4090 contra
791 4036 947 4107 leges
976 4050 1112 4106 quas
1142 4035 1408 4091 catholica
1439 4043 1490 4090 et
1514 4036 1814 4105 apostolica
1839 4036 2080 4092 Ecclesia

483 4137 552 4180 ex
608 4123 827 4194 antiquo
887 4124 1188 4178 servandas
1245 4123 1500 4194 suscepit,
1548 4132 1846 4195 contraque
1897 4139 2079 4180 sacros

481 4217 794 4267 sanctorum
857 4209 1214 4266 conciliorum
1269 4226 1508 4266 canones
1565 4219 1618 4266 et
1666 4213 1886 4266 decreta
1933 4212 2078 4267 sedis

479 4299 737 4356 Romanae
759 4297 1071 4370 pontificum
1103 4299 1170 4354 de
1199 4299 1367 4354 sacris
1395 4299 1691 4364 ordinibus,
1726 4307 1778 4354 et
1805 4315 2075 4356 canonum

2205 1860 2388 1919 sator;
2423 1853 2508 1908 dic
2548 1855 2692 1924 apud
2738 1869 2901 1926 quem
2945 1861 2996 1909 te
3047 1861 3326 1910 accusator
3359 1855 3811 1920 accusat;dicin

2205 1955 2311 2010 quo
2341 1940 2582 2012 regulari
2614 1940 2820 2010 judicio
2849 1950 2902 1996 te
2943 1949 3200 2007 accusat;
3236 1942 3324 1996 dic
3351 1942 3420 1996 de
3465 1943 3670 2013 quibus
3699 1943 3808 1998 cri-

2201 2027 2436 2082 minibus
2480 2036 2532 2082 te
2573 2037 2859 2084 accusator
2904 2037 3162 2095 accusat;
3195 2029 3280 2084 dic
3310 2030 3378 2084 de
3427 2047 3537 2101 quo
3581 2031 3808 2086 crimine

2200 2123 2492 2184 accusator
2521 2116 2652 2187 egit,
2687 2117 2835 2187 quod
2871 2117 3111 2186 probare
3137 2133 3247 2172 non
3279 2117 3466 2184 valuit,
3499 2127 3560 2172 ut
3589 2119 3668 2174 ad
3699 2135 3804 2175 cae-

2199 2208 2319 2255 tera
2361 2203 2476 2270 jam
2525 2219 2634 2258 non
2671 2204 3034 2258 admittatur:
3077 2205 3510 2276 quotiescunque
3557 2207 3712 2260 enim
3756 2215 3804 2263 te

2198 2291 2616 2359 metmpolitana
2657 2291 2980 2347 auctoritate
3031 2308 3320 2358 monuero,
3351 2293 3439 2348 cui
3479 2309 3585 2363 per
3616 2309 3806 2350 sacros

2198 2391 2437 2432 canones
2487 2377 2778 2433 commissa
2809 2387 2894 2434 est
2941 2379 3254 2436 sollicitudo
3303 2380 3460 2436 totius
3507 2381 3806 2451 provincia

2196 2463 2266 2518 de
2292 2463 2378 2518 his
2399 2481 2500 2534 pro
2531 2466 2729 2536 quibus
2761 2466 2830 2520 ad
2849 2483 2937 2522 me
2968 2467 3036 2522 de
3053 2475 3148 2521 tua
3179 2467 3436 2537 parochia
3456 2468 3553 2538 qui
3582 2470 3804 2540 negotia

2191 2550 2446 2606 videntur
2473 2553 2675 2608 habere
2705 2562 3054 2621 concurrunt,
3097 2571 3315 2625 semper
3353 2564 3648 2612 accusator
3679 2565 3798 2612 tuus

2193 2637 2441 2692 existam.
2493 2639 2563 2694 Et
2607 2655 2732 2695 cum
2775 2639 2994 2713 longius
3043 2657 3076 2698 a
3123 2649 3178 2696 te
3239 2651 3524 2712 separatus
3565 2659 3798 2714 corpore

2191 2723 2366 2795 fuero,
2391 2735 2445 2781 et
2466 2727 2649 2782 verbis
2669 2729 2756 2783 vel
2779 2728 2973 2784 litteris
2989 2737 3040 2784 te
3059 2745 3344 2800 monuero,
3367 2746 3468 2800 pro
3478 2740 3800 2788 accusatore

2191 2819 2284 2867 tuo
2309 2813 2376 2868 de
2394 2814 2714 2870 criminibus
2735 2816 2792 2870 in
2807 2815 3014 2884 judicio
3029 2817 3276 2889 regulari
3302 2819 3552 2874 tenebor.
3577 2819 3802 2891 Regulae

2191 2915 2428 2972 namque
2475 2903 2663 2958 dicunt
2708 2904 2854 2975 apud
2899 2921 3060 2976 quem
3088 2913 3140 2960 et
3179 2905 3409 2976 qualiter
3453 2907 3798 2962 accusandus

2191 2989 2481 3060 episcopus
2518 2990 2715 3046 debeat
2761 2993 3032 3060 accusari,
3066 3000 3119 3047 et
3164 2993 3280 3062 ubi,
3313 3001 3367 3048 et
3406 2993 3666 3066 qualiter,
3715 2995 3798 3052 vel

2191 3091 2226 3130 a
2253 3076 2453 3147 quibus
2481 3077 2680 3134 debeat
2719 3079 2986 3147 judicari;
3020 3087 3074 3134 et
3115 3080 3326 3152 quoties
3366 3081 3464 3135 tibi
3501 3083 3794 3140 ostendero
3835 3103 3838 3106 ·

2189 3178 2288 3234 per
2313 3171 2622 3220 sanctarum
2674 3165 3076 3238 Scripturarum
3106 3167 3402 3235 tramitem,
3435 3177 3488 3223 et
3520 3185 3796 3226 sacrarum

2188 3251 2503 3322 regularum
2524 3253 2900 3310 auctoritatem
2918 3254 2974 3308 in
2992 3255 3188 3326 quibus
3205 3255 3444 3324 excedis,
3461 3253 3687 3328 Semper
3701 3267 3794 3314 tea

2186 3355 2274 3394 me
2313 3339 2707 3412 irregulariter,
2771 3341 2978 3398 scilicet
3021 3342 3230 3414 absque
3265 3343 3508 3416 regulari
3541 3345 3793 3402 videlicet

2187 3427 2438 3495 synodali
2450 3428 2677 3495 judicio,
2697 3427 2994 3496 judicatum
3007 3431 3320 3486 causaberis
3336 3449 3349 3484 :
3365 3431 3637 3486 Dominus
3648 3433 3788 3489 enim

2185 3512 2315 3568 dicit
2333 3513 2388 3566 in
2407 3515 2711 3587 Evangelia
2729 3533 2741 3569 :
2758 3517 3007 3572 Audistis
3022 3520 3154 3589 quia
3170 3517 3386 3574 dictum
3407 3523 3491 3575 est
3509 3523 3782 3593 antiquis,

2185 3601 2307 3656 Non
2340 3601 2554 3658 occides
2573 3622 2592 3670 ,-
2611 3606 2708 3674 qui
2719 3607 2912 3660 autem
2946 3605 3213 3661 occiderit
3229 3622 3358 3662 reus
3389 3607 3500 3662 erit
3517 3608 3741 3678 judicio
3768 3629 3786 3663 :

2185 3703 2278 3758 ego
2297 3693 2491 3744 autem
2509 3691 2630 3746 dico
2660 3692 2806 3747 vobis
2829 3693 2961 3764 quia
2981 3693 3166 3749 omnis
3189 3695 3285 3761 qui
3324 3696 3601 3752 irascitur
3615 3697 3786 3766 fratri

2182 3790 2280 3830 suo
2302 3777 2426 3832 sine
2445 3794 2635 3846 causa,
2659 3794 2791 3834 reus
2815 3780 2926 3835 erit
2937 3781 3153 3851 judicio
3176 3782 3395 3850 (Matth.
3419 3783 3500 3852 v),
3532 3791 3642 3839 etc.

2251 3863 2320 3916 Et
2367 3863 2510 3918 sacri
2559 3879 2797 3920 canones
2849 3883 3228 3938 saepenumero
3279 3867 3470 3924 dicunt
3516 3887 3530 3924 :
3567 3871 3626 3925 Si
3665 3869 3778 3943 quis

2177 3957 2378 4019 praeter
2427 3951 2542 4006 haec
2585 3951 2806 4020 fecerit,
2875 3954 3034 4024 quasi
3089 3963 3280 4010 contra
3337 3972 3601 4028 magnum
3652 3973 3776 4014 con-

2178 4035 2361 4091 cilium
2391 4054 2450 4092 se
2481 4037 2734 4106 eﬁ‘erens,
2797 4039 2915 4111 ipse
2947 4041 3014 4096 de
3063 4042 3352 4098 clericatus
3392 4044 3602 4101 honore
3633 4046 3776 4117 peri-

2181 4123 2478 4179 clitabitur.
2509 4127 2580 4180 Et
2609 4127 2830 4182 decreta
2873 4136 3074 4184 sanctae
3101 4131 3247 4185 sedis
3277 4131 3541 4188 Romanae
3569 4131 3776 4204 pontiﬁ-

2177 4224 2302 4266 cum
2335 4211 2439 4267 hoc
2468 4229 2631 4268 sensu
2661 4213 2847 4269 dicunt
2873 4231 2886 4270 :
2930 4216 2988 4270 Si
3017 4216 3138 4287 quis
3169 4216 3398 4272 fratrum
3431 4229 3624 4275 contra
3669 4222 3774 4276 huc

2178 4298 2466 4352 constituta
2495 4301 2680 4356 venire
2711 4302 3018 4369 tentaverit,
3067 4311 3116 4358 et
3147 4305 3424 4374 prohibita
3469 4305 3636 4364 fuerit
3679 4325 3771 4363 au-

475 4387 820 4459 promulgata
877 4386 1176 4457 disciplinis
1234 4385 1302 4441 de
1361 4403 1525 4442 causa
1587 4387 1850 4443 Ecclesiae
1905 4387 2074 4457 ipsius
2103 4383 2156 4444 D
2181 4400 2276 4439 sus
2307 4385 2613 4454 admittere,
2658 4403 2692 4442 a
2723 4404 2821 4444 suo
2876 4406 2936 4444 se
2965 4391 3189 4446 noverit
3230 4391 3406 4448 ofﬁcio
3441 4393 3770 4452 submoven-

477 4489 590 4530 non
643 4474 842 4544 facias,
901 4474 998 4528 sed
1055 4474 1172 4528 sine
1230 4473 1342 4528 ullo
1403 4474 1719 4544 prazjudicio
1743 4517 1757 4541 ,
1819 4482 2074 4546 quantum

479 4571 628 4626 Deus
677 4571 773 4625 tibi
828 4570 972 4626 scire
1029 4577 1082 4625 et
1130 4585 1294 4640 posse
1352 4570 1580 4636 dederit,
1638 4571 1780 4642 quod
1825 4572 1968 4640 juste
2023 4579 2076 4626 et

475 4659 870 4714 rationabiliter
926 4656 1156 4729 videris.
1186 4657 1520 4727 exsequaris,
1573 4667 1626 4712 et
1673 4673 1782 4712 non
1825 4659 2073 4730 negligas

475 4753 564 4810 vel
615 4753 976 4823 parvipendas
1037 4767 1172 4823 rogo
1235 4753 1376 4808 hanc
1441 4753 1856 4808 obtestationem
1907 4754 2072 4822 justi-

479 4848 554 4902 tia
609 4855 662 4902 et
708 4848 913 4903 ratione
972 4855 1134 4918 atque
1191 4847 1501 4902 auctoritate
1548 4847 1787 4917 plenam,
1846 4848 1973 4919 quia
2025 4847 2073 4901 si

475 4942 627 5014 potui
672 4951 896 5014 propter
938 4943 1296 4998 ministerium
1353 4943 1485 4997 mihi
1531 4943 1784 4998 collatum
1842 4959 2072 5000 exorare

475 5039 649 5095 Deum
701 5053 802 5110 per
863 5039 1217 5094 humilitatem
1271 5047 1330 5094 ut
1385 5047 1440 5092 tu
1495 5055 1592 5108 per
1666 5039 2070 5111 impositionem

475 5151 732 5190 manuum
761 5150 1003 5189 mearum
1026 5133 1184 5189 fieres
1215 5134 1496 5189 ordinatus
1515 5134 1821 5205 episc0pus,
1845 5152 2069 5207 possum

476 5239 530 5287 et
557 5233 732 5287 debeo
778 5229 974 5287 eodem
1017 5229 1318 5285 ministerio
1349 5239 1400 5284 te
1428 5231 1690 5286 obtestari
1737 5247 1835 5303 per
1875 5241 2068 5289 aucto-

475 5325 684 5380 ritatem
715 5335 770 5381 ut
799 5325 962 5381 facias
993 5324 1138 5396 quod
1179 5324 1356 5378 facere
1385 5325 1547 5380 debet
1589 5327 1896 5398 episcopus,
1931 5328 2068 5386 sicut

475 5427 529 5475 et
557 5421 751 5474 Paulus
781 5423 1078 5476 obtestatus
1105 5428 1186 5476 est
1227 5421 1579 5476 Timothaaum
1609 5437 1643 5476 a
1672 5438 1732 5477 se
1761 5423 2066 5479 ordinatum

475 5513 809 5586 episcopum,
843 5521 907 5572 ut
923 5532 1039 5572 non
1063 5516 1356 5572 declinans
1386 5517 1450 5571 in
1479 5519 1658 5574 aliam
1672 5521 1912 5587 partem,
1943 5522 2066 5576 sine

2173 4471 2322 4527 dum.
2371 4474 2440 4528 Et
2481 4482 2538 4528 ut
2593 4475 2686 4529 tibi
2733 4478 3056 4532 ostendatur
3113 4479 3170 4534 in
3199 4479 3396 4550 quibus
3425 4491 3618 4538 contra
3657 4485 3766 4538 hac

2173 4559 2313 4632 agis,
2353 4561 2619 4617 sustinere
2651 4579 2762 4618 non
2791 4573 2967 4635 potes,
3005 4566 3102 4621 sed
3137 4582 3356 4638 semper
3379 4575 3433 4623 te
3449 4569 3762 4642 irregulari-

2171 4654 2255 4701 ter
2279 4647 2578 4715 judicatum
2608 4651 2877 4720 quereris,
2912 4661 2965 4708 et
2991 4653 3208 4709 laboras
3243 4657 3544 4726 quarendo
3573 4658 3762 4713 nodum

2171 4733 2226 4789 in
2270 4735 2465 4807 scirpo,
2537 4746 2591 4792 et
2624 4738 2768 4792 unde
2811 4746 2961 4794 tuam
3005 4741 3323 4812 sapientiam
3359 4743 3595 4814 jactitas,
3643 4744 3760 4800 inde

2169 4822 2347 4892 magis
2379 4823 2658 4879 stultitiam
2695 4834 2984 4897 monstras,
3003 4843 3122 4883 cum
3164 4829 3307 4884 dicat
3335 4833 3630 4901 Apostolus
3661 4849 3672 4887 :
3707 4833 3758 4889 Si

2168 4911 2290 4980 quis
2319 4911 2438 4965 vult
2471 4913 2625 4968 inter
2651 4929 2742 4970 vos
2773 4917 2997 4986 sapiens
3023 4917 3169 4984 ﬁeri,
3203 4918 3417 4973 stultus
3454 4921 3560 4988 ﬁat
3595 4924 3658 4975 ut
3685 4922 3756 4974 sit

2168 4999 2392 5068 sapiens
2407 4999 2456 5066 (Ι
2484 4999 2606 5056 Cor.
2629 5003 2736 5070 III).
2761 5001 2829 5056 Et
2847 5001 3100 5058 Salomon
3127 5003 3254 5060 dicit
3287 5021 3299 5057 :
3327 5006 3432 5072 Qui
3459 5009 3754 5080 impatiens

2167 5088 2252 5139 est
2264 5087 2486 5142 exultat
2497 5089 2810 5146 stultitiam
2821 5105 3006 5160 suam,
3022 5095 3078 5146 et
3095 5092 3189 5163 qui
3205 5094 3623 5164 increpatione:
3641 5094 3752 5150 odit

2166 5175 2441 5228 morietur
2462 5174 2645 5242 (Prov.
2677 5176 2798 5246 xxv)
2825 5195 2839 5244 ;
2869 5185 2954 5232 et:
2989 5179 3110 5234 Non
3139 5183 3296 5234 amat
3319 5183 3594 5251 pestilens
3627 5198 3748 5236 eum

2165 5260 2260 5331 qui
2282 5277 2338 5314 se
2361 5263 2619 5332 corripit,
2644 5279 2747 5318 nec
2769 5280 2900 5319 cum
2918 5266 3264 5336 sapientibus
3284 5268 3549 5337 graditur
3574 5270 3745 5338 (Prov.

2165 5348 2299 5416 xv);
2327 5355 2412 5402 et:
2443 5350 2623 5404 Filius
2651 5351 2876 5420 sapiens
2899 5351 3160 5408 doctrina
3183 5356 3403 5423 patris;
3439 5357 3534 5428 qui
3565 5360 3746 5422 autem

2163 5435 2366 5490 illusor
2394 5439 2496 5503 est,
2535 5454 2650 5493 non
2681 5439 2846 5493 audit
2872 5455 3002 5494 cum
3031 5441 3294 5511 arguitur
3321 5441 3506 5512 (Prov.
3537 5442 3667 5512 xm);
3694 5447 3744 5496 et

2161 5521 2330 5578 Auris
2347 5539 2467 5594 qua:
2488 5525 2651 5580 audit
2672 5525 3086 5596 increpatio-nes
3108 5529 3324 5600 vitte,i-n
3343 5531 3523 5588 medio
3539 5531 3738 5600 sapien-
