4056 6178
275 266 380 320 561

995 262 1239 321 OPUSC.
1297 264 1390 320 ΕΤ
1438 265 1660 322 EPIST.
1717 267 1794 322 IN
1838 264 2066 321 CAUSA
2120 264 2462 321 HINCMARI
2515 265 2821 324 LAUDUN.

3473 271 3578 326 562

275 391 405 443 tum
436 387 893 443 commorabitur.
921 386 1025 453 Qui
1054 388 1258 458 abjecit
1285 388 1667 461 disciplinam,
1689 390 1876 463 despi-
1903 388 1960 449 A
1986 388 2255 459 Ephraim
2283 389 2465 445 vitula
2495 389 2657 447 docta
2677 390 2907 462 diligere
2932 392 3204 447 trituram
3224 391 3369 463 (0se.
3400 392 3485 462 χ).
3508 393 3579 448 Et

272 476 361 531 cit
377 477 637 530 animam
657 490 823 529 suam
843 494 862 541 ;
883 475 979 546 qui
998 479 1192 529 autem
1211 477 1517 547 acquiescit
1534 477 1876 549 increpatio-

271 563 468 630 nibus,
488 577 771 634 possessor
790 565 876 617 est
905 561 1086 617 cordis
1107 562 1288 630 (Prov.
1310 562 1448 633 xv),-
1470 571 1555 619 et:
1584 564 1687 632 Qui
1706 565 1879 619 medi-

273 653 455 705 tatur-
471 649 801 714 discordias,
832 649 1019 721 diligit
1052 650 1236 718 rixas,
1257 654 1313 705 et
1333 652 1428 722 qui
1448 656 1710 722 provocat
1732 654 1869 719 iras,

265 737 542 809 producit
571 737 882 792 discordias
905 736 1086 808 (Prov.
1120 737 1261 808 xxx)
1282 745 1402 805 ,-et:
1425 738 1529 806 Qui
1561 741 1788 795 exaltat
1816 756 1874 795 os

266 841 466 893 suum,
502 826 704 897 quaerit
738 826 970 880 ruinam
987 825 1169 893 (Prov.
1192 826 1334 894 xvn)
1359 846 1377 892 ;
1400 833 1453 880 et
1476 843 1490 879 :
1513 827 1632 883 Non
1673 830 1874 900 recipit

266 915 493 969 stultus
509 913 673 969 verba
687 913 1028 985 prudentiae,
1052 915 1168 968 nisi
1187 929 1255 969 ea
1273 914 1491 969 dixeris
1511 931 1632 986 qua:
1652 931 1875 971 versan-

269 1005 374 1057 tur
391 1002 459 1055 in
479 1001 645 1057 corde
671 1002 793 1069 eius
810 1000 992 1069 (Prov.
1019 1000 1183 1072 xvm)
1203 1021 1223 1068 ;
1241 1008 1327 1057 et:
1364 1002 1559 1058 Vidisti
1588 1002 1873 1061 hominem

190 1106 199 1129 ι
265 1091 594 1160 sapientem
614 1088 720 1143 sibi
734 1088 930 1156 videri,
953 1088 1133 1159 magis
1154 1090 1255 1144 illo
1291 1105 1447 1161 spem
1481 1089 1702 1145 habebit
1720 1092 1871 1145 stul-

267 1187 365 1231 tus
381 1177 572 1247 (Prov.
596 1174 762 1246 xxvr)
785 1183 876 1241 ;et
900 1193 913 1229 :
937 1176 1181 1248 Expedit
1208 1179 1387 1248 magis
1418 1194 1565 1232 ursae
1580 1193 1872 1235 occurrere

264 1265 456 1335 raptis
475 1264 720 1334 fletibus,
753 1279 928 1334 quam
945 1266 1108 1334 fatuo
1127 1265 1235 1319 sibi
1254 1265 1560 1333 conﬁdenti
1593 1268 1655 1321 in
1670 1268 1875 1322 stulti-

268 1354 356 1407 tia
375 1368 486 1407 sua
508 1353 689 1421 (Prov.
708 1352 853 1420 xvn)
878 1368 893 1417 ;
917 1358 969 1405 et
988 1368 1002 1404 :
1030 1352 1254 1407 Stultus
1286 1352 1493 1408 irridet
1507 1353 1871 1426 disciplinam

263 1441 457 1511 patris
500 1439 593 1494 sui
617 1456 630 1492 :
657 1440 753 1507 qui
790 1442 982 1494 autem
1002 1439 1253 1494 custodit
1270 1440 1687 1511 increpationes
1706 1446 1870 1498 astu-

264 1528 385 1581 tior
402 1527 507 1595 ﬁet
523 1527 708 1597 (Prov.
723 1526 846 1593 xv).
864 1526 1073 1581 Deinde
1096 1534 1217 1597 post
1232 1526 1543 1598 plurimum,
1563 1544 1674 1585 non
1694 1530 1871 1585 solum

263 1612 509 1683 inutilia,
546 1614 645 1669 sed
692 1621 746 1668 et
790 1612 938 1668 fatua
980 1613 1160 1669 adhuc
1204 1615 1503 1685 pervenisti
1530 1624 1588 1670 ut
1616 1617 1867 1686 diceres;

1978 475 2107 530 item
2142 494 2154 529 :
2185 477 2455 548 Ephraim
2484 479 2652 549 panis
2703 479 3109 535 subcinericius
3138 480 3233 551 qui
3279 496 3575 552 nunquam

1974 564 2458 632 reversatur(0se.
2483 567 2605 635 vn).
2632 564 2841 621 Deinde
2863 566 3031 623 dicis:
3062 589 3083 614 α
3108 567 3259 639 Ergo
3280 566 3574 637 capitulm

1977 650 2124 721 quod
2155 666 2220 704 ex
2267 652 2634 722 Augustorum
2677 661 2990 709 nostrorum
3029 653 3170 708 libro
3200 653 3351 725 quasi
3382 661 3571 710 contra

1973 754 2062 792 me
2092 737 2237 809 quod
2268 738 2381 810 agit
2411 755 2512 809 pro
2558 756 2648 795 me
2690 740 3069 796 detruncatum
3113 741 3392 811 posuistis,
3424 741 3570 797 inte-

1973 841 2132 897 grum
2170 825 2449 892 resumite,
2481 851 2502 875 υ
2526 842 2633 882 non
2674 834 2755 882 est
2784 844 3005 895 verum;
3030 828 3411 885 detruncatum
3435 829 3569 884 illud

1973 911 2265 983 capitulum
2285 914 2501 986 regium
2534 914 2630 968 tibi
2647 929 2754 969 non
2771 916 2893 970 misi
2918 934 2930 969 :
2954 931 3062 970 non
3094 916 3238 971 enim
3269 916 3361 971 ille
3400 916 3568 972 cleri-

1972 1017 2069 1056 cus
2096 1016 2268 1069 meus,
2299 1010 2389 1055 aut
2437 1009 2581 1069 tuus,
2610 1002 2697 1057 vel
2741 1003 2969 1072 alicujus
3017 1011 3100 1058 est
3137 1003 3296 1059 liberi
3334 1004 3570 1059 hominis

1973 1103 2201 1155 servus;
2259 1096 2313 1143 et
2365 1088 2488 1144 ideo
2540 1090 2687 1160 quod
2739 1090 3032 1161 capitulum
3081 1091 3213 1145 illud
3264 1091 3332 1146 de
3391 1091 3566 1146 servis
3634 1106 3645 1121 ·

1972 1175 2333 1247 quorumlibet
2379 1176 2523 1241 dicit,
2584 1192 2694 1231 non
2741 1178 2916 1247 posui,
2951 1179 3079 1249 quia
3106 1179 3174 1233 ad
3210 1178 3369 1233 istum
3401 1178 3567 1234 cleri-

1972 1278 2094 1316 cum
2126 1278 2233 1317 non
2263 1262 2582 1333 pertinebat.
2618 1262 2753 1331 Quia
2784 1281 2911 1321 vero
2935 1266 3066 1320 mihi
3088 1274 3140 1321 et
3163 1282 3273 1321 non
3298 1267 3393 1321 tibi
3422 1282 3566 1323 com-

1970 1349 2152 1405 missae
2206 1351 2453 1406 ecclesiae
2509 1366 2698 1406 servus
2758 1360 2859 1418 est,
2923 1354 3067 1423 quod
3114 1355 3182 1408 de
3239 1354 3569 1410 ecclesiasti-

1970 1437 2051 1492 cis
2106 1438 2280 1492 servis
2335 1438 2466 1492 illud
2538 1438 2835 1509 capitulum
2910 1440 3057 1507 dicit,
3115 1441 3220 1496 hoc
3276 1442 3370 1496 tibi
3426 1442 3568 1497 scri-

1969 1524 2074 1596 psi,
2108 1525 2233 1596 quia
2262 1534 2314 1581 et
2343 1527 2449 1581 hoc
2504 1526 2572 1581 ad
2627 1542 2851 1582 causam
2896 1526 3053 1582 istius
3084 1527 3267 1584 clerici
3296 1528 3569 1599 pertinere

1969 1612 2223 1683 cognovi.
2274 1615 2344 1667 Et
2370 1620 2509 1685 post
2557 1614 2659 1668 ista
2698 1615 3050 1686 persequeris
3083 1634 3097 1670 :
3136 1638 3158 1665 «
3192 1616 3363 1685 Hujus
3390 1623 3571 1671 autem

262 1700 396 1773 quia
464 1700 757 1771 capitulum
809 1700 954 1772 quod
999 1709 1188 1757 contra
1235 1710 1289 1757 te
1331 1703 1527 1775 scripsi
1567 1706 1635 1760 de
1692 1705 1868 1776 primo
1899 1699 2192 1791 Bcapituli
2219 1708 2407 1756 tenore
2437 1710 2746 1773 perspecto,
2777 1718 3101 1774 responsum
3129 1702 3198 1759 de
3231 1703 3570 1761 ordinatione

257 1789 405 1844 libro
435 1788 798 1860 capitulorum
827 1788 1166 1859 synodalium
1194 1805 1295 1862 pro
1324 1797 1377 1846 te
1409 1790 1626 1859 faceret,
1661 1801 1718 1848 ut
1746 1794 1865 1850 sine

258 1876 605 1943 auctoritate,
639 1876 726 1932 vel
754 1892 1023 1933 consensu
1068 1878 1450 1949 episcoporum
1478 1880 1782 1953 presbyteri
1810 1882 1867 1936 in

254 1963 594 2035 quibuslibet
638 1963 887 2020 ecclesiis
934 1980 1044 2019 non
1095 1966 1508 2034 constituantur,
1540 1983 1643 2023 nec
1672 1969 1864 2040 expel-

256 2051 459 2107 lantur.
493 2053 559 2106 Et
588 2052 734 2123 quod
763 2052 1093 2121 conjunctim
1123 2053 1178 2107 in
1208 2054 1403 2109 eodem
1450 2055 1679 2111 habetur
1710 2057 1863 2128 capi-

256 2138 392 2205 tulo,
426 2146 484 2194 et
514 2139 611 2194 tibi
648 2139 862 2210 scripsi,
914 2147 1140 2210 propter
1188 2141 1336 2213 quod
1377 2149 1430 2196 et
1477 2144 1859 2213 praecedentia,

253 2233 313 2280 ut
340 2226 621 2297 integrum
651 2226 780 2282 illud
826 2235 1196 2283 monstrarent
1244 2229 1536 2300 capitulum
1571 2232 1863 2287 memorari

254 2313 521 2381 noluisti;
550 2313 757 2370 scilicet
802 2313 850 2369 si
892 2314 1020 2370 laici
1055 2315 1287 2372 clericos
1329 2318 1628 2388 probabilis
1658 2319 1781 2376 vitae
1809 2328 1862 2375 et

257 2401 533 2457 doctrinas
560 2402 832 2473 episcopis
877 2402 1303 2471 consecrandos,
1342 2406 1564 2476 suisque
1593 2407 1646 2460 in
1678 2408 1859 2464 eccle-

251 2489 352 2543 siis
383 2489 798 2544 constituendos
836 2489 1147 2557 obtulerint,
1197 2490 1345 2546 nulla
1384 2493 1624 2564 qualibet
1653 2495 1859 2551 ratione

252 2591 353 2631 eos
385 2576 652 2645 rejiciant.
688 2576 785 2631 Dic
814 2577 937 2648 quis
966 2577 1083 2632 sine
1112 2579 1443 2648 auctoritate,
1487 2580 1573 2635 vel
1602 2588 1694 2637 tuo
1722 2598 1858 2638 con-

252 2679 425 2720 sensu
455 2664 515 2718 in
545 2664 953 2734 Follanaebrayo
993 2666 1318 2721 constituit?
1346 2668 1488 2739 Ego,
1520 2676 1579 2722 ut
1608 2671 1853 2739 praedixi,

252 2750 549 2821 Sigeberto
596 2751 855 2807 clericum
897 2760 1146 2807 nostrum
1192 2755 1461 2820 concessi,
1493 2763 1551 2810 ut
1580 2756 1675 2810 tibi
1705 2758 1857 2812 illum

246 2838 318 2892 ad
368 2838 737 2894 ordinandum
785 2837 1024 2906 oﬂ'erret,
1074 2847 1127 2895 et
1172 2841 1219 2895 si
1266 2842 1420 2896 illum
1458 2842 1709 2899 ordinare
1736 2845 1856 2899 vel-

244 2925 352 2993 les,
384 2942 496 2999 ego
525 2926 601 2981 illi
628 2927 932 2982 libertatem
961 2928 1390 2985 ecclesiasticam
1422 2928 1681 2987 facerem.
1716 2930 1859 2999 Quo-

243 3015 416 3070 modo
465 3029 603 3087 ergo
630 3014 748 3069 sine
778 3023 865 3069 tua
912 3016 1230 3072 auctoritate
1271 3017 1589 3088 Sigebertus
1617 3018 1693 3073 ibi
1722 3035 1854 3089 pre-

239 3102 535 3173 sbyterum
582 3102 862 3158 constituit
898 3105 926 3158 ε)
956 3112 1009 3158 et
1039 3104 1130 3159 ubi
1159 3112 1243 3159 est
1289 3105 1380 3160 ille
1431 3106 1715 3178 presbyter
1733 3108 1761 3160 ?
1788 3108 1857 3163 Et

239 3190 362 3245 Deo
391 3189 603 3261 gratias
624 3190 752 3262 quia
798 3190 937 3246 sicut
962 3190 1018 3245 in
1047 3191 1398 3264 subsequenti
1438 3193 1670 3265 capitulo
1700 3195 1854 3267 regio

239 3285 334 3333 tuo
367 3277 578 3347 scripto
618 3278 824 3333 inserto
869 3278 1071 3348 dixisti,
1123 3294 1231 3335 non
1281 3280 1458 3336 adhuc
1503 3282 1675 3337 habes
1704 3283 1859 3336 illam

237 3373 574 3435 potestatem
621 3366 690 3419 de
738 3365 1043 3436 Sigeberto,
1089 3374 1145 3421 ut
1189 3367 1427 3422 bannum
1457 3370 1672 3441 regium
1702 3370 1849 3424 illum

237 3452 556 3508 rewadiare
602 3468 787 3525 cogas,
835 3462 893 3507 ut
939 3470 1040 3525 per
1083 3454 1433 3523 lidejussores
1488 3457 1558 3511 ad
1597 3457 1849 3528 palatium

237 3540 467 3613 regium
488 3540 678 3596 venire
707 3540 914 3608 facias;
938 3542 1064 3613 quia
1084 3557 1186 3597 nec
1207 3550 1330 3597 tuus
1358 3550 1442 3599 est
1466 3545 1845 3615 parochianus,

235 3644 343 3684 nec
374 3629 449 3683 de
481 3636 575 3683 tuo
632 3628 907 3685 missatico
954 3628 1174 3711 divino,
1207 3630 1295 3685 vel
1333 3631 1590 3699 humano,
1649 3648 1749 3688 nec
1792 3633 1848 3687 in

236 3716 359 3787 ipsa
392 3715 636 3772 ecclesia
661 3717 1044 3788 presbyterum
1091 3726 1282 3773 contra
1325 3719 1694 3774 auctoritatem
1725 3720 1845 3791 epi-

235 3804 534 3875 scopalem
583 3804 895 3872 constituit;
942 3804 1040 3860 sed
1087 3804 1223 3861 forte
1260 3805 1514 3876 impletur
1538 3808 1593 3860 in
1622 3815 1671 3862 te
1700 3809 1846 3879 quod

236 3893 519 3963 scriptum
549 3900 632 3946 est
665 3909 678 3946 :
710 3892 1061 3949 Abominatio
1090 3894 1319 3949 Domini
1356 3899 1441 3950 est
1470 3897 1651 3950 omnis
1680 3914 1845 3952 arro-

228 3996 405 4051 gans,
429 3981 663 4035 etiamsi
681 3996 859 4036 manu
875 3981 949 4037 ad
968 3998 1206 4037 manum
1237 3984 1437 4053 fuerit,
1480 4001 1593 4039 non
1616 3986 1725 4039 erit
1748 3987 1844 4040 in-

229 4084 451 4124 nocens
468 4066 656 4138 (Prov.
674 4067 815 4139 xw),
837 4068 963 4140 quia
984 4069 1030 4123 si
1048 4077 1275 4124 cessata
1305 4070 1658 4141 perversitate
1681 4087 1842 4142 quam

234 4154 469 4226 explere
504 4169 615 4209 non
638 4163 815 4227 potest
830 4154 884 4209 in
906 4157 1240 4227 operatione,
1263 4173 1371 4213 non
1394 4165 1549 4212 vacat
1563 4174 1594 4211 a
1612 4158 1845 4213 malitio-

231 4258 293 4297 sa
308 4242 602 4298 voluntate
619 4260 779 4314 quam
791 4243 1123 4299 desideratsi
1136 4253 1319 4315 posset
1339 4245 1557 4315 explere
1579 4246 1634 4299 in
1653 4262 1838 4317 opere.

306 4330 536 4386 Deinde
561 4330 631 4385 ad
656 4346 744 4386 me
765 4331 915 4387 redis
939 4333 1262 4399 radendum,
1284 4332 1473 4388 dicens
1498 4351 1510 4388 :
1539 4357 1560 4380 «ι
1583 4335 1842 4406 Perquiro

1970 1787 2155 1845 clerici
2211 1789 2379 1845 vestri
2430 1805 2630 1858 meum,
2666 1789 2712 1844 si
2742 1805 2774 1845 a
2803 1807 2891 1846 me
2922 1790 3063 1847 facta
3119 1800 3202 1847 est
3240 1799 3487 1863 tempore
3516 1799 3571 1848 et

1963 1874 2086 1932 loco
2143 1891 2266 1932 cum
2320 1892 2564 1950 congruo
2623 1884 2751 1933 tunc
2808 1879 3070 1934 canonico
3128 1888 3456 1950 exspectate,
3513 1887 3569 1936 et

1962 1962 2175 2020 interea
2228 1965 2297 2020 de
2354 1981 2478 2020 mea
2508 1965 2797 2038 irregulari
2826 1967 3166 2022 ordinatione
3191 1968 3441 2036 judicare
3470 1968 3568 2024 de-

1963 2051 2154 2118 sistite,
2187 2053 2442 2124 quoniam
2469 2060 2755 2109 accusator
2785 2054 2943 2108 simul
2976 2061 3028 2109 et
3051 2055 3219 2123 judex
3248 2071 3360 2110 non
3388 2056 3561 2111 eritis.

1960 2138 2031 2194 Et
2058 2146 2183 2210 post
2215 2140 2510 2211 capitulum
2540 2155 2813 2196 canonum
2842 2142 2910 2196 de
2941 2141 3165 2197 scientia
3193 2142 3352 2211 hujus
3380 2142 3565 2198 clerici

1962 2226 2306 2294 conditionis,
2340 2235 2392 2283 et
2423 2228 2491 2283 de
2536 2227 2975 2301 transgressione
3016 2244 3118 2300 per
3164 2229 3564 2285 ordinationem

1958 2313 2240 2369 inhibitam
2290 2322 2440 2385 patet
2496 2316 2625 2388 quid
2682 2316 3088 2383 decerneretur,
3152 2333 3271 2389 quae
3310 2317 3479 2388 'prius
3518 2317 3571 2372 si

1956 2401 2136 2473 placet
2166 2402 2493 2474 Opponenda
2524 2410 2627 2470 est,
2660 2410 2714 2459 et
2742 2411 2834 2458 aut
2882 2404 3155 2471 confesso,
3189 2413 3283 2460 aut
3312 2405 3563 2461 convicto

1956 2488 2336 2545 inculcandum
2391 2490 2492 2546 erit
2538 2491 2822 2559 judicium.
2886 2491 3045 2561 Quod
3074 2492 3191 2561 jam
3218 2492 3345 2549 licet
3376 2493 3446 2548 de
3476 2509 3565 2549 me
3610 2506 3619 2511 '

1957 2592 2065 2631 non
2095 2577 2362 2643 convicto,
2382 2593 2485 2633 nec
2512 2578 2765 2634 confesso
2793 2579 3000 2651 absque
3030 2580 3144 2634 ulla
3174 2580 3405 2651 synodo,
3441 2580 3559 2635 sine

1956 2663 2066 2718 ulla
2096 2665 2405 2733 hujusmodi
2454 2665 2900 2736 interrogatione,
2934 2674 3025 2722 aut
3055 2666 3429 2737 requisitione,
3463 2674 3555 2721 aut

1953 2751 2210 2822 praesenti
2255 2752 2691 2821 interpellatione
2734 2753 2969 2809 ofﬁcium
3012 2754 3348 2809 accusatoris
3399 2754 3560 2813 simul

1955 2846 2009 2893 et
2059 2838 2278 2906 judicis,
2338 2846 2449 2893 tam
2498 2838 2574 2894 de
2628 2839 2874 2907 absente,
2922 2856 3087 2912 quam
3116 2840 3329 2895 absenti
3358 2840 3559 2911 scripto

1953 2925 2109 2981 vobis
2156 2925 2463 2995 judicantes
2528 2926 2899 2991 exercueritis,
2978 2928 3054 2982 ita
3125 2927 3558 2998 pronuntiando.

1954 3010 2094 3081 Quia
2124 3028 2257 3068 vero
2285 3013 2463 3084 ipsum
2493 3012 2752 3069 clericum
2791 3022 2983 3070 contra
3012 3016 3236 3087 regulas
3266 3015 3547 3085 ordinasti,

1885 3072 2131 3156 θέλοι-ω
2187 3072 2393 3171 regtilae
2472 3100 2846 3157 demonstrant
2921 3072 3183 3158 dicentes.
3220 3123 3244 3153 ν
3303 3103 3374 3157 Et
3424 3072 3553 3159 tunc

1941 3187 2114 3258 .ponis
2165 3188 2459 3260 capitulum
2513 3189 2654 3244 beati
2703 3190 2900 3245 Leonis
2930 3190 3074 3261 quod
3102 3190 3199 3244 tibi
3229 3190 3462 3261 scripsi;
3495 3190 3552 3245 in

1954 3276 2108 3344 cujus
2125 3274 2231 3331 ﬁne
2252 3276 2410 3331 solito
2427 3292 2576 3332 more
2596 3284 2741 3330 tuam
2763 3284 3004 3332 ostentas
3026 3276 3324 3343 scientiam,
3349 3278 3418 3333 de
3439 3293 3549 3349 qua

1952 3369 2215 3418 ostentata
2244 3364 2464 3418 scientia
2492 3371 2601 3428 tua,
2636 3363 2760 3435 quia
2790 3379 2900 3419 non
2946 3371 3029 3419 est
3057 3364 3203 3418 utilis
3233 3365 3320 3419 vel
3348 3379 3548 3420 neces-

1951 3450 2100 3504 saria
2128 3450 2277 3521 loqui
2306 3450 2380 3505 nil
2411 3466 2576 3517 curo;
2609 3451 2737 3523 quia
2767 3452 2902 3506 sicut
2931 3451 3000 3506 de
3041 3450 3431 3507 chamaeleonte
3458 3452 3545 3508 le-

1948 3537 2146 3608 gimus,
2206 3537 2297 3608 qui
2354 3554 2733 3609 quemcunque
2792 3540 3036 3595 colorem
3088 3539 3302 3606 viderit,
3334 3540 3389 3594 in
3417 3556 3544 3595 eum

1948 3624 2298 3691 convertitur,
2352 3624 2423 3680 ita
2478 3632 2535 3680 tu
2590 3626 2833 3682 saliendo
2891 3642 3110 3697 semper
3163 3627 3268 3681 tuis
3296 3626 3429 3698 ipsis
3459 3628 3543 3682 di-

1947 3711 2048 3767 ctis
2102 3711 2374 3767 contraria
2428 3714 2635 3770 vadis..
2693 3712 3146 3785 Quandoquidem
3227 3729 3360 3769 vero
3417 3715 3541 3786 quia

1947 3806 2234 3855 accusator
2278 3799 2438 3855 simul
2486 3810 2539 3857 et
2573 3800 2740 3870 judex
2784 3817 2907 3857 esse
2943 3816 3053 3857 non
3082 3816 3325 3872 possum,
3359 3817 3538 3873 quan-

1945 3886 2237 3959 doquidem
2296 3887 2418 3959 quia
2474 3896 2527 3943 te
2583 3890 2866 3945 absentem
2917 3889 3121 3959 judico,
3179 3889 3453 3945 interdum
3482 3897 3538 3944 ut

1942 3989 2237 4044 personam
2297 3975 2626 4031 accusatoris
2680 3975 2923 4043 induam,
2984 3985 3037 4033 et
3090 3984 3218 4033 tunc
3272 3984 3324 4031 te
3371 3992 3540 4033 accu-

1945 4078 2082 4116 sem.
2138 4062 2443 4135 Aliquando
2500 4064 2646 4135 quod
2703 4064 2820 4119 sine
2874 4065 3086 4135 synodo
3140 4073 3194 4120 te
3230 4065 3456 4135 judicio,
3489 4072 3544 4121 et

1944 4155 2236 4227 aliquando
2293 4158 2439 4230 quod
2494 4159 2612 4214 sine
2669 4160 2879 4230 synodo
2906 4167 2958 4214 te
2982 4161 3226 4229 judicare
3266 4175 3376 4216 non
3406 4176 3539 4231 pos-

1943 4258 2099 4309 sum;
2131 4251 2184 4299 et
2212 4245 2333 4316 quia
2390 4262 2493 4301 nec
2546 4246 2805 4318 intelligis
2861 4262 2961 4301 nec
2991 4245 3306 4302 intellexisti
3335 4248 3537 4302 admit-

1960 4330 2152 4385 tendos
2206 4332 2276 4385 ad
2329 4332 2551 4387 ordines
2605 4347 2793 4387 sacros
2848 4333 3097 4387 servituti
3149 4334 3432 4389 obnoxios.
3480 4337 3550 4399 Et

229 4434 335 4475 cur
364 4435 400 4472 a
429 4424 588 4473 tanto
636 4425 879 4489 tempore
909 4419 977 4475 de
1006 4436 1124 4489 sua,
1175 4420 1304 4491 quin
1344 4421 1451 4476 mei
1490 4420 1677 4477 clerici
1710 4422 1851 4476 irre-
1881 4412 1932 4471 D
1955 4417 2140 4472 multis
2164 4419 2340 4474 modis
2369 4420 2473 4474 hac
2501 4419 2627 4474 illac
2658 4419 2812 4474 vadis
2842 4419 3154 4475 ﬂuctuando
3181 4420 3321 4476 sicut
3340 4421 3547 4477 arundo

227 4506 421 4578 gulari
454 4504 801 4561 ordinatione
832 4523 940 4562 non
971 4507 1293 4579 requisistis.
1324 4531 1346 4556 η
1371 4510 1508 4578 Huc,
1540 4509 1847 4580 respondeo

225 4593 350 4660 tibi,
385 4601 547 4650 certe
585 4593 713 4665 quia
742 4602 903 4649 antea
943 4594 1095 4649 illum
1126 4610 1160 4650 a
1188 4603 1241 4650 te
1271 4596 1577 4650 ordinatum
1606 4612 1715 4651 non
1744 4612 1846 4651 au-
1877 4653 1893 4667 ,

223 4682 362 4747 divi,
384 4681 513 4736 .nisi
544 4689 831 4753 postquam
862 4682 966 4752 ipsi
995 4682 1244 4738 homines
1274 4683 1342 4738 de
1372 4683 1594 4754 praefata
1624 4684 1755 4739 villa
1788 4700 1847 4739 se

223 4769 295 4824 ad
325 4786 422 4824 me
453 4768 890 4824 reclamaverunt
920 4788 935 4824 :
967 4786 1069 4826 nec
1100 4771 1154 4825 in
1184 4771 1459 4827 voluntate
1488 4788 1722 4844 unquam
1753 4773 1848 4826 ha-

226 4857 325 4912 bui
355 4865 422 4911 ut
451 4857 526 4911 de
572 4855 759 4913 illicita
806 4857 1145 4913 ordinatione
1175 4874 1207 4914 a
1237 4866 1289 4914 te
1318 4859 1459 4915 facta
1515 4867 1565 4915 te
1607 4877 1847 4932 unquam

225 4945 317 5000 vel
380 4958 624 5016 usquam
676 4944 1016 5014 impeterem.
1077 4947 1325 5018 Denique
1380 4947 1517 5003 dicis
1566 4966 1579 5003 :
1634 4970 1654 4998 α
1693 4949 1846 5003 Prius

222 5041 349 5088 erat
400 5032 607 5087 modus
654 5031 1013 5088 ordinationis
1056 5035 1511 5104 cognoscendus;
1545 5045 1597 5090 et
1644 5036 1721 5090 sic
1757 5044 1848 5090 aut

221 5120 527 5176 ordinator
556 5127 647 5174 aut
675 5120 957 5176 ordinatus
980 5122 1105 5190 jure
1136 5122 1482 5191 judicandus,
1516 5132 1604 5177 aut
1632 5123 1847 5195 utrique

219 5207 513 5265 canonico
543 5207 879 5277 percellendi
909 5209 1172 5264 cauterio.
1204 5234 1224 5257 »
1257 5211 1373 5274 Dic,
1407 5210 1568 5265 frater
1591 5228 1603 5264 :
1630 5210 1764 5279 Quis
1797 5220 1848 5268 te

212 5295 553 5365 judicavit?
582 5303 637 5350 et
663 5295 721 5349 in
753 5312 861 5367 quo
892 5297 1127 5368 regulari
1151 5297 1355 5366 judicio
1393 5298 1519 5352 inde
1549 5313 1608 5352 es
1630 5298 1847 5367 judica-

216 5391 334 5450 tus,
371 5382 470 5438 vel
505 5382 859 5454 compellatus
892 5402 906 5438 :
932 5385 1031 5439 sed
1060 5399 1170 5440 non
1197 5384 1390 5439 mirum
1421 5393 1504 5442 est
1534 5386 1678 5457 quod
1708 5387 1845 5458 agis,

218 5470 369 5529 facis
401 5470 555 5528 enim
584 5478 642 5529 ut
672 5470 815 5529 soles
873 5472 1018 5544 quod
1073 5471 1277 5545 diligis.
1336 5472 1478 5529 Dicit
1521 5473 1798 5546 Scriptura
1832 5491 1844 5532 :

1944 4522 1975 4559 a
2005 4513 2167 4559 vento
2227 4506 2448 4577 agitata,
2510 4506 2762 4562 videlicet
2820 4507 3002 4563 animo
3058 4507 3371 4575 ﬂuctuante,
3416 4508 3541 4580 quia

1944 4591 2146 4646 nullius
2176 4594 2455 4662 gravitatis
2485 4595 2727 4666 pondere
2757 4611 2818 4650 es
2847 4595 3137 4650 stabilitus.

2017 4688 2166 4744 Dicis
2195 4689 2358 4744 etiam
2412 4708 2500 4748 me
2556 4710 2832 4764 exponere
2857 4694 3149 4765 capitulum
3179 4694 3375 4750 Leonis
3407 4694 3545 4751 sicut

1945 4776 2090 4847 volo,
2124 4777 2222 4833 sed
2252 4794 2361 4834 non
2402 4780 2539 4836 sicut
2566 4789 2641 4849 tu,
2674 4782 2779 4838 hoc
2808 4782 3035 4853 promis,
3070 4783 3165 4837 sed
3192 4782 3330 4839 sicut
3360 4800 3420 4839 se
3450 4798 3541 4839 res

1943 4866 2107 4921 habet
2133 4882 2326 4922 verum
2383 4867 2519 4924 dicis
2552 4886 2565 4923 ε
2599 4870 2677 4925 sic
2707 4870 2849 4924 enim
2880 4869 3031 4925 illum
3072 4886 3286 4941 expono
3314 4879 3369 4926 ut
3398 4872 3544 4940 volo,

1947 4954 2075 5025 quia
2107 4954 2186 5011 sic
2216 4954 2367 5009 illum
2413 4972 2625 5026 expono
2673 4965 2731 5011 ut
2777 4957 2971 5025 debeo,
3019 4958 3144 5029 quia
3169 4958 3247 5014 sic
3276 4959 3427 5013 illum
3457 4958 3545 5013 in-

1947 5041 2133 5115 telligo
2180 5042 2317 5098 sicut
2363 5043 2441 5097 illi
2489 5059 2614 5099 eum
2658 5044 3035 5100 intellexerunt
3080 5045 3174 5118 qui
3211 5045 3267 5100 in
3295 5045 3547 5117 capitulis

1946 5130 2301 5200 synodalibus
2357 5131 2427 5185 de
2484 5130 2839 5204 ecclesiarum
2884 5132 3082 5199 servis,
3114 5141 3173 5188 ut
3203 5132 3299 5188 tibi
3328 5132 3538 5203 scripsi,

1947 5223 1999 5271 et
2023 5217 2156 5270 mihi
2213 5216 2562 5287 rescripsisti,
2621 5217 3017 5286 decreverunt;
3052 5228 3106 5276 et
3164 5220 3303 5275 sicut
3339 5219 3392 5273 in
3422 5219 3544 5290 ipsa

1946 5303 2373 5358 manumissione
2456 5304 2599 5360 servi
2681 5306 3035 5363 ecclesiastici
3102 5308 3543 5376 demonstratur;

1947 5407 2057 5446 non
2085 5391 2229 5445 enim
2261 5392 2402 5447 sacri
2431 5407 2670 5448 canones
2699 5395 3177 5450 manumissionem
3221 5393 3341 5450 ﬁeri
3369 5396 3424 5450 in
3454 5412 3546 5453 ec-

1948 5478 2118 5535 clesia
2146 5479 2216 5535 de
2245 5487 2436 5537 natura
2482 5480 2670 5538 liberis
2701 5482 2770 5537 ab
2799 5484 3216 5554 imperatoribus
3254 5485 3545 5558 petierunt,
