4020 6178
561 282 664 338 563

1449 273 1790 330 HINCMARI
1845 267 2246 327 RHEMENSIS
2299 266 2846 342 ARCHIEPISCOPI.

3741 271 3830 325 εει

563 418 666 460 nec
696 402 920 476 quilibet
967 408 1162 458 natura
1203 397 1362 456 liberi
1387 415 1487 471 per
1515 396 1988 453 manumissionem
2019 393 2234 455 ﬁunt‘A
2255 408 2525 450 consensu
2579 401 2740 465 atque
2790 391 2994 460 judicio
3021 391 3390 449 invenerimus
3427 391 3578 448 salva
3603 406 3754 462 pace.
3783 399 3832 448 et

563 491 712 548 cives
759 490 1005 558 Romani,
1057 490 1152 545 sed
1183 487 1328 544 servi
1356 487 1444 544 vel
1472 485 1842 552 ecclesiastici,
1883 484 1970 540 vel
1997 483 2152 554 regii,

565 579 654 634 vel
684 578 1048 650 quorumlibet
1091 577 1388 632 liberorum
1429 574 1727 629 hominum.
1761 573 1832 628 Et
1867 573 1991 627 ideo
2021 586 2154 626 san-

563 673 681 721 ctus
709 667 818 722 Leo
847 666 900 720 in
930 665 1164 736 capitulo
1209 664 1292 720 sui
1335 663 1541 718 decreti
1583 679 1647 718 ex
1693 661 1986 716 canonibus
2025 675 2154 730 pro-

560 754 803 824 mulgato
849 752 1140 822 constituit,
1166 761 1224 808 ut
1243 751 1403 807 alicui
1423 749 1718 806 conditioni
1739 749 2012 821 obligatus
2044 763 2153 802 non

558 842 854 908 ordinetur,
887 841 990 898 nisi
1019 841 1156 896 forte
1189 856 1374 896 eorum
1415 839 1602 910 petitio
1633 845 1724 892 aut
1771 837 2022 892 voluntas
2052 850 2150 892 ac-

557 929 799 996 cesserit,
833 929 926 1001 qui
953 929 1154 1000 aliquid
1201 928 1304 982 sibi
1331 928 1386 982 in
1415 943 1509 982 eos
1542 926 1816 982 vindicant
1847 923 2147 996 potestatis.

473 1049 494 1070 .
554 1017 805 1086 Quandiu
835 1017 979 1072 enim
1007 1017 1161 1072 fuero
1184 1017 1519 1072 Rhemorum
1548 1014 1856 1085 episcopus,
1889 1011 1944 1066 in
1977 1011 2150 1067 servis

549 1105 712 1174 huius
741 1105 986 1161 ecclesiae
1030 1104 1162 1159 mihi
1204 1111 1530 1176 potestatem
1571 1101 1811 1156 debitam
1839 1099 2146 1166 vindicabo,

550 1200 604 1248 et
633 1192 749 1248 sine
781 1193 1032 1249 libertate
1063 1191 1437 1248 ecclesiastica
1465 1207 1565 1261 per
1595 1205 1682 1244 me
1715 1188 1818 1243 sibi
1847 1189 1966 1242 data
1992 1187 2146 1259 quis-

547 1297 712 1354 quam
742 1296 930 1337 eorum
963 1280 1206 1336 ordinari
1236 1295 1344 1335 non
1377 1278 1554 1333 debet.
1589 1277 1742 1332 Unde
1790 1275 2022 1332 breviter
2049 1275 2144 1333 tibi

546 1368 670 1425 dico
702 1369 850 1440 quod
900 1367 1164 1423 Dominus
1194 1367 1262 1422 ad
1289 1366 1508 1420 Judzeos
1559 1364 1692 1418 dixit
1726 1383 1739 1418 :
1773 1365 1892 1420 Non
1922 1379 2015 1435 ego
2045 1379 2142 1418 ac-

543 1472 674 1514 cuso
696 1471 808 1524 vos,
831 1455 926 1511 sed
945 1455 1168 1526 Moyses,
1189 1457 1252 1510 in
1271 1471 1434 1527 quem
1450 1453 1711 1526 speratis,
1735 1453 1852 1523 ipse
1873 1466 1963 1507 vos
1985 1467 2145 1507 accu-

541 1547 634 1598 sat
654 1543 837 1612 (Joan.
871 1543 949 1613 v),
1013 1541 1219 1598 scilicet
1275 1541 1362 1596 lex
1416 1547 1608 1596 contra
1665 1553 1826 1612 quam
1861 1538 2041 1610 agitis.
2075 1539 2144 1594 Et

541 1630 672 1686 item
691 1629 953 1685 Dominus
973 1629 1134 1684 dicit:
1159 1633 1264 1702 Ego
1286 1645 1400 1685 non
1429 1629 1643 1701 judicio
1679 1643 2029 1700 que-mquam,
2056 1630 2141 1682 est

2257 481 2515 537 charitate
2541 480 2668 536 inde
2697 479 2996 536 secundum
3041 495 3251 536 sacram
3279 480 3654 536 auctoritatem
3684 496 3830 536 exse-

2256 569 2348 641 qui
2375 569 2807 640 procurabimus.
2831 569 2912 624 De
2934 584 2998 624 eo
3015 569 3162 640 quod
3182 568 3338 638 dicis,
3362 584 3488 624 cum
3507 585 3612 640 per
3631 567 3832 642 singula

2255 659 2322 712 de
2351 657 2564 713 cmteris
2609 657 2861 712 omnibus
2885 675 2899 722 ;
2931 665 3060 712 tunc
3087 656 3156 712 de
3185 657 3502 728 receptione
3531 656 3830 712 Gallicano-

2252 762 2372 800 rum
2412 760 2682 801 canonum
2727 745 2958 815 pleniter
3003 744 3378 815 respondebis,
3433 744 3532 799 tibi
3577 744 3828 813 rescribo,

2253 833 2376 905 quia
2409 832 2674 888 Dominus
2704 832 2797 904 qui
2825 833 2881 886 in
2901 847 2960 887 se
2987 833 3334 888 credentibus
3353 833 3610 903 promisit
3641 849 3654 886 :
3679 833 3832 904 Aperi

2251 939 2308 978 os
2341 927 2522 986 tuum,
2549 925 2605 976 et
2623 937 2715 992 ego
2735 921 3047 992 adimplebo
3083 921 3266 988 illud;
3289 929 3340 975 et
3360 938 3374 974 :
3397 922 3508 992 Ego
3539 921 3679 976 dabo
3699 921 3828 978 vobis

2248 1010 2611 1082 sapientiam,
2638 1010 2864 1066 cuinon
2889 1012 3158 1080 poterunt
3195 1009 3458 1064 resistere
3473 1011 3534 1064 et
3547 1009 3827 1065 contradi-

2249 1113 2372 1154 cere
2389 1113 2581 1153 omnes
2603 1097 2914 1152 adversarii
2948 1097 3138 1166 vestri,
3159 1105 3214 1151 et
3242 1095 3406 1152 etiam
3443 1097 3636 1152 brutos
3675 1096 3830 1152 asinae

2245 1185 2456 1240 ruditus
2469 1185 2523 1239 in
2535 1186 2800 1240 humanas
2811 1184 3061 1240 formavit
3075 1185 3342 1256 loquelas,
3359 1193 3412 1239 et
3433 1183 3639 1240 siccam
3651 1199 3828 1256 rupem

2243 1273 2470 1328 fundere
2485 1273 2648 1342 jussit
2669 1288 2839 1344 aquas
2864 1291 2876 1327 :
2901 1271 3108 1332 etmihi
3127 1272 3256 1328 dare
3275 1272 3476 1343 poterit
3499 1289 3626 1345 qua:
3641 1273 3739 1328 tibi
3755 1287 3828 1328 re-

2245 1360 2560 1432 spondeam.
2595 1359 2841 1416 Plurimis
2869 1376 2998 1416 vero
3025 1375 3056 1415 a
3085 1368 3138 1416 te
3163 1360 3483 1432 praemissis,
3519 1368 3576 1415 et
3605 1375 3638 1415 a
3665 1377 3752 1416 me
3775 1369 3827 1415 ut

2239 1448 2518 1504 inutilibus
2545 1448 2942 1520 praetermissis,
2975 1447 3032 1502 in
3059 1449 3254 1520 quibus
3285 1448 3732 1520 quandoquidem
3757 1457 3830 1504 est

2239 1537 2478 1609 negatio,
2501 1537 2940 1609 quandoquidem
2957 1536 3100 1609 quod
3121 1553 3423 1610 negaveras
3439 1537 3826 1593 demonstratio

2240 1625 2562 1692 continetur,
2588 1625 2658 1680 ad
2685 1627 2787 1680 hoc
2815 1624 3110 1696 pervenisti
3137 1632 3196 1680 ut
3225 1624 3438 1681 diceres
3465 1641 3560 1680 me
3589 1625 3825 1698 obligare

541 1719 634 1792 qui
665 1721 881 1791 quaerat
908 1722 964 1773 et
983 1718 1210 1790 judicat
1240 1719 1425 1784 (Joan.
1457 1717 1598 1784 vm).
1641 1715 1907 1770 Videlicet
1937 1713 2059 1786 quia
2088 1713 2135 1768 si
2160 1747 2214 1806 Β
2237 1713 2427 1770 volens
2456 1713 2524 1768 de
2546 1713 2826 1769 sententiis
2854 1713 3165 1785 apostolicae
3187 1712 3333 1768 sedis
3363 1712 3506 1768 tibia
3523 1729 3616 1768 me
3647 1713 3826 1769 litteris

539 1806 804 1862 ordinasti
832 1814 1022 1862 contra
1051 1805 1272 1860 decreta
1301 1804 1496 1859 Leonis
1525 1803 1702 1875 ipsum
1723 1802 2002 1868 clericum,
2025 1819 2133 1857 non

534 1910 638 1966 ego
667 1901 922 1966 peccator
947 1893 1004 1948 in
1033 1901 1199 1962 terra,
1234 1893 1332 1948 sed
1388 1891 1479 1946 ille
1527 1899 1746 1946 sanctus
1805 1890 1872 1946 de
1913 1890 2051 1946 coelo
2079 1899 2132 1946 te

533 1981 660 2037 inde
686 1999 787 2053 per
824 1997 982 2037 suum
1028 1981 1306 2038 decretum
1343 1980 1551 2050 judicat
1576 1998 1590 2047 ;
1622 1987 1674 2034 et
1703 1979 1748 2033 si
1778 1976 2020 2034 conﬁteri
2049 1979 2132 2033 vis

531 2077 646 2126 ate
687 2069 835 2124 illum
891 2069 1268 2141 irregulariter
1325 2068 1652 2134 ordinatum,
1713 2067 1852 2122 sicut
1907 2081 2008 2122 nec
2063 2065 2130 2120 de

529 2157 669 2228 aliis,
701 2157 775 2213 ita
803 2172 907 2214 nec
936 2158 1006 2214 de
1034 2157 1139 2212 isto
1169 2163 1316 2212 tuam
1347 2172 1551 2227 quaero,
1585 2155 1673 2212 vel
1700 2155 1954 2210 desidero
1985 2152 2130 2208 dam-

528 2246 824 2313 nationem,
875 2246 962 2302 vel
1009 2260 1388 2316 quemcunque
1446 2251 1572 2298 ante
1621 2242 1807 2298 oculos
1859 2243 2130 2297 humanos

529 2334 806 2389 ruborem.
839 2333 896 2390 Si
925 2340 1104 2388 autem
1159 2347 1330 2402 negas
1387 2331 1538 2386 illum
1594 2337 1646 2386 te
1679 2329 1960 2385 ordinasse
1991 2329 2128 2385 sicut

520 2422 636 2491 jam
666 2420 923 2492 praemisi,
955 2421 1162 2476 habeas
1182 2419 1334 2475 illum
1355 2418 1703 2476 conscientiae
1731 2433 1795 2474 ac
1822 2418 2128 2489 negationis

521 2517 624 2566 tuae
646 2509 905 2578 judicem,
940 2525 1099 2582 quem
1121 2508 1350 2563 habebis
1380 2515 1432 2564 et
1454 2515 1668 2563 testem.
1694 2507 1961 2562 Caeterum
1986 2506 2126 2561 sacri

525 2611 766 2654 canones
793 2597 979 2654 dicunt
1001 2605 1064 2652 ut
1096 2597 1384 2669 episcopus
1415 2595 1532 2651 sine
1553 2595 1782 2651 concilio
1803 2593 2124 2650 clericorum

525 2701 748 2741 suorum
804 2685 1030 2741 clericos
1086 2699 1194 2740 non
1243 2685 1477 2752 ordinet,
1511 2683 1586 2738 ita
1613 2690 1671 2737 ut
1701 2682 1899 2738 civium
1929 2681 2123 2737 conhi-

523 2773 782 2842 bentiam,
808 2782 860 2828 et
881 2773 1244 2828 testimonium
1275 2780 1482 2844 qumrat
1509 2789 1522 2826 :
1547 2779 1598 2827 et
1615 2771 1913 2827 secundum
1933 2785 2122 2825 sacros

525 2876 762 2916 canones
793 2868 845 2914 et
872 2861 1093 2915 decreta
1141 2860 1286 2913 sedis
1332 2861 1594 2914 Romanae
1635 2859 1952 2930 pontificum
1999 2873 2122 2912 mea

524 2947 770 3012 interest,
803 2955 861 3001 ut
891 2947 938 3002 si
967 2948 1104 3001 ratio
1145 2947 1496 3017 postulaverit
1543 2963 1630 3002 me
1661 2945 2020 3017 compellente
2051 2945 2122 3001 ad

521 3034 860 3092 delectorum
889 3036 956 3088 de
987 3034 1326 3089 ordinatione
1357 3035 1526 3104 ipsius
1548 3034 1732 3090 clerici
1762 3050 1925 3105 quam
1952 3033 2118 3089 dene-

2235 1801 2670 1872 praacedentibus
2703 1801 2934 1872 scriptis.
2968 1803 3106 1858 Ecce
3133 1804 3196 1857 in
3227 1801 3382 1856 mala
3411 1802 3684 1858 suasione
3705 1803 3826 1858 deii-

2233 1895 2406 1955 ctum,
2428 1894 2483 1946 et
2495 1891 2558 1945 in
2579 1891 2733 1946 mala
2749 1892 3113 1946 consensione
3127 1894 3426 1962 peccatum
3444 1891 3827 1963 depromitur;

2231 1982 2288 2034 et
2303 1979 2452 2034 sicut
2474 1995 2564 2035 vos
2585 1979 2890 2034 sententiis
2909 1978 3048 2050 quod
3063 1978 3208 2034 mihi
3227 1979 3376 2033 male
3395 1995 3636 2034 suasum
3656 1983 3757 2048 est,
3775 1984 3827 2035 et

2230 2083 2264 2122 α
2284 2083 2372 2122 me
2394 2068 2543 2123 male
2564 2069 2650 2122 est
2667 2083 2896 2122 sensum
2925 2066 3145 2138 pariter
3165 2083 3254 2122 vos
3283 2069 3612 2124 consentire
3633 2068 3824 2139 digne-

2229 2155 2392 2221 mini,
2419 2155 2667 2210 dicentes
2685 2171 2807 2228 qua’
2818 2158 2935 2226 iam
2955 2156 3226 2228 prwmisi,
3251 2159 3317 2211 ut
3337 2157 3585 2211 scribam
3607 2158 3756 2214 vobis
3781 2160 3827 2213 si

2229 2259 2356 2298 eum
2374 2245 2639 2299 ordinare
2654 2245 2771 2300 volo
2787 2244 3098 2299 secundum
3114 2259 3350 2310 morem,
3369 2247 3426 2299 et
3443 2261 3536 2300 vos
3558 2245 3656 2300 illi
3678 2246 3828 2302 liber-

2229 2335 2407 2386 tatem
2423 2333 2864 2388 ecclesiasticam
2885 2333 3022 2387 daba
3031 2333 3124 2398 tis,
3149 2347 3311 2404 quem
3324 2333 3522 2388 taliter
3533 2334 3608 2388 ad
3619 2334 3826 2404 gradus

2227 2420 2634 2476 ecclesiasticos
2651 2422 2972 2492 pervenisse
3011 2421 3337 2492 divulgatis.
3379 2421 3538 2476 Unde
3565 2421 3666 2476 tibi
3685 2421 3820 2494 quod

2227 2507 2481 2562 Salomon
2498 2509 2627 2563 dicit
2646 2509 2824 2564 scribo
2850 2524 2862 2563 :
2889 2509 2991 2577 Qui
3013 2509 3202 2564 erudit
3228 2510 3555 2578 derisorem,
3581 2511 3704 2581 ipse
3724 2511 3818 2566 sibi

2222 2598 2369 2666 facit
2389 2597 2664 2667 injuriam
2705 2597 2886 2666 (Prov.
2907 2595 3009 2668 Ix).
3046 2597 3170 2651 Non
3205 2596 3346 2651 bene
3377 2596 3664 2668 intelligis,
3701 2598 3816 2670 quia

2223 2699 2332 2739 non
2360 2684 2499 2738 bene
2519 2683 2600 2738 vis
2624 2685 2770 2756 quod
2791 2685 2886 2738 tibi
2905 2684 3044 2739 bene
3060 2692 3114 2738 et
3133 2692 3280 2740 recte
3301 2685 3515 2756 scripsi,
3539 2687 3748 2742 scilicet
3767 2694 3820 2740 ut

2222 2771 2268 2826 si
2282 2774 2645 2844 cujuscunque
2663 2773 2933 2840 suasione,
2951 2771 3039 2828 vel
3056 2789 3375 2844 quacunque
3393 2774 3748 2845 subreptione
3765 2775 3815 2830 in

2221 2861 2325 2915 hoc
2355 2861 2652 2926 excessisti,
2690 2867 2742 2915 et
2773 2861 2906 2915 alias
2936 2861 3114 2932 ipsum
3143 2861 3400 2917 clericum
3431 2862 3625 2917 utilem
3651 2863 3708 2917 in
3735 2879 3814 2918 ec-

2221 2947 2524 3004 clesiastico
2552 2949 2854 3005 ministerio
2895 2949 3356 3021 comprobaveris,
3389 2951 3541 3024 quod
3571 2951 3742 3007 defuit
3767 2958 3814 3007 et

2219 3035 2330 3105 tibi,
2367 3043 2419 3091 et
2447 3037 2524 3090 illi
2553 3037 2608 3090 in
2638 3037 2974 3094 ordinatione
3025 3054 3143 3106 sua,
3179 3047 3230 3093 et
3259 3039 3329 3093 ad
3357 3053 3444 3093 me
3485 3041 3810 3109 pertinebat,

518 3137 641 3197 gas,
675 3123 905 3179 accedas
929 3121 1213 3192 judicium,
1248 3129 1300 3177 et
1329 3092 1590 3194 quidquid
1619 3092 1844 3178 veritate
1873 3122 2110 3194 cognita,
2150 3092 2199 3155 C
2218 3092 2329 3196 ego,
2354 3125 2687 3196 supplerem.
2719 3126 2864 3196 Lege
2893 3127 3108 3182 decreta
3131 3092 3285 3182 sedis
3315 3092 3576 3183 Romanae
3605 3092 3812 3200 pontiﬁ:

517 3210 882 3268 mediantibus
903 3210 1266 3266 sacrosanctis
1285 3209 1603 3280 Evangeliis
1624 3227 1724 3281 per
1754 3226 1849 3266 eos
1875 3218 1982 3264 tam
2004 3211 2119 3266 cle-

518 3300 664 3356 ricos
702 3315 860 3371 quam
906 3298 1072 3364 cives,
1119 3315 1352 3370 quorum
1396 3311 1668 3354 consensu
1716 3306 1769 3354 et
1799 3297 1854 3352 in
1885 3314 2112 3370 quorum

511 3387 806 3460 prasentia
835 3387 1206 3443 ordinationes
1231 3388 1442 3456 juberis
1471 3387 1668 3457 facere,
1693 3386 1970 3443 inventum
1999 3386 2116 3443 fue-

513 3477 602 3547 rit,
631 3478 734 3533 hoc
759 3484 1042 3531 statuatur.
1069 3475 1179 3531 Sed
1208 3475 1254 3530 si
1270 3475 1642 3547 aequissimum
1657 3475 1898 3543 judicem
1915 3476 2110 3542 Deum,

515 3565 604 3620 cui
633 3565 702 3619 de
731 3563 982 3620 omnibus
1029 3563 1186 3618 factis
1215 3571 1267 3618 et
1289 3563 1511 3632 judiciis
1541 3563 1742 3618 nostris
1772 3579 1959 3618 sumus
1981 3564 2112 3618 red-

513 3652 679 3708 dituri
707 3652 972 3708 rationem
1001 3651 1247 3706 timueris
1277 3652 1381 3706 hoc
1415 3665 1598 3721 agere,
1620 3651 1768 3706 nulla
1791 3651 1893 3706 erit
1921 3667 2112 3707 neces-

509 3740 661 3796 sitas.
694 3741 884 3812 Neque
915 3755 1020 3812 ego
1058 3741 1218 3806 hanc,
1252 3739 1340 3794 vel
1366 3737 1525 3793 aliam
1566 3755 1946 3810 quamcunque
1977 3755 2112 3794 cau-

511 3844 632 3884 sam
658 3829 781 3885 volo
813 3842 1170 3898 exaggerare,
1195 3827 1318 3896 quia
1347 3827 1416 3881 de
1447 3828 1856 3898 quibuscunque
1887 3828 2116 3882 scanda-

514 3917 629 3969 lum
657 3915 774 3969 sine
802 3923 1030 3984 peccato
1058 3913 1295 3984 propriae
1326 3915 1674 3970 conscientiae
1703 3916 1876 3970 vitare
1897 3923 2106 3986 potero,

511 4002 716 4058 nemini
748 4001 1064 4057 scandalum
1093 4001 1298 4056 inferre
1325 4001 1470 4057 volo.
1505 4003 1562 4057 Si
1592 4011 1768 4057 autem
1803 4003 1919 4074 ipse
1949 4004 2110 4058 cleri-

515 4105 632 4156 cus,
667 4090 811 4161 quod
839 4104 948 4142 non
976 4096 1103 4161 opto
1131 4104 1232 4144 nec
1261 4105 1468 4161 quaero,
1493 4107 1553 4145 se
1580 4089 1636 4143 in
1664 4091 2108 4162 comprovinciali

515 4177 725 4250 synodo
754 4176 1153 4244 reclamaverit,
1183 4185 1275 4232 aut
1305 4178 1374 4232 de
1404 4177 1744 4234 ordinatione
1772 4195 1806 4234 a
1835 4187 1887 4234 te
1907 4181 1962 4234 in
1984 4196 2107 4234 eum

485 4265 770 4336 exhibita,
804 4272 898 4320 aut
927 4265 994 4320 de
1025 4281 1347 4338 quocunque
1403 4267 1737 4337 prmjudicio,
1800 4268 1926 4339 quia
1967 4269 2106 4324 sacri

510 4369 749 4412 canones
798 4355 1002 4419 dicunt,
1054 4353 1336 4425 praemissa
1379 4355 1647 4411 sententia
1675 4357 1742 4411 de
1771 4357 2105 4427 presbyteris

2215 3227 2336 3268 cum
2369 3230 2398 3267 a
2427 3214 2586 3268 beato
2636 3214 2848 3281 Siricio,
2883 3223 2936 3270 et
2983 3216 3260 3286 deinceps,
3309 3224 3361 3271 et
3399 3217 3650 3272 invenies
3679 3232 3806 3291 quo-

2212 3301 2375 3356 modo
2422 3303 2609 3372 plures
2655 3303 3028 3375 irregulariter
3069 3304 3304 3358 ordinati
3351 3321 3452 3375 per
3489 3307 3808 3361 medicinam

2214 3390 2640 3446 ecclesiasticam
2673 3391 2824 3446 fuere
2874 3391 3066 3460 sanati,
3097 3393 3383 3463 supplente
3415 3396 3729 3450 auctoritate
3757 3395 3808 3448 in

2211 3493 2474 3548 processu
2524 3480 2670 3550 quod
2717 3479 2962 3534 defuerat
2999 3481 3054 3534 in
3097 3481 3449 3536 ordinationis
3499 3483 3670 3538 initio.
3703 3485 3800 3538 Co-

2211 3574 2362 3638 gunt,
2395 3566 2566 3637 inquit
2595 3567 2784 3622 beatus
2815 3567 3168 3640 Augustinus,
3201 3569 3399 3624 multas
3430 3570 3676 3627 invenire
3701 3587 3802 3626 me-

2211 3653 2417 3709 dicinas
2461 3655 2754 3710 multorum
2803 3656 3169 3727 experimenta
3207 3659 3545 3713 morborum.
3579 3659 3793 3726 Deinde,

2209 3742 2400 3797 volens
2437 3743 2724 3798 ostendere
2767 3745 2912 3814 quod
2943 3744 3018 3798 tui
3047 3745 3190 3812 odio,
3224 3753 3276 3800 et
3307 3746 3582 3817 Sigeberti
3611 3748 3792 3818 gratia,

2209 3827 2326 3882 haec
2357 3827 2426 3882 de
2447 3828 2672 3898 praefato
2695 3829 2894 3884 clerico
2926 3829 3260 3899 scripserim,
3283 3847 3458 3903 nugas
3481 3833 3576 3886 tibi
3596 3833 3791 3899 noxias,

2210 3919 2259 3965 et
2291 3911 2493 3967 nenias
2541 3913 2681 3967 bene
2707 3913 2907 3967 volenti
2939 3921 2990 3967 et
3021 3914 3210 3968 scienti
3247 3930 3356 3970 non
3400 3917 3672 3982 ridendas,
3702 3915 3790 3970 sed

2209 3999 2474 4054 dolendas
2505 4001 2803 4071 componis.
2826 4002 2956 4056 Cum
2988 4003 3290 4075 Sigeberto,
3319 4013 3580 4074 quantum
3599 4023 3662 4059 ex
3679 4005 3788 4074 ipso

2210 4095 2262 4142 et
2290 4103 2389 4158 pro
2420 4089 2538 4159 ipso
2569 4097 2667 4156 est,
2704 4105 2834 4145 cura
2860 4105 2968 4145 non
3000 4097 3082 4144 est
3111 4099 3167 4145 ut
3197 4107 3475 4163 nunquam
3505 4094 3561 4147 in
3591 4094 3674 4147 illa
3701 4108 3790 4148 ec-

2209 4177 2376 4231 clesia
2405 4176 2473 4229 sit
2502 4178 2788 4248 presbyter
2817 4179 3088 4234 ordinatus
3113 4199 3125 4246 ;
3159 4181 3286 4250 quia
3319 4181 3524 4235 nullam
3553 4181 3672 4237 inde
3699 4197 3792 4238 ne-

2208 4263 2512 4320 cessitatem
2545 4266 2704 4320 habet
2730 4284 2742 4319 :
2769 4273 2822 4321 et
2847 4267 2892 4320 si
2911 4267 3068 4322 fuerit
3095 4267 3170 4322 ibi
3184 4270 3469 4340 presbyter
3499 4271 3790 4336 ordinatus,

2205 4351 2409 4406 nullum
2441 4353 2652 4408 lucrum
2681 4354 2807 4409 inde
2837 4361 3112 4410 terrenum
3149 4355 3390 4412 habebit.
3426 4359 3496 4413 Et
3527 4359 3571 4412 si
3601 4359 3655 4412 in
3681 4359 3789 4428 ipsa

507 4451 560 4498 et
589 4429 926 4508 diaconibus,
951 4450 1006 4496 ut
1030 4443 1361 4514 reliquorum
1380 4444 1702 4500 clericorum
1725 4460 1914 4500 causas
1945 4445 2104 4500 etiam
2133 4439 2185 4500 D
2209 4440 2438 4495 ecclesia
2484 4443 2768 4513 presbyter
2797 4459 2906 4498 non
2935 4443 3095 4499 fuerit
3127 4445 3427 4512 ordinatus,
3460 4445 3664 4501 nullum
3692 4447 3787 4500 de-

506 4530 656 4587 solus
686 4531 974 4602 episcOpus
1001 4531 1110 4590 loci
1138 4539 1398 4603 agnoscat
1428 4540 1480 4586 et
1509 4531 1676 4587 finiat.
1710 4535 1778 4587 Et
1808 4534 1853 4587 si
1881 4535 2106 4604 presby-

509 4620 630 4687 teri,
664 4619 898 4685 diaconi,
947 4619 1034 4676 vel
1064 4620 1250 4674 caeteri
1300 4619 1570 4674 inferioris
1597 4621 1803 4692 gradus
1835 4621 2019 4677 clerici
2049 4621 2104 4675 in

513 4707 693 4762 causis
723 4724 856 4778 quas
887 4695 1190 4772 habuerint,
1222 4705 1288 4761 de
1312 4705 1528 4775 judiciis
1559 4707 1939 4778 episcoporum
1971 4725 2101 4765 suo-

508 4809 633 4848 rum
661 4795 838 4866 questi
883 4794 1102 4862 fuerint,
1155 4793 1318 4850 vicini
1360 4793 1602 4864 episcopi
1648 4811 1765 4862 eos,
1815 4811 1938 4851 cum
1965 4813 2100 4852 con—

508 4896 675 4936 sensu
722 4883 805 4936 sui
863 4883 1104 4953 episcopi
1160 4883 1395 4949 audiant,
1427 4890 1478 4938 et
1508 4883 1648 4938 inter
1703 4899 1797 4938 eos
1842 4885 2104 4942 ditﬁniant

505 4968 732 5024 adhibiti
763 4970 830 5024 ab
863 4971 942 5024 eis
973 4971 1233 5041 episcopi.
1269 4971 1426 5040 Quod
1453 4971 1554 5026 etsi
1584 4973 1652 5026 ab
1685 4972 1763 5027 eis
1791 4987 2098 5043 provocan-

505 5059 634 5114 dum
665 5059 974 5128 putaverint
1002 5060 1070 5113 ad
1098 5059 1358 5130 primates
1409 5077 1627 5115 suarum
1674 5061 2092 5131 provinciarum,

499 5146 640 5204 sicut
670 5147 820 5203 etde
865 5145 1135 5217 episcOpis
1177 5163 1322 5218 saepe
1372 5149 1716 5203 constitutum
1763 5157 1845 5204 est
1891 5165 2096 5219 provo-

500 5243 623 5290 cent
647 5252 660 5290 :
685 5242 737 5290 et
766 5251 960 5290 omnes
981 5234 1074 5306 qui
1103 5250 1162 5290 se
1189 5235 1350 5290 laesos
1378 5237 1684 5292 existimant
1713 5235 1893 5291 adsint
1914 5237 2096 5294 conci-

499 5320 607 5387 liis,
641 5329 692 5378 et
720 5323 914 5394 synodi
960 5321 1311 5393 experiantur
1358 5339 1616 5391 examen;
1667 5331 1720 5379 et
1771 5325 1926 5396 plura
1975 5343 2094 5396 qua:

507 5407 632 5463 hinc
662 5424 901 5466 canones
945 5411 1148 5481 dicunt,
1195 5419 1248 5466 et
1275 5411 1408 5466 mihi
1453 5413 1676 5483 longum
1715 5423 1796 5468 est
1826 5413 2089 5472 scribere.

500 5495 775 5568 Quidquid
804 5499 1133 5554 confratrum
1181 5507 1233 5556 et
1281 5499 1731 5573 coepiscoporum
1776 5510 2089 5558 nostrorum

2206 4529 2520 4584 trimentum
2547 4531 2631 4586 vel
2661 4531 3064 4586 incommodum
3094 4533 3370 4604 spirituale
3386 4543 3474 4589 aut
3495 4535 3786 4606 temporale

2202 4617 2328 4672 inde
2369 4618 2608 4673 habebit.
2663 4619 2770 4674 Sed
2815 4629 2866 4674 et
2894 4621 3026 4675 mihi
3075 4621 3218 4676 nulla
3250 4621 3354 4676 alia
3382 4623 3508 4678 inde
3537 4632 3616 4679 est
3646 4639 3779 4686 cura,

2200 4704 2306 4758 nisi
2333 4713 2390 4759 ut
2417 4707 2569 4778 leges
2619 4707 3000 4764 ecclesiasticae
3050 4726 3150 4780 pro
3205 4719 3294 4764 tua
3354 4711 3638 4767 insolentia
3667 4712 3782 4766 inde

2201 4809 2358 4847 suum
2387 4794 2628 4866 vigorem
2659 4810 2766 4850 non
2793 4797 3055 4866 perdant;
3089 4806 3142 4853 et
3169 4799 3417 4854 homines
3436 4801 3628 4856 exinde
3649 4816 3780 4857 com-

2199 4881 2530 4948 moditatem,
2583 4899 2743 4955 quam
2787 4885 2892 4955 ipsi
2939 4895 2991 4940 et
3035 4887 3116 4940 sui
3160 4896 3536 4945 antecessores
3565 4904 3596 4944 a
3623 4891 3774 4958 longo

2199 4977 2439 5040 tempore
2493 4971 2816 5042 habuerunt,
2868 4973 3133 5041 amittant,
3193 4983 3247 5030 et
3302 4983 3360 5030 tu
3391 4977 3446 5030 in
3473 4979 3576 5033 hoc
3609 4979 3772 5031 Deum

2197 5056 2468 5113 offendas.
2499 5060 2706 5115 Deinde
2738 5061 2914 5116 minas
2941 5062 3165 5132 prmfato
3193 5063 3426 5119 intentas
3459 5065 3665 5130 clerico,
3690 5063 3776 5119 cui

2195 5145 2242 5199 si
2271 5147 2628 5216 prejudicium
2657 5149 2922 5217 intuleris,
2953 5159 3037 5205 est
3059 5153 3233 5220 justus
3255 5153 3422 5220 judex
3453 5153 3542 5225 qui
3569 5154 3693 5208 inter
3719 5157 3768 5204 te

2194 5241 2246 5286 et
2273 5233 2424 5288 illum
2447 5235 2714 5302 judicabit
2747 5255 2760 5291 :
2794 5245 2846 5293 et
2875 5239 2920 5292 si
2950 5240 3018 5294 ad
3049 5240 3314 5312 synodum
3361 5242 3585 5306 venerit,
3630 5237 3766 5311 quod

2192 5329 2436 5376 nostrum
2481 5323 2596 5392 erit,
2655 5333 2712 5380 ut
2765 5327 3013 5395 praedixi,
3065 5330 3289 5400 exsequi
3343 5329 3760 5400 procurabimus.

2191 5407 2347 5476 Quod
2377 5418 2556 5466 autem
2585 5413 2653 5468 de
2680 5413 2864 5468 missis
2913 5415 3050 5471 meis
3079 5417 3148 5471 ad
3178 5417 3448 5488 synodum
3477 5427 3616 5473 tuam
3641 5415 3760 5494 mit-

2189 5507 2366 5564 tendis
2398 5509 2702 5584 subjungis,
2725 5527 2835 5568 non
2853 5513 3144 5572 missorum
3163 5529 3407 5571 meorum
3423 5516 3492 5572 ad
3513 5513 3760 5588 synodum
