4056 6178
269 222 377 277 565

1020 216 1265 276 OPUSC.
1322 217 1415 275 ET
1453 216 1672 274 EPIST.
1734 217 1810 274 IN
1855 217 2082 276 CAUSA
2136 219 2479 276 HINCMABI
2535 220 2840 277 LAUDUN.

3458 223 3562 278 566

269 351 420 399 tuam
448 340 715 399 describis
742 340 995 397 cilicium.
1027 342 1149 415 Ego
1189 340 1336 397 enim
1361 358 1463 413 per
1485 358 1594 412 me,
1656 341 1742 399 vel
1769 357 1869 415 per
1887 343 1944 405 A
1971 343 2181 415 rogatio
2210 344 2533 414 inordinata,
2565 352 2727 416 atque
2748 343 3034 415 responsio
3062 342 3209 398 nulla
3229 343 3556 399 convenien-

270 431 508 488 vicarios
536 445 691 486 meos
710 429 885 486 debeo
928 436 1225 486 retractare
1249 430 1547 487 secundum
1575 445 1760 485 sacros
1790 445 1873 486 ca-

271 535 449 577 nones
476 526 594 575 acta
623 534 736 573 suae
763 517 977 588 synodi,
1009 517 1055 573 si
1067 532 1227 574 secus
1252 515 1379 572 inde
1403 518 1472 572 ad
1491 534 1579 573 me
1598 518 1872 590 quoddam

270 606 605 680 pervenerit,
665 614 719 662 et
745 620 856 662 non
910 605 1034 661 ideo
1089 605 1161 660 ad
1207 612 1358 661 tuam
1412 606 1682 678 synodum
1719 622 1873 662 meos

270 696 470 751 missos
498 693 733 764 dirigere
788 700 845 749 ut
870 708 1091 750 servum
1140 692 1388 750 ecclesiae
1416 701 1617 751 nostrae
1646 694 1703 749 in
1730 694 1875 749 nulla

272 782 577 839 rebellione
606 788 834 836 stantem
882 780 1127 837 servituti
1154 780 1448 837 obnoxium
1493 781 1871 853 comprobent.

271 870 421 926 Licet
459 869 606 926 enim
634 869 763 924 satis
781 868 1066 939 insipiens,
1102 868 1217 925 scio
1246 868 1493 941 qualiter,
1544 877 1597 925 et
1624 869 1717 924 ubi
1753 885 1873 924 ser-

271 974 369 1014 vus
401 956 803 1015 ecclesiasticus
834 955 1104 1011 rebellans
1134 956 1294 1011 debet
1339 955 1602 1028 conquiri,
1649 964 1702 1012 et
1749 955 1877 1011 alibi

273 1052 489 1118 oportet
526 1061 615 1101 me
647 1045 715 1100 de
741 1044 1084 1115 professione
1131 1060 1243 1099 suae
1284 1043 1560 1099 servitutis
1589 1043 1873 1115 requirere

275 1149 437 1206 quam
466 1133 523 1188 in
554 1141 647 1189 tua
700 1131 1045 1203 provincialis
1094 1131 1337 1203 episcopi
1365 1132 1594 1203 synodo.
1635 1131 1874 1187 Tandem

274 1222 422 1295 quod
440 1220 725 1291 scripsisti,
757 1228 833 1285 ut,
868 1235 902 1275 o
929 1220 1132 1276 utinam
1159 1220 1255 1274 tibi
1286 1235 1567 1275 servarem
1593 1220 1871 1291 episcopo,

275 1309 541 1366 carcerali
572 1309 708 1365 sicut
738 1309 853 1365 scio
911 1308 1171 1364 custodia:
1227 1308 1445 1377 tradito,
1499 1324 1577 1363 ne
1621 1308 1876 1363 inferrem

276 1397 371 1453 tibi
399 1405 457 1453 et
481 1397 757 1468 parochiae
786 1404 912 1462 tua),
951 1404 1138 1452 contra
1167 1396 1586 1467 apostolicorum
1636 1395 1875 1451 omnium

276 1486 515 1551 decreta,
548 1484 712 1541 etiam
742 1485 813 1538 ab
867 1483 1165 1556 apostolica
1219 1484 1353 1540 sede
1408 1492 1621 1550 vocato,
1674 1492 1727 1540 et
1756 1499 1875 1539 eam

273 1573 589 1645 appellanti,
639 1572 1033 1644 praejudicium,
1089 1579 1142 1627 et
1171 1587 1282 1628 non
1338 1571 1620 1646 exigerem
1651 1588 1684 1627 a
1717 1580 1769 1629 te
1798 1589 1876 1628 re-

274 1678 538 1734 sponsum
566 1676 741 1733 usque
770 1661 840 1716 ad
869 1659 1186 1731 synodalem
1218 1659 1398 1715 saltim
1426 1669 1752 1716 conventum
1776 1679 1790 1727 ;
1825 1668 1878 1717 et

276 1748 644 1807 desententiis
673 1748 985 1820 apostolicae
1039 1748 1186 1803 sedis
1244 1746 1558 1819 pontiﬁcum
1599 1748 1658 1802 in
1685 1748 1877 1804 eodem

275 1846 365 1895 tuo
396 1838 603 1910 scripto
634 1836 930 1908 congestis,
961 1835 1184 1893 alterius
1233 1836 1515 1908 temporis,
1548 1844 1601 1892 et
1628 1836 1881 1907 prolixio-

276 1942 393 1984 rem
422 1940 590 2000 quam
619 1926 739 1982 haec
780 1924 1046 1981 sustineat
1085 1924 1315 1995 epistola
1359 1923 1536 1996 poscit
1563 1924 1875 1996 reSponsio-

278 2031 420 2071 nem.
466 2015 529 2069 In
583 2012 829 2070 clausula
877 2027 1009 2069 vero
1046 2012 1199 2068 istius
1254 2010 1498 2083 epistolae
1526 2013 1691 2069 verba
1735 2012 1880 2069 beati

281 2101 535 2175 Gregorii
564 2100 636 2157 ad
664 2099 955 2174 quemdam
985 2100 1287 2170 subjectum
1325 2100 1642 2172 episcopum
1670 2100 1880 2156 directa
1910 2128 1921 2135 ο

278 2206 483 2263 ponere
514 2190 741 2261 dignum
761 2188 937 2257 duxi;
996 2189 1125 2260 quia
1172 2189 1225 2243 in
1253 2188 1360 2245 tuis
1409 2190 1628 2261 scriptis
1656 2189 1727 2244 ad
1790 2205 1879 2244 me

278 2277 501 2334 directis
521 2277 793 2334 contraria
822 2276 907 2331 his
938 2276 1052 2332 suis
1080 2276 1467 2332 monitionibus
1500 2293 1645 2348 saepe
1671 2276 1875 2343 inveni,

279 2375 332 2422 ut
359 2367 431 2423 de
453 2374 656 2423 caetero
676 2365 913 2421 monitus
941 2381 1041 2436 per
1068 2368 1255 2421 meam“
1275 2365 1627 2438 exiguttatem
1657 2381 1687 2419 a
1717 2365 1879 2421 beato

283 2453 555 2527 Gregorio
584 2452 712 2508 talia
740 2453 796 2507 in
847 2452 952 2508 tuis
981 2452 1198 2524 scriptis
1228 2453 1297 2508 ad
1347 2468 1455 2519 me,
1488 2452 1575 2508 vel
1622 2452 1692 2508 ad
1741 2452 1878 2508 alios

280 2542 560 2598 scientiam
583 2549 635 2597 et
658 2541 1034 2597 auctoritatem
1064 2541 1327 2596 habentes
1342 2539 1645 2612 dirigendis
1674 2556 1880 2612 ponere

281 2645 494 2686 caveas.
550 2628 811 2697 Primum,
871 2628 1062 2700 inquit,
1114 2629 1219 2684 hoc
1275 2644 1363 2683 me
1420 2627 1721 2693 contristat,
1752 2627 1879 2700 quia

281 2717 408 2772 mihi
440 2715 751 2772 fraternitas
790 2724 877 2770 tua
930 2716 1130 2787 duplici
1187 2716 1354 2772 corde
1410 2715 1615 2781 scribit,
1676 2724 1729 2770 et
1772 2715 1879 2770 alia

283 2804 650 2861 blandimenta.
678 2804 734 2858 in
792 2804 1036 2876 epistolis
1066 2804 1178 2858 suis
1208 2802 1446 2868 exhibet,
1470 2803 1577 2858 alia
1604 2803 1662 2857 in
1692 2802 1878 2874 lingua

280 2908 376 2948 sua
403 2893 745 2949 saeculariter
790 2898 1051 2947 ostentat.
1107 2890 1318 2947 Deinde
1377 2906 1548 2963 grave
1592 2890 1723 2945 mihi
1772 2898 1874 2960 est,

280 2981 424 3052 quod
452 2978 903 3051 irrisionesZillas,
937 2994 1074 3051 quas
1088 2980 1290 3035 habere
1311 2978 1508 3034 notarii
1523 2979 1700 3034 adhuc
1720 2979 1875 3050 pueri

278 3040 474 3127 solent.
507 3084 683 3140 usque
711 3040 873 3123 hbdie
892 3040 1063 3123 frater
1102 3083 1259 3123 meus
1309 3067 1363 3121 in
1395 3068 1581 3140 lingua
1610 3082 1707 3122 sua
1721 3040 1872 3123 .reti-
1903 3040 1952 3103 Ο

279 3166 388 3223 net,
420 3156 736 3211 mordenter
762 3155 1022 3228 loquitur,
1056 3163 1109 3210 et
1145 3155 1300 3228 quasi
1344 3155 1413 3211 de
1444 3155 1539 3210 tali
1569 3155 1749 3211 studio
1779 3155 1878 3210 le-

280 3252 445 3309 tatur,
480 3243 665 3299 amicis
709 3243 1074 3316 praesentibus
1130 3242 1428 3309 blanditur,
1472 3242 1541 3297 de
1562 3243 1878 3298 absentibus

280 3332 617 3404 obloquitur.
655 3331 724 3386 Et
776 3331 968 3386 vitium
1024 3330 1343 3387 describens
1400 3330 1673 3401 superbiae
1700 3330 1827 3386 dicit
1861 3348 1875 3385 :

284 3419 563 3491 Quisquis,
594 3419 845 3491 inquiens
886 3420 1023 3489 ejus,
1069 3418 1126 3473 in
1170 3434 1231 3474 se
1274 3418 1615 3489 tyrannidem
1664 3418 1880 3489 captiva

280 3515 463 3564 mente
516 3508 833 3579 susceperit,
889 3507 994 3563 hoc
1049 3506 1288 3577 primum
1344 3506 1601 3560 damnum
1652 3507 1873 3576 patitur,

284 3597 429 3667 quod
457 3595 642 3651 clauso
696 3595 878 3651 cordis
907 3595 1068 3652 oculo
1108 3594 1297 3663 judicii
1340 3594 1651 3666 aequitatem
1681 3593 1875 3665 perdit.

281 3685 421 3740 Nam
452 3690 648 3739 cuncta
674 3698 793 3755 quae
814 3682 884 3737 ab
914 3682 1036 3738 aliis
1079 3682 1167 3738 vel
1210 3683 1349 3737 bene
1404 3689 1668 3753 geruntur
1697 3681 1879 3752 displi-

281 3775 423 3838 cent,
460 3778 514 3827 et
541 3770 659 3827 sola
689 3771 739 3825 ei
759 3787 879 3841 quae
924 3770 1041 3841 ipse
1072 3770 1159 3825 vel
1189 3785 1353 3840 pravo
1396 3769 1589 3841 egerit,
1639 3769 1874 3840 placent,

285 3875 505 3930 semper
533 3858 710 3913 aliena
738 3872 908 3929 opera
948 3856 1196 3928 despicit,
1229 3873 1447 3927 semper
1475 3856 1705 3912 miratur
1735 3857 1880 3929 quod

283 3947 431 4016 facit,
463 3946 586 4017 quia
614 3953 668 4001 et
695 3944 954 4017 quidquid
987 3945 1185 4018 egerit,
1219 3945 1399 4018 egisse
1430 3960 1489 4000 se
1527 3945 1880 4017 singulariter

284 4034 478 4099 credit,
512 4042 674 4105 atque
702 4033 759 4087 in
786 4048 852 4088 eo
881 4033 1029 4104 quod
1058 4032 1276 4089 exhibet
1317 4048 1418 4103 per
1447 4032 1636 4104 gloria:
1664 4032 1878 4103 cupidi-

284 4130 472 4191 tatem,
490 4121 708 4177 sibimet
737 4120 840 4191 ipsi
860 4137 959 4191 per
988 4120 1373 4191 cogitationem
1402 4119 1547 4177 favet
1580 4138 1594 4187 ;
1622 4135 1724 4176 nec
1752 4134 1883 4176 con-

285 4210 489 4265 siderat
519 4208 665 4280 quod
693 4208 834 4263 alter
863 4208 990 4263 boni
1006 4207 1238 4279 amplius
1255 4224 1416 4279 quam
1444 4209 1582 4279 ipse,
1616 4209 1712 4264 sed
1735 4209 1881 4280 quod

1904 1692 1958 1752 Β

1970 431 2046 486 tia
2075 431 2179 486 sibi
2210 432 2543 487 conveniens
2599 439 2736 487 erat.
2778 432 2906 486 Post
2942 432 3059 488 haec
3087 439 3267 486 autem
3296 430 3478 486 omnia
3507 438 3560 486 et

1969 535 2077 590 me,
2101 527 2154 575 et
2182 527 2235 575 te
2267 519 2321 574 in
2364 527 2545 576 mente
2600 518 2852 575 continue
2906 519 3111 574 habere
3166 534 3365 574 moneo
3415 518 3559 590 quod

1970 608 2233 664 Dominus
2288 607 2466 665 dicit:
2523 610 2701 681 Super
2747 624 2910 682 quem
2969 608 3271 680 requiescit
3312 608 3560 679 Spiritus

1970 712 2148 762 meus,
2183 696 2298 752 nisi
2324 713 2494 768 super
2514 697 2806 763 humilem,
2838 700 2895 751 et
2925 697 3197 769 quietum,
3231 699 3286 749 et
3318 698 3562 749 tremen-

1974 788 2087 839 tem
2104 799 2386 839 sermones
2416 799 2565 839 meos
2596 787 2618 839 ?
2660 784 2789 854 (Isa.
2825 783 3003 853 var.)
3059 781 3195 851 Quia
3224 780 3360 836 sicut
3389 780 3561 851 scrip-

1974 877 2087 924 tum
2118 878 2200 926 est
2233 888 2247 925 :
2280 871 2528 943 Spiritus
2559 875 2790 926 sanctus
2835 870 3155 942 disciplina:
3204 868 3435 940 effugiet
3463 869 3561 938 ﬁc-

1975 963 2117 1024 tum,
2150 962 2206 1014 et
2226 961 2448 1029 auferet
2477 974 2533 1014 se
2562 975 2598 1013 a
2626 958 3056 1029 cogitationibus
3086 957 3209 1012 sine
3236 957 3558 1023 intellectu,

1974 1050 2029 1102 et
2059 1062 2173 1101 non
2205 1046 2477 1101 habitabit
2504 1046 2567 1099 in
2610 1061 2833 1117 corpore
2879 1046 3097 1102 subdito
3126 1044 3371 1117 peccatis
3402 1044 3558 1114 (Sap.

1973 1134 2014 1203 ι)
2047 1151 2063 1201 ;
2096 1141 2148 1188 et
2182 1135 2396 1189 :Juxta
2427 1136 2509 1188 est
2553 1134 2823 1188 Dominus
2853 1134 2938 1188 his
2969 1135 3066 1205 qui
3096 1133 3385 1196 tribulato,
3427 1134 3564 1186 sunt

1973 1222 2152 1287 corde,
2196 1224 2253 1277 et
2285 1220 2527 1275 humiles
2566 1220 2776 1291 spiritu
2814 1220 3051 1274 salvabit
3082 1240 3100 1287 ;
3130 1220 3322 1275 vultus
3368 1222 3564 1274 autem

1971 1310 2198 1366 Domini
2253 1325 2419 1381 super
2464 1309 2741 1380 facientes
2806 1314 3221 1379 perseveranter
3293 1307 3466 1371 mala,
3502 1310 3570 1362 ut

1972 1398 2173 1471 perdat
2221 1396 2286 1452 de
2338 1400 2492 1453 terra
2545 1396 2881 1452 memoriam
2937 1412 3151 1451 eorum.
3184 1396 3389 1450 Datav
3436 1394 3564 1449 Idus

1973 1485 2098 1541 Maii
2126 1484 2413 1557 praesentis
2442 1500 2501 1538 ιιι
2527 1483 2857 1539 indictionis.

2514 1686 3015 1762 SCHEDULA

2705 1835 2818 1874 sive

2261 1924 2589 1982 LIBELLUS
2626 1922 3279 1980 EXPOSTULATIONIS

2616 2011 2933 2067 HINCMAR

2368 2131 2815 2175 METROPOLITANI
2853 2132 3171 2173 RHEMENSIS

1977 2225 2283 2291 Adversus
2339 2226 2677 2288 Hmcmnu
2748 2223 3172 2288 Laudunensen
3240 2224 3575 2306 episcOpum

2288 2342 2355 2396 In
2375 2339 2579 2412 synodo
2609 2339 2949 2394 Duziacensi
2977 2340 3280 2395 recitatus.

2271 2448 2361 2498 (Ex
2400 2443 2729 2492 consiliorum
2769 2443 2950 2490 Labbei
2982 2448 3119 2492 tomo
3141 2443 3286 2500 VIII.)

2580 2532 2961 2589 PREFATIO.

2048 2642 2281 2698 Sanctus
2310 2639 2634 2696 C(elestinus
2694 2638 2903 2710 synodo
2947 2639 3091 2710 apud
3142 2640 3419 2711 Ephesum
3450 2640 3578 2697 scri-

1975 2731 2082 2802 psit
2114 2747 2128 2784 :
2156 2750 2178 2781 «
2214 2728 2446 2799 Spiritus
2469 2727 2643 2783 sancti
2672 2726 3022 2797 praesentiam
3054 2727 3307 2785 testiﬁcat
3336 2744 3576 2802 congre-

1976 2818 2127 2892 gatio
2148 2817 2509 2872 sacerdotum.
2574 2816 2795 2871 Certum
2825 2822 2907 2871 est
2938 2815 3082 2871 enim
3113 2816 3259 2888 quod
3315 2816 3570 2889 legimus,

1977 2906 2104 2978 quia
2131 2921 2241 2961 non
2269 2912 2446 2977 potest
2504 2903 2716 2959 Veritas
2772 2911 2961 2959 nostra
3017 2903 3252 2973 mentiri,
3312 2904 3465 2973 cujus
3517 2904 3574 2960 in

1975 2993 2277 3067 Evangelia
2306 2992 2573 3048 sententia
2588 2992 2694 3046 ista
2723 2998 2805 3048 est
2838 3008 2852 3047 :
2900 2992 2993 3049 Ubi
3040 2992 3147 3048 duo
3182 2992 3268 3047 vel
3300 2997 3414 3048 tres
3436 3008 3574 3049 con-

1977 3083 2195 3155 gregati
2205 3083 2427 3153 fuerint
2456 3082 2519 3136 in
2535 3082 2766 3136 nomine
2782 3095 2922 3149 meo,
2946 3077 3023 3136 ibi
3051 3083 3108 3136 et
3122 3096 3215 3151 ego
3233 3096 3361 3137 sum
3377 3082 3439 3136 in
3460 3096 3577 3138 me-

1980 3171 2072 3227 dio
2103 3186 2295 3226 eorum
2339 3168 2559 3240 (Matth.
2606 3166 2789 3239 xvm).
2815 3189 2837 3218 ιι
2872 3166 3028 3236 Quod
3057 3168 3421 3223 certissimum
3451 3168 3579 3224 reti.

1979 3274 2135 3324 nens,
2160 3264 2351 3313 vestrae
2364 3262 2567 3311 sancta:
2597 3254 3010 3327 congregationi
3039 3255 3343 3322 consilium,
3364 3264 3416 3311 et
3438 3256 3583 3310 auxi-

1979 3346 2132 3410 lium,
2150 3345 2289 3400 sicut
2318 3351 2370 3398 et
2380 3343 2495 3412 jam
2519 3342 2623 3398 feci
2642 3343 2787 3413 apud
2808 3357 2903 3397 eos
2932 3341 3024 3413 qui
3046 3343 3403 3397 conventibus
3426 3343 3568 3399 inter

1979 3433 2213 3515 fuerunt,
2234 3431 2439 3488 scilicet
2458 3430 2513 3485 in
2534 3430 2837 3496 Vermeria,
2856 3428 3053 3485 deinde
3069 3429 3122 3483 in
3136 3428 3393 3485 Gundulﬁ
3424 3430 3573 3501 villa,

1980 3512 2031 3572 et
2060 3524 2249 3587 postea
2277 3514 2333 3569 in
2352 3514 2640 3580 Attiniaco,
2691 3520 2938 3585 porrecta
2978 3512 3033 3567 in
3064 3513 3274 3585 synodo
3314 3515 3573 3570 schedula

1978 3604 2046 3658 de
2072 3603 2236 3658 fratre
2266 3609 2319 3657 et
2339 3602 2666 3673 coepiscopo
2697 3606 2885 3656 nostro
2918 3601 3210 3656 Hincmaro
3236 3602 3518 3672 expostulo
3552 3619 3565 3659 :

1979 3707 2140 3763 quem
2167 3689 2349 3745 multis
2379 3689 2641 3761 epistolis,
2676 3703 2907 3761 quarum
2934 3688 3109 3744 habeo
3139 3688 3492 3761 exemplaria,
3515 3698 3574 3746 ut

1973 3795 2007 3835 a
2033 3778 2299 3850 pertinaci
2356 3777 2699 3834 contumacia
2750 3791 2851 3831 sua
2908 3792 3044 3850 erga
3082 3777 3420 3848 metropolis,
3455 3794 3569 3834 sua;

1975 3866 2322 3940 privilegium
2349 3866 2715 3937 resipisceret,
2745 3863 2980 3935 corripui
3004 3884 3017 3931 ;
3038 3865 3135 3920 sed
3157 3865 3439 3939 corrigere
3462 3882 3573 3922 non

1979 3954 2261 4026 praevalui.
2295 3956 2436 4009 Nam
2463 3960 2585 4025 post
2638 3953 2839 4008 multas
2875 3952 3341 4020 commonitiones,
3377 3953 3575 4025 quibus

1981 4044 2049 4098 ad
2072 4059 2195 4099 eum
2224 4042 2357 4097 nihil
2384 4040 2607 4112 profeci,
2640 4056 2814 4113 nuper
2859 4056 2913 4095 IV
2940 4041 3069 4096 Idus
3110 4041 3299 4097 Junias
3332 4057 3576 4112 praesen-

1979 4132 2047 4185 tis
2077 4129 2482 4199 1vindictionis,
2514 4129 2579 4184 de
2606 4128 2692 4182 his
2723 4144 2845 4201 quae
2890 4128 2946 4182 in
2975 4129 3079 4185 hac
3135 4129 3395 4185 schedula
3435 4129 3573 4185 bre-

1980 4220 2120 4274 viter
2146 4217 2372 4274 collecta
2428 4224 2729 4288 sequuntur
2761 4234 2773 4270 :
2836 4216 2934 4272 sed
2959 4225 3011 4271 et
3040 4217 3108 4273 de
3162 4218 3422 4290 petitione
3451 4219 3572 4274 Ber-

283 4298 410 4354 boni
437 4298 557 4369 ipse
586 4296 819 4368 amplius
846 4312 1010 4368 quam
1054 4297 1191 4352 alter
1244 4297 1443 4351 habeat
1475 4314 1491 4351 :
1522 4313 1701 4369 nequo
1736 4297 1880 4351 enim
1983 4307 2143 4361 tharii
2198 4305 2414 4361 diaconi
2469 4303 2865 4372 Laudunensis,
2927 4304 3057 4357 mihi
3114 4306 3381 4361 adversus
3450 4323 3577 4362 eum

284 4392 479 4457 pensat
506 4401 629 4456 quae
683 4384 824 4439 bona
891 4384 1113 4455 spiritus
1167 4385 1305 4439 alter
1357 4383 1649 4455 acceperit,
1693 4391 1749 4438 ut
1778 4382 1878 4453 ipsi
1910 4386 2205 4459 Ddirecta,
2238 4394 2393 4463 cujus
2436 4392 2714 4462 exemplar
2768 4390 2859 4445 hic
2914 4391 3138 4447 habeo:
3196 4408 3298 4462 pro
3342 4393 3445 4449 loci
3470 4395 3580 4451 mei

284 4474 482 4539 desint,
515 4472 613 4528 sed
640 4488 760 4544 quae
782 4472 926 4527 bona
955 4472 1079 4543 ipsi,
1128 4480 1181 4528 et
1210 4489 1332 4544 quae
1373 4471 1518 4526 mala
1573 4472 1678 4525 sint
1708 4471 1877 4526 alteri.

1980 4481 2173 4547 ofﬁcio,
2204 4481 2353 4535 illum
2384 4481 2454 4535 ad
2480 4478 2720 4551 proxime
2751 4477 2987 4532 futuram
3017 4479 3287 4550 synodum
3317 4481 3572 4549 invitans,

285 4563 352 4617 Et
378 4576 504 4618 cum
533 4576 594 4617 se
623 4561 679 4614 in
707 4560 916 4616 cunctis
935 4562 1324 4616 transcendere
1368 4568 1595 4616 caeteros
1628 4559 1878 4626 aestimat,

1982 4568 2181 4639 scripto
2202 4566 2531 4635 commonui,
2587 4564 2777 4622 volens
2808 4564 2959 4620 illum
3008 4574 3249 4623 statuere
3294 4576 3479 4625 contra
3509 4569 3582 4623 fa-

286 4667 381 4721 per
406 4650 519 4705 lata
547 4648 941 4721 cogitationum
970 4648 1142 4719 spatia
1176 4662 1362 4703 secum
1380 4646 1880 4716 deambulans,lau-

1982 4657 2121 4713 ciem
2150 4672 2303 4711 suam
2336 4674 2349 4711 :
2381 4664 2440 4710 ut
2468 4654 2559 4710 illa
2589 4670 2709 4725 quae
2739 4668 2924 4709 coram
2947 4655 3064 4711 Deo
3116 4662 3276 4725 tecta,
3311 4664 3364 4712 et
3392 4671 3579 4712 coram

285 4739 382 4793 des
410 4753 540 4793 8088
569 4736 766 4792 W3in
794 4735 991 4791 Clamat
1023 4754 1037 4802 ;
1088 4751 1477 4807 nonnunquam
1499 4750 1630 4792 νθτο
1659 4733 1728 4789 ad
1767 4741 1886 4789 ῑθιη·
1983 4744 2290 4801 hominibus
2320 4743 2487 4799 oblita
2515 4741 2728 4815 penitus
2771 4746 3080 4819 cupiebam,
3114 4744 3336 4817 alligata
3363 4744 3575 4812 litteris,

286 4833 395 4881 tam
422 4825 715 4881 elationem
744 4840 901 4879 mens
948 4824 1181 4891 ducitur,
1237 4832 1296 4879 ut
1352 4824 1406 4879 in
1427 4839 1493 4879 eo
1542 4823 1689 4895 quod
1719 4830 1887 4878 tumet

289 4913 449 4968 etiam
495 4929 593 4983 per
648 4911 1069 4968 ostentationem
1114 4911 1403 4967 locutionis
1454 4910 1749 4967 eﬂ‘renetur
1785 4927 1801 4965 :
1835 4919 1889 4967 et

288 5008 433 5056 tanto
463 5000 674 5057 facilius
704 5000 859 5054 ruina
891 5000 1158 5071 sequitur,
1191 5006 1387 5071 quanto
1408 5000 1551 5070 apud
1568 5016 1628 5057 se
1660 5000 1889 5072 quisque

288 5088 654 5160 impudentius
701 5088 1015 5142 exaltatur:
1056 5086 1185 5143 hinc
1245 5088 1388 5142 enim
1444 5087 1703 5158 scriptum
1759 5096 1887 5143 est:

289 5179 435 5232 Ante
479 5177 712 5231 ruinam
734 5176 1090 5231 exultabitur
1116 5190 1212 5231 cor
1242 5175 1424 5246 (Prov.
1456 5176 1640 5247 xvm).
1681 5177 1746 5230 Et
1767 5192 1892 5231 san-

288 5272 407 5320 ctus
440 5262 1146 5334 GregoriusNazianzenus
1173 5263 1374 5318 Jluiani
1394 5250 1624 5329 morem,
1659 5279 1817 5335 quem
1837 5264 1892 5318 in

1986 4842 2039 4890 et
2054 4834 2121 4889 ad
2150 4834 2470 4890 memoriam
2502 4835 2618 4904 ejus
2648 4837 2869 4893 reducta
2922 4835 3149 4908 legeret,
3204 4849 3269 4891 ac
3299 4850 3359 4889 se
3388 4833 3585 4890 intelli-

1986 4930 2159 4997 geret,
2191 4939 2260 4979 ne
2292 4923 2505 4996 quando
2564 4939 2686 4978 eum
2740 4923 2997 4998 regulare
3039 4922 3304 4993 judicium
3348 4931 3580 4994 raperet,

1989 5011 2135 5085 quod
2164 5010 2403 5084 eﬂ’ugere
2451 5026 2561 5065 non
2615 5011 2839 5067 valeret.
2895 5014 2965 5067 Et
3016 5011 3073 5066 in
3119 5010 3360 5068 indiculo
3381 5027 3488 5084 quo
3516 5011 3588 5067 ad

1989 5101 2132 5156 hanc
2159 5101 2423 5172 synodum
2455 5114 2576 5155 cum
2605 5098 2816 5168 vocavi,
2850 5100 2988 5156 sicut
3016 5107 3068 5155 et
3107 5108 3336 5156 cateros
3368 5100 3588 5171 provin-

1993 5188 2092 5244 cia:
2121 5189 2451 5244 Rhemorum
2471 5187 2780 5260 cpisc0pos,
2825 5188 2903 5244 illi
2946 5187 3296 5259 superaddidi
3329 5206 3341 5241 :
3380 5209 3402 5238 ι
3439 5186 3588 5244 Sciat

1995 5276 2158 5332 etiam
2187 5284 2276 5331 tua
2330 5274 2656 5343 fraternitas,
2710 5291 2807 5333 eos
2864 5276 2953 5350 qui
3009 5277 3300 5333 adversum
3340 5284 3391 5331 te
3440 5291 3586 5332 anno

289 5352 396 5407 tuis
423 5350 616 5419 litteris
645 5350 882 5417 invenio,
916 5351 1237 5407 describens
1282 5350 1411 5407 dicit
1444 5368 1457 5405 :
1499 5352 1813 5407 Consensus
1843 5360 1896 5407 et
1994 5363 2266 5435 ρι-ωίειιίιο
2297 5364 2440 5435 apud
2468 5379 2555 5419 me
2577 5365 2825 5436 querelas
2855 5380 2980 5420 suas
3014 5364 3405 5437 deposuerunt,
3435 5371 3490 5421 ει
3516 5365 3587 5422 (ιε

291 5448 517 5525 negatio
549 5447 730 5515 simul,
757 5447 894 5505 ratio
920 5447 1071 5504 nulla
1099 5447 1312 5506 ratione
1355 5447 1692 5517 subsistens;
1735 5449 1896 5507 inter-

1999 5451 2190 5526 quibus
2217 5450 2272 5507 in
2317 5452 2524 5526 synodo
2580 5452 2726 5509 fuisti
2756 5453 2902 5527 apud
2934 5452 3259 5511 Attiniacum
3294 5452 3591 5525 impetitus,
