4020 6178
477 234 582 288 567

1505 229 1843 287 HINCMARI
1898 226 2299 286 RHEMENSIS
2355 225 2902 284 ARCHIEPISCOPI.

3675 229 3778 283 568

479 355 738 428 quoniam
767 370 886 428 quae
917 359 1183 411 conventa
1237 353 1313 408 ibi
1340 353 1574 420 fuerant,
1621 369 1730 410 non
1760 371 1820 409 es
1848 352 2072 424 regula-
2093 351 2150 414 A
2178 369 2244 408 ex
2281 353 2501 424 antiquo
2513 353 2656 410 inter
2683 351 3046 423 provinciales
3078 351 3236 406 sedes
3259 349 3423 406 fuerit
3439 358 3773 422 computata,

481 443 614 499 riter
640 451 979 514 prosccutus,
1037 457 1182 497 nunc
1236 442 1435 497 iterum
1465 458 1592 496 suas
1633 442 1884 514 querelas
1913 442 2080 510 depo-

479 547 634 586 nere.
667 531 823 586 Unde
855 545 1050 585 moneo
1093 529 1482 585 fraternitatem
1541 538 1710 596 tuam,
1769 537 1827 584 ut
1853 529 1926 582 ita
1955 528 2080 582 inde

481 617 866 692 praecogitatus
923 625 974 673 et
1021 625 1351 688 praeparatus
1406 617 1474 670 ad
1526 617 1898 673 denuntiatam
1955 630 2081 686 syn-

484 706 651 762 odum
683 706 890 775 venias,
925 713 1190 776 quatenus
1237 705 1587 776 querimonia:
1617 706 1932 760 indecentes
1962 703 2080 774 epi-

485 810 649 865 scopo
682 793 962 864 sopiantur
997 811 1008 846 :
1043 809 1110 848 ne
1143 809 1340 849 nomen
1371 794 1576 848 bonum
1605 793 1752 866 quod
1782 791 2083 863 apostolica

485 881 678 952 regula
701 882 854 950 jubet
875 881 1080 936 habere
1111 882 1445 952 episcopum,
1479 883 1534 935 in
1566 889 1652 935 tua
1691 881 1943 952 Opinione
1977 896 2082 934 no—

482 976 627 1026 tetur
659 989 674 1034 ;
708 977 778 1038 et,
814 970 951 1025 sicut
977 969 1124 1025 idem
1153 969 1283 1025 dicit
1310 970 1622 1040 Apostolus,
1655 985 1765 1024 non
1812 968 2084 1038 vitupere-

485 1065 570 1114 tur
624 1056 983 1112 ministerium
1013 1065 1276 1112 nostrum.
1337 1059 1461 1112 Dat.
1495 1057 1638 1127 prid.
1679 1057 1756 1110 Id.
1792 1055 1914 1112 Maii
1943 1071 2083 1128 pras-

486 1145 654 1202 sentis
685 1161 738 1200 IV
765 1143 1099 1200 indictionis.
1146 1169 1166 1194 ιι

559 1233 716 1288 Unde
745 1233 1106 1288 exardescens
1133 1231 1270 1286 sicut
1300 1232 1443 1302 ignis
1463 1233 1518 1286 in
1549 1231 1740 1302 spinis,
1781 1232 1912 1286 mihi
1931 1246 2084 1286 more

490 1337 589 1378 suo
617 1319 1042 1391 prolixissimam
1073 1320 1300 1374 rotulam
1321 1335 1416 1374 xvi
1445 1322 1566 1376 Kat.
1598 1321 1770 1376 Julias
1799 1319 2085 1392 praesentis

487 1425 541 1464 tv
572 1409 758 1464 indict.
783 1425 880 1478 per
906 1407 1184 1462 hominem
1227 1424 1382 1463 suum
1413 1408 1630 1464 nomine
1675 1409 2080 1474 Chunibertum,

490 1495 998 1566 exprobrationibus
1029 1495 1308 1566 repletam,
1346 1503 1396 1551 et
1437 1495 1723 1551 calumniis
1776 1511 2086 1566 respersam

493 1583 705 1638 direxit.
741 1583 838 1638 Cui
857 1584 962 1639 hoc
991 1583 1152 1639 modo
1181 1601 1279 1654 per
1307 1585 1814 1656 compresbyterum
1843 1593 2086 1640 nostrum

489 1671 807 1742 rescriptum
834 1671 1048 1727 direxi:
1085 1695 1104 1718 α
1143 1671 1385 1728 Domnus
1432 1673 1757 1744 apostolicus
1815 1673 2085 1728 Adrianus

491 1759 638 1814 misit
663 1759 794 1813 mihi
849 1759 1106 1830 epistolas
1163 1760 1230 1814 de
1277 1761 1452 1816 causis
1509 1769 1711 1816 nostra:
1759 1761 2081 1830 dimceseos,

495 1861 632 1918 quas
661 1855 871 1917 oportet
901 1847 956 1902 in
984 1848 1193 1917 synodo
1249 1849 1382 1920 legi.
1443 1849 1738 1918 Pr0pterea
1767 1849 2086 1904 auctoritate

491 1933 664 2006 ipsius
693 1934 878 1989 domni
903 1935 1201 2004 apostolici,
1231 1941 1278 1989 te
1293 1936 1364 1991 ad
1390 1936 1638 2006 proxime
1668 1935 1904 1991 futuram
1923 1951 2084 2006 syno-

493 2023 620 2077 dum
647 2022 702 2076 in
733 2022 966 2078 Duziaco
995 2023 1317 2078 Rhemensis
1337 2025 1630 2094 parochiaz,
1663 2025 1804 2080 Non.
1856 2024 2086 2097 Augusti

491 2109 780 2182 praesentis
807 2126 862 2166 ιν
888 2109 1074 2166 indict.
1108 2111 1294 2166 venire
1321 2126 1662 2167 commoneo.
1697 2113 1838 2168 Data
1869 2113 2080 2167 mNon.

492 2197 661 2254 Iulias
687 2198 974 2269 praesentis
1005 2207 1214 2269 quartas
1241 2199 1426 2255 indict.
1468 2223 1490 2248 ››
1523 2200 1696 2271 Igitur
1717 2199 1970 2272 quoniam
1988 2216 2088 2271 per

495 2302 584 2341 me
631 2286 909 2358 corrigere
966 2303 1200 2358 nequeo,
1251 2295 1488 2342 vestram
1543 2287 1996 2344 consultationem
2023 2303 2088 2344 ac

495 2373 924 2430 consolationem
953 2374 1080 2429 inde
1110 2374 1352 2430 similiter
1379 2377 1536 2445 adeo,
1595 2377 1642 2430 si
1671 2375 1810 2432 forte
1856 2377 2088 2446 Spiritus

500 2469 744 2530 sanctus,
778 2461 869 2533 qui
905 2461 996 2516 ubi
1045 2463 1157 2518 vult
1203 2462 1392 2534 spirat,
1445 2471 1497 2519 et
1546 2465 1698 2534 cujus
1743 2465 2090 2534 praesentiam

499 2559 682 2606 sancta
710 2551 1064 2622 congregatio
1101 2559 1285 2606 vestra
1330 2549 1663 2619 testiﬁcatur,
1715 2553 1910 2608 vestris
1939 2553 2089 2607 salu-

499 2639 688 2693 bribus
717 2638 955 2706 monitis,
989 2647 1041 2695 et
1071 2639 1186 2694 Deo
1216 2639 1396 2712 dignis
1439 2641 1794 2704 orationibus,
1832 2657 1954 2696 eum
1975 2649 2090 2694 tan-

501 2727 626 2784 dem
655 2725 948 2799 aliquando
980 2727 1242 2799 corrigat,
1273 2737 1364 2782 aut
1419 2729 1665 2802 regulari
1692 2729 2090 2785 medicamento

499 2815 844 2871 insolentiam
867 2816 984 2884 ejus
1035 2825 1348 2888 compescat
1381 2835 1394 2872 :
1429 2819 1682 2890 quoniam
1739 2818 1937 2872 diutius
1968 2834 2091 2873 eum

499 2903 619 2958 sine
648 2903 1008 2970 correctione,
1067 2911 1120 2959 et
1147 2914 1370 2974 propter
1399 2907 1591 2972 Deum,
1625 2915 1677 2961 et
1721 2915 1944 2976 propter
1969 2923 2092 2961 me-

500 2991 881 3062 tropolitanam
923 2991 1340 3048 sollicitudinem
1389 2995 1614 3066 indigno
1665 2995 1798 3048 mihi
1832 2995 2091 3050 commis-

503 3095 638 3146 sam,
675 3079 946 3135 sustinere
977 3095 1086 3136 non
1117 3082 1312 3136 audeo.
1373 3082 1682 3138 Praesertim
1709 3099 1832 3138 cum
1856 3089 1909 3138 et
1937 3083 2090 3138 dom-

501 3185 602 3223 nus
647 3183 786 3239 papa
815 3169 1085 3224 Adrianus
1113 3185 1200 3224 me
1231 3187 1405 3240 nuper
1426 3171 1739 3242 apostolicis
1761 3172 1875 3226 suis
1904 3171 2091 3227 litteris

501 3256 630 3312 hinc
660 3259 1069 3313 commonuerit.
1103 3258 1238 3328 Qua:
1267 3257 1337 3313 ita
1377 3275 1436 3315 se
1463 3261 1686 3316 habent.
1967 3329 1972 3336 _

576 3369 597 3392 α
633 3345 904 3400 Adrianus
935 3347 1240 3418 episcopus,
1275 3365 1465 3404 servus
1487 3365 1769 3406 servorum
1799 3349 1915 3416 Dei,
1937 3364 2092 3405 reve-

501 3434 810 3491 rentissimo
840 3433 1097 3492 contratri
1127 3445 1315 3492 nostro
1345 3437 1636 3495 Hincmaro
1657 3439 2088 3509 archiepiscopo,

497 3523 766 3579 Fidelium
796 3524 1056 3580 relatione
1083 3527 1469 3596 comperimus,
1519 3535 1623 3583 etc.
1684 3529 1916 3600 Reliqua
1971 3527 2094 3581 vide

501 3612 657 3668 inter
698 3613 962 3685 epistolas
1016 3614 1258 3670 Adriani
1315 3618 1381 3682 II,
1438 3619 1584 3672 tomo
1635 3617 1824 3682 CXXII,
1859 3617 1962 3672 col.
1997 3615 2090 3670 70.

505 3701 856 3774 Patrologiaz.
885 3703 966 3756 Ex
991 3703 1108 3758 haec
1125 3703 1363 3774 quidem.
1399 3705 1496 3758 sed
1528 3703 1701 3758 etalia
1725 3719 1846 3775 quae
1867 3719 2096 3774 sequun-

504 3795 610 3856 tur,
643 3805 752 3845 non
783 3791 850 3846 de
879 3791 1116 3862 propriis
1147 3799 1199 3846 et
1220 3791 1548 3861 specialibus
1575 3791 1712 3846 meis
1741 3791 1950 3859 injuriis
1979 3791 2096 3846 vice

507 3879 858 3948 accusatoris,
892 3879 988 3935 sed
1019 3879 1382 3934 sollicitudine
1412 3879 1756 3951 privilegium
1785 3879 2097 3948 metropolis

506 3965 840 4019 Rhemorum
873 3967 1190 4036 provinciae,
1241 3983 1342 4036 per
1389 3983 1578 4022 sacros
1625 3983 1865 4022 canones
1899 3967 2098 4036 Spiritu

507 4051 609 4106 Dei
629 4053 896 4120 conditos,
929 4061 981 4108 et
1019 4054 1179 4108 totius
1199 4055 1387 4110 mundi
1409 4056 1714 4110 reverentia
1752 4063 2098 4111 consecratos

513 4139 811 4207 decretum,
846 4149 898 4197 et
927 4143 1240 4198 auctoritate
1292 4143 1604 4214 apostolica:
1632 4143 1779 4198 sedis
1817 4142 2100 4198 confirma-

513 4235 645 4295 tum,
707 4237 896 4284 contra
952 4231 1346 4288 convellentem
1430 4231 1580 4298 illud,
1637 4232 1991 4288 evindicantis
2049 4239 2102 4287 et

513 4323 704 4372 contra
730 4318 1128 4388 professionem
1185 4329 1238 4375 et
1293 4321 1748 4392 subscriptionem
1789 4337 1938 4376 suam
1969 4336 2100 4393 erga

2179 441 2276 494 sed
2303 441 2358 494 in
2393 440 2686 510 municipio
2719 439 2960 494 Lauduni
2991 455 3024 492 a
3045 440 3228 494 Marco
3241 439 3358 494 brio
3389 445 3630 509 praetore
3643 453 3776 494 con-

2181 529 2312 596 dito,
2371 535 2426 582 ut
2456 527 2690 598 produnt
2736 527 3024 594 historiae;
3075 527 3220 599 quod
3279 527 3347 581 ab
3407 526 3637 582 exordio
3696 527 3779 580 sui

2180 631 2454 689 nunquam
2483 615 2626 670 inter
2655 615 2814 672 sedes
2843 615 3208 686 provinciales
3251 615 3587 672 Rhemorum
3645 629 3780 684 pro-

2181 703 2373 759 vincia;
2403 703 2458 757 in
2479 703 2822 776 paganismo,
2885 703 2972 760 vel
3027 703 3082 756 in
3141 702 3558 758 Christianismo
3579 717 3782 758 nomen

2181 792 2268 846 vel
2305 792 2486 847 locum
2517 791 2716 856 habuit,
2759 793 2932 848 donec
2961 791 3016 846 S.
3049 790 3330 863 Remigius
3363 790 3586 862 quintus
3625 789 3781 844 deci-

2181 895 2300 934 mus
2331 880 2660 935 Rhemorum
2681 880 3052 950 archiscopus,
3085 879 3250 936 certis
3295 880 3624 951 quibusdam
3643 879 3784 934 acci-

2183 968 2437 1022 dentibus
2466 969 2662 1034 causis,
2687 969 2896 1040 primus
2913 968 3113 1022 ibidem
3137 967 3406 1022 ordinavit
3435 967 3780 1038 episcopum,

2183 1063 2234 1112 et
2267 1056 2444 1113 eidem
2473 1057 2764 1129 municipio
2795 1057 2862 1110 de
2893 1057 3058 1110 rebus
3097 1055 3425 1110 Rhemensis
3455 1053 3784 1124 metropolis

2184 1145 2316 1200 satis
2346 1161 2616 1216 superque
2647 1145 2828 1210 dilato,
2863 1145 3040 1216 ipsum
3069 1144 3382 1199 comitatum
3425 1143 3484 1198 in
3505 1159 3614 1215 quo
3645 1157 3786 1198 con-

2184 1233 2344 1302 sistit,
2379 1241 2590 1304 partem
2623 1233 2828 1288 scilicet
2858 1247 2922 1286 ex
2955 1231 3248 1286 Rhemensi
3303 1231 3570 1301 parochia
3627 1230 3785 1284 dele—

2184 1321 2348 1394 gavit,
2375 1321 2472 1375 sed
2504 1337 2720 1392 semper
2749 1319 2847 1374 fuit
2877 1319 3200 1375 Rhemensis
3247 1319 3525 1390 parochias
3554 1317 3790 1373 munici-

2184 1409 2329 1481 pium
2354 1429 2368 1476 ;
2401 1409 2536 1464 sicut
2567 1409 2836 1480 hodieque
2865 1415 2918 1463 et
2939 1408 3046 1463 alia
3075 1407 3368 1478 municipia
3397 1407 3454 1461 in
3485 1406 3788 1462 Rhemensi

2183 1497 2460 1568 parochia,
2491 1513 2612 1570 quae
2643 1497 2698 1552 in
2727 1495 3078 1564 subjectionis
3107 1496 3228 1552 loco
3277 1511 3342 1550 ac
3389 1495 3615 1550 nomine
3659 1511 3790 1566 per-

2183 1593 2422 1654 manent,
2457 1585 2800 1658 privilegium
2859 1583 2962 1638 sibi
2992 1591 3229 1655 arrogat,
3263 1591 3316 1638 et
3343 1591 3534 1639 contra
3563 1583 3786 1653 privile-

2113 1705 2166 1766 B
2190 1673 2341 1766 gium
2369 1672 2688 1766 metropolis
2719 1689 2830 1766 suae
2863 1673 3109 1766 rebellat,
3144 1673 3280 1766 (lum
3318 1672 3372 1726 S.
3409 1672 3519 1726 Leo
3537 1669 3788 1766 difﬁniat

2189 1761 2431 1817 scribens
2493 1761 2560 1815 ad
2619 1761 2911 1814 Maximum
2985 1759 3380 1815 Antiochenum
3463 1759 3790 1829 episcopum

2187 1851 2377 1923 (epist.
2419 1849 2509 1920 66)
2543 1867 2556 1904 :
2585 1870 2606 1899 α
2641 1849 2756 1904 Etsi
2788 1849 2936 1904 enim
2963 1849 3183 1904 diversa
3241 1863 3634 1919 nonnunquam
3665 1854 3790 1901 sunt

2185 1939 2378 1993 merita
2408 1937 2721 2008 praesulum,
2779 1937 2901 2005 jura
2952 1945 3132 1992 tamen
3152 1943 3478 2006 permanent
3521 1935 3786 2000 sodium;

2189 2027 2386 2097 quibus
2415 2033 2644 2097 possunt
2672 2025 2848 2080 aemuli
2881 2024 3340 2096 perturbationem
3389 2023 3632 2094 aliquam
3671 2022 3788 2077 for-

2187 2115 2350 2170 tassis
2383 2113 2605 2180 inferre,
2637 2129 2746 2168 non
2774 2121 2955 2168 tamen
3007 2121 3236 2183 possunt
3272 2112 3520 2166 minuere
3539 2111 3788 2184 dignita-

2187 2211 2316 2258 tem.
2357 2224 2379 2252 ››
2413 2201 2754 2272 Quapropter
2765 2217 2874 2256 non
2903 2201 3374 2273 queroradversus
3395 2201 3541 2254 hunc
3564 2199 3790 2254 fratrem

2191 2290 2414 2362 speciali
2472 2305 2636 2345 causa
2693 2305 2936 2344 mearum
2985 2289 3318 2357 injuriarum,
3368 2287 3466 2342 sed
3487 2287 3792 2357 contempti

2189 2378 2456 2449 privilegii
2483 2379 2814 2434 Rhemorum
2843 2377 3178 2448 metrOpolis,
3204 2376 3350 2447 quod
3379 2375 3526 2430 sacri
3549 2390 3792 2430 canones

2189 2467 2402 2538 mystici
2431 2467 2638 2521 Niceeni
2668 2466 2880 2522 concilii
2925 2465 3149 2520 sedibus
3180 2465 3522 2538 singularum
3555 2464 3790 2534 provin-

2191 2555 2400 2611 ciarum
2485 2554 2688 2610 servari
2743 2553 3186 2624 irrefragabiliter
3255 2552 3641 2607 decreverunt.
3713 2551 3790 2605 De

2192 2643 2387 2714 quibus
2415 2642 2543 2697 item
2591 2643 2700 2698 Leo
2745 2643 2814 2696 ad
2851 2641 3158 2696 Anatolium
3205 2639 3454 2694 diﬁinivit
3505 2640 3676 2710 (idem
3700 2655 3786 2710 ep.

2193 2734 2279 2800 53,
2305 2731 2376 2786 ad
2395 2731 2620 2786 Anatol.
2663 2731 2774 2786 Vid.
2809 2733 2864 2785 et
2886 2746 2974 2802 ep.
3007 2732 3074 2784 55
3103 2729 3175 2784 ad
3195 2729 3441 2784 Pulcher
3469 2727 3662 2798 Aug.),
3683 2751 3708 2774 ιι
3735 2733 3792 2780 ut

2193 2819 2340 2874 omni
2369 2817 2582 2888 penitus
2638 2818 2954 2873 auctoritate
2973 2817 3040 2870 sit
3087 2831 3336 2883 vacuum,
3395 2815 3669 2887 quidquid
3726 2814 3790 2868 ab

2191 2906 2409 2962 illorum
2439 2905 2597 2962 fuerit
2625 2905 3004 2962 constitutione
3041 2905 3336 2960 diversum.
3377 2927 3399 2952 υ

2712 3075 2936 3131 CAPUT
2973 3074 3260 3130 PRIMUM.

2193 3197 2344 3266 Quod
2373 3197 2580 3269 palatii
2635 3197 2775 3266 regii
2826 3200 2882 3251 et
2943 3194 3176 3250 abbatiae
3221 3192 3792 3250 administrationem

2617 3287 2817 3340 contra
2836 3298 3080 3340 canones
3109 3281 3372 3338 obtinuit.

2239 3410 2497 3478 (Ilincm.,
2535 3409 2631 3464 lib.
2673 3423 2740 3464 ιγ
2771 3409 2924 3479 Cap.,
2961 3423 3010 3461 c.
3041 3409 3076 3462 2
3111 3425 3125 3472 ;
3161 3421 3317 3462 conc.
3337 3405 3604 3462 Antioch.
3637 3420 3688 3460 c.
3713 3407 3793 3474 9.)

2195 3499 2330 3553 Cum
2358 3497 2498 3552 sacri
2521 3495 2842 3552 Antiocheni
2897 3511 3135 3550 canones
3183 3493 3519 3565 praecipiant,
3555 3501 3614 3547 ut
3643 3509 3796 3565 prae-

2193 3594 2274 3642 ter
2305 3585 2780 3656 metropolitanum
2839 3583 2974 3639 nihil
3017 3599 3180 3654 agere
3221 3583 3436 3648 debeat,
3487 3583 3799 3638 secundum

2194 3674 2470 3745 antiquam
2511 3689 2542 3728 a
2569 3673 2811 3728 Patribus
2867 3671 3068 3727 nostris
3111 3671 3360 3744 regulam
3415 3670 3794 3737 constitutam,

2195 3762 2298 3818 nisi
2329 3779 2392 3818 ea
2420 3769 2627 3816 tantum
2654 3777 2772 3832 quae
2802 3761 2873 3816 ad
2919 3773 3076 3814 suam
3133 3759 3449 3830 parochiam
3497 3755 3796 3828 pertinent,

2195 3851 2680 3923 possessionesque
2710 3849 2984 3918 subjectas
3007 3849 3153 3903 :sine
3175 3863 3292 3902 mea
3321 3846 3408 3902 vel
3429 3847 3798 3917 coepiscopo-

2197 3957 2316 3995 rum
2349 3939 2684 3994 conscientia
2723 3937 3248 3992 administrationem
3279 3935 3332 3988 in
3361 3933 3568 4005 palatio
3601 3935 3798 3989 domni

2197 4029 2344 4100 regis
2373 4027 2619 4082 obtinuit.
2671 4027 2846 4095 Quam
2901 4023 3422 4081 administrationem
3465 4021 3546 4076 illi
3607 4037 3800 4078 coram

2199 4117 2391 4171 eodem
2412 4117 2612 4170 domno
2641 4131 2791 4187 rege,
2826 4121 2878 4168 et
2906 4113 3025 4167 aliis
3055 4112 3147 4184 qui
3177 4111 3487 4178 adfuerunt,
3517 4127 3584 4166 ex
3627 4111 3805 4166 sacris

2199 4203 2402 4274 regulis
2433 4201 2700 4258 interdixi.
2733 4205 2930 4257 Postea
2951 4201 3142 4256 iterum
3181 4217 3276 4271 per
3305 4209 3522 4254 exteras
3551 4207 3804 4269 potesta-

2201 4301 2300 4358 tes,
2321 4292 2375 4345 id
2406 4299 2488 4346 est
2504 4291 2846 4348 saecularium
2901 4289 3314 4354 interventione,
3376 4295 3570 4343 contra
3617 4287 3808 4342 Sardi-

512 4375 1060 4458 sanctos‘sanctorum
1089 4375 1450 4460 conciliorum,
1493 4375 1750 4471 canones,
1803 4375 1855 4460 et
1883 4375 2099 4461 decre'la
2127 4401 2180 4461 D
2203 4395 2399 4471 “me?
2427 4379 2940 4471 ρδιξοηεειθαιῐιάεπι
2962 4376 3484 4471 34mi¥lislra§i°nefi
3515 4375 3570 4429 in
3593 4375 3807 4446 palatio

515 4490 662 4546 sedis
691 4491 1022 4562 apostolicae,
1055 4509 1120 4547 ex
1153 4493 1360 4548 eisdem
1392 4494 1690 4549 canonibus
1737 4493 2099 4566 promulgata,

512 4595 753 4652 ergaque
783 4593 972 4635 sacras
1001 4580 1175 4652 leges.
1227 4581 1422 4652 quibus
1477 4597 1584 4636 una
1625 4598 1747 4638 cum
1803 4581 2101 4636 canonibus

509 4667 824 4723 moderatur
849 4668 1116 4736 Ecclesia,
1153 4670 1268 4738 ejus
1317 4677 1683 4740 contemptum
1731 4669 2097 4740 monstrantis,

512 4763 564 4812 et
593 4757 643 4811 ei
671 4773 772 4826 per
802 4757 1124 4828 scripturam
1154 4755 1291 4812 falso
1322 4758 1500 4812 illatas
1529 4758 1659 4811 mihi
1691 4757 1991 4813 calumnias
2023 4773 2100 4812 re-

513 4843 769 4912 fellentis,
799 4845 1031 4901 inculco.
1095 4845 1232 4913 Quia
1255 4854 1308 4900 ut
1365 4847 1576 4900 beatus.
1623 4845 1946 4901 Coelestinus
1975 4845 2102 4901 dicit

513 4927 702 5000 (epist.
739 4931 760 4982 1
795 4933 850 4984 et
879 4929 954 5000 3),
993 4953 1014 4977 ι‹
1049 4930 1244 4985 merito
1259 4947 1360 4985 nos
1381 4945 1548 4986 causa
1579 4929 1817 5000 respicit,
1853 4930 1898 4983 si
1931 4929 2098 4984 silen-

513 5016 589 5072 tio
619 5015 894 5072 faveamus
923 5018 1111 5073 errori.
1145 5017 1279 5087 Quae
1297 5019 1440 5074 enim
1461 5035 1490 5072 a
1511 5019 1667 5073 nobis
1689 5035 1778 5074 res
1799 5019 1963 5092 digna
1976 5035 2098 5074 ser-

511 5105 746 5172 vabitur,
774 5105 818 5160 si
847 5105 1193 5162 decretorum
1225 5124 1418 5163 norma
1443 5108 1858 5164 constitutorum
1875 5123 1975 5178 pro
2004 5107 2099 5162 ali-

510 5211 740 5267 quorum
771 5193 924 5249 libitu
956 5193 1176 5249 licentia
1231 5196 1446 5267 populis
1503 5197 1768 5267 permissa
1799 5195 2094 5268 frangatur.

507 5285 629 5350 Non
663 5293 746 5341 est
775 5285 1052 5358 agentium
1070 5299 1234 5340 causa
1256 5285 1528 5340 solorum:
1554 5284 1879 5340 universalis
1907 5285 2098 5340 Eccle-

514 5373 595 5427 sia
624 5390 946 5445 quacunque
977 5373 1213 5428 novitate
1243 5373 1508 5444 pulsatur.
1549 5393 1570 5422 »
1604 5373 1818 5428 Novum
1851 5381 1932 5428 est
1954 5373 2096 5428 enim

514 5467 661 5539 quod
691 5467 1037 5537 provincialis
1069 5467 1355 5540 episcopus
1385 5466 1476 5538 qui
1494 5481 1604 5522 non
1633 5466 1688 5521 in
1733 5467 1944 5524 civitate
1976 5484 2098 5540 quae

2201 4485 2324 4524 cum
2353 4468 2569 4522 abbatia
2589 4468 2644 4522 in
2671 4467 2830 4522 tertia
2885 4466 3183 4538 provincia,
3245 4465 3382 4519 ultra
3424 4465 3806 4521 Rhemensem

2200 4557 2559 4628 provinciam,
2593 4555 2711 4611 sine
2741 4571 2864 4610 mea
2893 4553 3225 4610 conscientia
3255 4553 3582 4622 impetravit,
3617 4561 3672 4606 et
3703 4568 3808 4622 per

2200 4645 2406 4716 aliquot
2435 4659 2609 4700 annos
2639 4644 2812 4698 tenuit
2845 4661 2858 4697 :
2888 4643 3063 4697 donec
3093 4647 3280 4697 contra
3310 4641 3570 4694 domnnm
3601 4655 3802 4710 regem

2200 4733 2256 4788 in
2285 4740 2488 4787 tantum
2517 4749 2595 4798 se,
2653 4733 2770 4786 sine
2797 4731 3028 4796 ratione,
3089 4728 3480 4785 contumaciter
3514 4727 3716 4794 erexit,
3747 4736 3810 4782 ut

2203 4825 2256 4872 et
2282 4816 2806 4872 administrationem
2861 4814 3172 4886 palatinam,
3209 4819 3262 4867 et
3307 4813 3482 4881 ipsam
3521 4811 3804 4866 abbatiam

2199 4906 2276 4960 illi
2320 4904 2578 4960 auferret.
2613 4905 2812 4960 Contra
2869 4919 2990 4975 quae
3021 4901 3378 4958 Sardicenses
3433 4914 3676 4955 canones
3729 4899 3808 4953 di-

2199 5001 2328 5050 cunt
2363 5011 2374 5048 :

2273 5129 2294 5162 ι
2330 5109 2541 5165 Scimus
2589 5108 2734 5163 enim
2761 5115 2814 5163 et
2843 5107 2947 5178 ipsi
2979 5103 3278 5176 saepissime
3323 5111 3542 5174 propter
3581 5117 3796 5172 pauco-

2199 5215 2318 5254 rum
2366 5197 2758 5269 impudentiam
2813 5195 3134 5266 religiosum
3209 5191 3546 5248 sacerdotale
3593 5207 3810 5246 nomen

2199 5285 2368 5364 fuisse
2399 5286 2812 5356 reprehensum.
2849 5307 2870 5330 ιι

2269 5385 2336 5437 Ει
2363 5391 2485 5452 post
2513 5383 2787 5452 aliquanta
2842 5381 2896 5436 in
2929 5377 3240 5448 hujusmodi
3275 5377 3473 5433 litteris
3527 5374 3812 5433 subscribi

2199 5477 2252 5525 et
2283 5469 2445 5526 talem
2475 5471 2530 5524 in
2561 5469 2943 5526 communione
2975 5467 3144 5539 recipi
3172 5473 3372 5522 vetant.
