4056 6178
279 271 384 325 569

927 384 1152 443 CAPUT
1189 385 1257 440 ΙΙ.

283 479 439 549 Quod
477 479 551 534 ad
603 475 860 549 eamdem
905 475 1188 530 abbatiam
1217 475 1342 529 sine
1386 472 1620 549 licentia
1669 474 1882 528 metro-

564 548 810 620 politani
835 549 1037 602 contra
1063 560 1308 601 canones
1319 544 1596 617 perrexit.

352 639 496 707 (Lib.
530 651 604 690 LV
637 637 792 707 Cap.,
823 650 872 689 c.
903 632 984 703 2.)
1027 633 1110 687 Ad
1140 646 1306 704 quam
1353 631 1625 686 abhatiam
1671 628 1883 702 quoties

277 727 385 783 sibi
411 723 635 796 placuit,
668 722 786 777 sine
814 720 1029 777 licentia
1056 734 1178 775 mea
1208 720 1451 791 perrexit
1483 736 1495 775 :
1544 725 1597 774 et
1644 717 1883 790 quandiu

275 815 350 869 illi
380 812 609 885 placuit,
641 810 844 866 ibidem
874 816 1238 865 commoratus
1275 808 1412 875 fuit;
1470 815 1661 864 contra
1716 806 1883 862 Hilari

273 918 432 974 papae
461 900 687 957 decreta
714 896 944 954 dicentis
964 897 1155 968 (epist.
1176 901 1227 963 8,
1248 896 1320 952 ad
1340 897 1581 953 diversos
1599 897 1881 969 episcOpos

283 989 506 1058 Gallice)
540 1006 555 1043 :
593 1009 616 1036 α
650 987 789 1041 Illud
817 1000 926 1041 non
952 984 1224 1056 potuimus
1250 984 1552 1056 praeterire,
1586 982 1729 1055 quod
1771 982 1881 1038 sol-

275 1076 558 1133 licitudine
587 1073 933 1145 diligentiore
962 1073 1264 1128 curandum
1295 1079 1396 1142 est,
1420 1088 1489 1127 ne
1528 1077 1729 1142 praeter
1764 1086 1882 1125 me-

277 1165 739 1236 tropolitanorum
791 1176 1016 1217 suorum
1071 1160 1275 1216 litteras
1313 1159 1479 1231 aliqui
1518 1158 1762 1229 episcopi
1810 1158 1881 1213 ad

279 1252 582 1325 quamlibet
608 1250 944 1322 provinciam
971 1248 1203 1304 audeant
1221 1245 1514 1318 proficisci.
1539 1245 1699 1315 Quod
1717 1246 1880 1302 etiam

279 1342 335 1396 in
361 1339 514 1396 omni
544 1352 748 1410 genere
778 1336 939 1393 oﬁicii
986 1336 1258 1392 clericalis
1294 1351 1398 1406 per
1433 1334 1678 1407 singulas
1715 1334 1879 1391 debet

278 1427 551 1485 ecclesias
580 1424 863 1482 custodiri.
902 1445 925 1474 ι
958 1424 1029 1478 Et
1056 1423 1136 1480 sic
1163 1430 1323 1479 antea
1345 1422 1590 1480 Zosimus
1609 1422 1796 1496 (epist.
1822 1425 1875 1491 5,

279 1520 332 1583 6,
375 1516 489 1587 lt),
532 1522 585 1571 et
620 1520 808 1585 postea
846 1513 903 1568 S.
960 1511 1263 1585 Gregorius
1318 1511 1439 1585 (lib.
1490 1527 1585 1581 vn,
1640 1511 1762 1567 ind.
1819 1514 1874 1578 2,

274 1620 361 1677 ep.
405 1605 462 1672 8)
520 1600 779 1668 decrevit,
820 1600 1068 1656 scribens
1105 1600 1174 1655 ad
1210 1599 1554 1656 Vincentium
1598 1597 1724 1671 [al.,
1783 1599 1878 1653 In-

277 1689 615 1763 nocentium]
645 1697 699 1745 et
734 1690 962 1747 ceteros
990 1688 1282 1761 episcopos
1314 1704 1328 1745 :
1366 1710 1390 1740 ι
1440 1689 1745 1757 Hortamur,
1786 1686 1878 1742 in-

281 1780 413 1852 quit,
476 1778 870 1834 fraternitatem
906 1784 1165 1845 vestram,
1204 1784 1265 1832 ut
1302 1776 1349 1832 si
1387 1791 1714 1849 quemquam
1777 1791 1879 1833 ve-

279 1875 452 1924 strum
493 1882 597 1939 pro
633 1866 811 1923 causis
846 1866 1082 1937 propriis
1120 1865 1426 1937 ubicunque
1465 1864 1685 1937 longius
1720 1878 1877 1921 com-
1936 1910 1943 1917 ,

278 1955 479 2027 pulerit
506 1954 788 2011 ambulare
816 1953 1135 2023 necessitas,
1164 1970 1196 2008 a
1222 1952 1643 2024 metropolitano
1670 1959 1874 2020 vestro,

280 2042 583 2100 secundum
612 2042 838 2097 inditam
866 2057 900 2097 a
920 2041 1123 2098 sanctis
1153 2040 1402 2097 Patribus
1445 2040 1714 2111 regulam,
1771 2056 1875 2112 pe-

277 2139 389 2187 tere
426 2130 698 2186 licentiam
736 2130 1003 2195 debeatis,
1068 2144 1172 2185 uec
1235 2145 1361 2185 eum
1422 2133 1754 2200 postponere
1819 2128 1875 2184 in

275 2219 457 2291 aliquo
482 2217 747 2276 debeatis.
784 2239 806 2268 ιι
840 2218 907 2272 Et
939 2217 1169 2288 reliqua.

286 2423 437 2491 Quod
467 2421 542 2477 ad
597 2420 1021 2477 ordinationem
1069 2418 1311 2492 episcopi
1340 2419 1761 2475 Cameracensis
1784 2434 1875 2492 vo-

342 2496 509 2549 catus
540 2493 749 2559 venire,
781 2494 884 2546 aut
911 2491 1191 2546 vicarium
1228 2491 1478 2555 mittere,
1509 2491 1870 2562 contempsit.

349 2597 491 2669 (Lib.
516 2611 588 2651 ιγ
616 2595 773 2669 Cap.,
802 2612 851 2651 c.
885 2595 966 2667 2.)
995 2596 1268 2652 Praeterea
1295 2610 1513 2667 quoque
1538 2594 1729 2650 litteris
1776 2611 1873 2652 ca-

279 2684 488 2740 nonicis
516 2690 721 2740 certum
750 2682 895 2739 diem
922 2689 978 2739 et
1005 2683 1184 2739 locum
1239 2682 1671 2755 designantibus,
1704 2689 1757 2738 et
1801 2683 1874 2739 ad

279 2772 569 2829 ecclesiam
598 2787 754 2827 suam
783 2788 848 2827 ex
876 2787 1031 2827 more
1062 2769 1304 2838 directis,
1336 2786 1564 2843 quarum
1595 2770 1873 2842 exemplar

279 2862 475 2928 habeo,
502 2867 755 2917 evocatus
785 2860 855 2916 ad
886 2859 1279 2916 ordinationem
1309 2858 1554 2931 episcopi
1579 2858 1636 2913 in
1689 2859 1872 2916 eccle-

281 2949 363 3004 sia
388 2948 773 3005 Camaraceusi
828 2948 1125 3019 provincia
1160 2954 1382 3015 nostrae,
1440 2954 1653 3018 pastore
1706 2946 1872 3003 desti-

278 3044 407 3103 tuta,
438 3038 585 3092 unde
622 3036 915 3109 apostolica
982 3036 1162 3104 sedes,
1229 3051 1318 3091 me
1383 3042 1713 3109 suggerente
1760 3051 1871 3091 nou

1071 259 1315 318 OPUSC.
1365 258 1456 315 ΕΤ
1508 257 1727 316 EPIST.
1784 257 1858 315 IN
1915 255 2143 314 CAUSA
2190 255 2535 314 HINCMARI
2578 257 2888 316 LAUDUN.

3477 263 3581 320 5’10

1905 383 1962 444 Α
1988 380 2255 437 tentiones
2290 381 2544 453 proprias
2599 381 2993 453 contradicant,
3035 383 3274 441 obtineat
3319 388 3585 445 sententia

1985 469 2365 539 plurimorum,
2399 469 2650 527 eumdem
2679 471 3047 528 venerabilem
3073 470 3290 528 fratrem
3317 474 3585 533 Joannem

1988 556 2305 629 episcopum
2326 556 2719 615 ordinavimus.
2764 560 2845 615 De
2865 567 3178 632 contemptu
3198 565 3382 617 autem
3402 561 3584 618 fratris

1987 643 2283 714 Hiucmari,
2311 653 2369 701 ut
2398 645 2467 701 ad
2496 645 2864 702 ordinandum
2904 648 3292 720 coepiscopum
3340 656 3586 706 nostrum

1985 733 2323 801 conveniret,
2398 741 2451 789 et
2472 734 2713 791 secundo
2769 734 2965 791 litteris
3002 736 3363 793 commonitus
3400 738 3585 796 venire

1985 822 2328 894 contempsit,
2382 823 2737 895 Symmachus
2792 839 2934 896 papa
2971 825 3043 880 ad
3080 825 3332 882 Eonium
3378 828 3453 883 ita
3516 844 3583 883 ex

1984 909 2155 966 sacris
2184 910 2388 983 regulis
2416 912 2783 985 promulgavit
2810 912 2999 986 (epist.
3033 915 3121 981 10,
3148 914 3221 970 ad
3253 915 3579 983 Caesarium,

1981 1013 2093 1053 non
2119 996 2189 1053 ad
2217 998 2487 1070 Eonium)
2524 1016 2537 1054 :
2577 1022 2598 1050 ι
2636 1001 2705 1056 Ut
2743 999 2788 1055 si
2817 999 3051 1072 quilibet
3072 1000 3359 1072 episcopus
3387 1009 3584 1058 metro—

1981 1085 2222 1157 politano
2257 1085 2499 1156 pontifici
2524 1088 2676 1156 juxta
2725 1088 3041 1144 canonicam
3075 1087 3449 1146 diﬂinitionem
3478 1105 3580 1146 vo-

1981 1180 2135 1229 catus
2164 1174 2547 1245 obtemperare
2577 1174 2828 1242 uoluerit,
2853 1177 3063 1232 noverit
3087 1177 3475 1233 succidendum
3495 1194 3577 1246 se,

1981 1263 2126 1334 quod
2155 1278 2264 1318 non
2294 1270 2563 1335 optamus,
2600 1261 2972 1320 ecclesiastica
3023 1264 3331 1336 disciplina.
3383 1285 3407 1316 ι
3470 1266 3581 1322 Sed

1979 1350 2176 1407 dehinc
2206 1366 2239 1406 a
2267 1366 2355 1407 me
2385 1357 2705 1419 conventus,
2739 1351 2947 1408 nullam
2989 1352 3435 1421 satisfactionem,
3477 1369 3581 1411 nec

1978 1437 2142 1493 etiam
2170 1437 2371 1494 humile
2400 1454 2748 1511 responsum,
2780 1439 2912 1496 mihi
2931 1454 2997 1497 ac
3017 1439 3359 1514 coepiscopis
3376 1440 3579 1498 nostris

1977 1525 2233 1581 reddidit.

2602 1633 2827 1690 CAPUT
2862 1634 2954 1691 IV.

1907 1732 1961 1794 Β
1988 1719 2138 1805 Quod
2166 1736 2353 1805 regem
2377 1722 2500 1777 sine
2538 1722 2765 1805 ratione
2807 1723 2894 1779 vel
2939 1723 3276 1805 necessitate
3323 1724 3577 1797 offendit,

2052 1794 2109 1846 et
2161 1792 2407 1917 aiioratm
2458 1793 2848 1865 episcoporum
2909 1795 3286 1868 parochiam:
3346 1792 3579 1854 crocom-

2052 1877 2338 1917 mumcam
2371 1903 2385 1916 .

2048 1877 2385 1917 mumcavtt.

2050 1967 2247 2023 Postea
2273 1967 2561 2024 intervenit
2591 1967 2857 2025 diutinum
2887 1968 3208 2026 scandalum
3236 1970 3376 2029 inter
3416 1971 3579 2029 dom-

1980 2070 2109 2110 uum
2137 2071 2329 2127 regem
2356 2062 2409 2112 et
2435 2055 2579 2112 illius
2627 2056 2967 2128 pertinacem
3010 2059 3406 2115 contumaciam
3438 2076 3452 2117 :
3511 2075 3579 2117 eo

1980 2143 2126 2215 quod
2154 2143 2405 2200 homines
2433 2144 2517 2200 sui
2547 2144 2618 2200 ad
2647 2146 2906 2202 domuum
2935 2162 3124 2220 regem
3151 2163 3211 2203 se
3240 2147 3579 2205 reclamave-

1979 2239 2125 2299 runt,
2157 2231 2286 2304 quia
2313 2231 2578 2289 beneﬁcia
2608 2248 2799 2289 eorum
2828 2235 2898 2289 ab
2930 2234 3010 2290 eis
3041 2234 3239 2305 injuste
3269 2236 3573 2293 abstulerit.

1978 2320 2136 2376 Unde
2164 2319 2399 2375 domnus
2428 2337 2523 2377 rex
2553 2322 2724 2377 semel
2750 2336 2816 2378 ac
2836 2323 3076 2379 secundo
3130 2339 3239 2391 me,
3295 2340 3404 2380 una
3451 2340 3577 2382 cum

1979 2407 2321 2479 coepiscopis
2350 2408 2574 2476 nostris,
2608 2417 2661 2465 et
2698 2409 2820 2466 aliis
2872 2410 3057 2466 missis
3111 2412 3247 2480 suis,
3303 2411 3446 2468 inter
3482 2428 3579 2470 eos

1980 2496 2183 2551 habere
2210 2495 2542 2552 audientiam
2565 2497 2728 2566 jussit
2752 2517 2767 2566 ;
2802 2498 2901 2555 sed
2929 2498 3083 2555 illum
3111 2499 3181 2555 ad
3210 2500 3478 2558 rationem
3524 2508 3578 2559 et

1982 2583 2348 2640 obedientiam
2378 2585 2611 2641 debitam
2641 2587 2864 2643 ﬂectere
2902 2602 3013 2642 non
3067 2588 3363 2659 potuimus.
3422 2589 3578 2660 Qua-

1982 2679 2208 2744 propter
2229 2672 2393 2741 jussit
2420 2674 2652 2729 domuus
2680 2689 2795 2742 rex,
2828 2682 2888 2729 ut
2914 2675 2986 2729 ad
3013 2676 3373 2750 Poutigonem
3426 2677 3578 2749 pala-

1984 2760 2115 2814 tium
2143 2776 2303 2815 suum
2331 2761 2387 2816 in
2416 2761 2711 2817 Rhemensi
2739 2762 3040 2833 provincia,
3076 2778 3183 2836 quo
3210 2764 3399 2836 plures
3454 2765 3577 2838 epi-

1984 2847 2157 2919 scopi,
2189 2856 2243 2904 et
2265 2848 2357 2903 alii
2388 2847 2576 2905 ﬁdeles
2606 2849 2723 2919 ejus
2754 2850 3071 2907 conventuri
3100 2859 3267 2919 erant,
3309 2860 3401 2910 aut
3457 2854 3578 2926 ipse

1983 2936 2213 3003 veniret,
2232 2945 2323 2992 aut
2353 2936 2425 2992 ita
2452 2953 2721 3009 personas
2748 2955 2846 3010 pro
2873 2956 2933 2995 se
2961 2939 3253 2997 instructas
3294 2941 3572 3015 dirigeret,

1983 3032 2043 3079 ut
2069 3024 2204 3096 ipsae
2233 3025 2604 3096 querimonias
2631 3026 2795 3083 finem
2825 3027 3155 3099 acciperent.
3213 3030 3335 3100 Ipse
3397 3036 3577 3087 autem

277 3126 492 3182 modice
519 3085 806 3192 lamin“,
837 3141 939 3181 nec
969 3124 1087 3197 ipse
1116 3124 1282 3191 venit,
1314 3138 1416 3181 nec
1449 3085 1565 3196 ἶξνο
1621 3139 1681 3180 se
1728 3124 1877 3181 Vica-
1896 3085 1946 3150 C
1972 3111 2103 3169 illuc
2131 3129 2241 3169 non
2269 3114 2435 3185 venit,
2469 3130 2572 3171 uec
2619 3115 2691 3170 ita
2727 3116 3021 3172 instructas
3074 3132 3177 3188 pro
3214 3133 3275 3172 se
3311 3132 3577 3188 personas

279 3214 413 3270 riam
439 3230 750 3285 personam,
783 3213 871 3271 vel
900 3213 1110 3269 litteras
1141 3212 1223 3267 sui
1278 3228 1578 3269 consensus
1635 3212 1706 3267 ad
1761 3228 1870 3281 me,

277 3302 418 3359 sicut
442 3301 767 3374 praecipiunt
793 3301 998 3373 regulae
1028 3316 1217 3370 sacrm,
1251 3300 1465 3357 direxit.
1524 3300 1647 3369 Qua
1684 3304 1752 3355 de
1788 3316 1870 3369 re,

278 3391 546 3447 ordinatio
574 3389 735 3446 electi
762 3390 860 3445 fuit
888 3389 1073 3445 dilata.
1118 3389 1271 3445 Unde
1331 3389 1524 3444 iterum
1570 3387 1875 3444 istiusmodi

274 3480 484 3535 litteras
511 3479 583 3534 ad
612 3479 905 3535 ecclesiam
934 3492 1088 3534 suam
1118 3494 1183 3534 ex
1212 3492 1367 3534 more
1396 3477 1570 3532 direxi
1601 3494 1615 3532 :
1655 3499 1677 3528 ι
1711 3477 1874 3533 Hinc-

278 3583 463 3623 marus
493 3568 829 3624 Rliemorum
859 3566 1147 3639 episcOpus
1176 3565 1375 3622 dilecto
1404 3564 1558 3621 fratri
1587 3566 1875 3622 Hincmaro

277 3663 331 3713 et
356 3655 661 3713 venerabili
693 3655 1019 3727 coepiscopo
1047 3663 1255 3722 nostro,
1291 3654 1543 3710 salutem.
1577 3653 1727 3711 Sicut
1762 3654 1876 3723 jam

276 3745 450 3801 altera
477 3745 600 3801 vice
626 3744 821 3801 litteris
843 3743 1131 3815 dilectioni
1163 3750 1267 3799 tuae
1295 3743 1567 3814 mandavi,
1600 3742 1781 3799 clerus
1810 3758 1877 3801 ac

272 3834 432 3907 plebs
461 3832 876 3889 Cameracensis
907 3832 1153 3889 ecclesiae
1182 3847 1305 3889 cum
1343 3832 1561 3889 decreto
1617 3832 1876 3889 canonico

271 3922 548 3994 petierunt
577 3921 680 3976 sibi
713 3921 957 3978 ordinari
987 3921 1303 3994 episcopum
1331 3922 1595 3977 Joannem
1646 3920 1877 3993 presby-

276 4018 473 4076 terum,
506 4009 683 4065 virum
714 4009 841 4065 boui
897 4008 1238 4067 testimonii:
1287 4010 1355 4064 ad
1404 4010 1522 4078 ejus
1576 4009 1877 4073 ordinatio-

274 4115 403 4155 nem
430 4098 593 4154 nonis
629 4098 757 4153 Julii
791 4098 1146 4155 convenimus
1183 4112 1344 4153 secus
1397 4098 1706 4154 Belvacum.
1768 4097 1878 4152 Sed

277 4187 406 4258 quia
431 4194 526 4241 tua
556 4185 868 4241 fraternitas
898 4187 1027 4243 illuc
1056 4202 1166 4242 non
1206 4186 1479 4255 convenit,
1528 4200 1631 4242 nec
1672 4201 1775 4257 pro
1817 4202 1878 4242 se

274 4289 570 4345 personam
600 4282 693 4330 aut
720 4274 924 4330 litteras
954 4274 1036 4330 sui
1082 4290 1383 4331 consensus
1446 4274 1660 4344 direxit,
1721 4273 1879 4330 ordi-

276 4362 557 4417 nationem
586 4362 727 4417 illius
759 4362 1087 4418 distulimus.
1110 4363 1425 4434 Propterea,
1458 4362 1713 4435 quoniam
1742 4362 1880 4418 sicut

1975 3201 2191 3269 direxit,
2225 3202 2318 3274 qui
2346 3203 2582 3274 legalem
2613 3203 2777 3259 finem
2806 3204 3014 3260 eisdem
3034 3205 3389 3276 querimoniis
3408 3205 3580 3278 impo-

1973 3297 2185 3345 nerent.
2217 3290 2336 3359 Qua
2375 3292 2444 3347 de
2471 3307 2532 3347 re
2562 3292 2796 3347 domnus
2826 3308 2923 3347 rex
2951 3292 3002 3348 ei
3028 3292 3322 3363 mandavit,
3352 3301 3411 3349 ut
3441 3293 3578 3365 ipsis

1973 3378 2283 3434 hominibus
2324 3394 2419 3433 sua
2447 3378 2718 3436 beneﬁcia
2745 3387 2933 3436 tenere
2986 3381 3346 3452 permitteret,
3402 3397 3577 3454 usque

1974 3466 2104 3522 dum
2125 3467 2271 3536 juste
2302 3473 2355 3522 et
2383 3466 2780 3523 rationabiliter
2816 3482 2994 3524 causae
3045 3469 3114 3524 de
3179 3468 3378 3541 quibus
3432 3469 3577 3542 apud

1975 3570 2101 3610 eum
2128 3554 2527 3611 reclamabatur
2555 3554 2925 3612 ditiinireutur.

2045 3643 2225 3698 Isdem
2256 3650 2437 3699 autem
2467 3643 2585 3699 sine
2612 3644 2782 3700 misso
2811 3644 2981 3717 regis,
3017 3645 3104 3702 vel
3151 3646 3573 3719 metropolitani,

1975 3730 2291 3788 absentibus
2319 3731 2428 3787 illis
2456 3733 2546 3806 qui
2575 3740 2768 3789 contra
2795 3748 2919 3788 eum
2950 3734 3338 3807 querebantur,
3388 3742 3579 3792 contra

1973 3819 2129 3893 leges
2164 3820 2412 3891 publicas
2450 3829 2502 3877 et
2566 3820 2985 3889 ecclesiasticas,
3054 3830 3264 3895 septem
3326 3824 3577 3880 homines

1976 3909 2124 3982 quod
2154 3909 2258 3964 sibi
2287 3908 2463 3965 fuerat
2491 3909 2685 3977 visum,
2719 3910 3100 3985 interrogavit,
3133 3919 3187 3968 et
3225 3913 3373 3985 quod
3421 3913 3577 3969 dom-

1974 4012 2079 4052 nus
2110 4013 2207 4052 rex
2246 3998 2298 4054 ei
2335 4000 2705 4067 mandaverat,
2737 4015 2848 4056 non
2878 3999 3177 4057 obaudivit.
3226 4002 3294 4057 Et
3351 4001 3577 4059 veniens

1976 4081 2197 4138 demum
2229 4083 2297 4137 ad
2351 4083 2613 4138 domuum
2668 4099 2859 4156 regem
2897 4085 3037 4141 adeo
3075 4084 3228 4141 illum
3264 4085 3574 4155 commovit,

1975 4177 2035 4225 ut
2070 4177 2124 4225 et
2160 4170 2506 4241 suprafatam,
2566 4171 2860 4239 abbatiam,
2931 4180 2982 4228 et
3048 4174 3574 4231 administrationem

1974 4258 2267 4330 palatinam
2297 4259 2368 4313 ab
2396 4274 2463 4314 eo
2491 4258 2747 4315 auferret.
2778 4261 2849 4315 Et
2874 4268 2999 4330 post
3026 4260 3164 4328 haec,
3198 4262 3324 4334 quia
3357 4262 3497 4319 sicut
3525 4263 3577 4320 ei

1975 4345 2235 4417 prmcepit
2263 4345 2335 4401 ad
2364 4346 2623 4401 domuum
2655 4362 2848 4419 regem
2877 4348 3083 4416 venire,
3116 4362 3225 4404 non
3254 4350 3441 4419 voluit,
3474 4365 3578 4407 nec

272 4451 395 4521 ipse
423 4450 552 4519 scis,
575 4450 769 4506 eadem
798 4451 978 4520 sedes,
1014 4451 1105 4506 diu
1136 4450 1189 4506 in
1217 4451 1506 4507 multorum
1574 4450 1880 4522 periculum
1903 4441 1956 4501 D
1979 4443 2305 4499 advocatum
2335 4458 2494 4497 suum
2527 4442 2634 4513 qui
2679 4442 2747 4498 de
2796 4443 2963 4499 rebus
2998 4444 3348 4517 pecuniariis,
3389 4454 3577 4503 contra

274 4546 435 4595 vacat
463 4547 701 4609 pastore,
732 4554 816 4594 χιι
870 4539 1143 4595 Kalendas
1200 4539 1429 4611 Augusti
1485 4539 1717 4596 conveni
1754 4554 1879 4595 cum

273 4622 488 4677 caeteris
519 4621 774 4678 fratribus
804 4623 861 4678 in
889 4623 1280 4679 monasterium
1309 4622 1456 4695 quod
1503 4623 1701 4679 dicitur
1749 4623 1873 4680 Isla.

273 4709 329 4764 in
359 4710 628 4781 parochia
654 4711 966 4767 Belvacensi
994 4712 1062 4766 ad
1091 4712 1344 4767 eumdem
1374 4710 1602 4768 fratrem
1630 4718 1879 4768 nostrum

274 4814 342 4853 ex
370 4814 529 4853 more
558 4798 921 4854 ordinandum
951 4800 1289 4873 episcopum.
1318 4801 1456 4856 Data
1477 4816 1556 4855 tu.
1574 4800 1653 4856 Id.
1674 4800 1818 4856 Julii.
1850 4821 1873 4851 ι

272 4886 344 4940 Et
373 4886 824 4943 convenientibus
852 4888 1011 4944 nobis
1038 4889 1108 4943 ad
1136 4889 1455 4960 praedictum
1485 4889 1667 4946 locum
1684 4889 1880 4960 praedi-

271 4974 377 5030 ctis
408 4974 688 5042 Kalendis,
720 4991 822 5032 nec
848 4976 968 5048 ipse
997 4976 1162 5047 venit,
1191 4991 1296 5034 nec
1351 4993 1455 5049 pro
1493 4992 1553 5034 se
1615 4978 1878 5034 vicariam

272 5077 594 5134 personam,
626 5064 715 5120 vel
754 5064 960 5121 litteras
990 5066 1072 5121 sui
1111 5081 1429 5133 consensus,
1480 5066 1549 5122 ad
1586 5082 1692 5133 me,
1734 5067 1876 5123 sicut

274 5150 606 5221 praecipiunt
652 5167 826 5209 sacrae
870 5153 1096 5226 regulae,
1147 5154 1358 5209 direxit.
1399 5155 1515 5210 Nos
1552 5162 1732 5211 autem
1784 5155 1878 5227 qui

273 5239 655 5310 convenimus,
678 5242 992 5297 auctoritate
1009 5242 1216 5298 Nicaeni
1244 5243 1480 5309 concilii,
1531 5243 1878 5300 decernentis

272 5327 429 5399 (can.
466 5328 524 5399 6)
552 5335 611 5382 ut
636 5328 691 5382 in
724 5330 1028 5386 ordinando
1057 5330 1339 5402 episcopo,
1374 5331 1420 5385 si
1446 5332 1719 5387 communi
1751 5348 1877 5388 cun-

272 5423 487 5470 ctorum
543 5416 764 5472 decreto
817 5418 1140 5486 rationabili,
1200 5428 1253 5475 et
1291 5420 1591 5475 secundum
1626 5420 1875 5494 regulam

274 5502 707 5561 ecclesiasticam
727 5507 1101 5580 comprobato,
1124 5507 1234 5564 duo
1254 5515 1347 5565 aut
1378 5515 1485 5565 tres
1505 5515 1731 5582 propter
1745 5525 1874 5568 con-

1978 4530 2359 4602 conquireutes
2386 4530 2646 4587 adversus
2678 4547 2805 4587 eum
2832 4532 3095 4589 rationem
3144 4533 3421 4605 redderet,
3466 4534 3575 4590 mi-

1981 4619 2068 4684 sit,
2108 4634 2209 4675 nec
2246 4619 2543 4676 electorum
2563 4619 2827 4689 judicium
2859 4621 3012 4692 juxta
3058 4622 3213 4696 leges
3261 4630 3314 4679 et
3351 4622 3592 4702 regulas.

1979 4714 2234 4779 expetere
2264 4707 2452 4777 voluit,
2484 4724 2590 4765 nec
2615 4710 2748 4765 mihi
2777 4726 2877 4767 suo
2904 4710 3340 4783 metrOpolitano,
3372 4718 3431 4767 ut
3486 4728 3577 4768 ec-

1975 4795 2308 4852 clesiasticos
2333 4797 2565 4868 judices,
2590 4814 2822 4870 quorum
2834 4798 3041 4869 judicio
3071 4814 3254 4856 causa:
3295 4797 3571 4870 ﬁniuntur,

1979 4884 2118 4940 sicut
2145 4885 2299 4957 leges
2320 4893 2373 4941 et
2389 4886 2817 4959 regulaejubent,
2855 4886 2934 4943 illi
2953 4887 3298 4962 delegarent,
3323 4888 3584 4961 quiddam

1975 4974 2271 5041 mandavit,
2306 4974 2492 5031 domui
2519 4975 2669 5047 regis
2698 4992 2829 5049 erga
2858 4992 2917 5031 se
2945 4975 3190 5032 animum
3225 4993 3339 5033 non
3373 4977 3577 5034 medio-

1977 5061 2141 5118 criter
2170 5062 2519 5135 exaggeravit
2550 5063 2670 5133 (lib.
2694 5079 2766 5118 ιν
2795 5066 2951 5138 Cap.,
2984 5079 3034 5121 c.
3068 5064 3182 5138 21).
3224 5065 3389 5136 Cujus
3419 5065 3579 5121 beni-

1977 5151 2242 5224 gnitatem
2266 5152 2335 5207 ad
2375 5168 2498 5207 eum
2527 5151 2776 5219 veniens,
2817 5153 3084 5222 adjunctis
3115 5170 3330 5211 mecum
3372 5153 3576 5210 nostris

1976 5239 2337 5311 coepiscopis,
2373 5241 2512 5297 sicut
2539 5248 2716 5312 antea,
2750 5250 2803 5298 et
2831 5250 3025 5315 postea
3052 5243 3256 5315 saepius
3293 5243 3401 5316 egi,
3446 5244 3574 5316 pla-

1977 5327 2207 5384 cabilem
2237 5329 2288 5383 ei
2314 5328 2440 5385 feci.
2501 5329 2609 5386 Sed
2664 5329 2830 5387 frater
2866 5331 3201 5388 Hincmarus.
3221 5347 3376 5388 more
3414 5339 3570 5391 sueto

1973 5415 2164 5471 iterum
2192 5424 2353 5489 atque
2382 5415 2573 5473 iterum
2602 5418 2789 5475 domui
2819 5419 2968 5493 regis
2998 5420 3241 5477 animum
3278 5421 3396 5478 sine
3458 5421 3575 5479 ulla

1975 5511 2181 5571 ratione
2210 5513 2297 5575 vel
2348 5514 2675 5576 necessitate
2724 5517 3113 5582 contumaciter
3166 5520 3570 5583 recommovit:
