4056 6178
501 223 603 278 571

1528 221 1872 278 HINCMARI
1907 221 2308 279 RHEMENSIS
2345 221 2892 282 ARCHIEPISCOPI.

3685 235 3786 290 572

499 352 555 402 et
591 343 711 401 sine
747 343 918 415 ipsius
955 339 1173 402 licentia
1207 345 1276 400 ab
1331 361 1398 402 eo
1452 346 1737 412 recedens,
1777 346 2092 402 Laudunum
2120 348 2176 410 Α
2195 345 2516 403 inconsultis
2545 347 2750 420 aliquid
2779 364 2950 422 agere
2977 358 3324 420 praesumant.
3363 353 3435 408 Et
3463 351 3550 408 lex
3591 356 3787 425 prohi-

497 449 602 506 per
638 439 854 489 noctem
891 434 1121 505 aufugit.
1163 433 1339 503 Quem
1375 435 1608 494 domnus
1645 451 1738 490 rex
1789 433 1980 490 litteris
2037 443 2091 490 et

501 520 684 577 missis
711 528 824 576 tam
853 521 1238 578 ecclesiasticis
1269 540 1430 594 quam
1460 530 1511 578 et
1543 522 1903 578 saecularibus
1929 531 1989 577 ut
2020 523 2092 578 ad

501 626 626 666 eum
669 609 880 666 veniret
907 626 1052 680 saepe
1083 611 1292 666 vocavit
1323 628 1335 664 :
1369 611 1460 682 qui
1489 611 1560 665 ad
1590 627 1712 665 eum
1740 610 1928 666 venire
1955 626 2092 667 con-

502 697 738 768 tempsit.
771 699 838 752 Et
875 698 1132 770 quoniam
1187 699 1436 769 pervenit
1491 699 1560 753 ad
1589 699 1850 754 domnum
1879 715 2088 770 regem,

503 785 628 858 quia
656 800 780 840 cum
809 777 1170 841 Lothario'illi
1217 786 1552 853 conveniret,
1603 795 1660 840 ut
1701 786 1994 842 ecclesiam
2041 795 2094 840 et

503 873 720 945 plebem
748 873 852 927 sibi
877 873 1138 929 creditam
1166 874 1464 942 desereret,
1499 882 1551 928 et
1597 874 1654 928 in
1699 889 1875 946 regno
1924 875 2094 944 ipsius

499 961 739 1018 honores
767 962 1054 1032 acciperet.
1079 961 1184 1031 Qui
1213 970 1267 1016 et
1296 962 1353 1017 in
1379 961 1571 1016 litteris
1601 961 1799 1016 domno
1831 962 1950 1032 regi
2005 961 2094 1016 di-

501 1048 668 1104 rectis
719 1049 939 1120 scripsit
993 1049 1180 1105 diceus
1213 1068 1226 1103 :
1263 1073 1284 1097 a
1321 1052 1436 1104 Deo
1467 1057 1602 1104 teste
1641 1049 1796 1104 vobis
1835 1049 2030 1120 loquor
2078 1067 2091 1104 :

499 1137 682 1210 potius
711 1137 855 1210 eligo
885 1145 1034 1192 extra
1062 1145 1306 1193 vestrum
1331 1137 1534 1208 degere
1565 1153 1813 1208 regnum,
1847 1152 2012 1208 quam
2039 1136 2096 1190 in

501 1233 686 1281 vestro
725 1225 846 1280 talis
874 1241 1161 1296 apparere,
1196 1226 1460 1296 quosdam
1507 1240 1676 1280 nosco
1723 1240 2028 1280 susurrare.
2068 1245 2090 1274 ι

501 1314 648 1370 Tunc
678 1313 912 1368 domnus
941 1329 1040 1368 rex
1067 1315 1392 1368 necessitate
1435 1314 1748 1384 compulsus
1797 1313 2092 1380 mandavit,

500 1409 560 1458 ut
587 1401 713 1474 quia
739 1401 857 1471 ipse
886 1400 1068 1456 venire
1097 1400 1337 1466 nolebat,
1371 1401 1529 1455 liberi
1559 1401 1810 1456 homines
1867 1401 1936 1456 de
1975 1401 2096 1472 epi-

502 1489 689 1560 sc0pio
719 1487 963 1543 Lauduni
992 1488 1060 1542 ad
1089 1505 1212 1543 eum
1241 1489 1563 1560 compendio
1591 1489 1790 1560 palatio
1828 1489 2093 1544 venirent.

504 1577 625 1646 Quo
663 1577 828 1649 aliqui
865 1593 931 1632 ex
958 1575 1037 1632 eis
1065 1586 1330 1633 venerunt
1361 1595 1374 1632 :
1408 1578 1728 1649 quibusdam
1760 1594 1906 1644 vero,
1940 1585 1998 1632 ut
2027 1578 2099 1632 ad

2189 435 2334 504 beat,
2369 443 2424 490 ut
2445 453 2547 507 per
2573 437 2810 492 alienam
2837 454 3075 494 messem
3102 439 3372 494 transiens
3417 440 3614 497 falcem
3675 460 3788 500 non

2187 522 2376 590 mittat,
2428 524 2526 579 sed
2589 541 2750 580 manu
2817 526 2996 596 spicas
3059 535 3299 582 conterat
3381 537 3434 583 et
3495 531 3786 588 manducet

2191 611 2378 682 (Deut.
2393 614 2583 682 xxiii).
2613 635 2636 664 ε
2671 613 2908 681 Falcem,
2948 638 2969 662 ι»
2987 615 3159 686 inquit
3179 616 3368 671 beatus
3391 616 3694 688 Gregorius
3713 619 3789 674 ad

2191 699 2554 772 Augustinum
2575 699 2696 772 (lib.
2729 717 2830 768 χιι,
2864 703 3027 774 epist.
3052 706 3140 772 31,
3173 704 3247 758 ad
3263 705 3588 776 Augustin.)
3608 707 3790 774 «judi-

2191 785 2262 842 cii
2291 786 2508 842 mittere
2527 788 2584 842 in
2603 805 2668 844 ea
2689 797 2875 862 segete
2903 805 3014 846 non
3041 798 3240 861 potest,
3265 808 3384 862 qum
3399 792 3554 848 alteri
3573 793 3790 848 videtur

2193 891 2315 931 esse
2345 876 2636 931 commissa
2667 893 2680 931 :
2705 877 2802 932 sed
2832 894 2934 948 per
2961 877 3212 934 effectum
3259 880 3388 934 boni
3431 879 3614 950 operis
3657 880 3785 936 fru-

2193 971 2372 1018 menta
2401 964 2684 1020 Dominica
2711 965 2964 1020 vitiorum
3019 982 3240 1022 suorum
3291 968 3468 1037 paleis
3519 969 3786 1039 exspolia,

2194 1059 2248 1106 et
2273 1051 2330 1106 in
2359 1052 2606 1108 ecclesiae
2625 1069 2821 1124 corpus
2841 1055 3114 1110 monendo
3131 1063 3184 1110 et
3201 1056 3602 1126 persuadendo,
3629 1058 3788 1129 quasi

2192 1140 2520 1206 mandendo,
2555 1149 2832 1198 converte.
2881 1165 2904 1190 ιι
2934 1143 3002 1196 Et
3057 1143 3187 1198 item
3241 1143 3298 1198 S.
3360 1144 3658 1216 Gregorius
3715 1146 3786 1200 ad

2193 1228 2509 1283 Ianuarium
2541 1229 2876 1300 episcopum,
2913 1231 3004 1302 qui
3035 1230 3304 1286 Isidorum
3359 1233 3425 1286 V.
3483 1231 3564 1287 Cl.
3625 1248 3792 1288 causa

2195 1332 2310 1372 suae
2365 1316 2578 1385 injuriae
2633 1319 3214 1388 excommunicaverat,
3289 1319 3518 1391 scripsit,
3595 1321 3788 1376 dicens

2196 1403 2316 1476 (lib.
2341 1419 2399 1471 ιι,
2432 1405 2550 1460 ind.
2587 1409 2671 1471 10,
2709 1423 2794 1478 ep.
2829 1407 2919 1477 34)
2952 1425 2964 1461 :
3003 1428 3026 1457 α
3062 1406 3218 1476 Quia,
3253 1408 3300 1462 si
3325 1408 3400 1464 ita
3429 1416 3530 1477 est,
3562 1408 3698 1463 nihil
3735 1417 3790 1465 te

2197 1492 2438 1548 ostendis
2476 1494 2545 1548 de
2595 1494 2904 1550 caelestibus
2953 1495 3212 1568 cogitare,
3259 1496 3356 1552 sed
3411 1503 3678 1551 terrenam
3737 1505 3794 1552 te

2197 1581 2402 1636 habere
2429 1581 2898 1638 conversationem
2929 1582 3221 1654 signiﬁcas,
3253 1583 3382 1638 dum
3411 1600 3508 1655 pro
3553 1584 3794 1640 vindicta

501 1681 690 1738 regem
717 1673 1040 1736 perventum
1070 1674 1170 1733 est,
1190 1666 1508 1722 Hincmarus
1536 1667 1724 1722 venire
1753 1683 1864 1722 non
1891 1666 2094 1737 permi-
2127 1703 2180 1766 Β
2200 1669 2437 1740 propriae
2465 1668 2695 1739 injuriae,
2719 1671 2862 1741 quod
2893 1672 3067 1726 sacris
3097 1671 3305 1744 regulis
3322 1672 3659 1742 prohibetur,
3679 1688 3796 1727 ma-

506 1753 594 1810 sit.
617 1753 686 1809 Et
715 1753 838 1810 ideo
866 1753 1096 1809 domnus
1116 1771 1213 1810 rex
1233 1755 1370 1810 duos
1415 1754 1704 1826 episcopos
1760 1755 2095 1810 Rhemorum

504 1842 818 1914 provincia,
851 1842 1097 1898 Odonem
1128 1843 1330 1900 scilicet
1362 1851 1415 1898 et
1441 1843 1846 1911 Willebertum,
1879 1844 1952 1898 ad
1971 1859 2096 1898 eum

505 1931 670 2001 misit,
693 1933 958 1988 mandans
987 1940 1044 1986 ut
1067 1933 1178 2001 jam
1209 1933 1428 1987 tandem
1456 1933 1525 1987 ad
1567 1949 1691 1987 eum
1745 1931 1973 1988 veniret.
2030 1933 2098 1986 Et

503 2019 650 2076 misit
669 2020 980 2091 reipublicae
1006 2021 1302 2088 ministros,
1335 2028 1396 2076 ut
1439 2021 1640 2076 liberos
1687 2021 1954 2086 homines,
2007 2020 2100 2091 qui

502 2108 569 2164 ad
599 2125 744 2177 eum,
777 2109 918 2166 sicut
945 2110 1320 2176 mandaverat,
1367 2124 1476 2163 non
1529 2115 1814 2176 venerunt,
1874 2116 1927 2163 et
1973 2123 2098 2163 cum

502 2196 792 2254 Hincmaro
830 2198 1121 2270 degebant,
1162 2205 1256 2252 aut
1285 2196 1618 2253 voluntarios
1646 2206 1738 2251 aut
1773 2196 1971 2252 invitos
2029 2196 2098 2250 ad

505 2299 630 2342 eum
673 2285 863 2342 venire
905 2284 1168 2340 facerent.
2057 2342 2060 2344 γ

573 2373 756 2444 (Ibid.,
782 2388 832 2429 c.
856 2377 908 2428 3.
934 2373 954 2444 )
983 2373 1310 2428 Hincmarus
1327 2372 1554 2428 audiens
1579 2388 1768 2427 eorum
1790 2372 2098 2442 adventum,

505 2461 645 2519 sicut
671 2461 836 2518 etiam
865 2462 982 2532 ipse
1011 2461 1067 2516 in
1096 2461 1302 2532 scripto
1323 2475 1424 2516 suo
1445 2461 1788 2527 dimonstrat,
1811 2469 2100 2533 antequam

501 2551 641 2623 reip.
672 2550 906 2606 ministri
942 2549 1011 2605 ad
1067 2567 1190 2604 eum
1220 2549 1414 2605 directi
1451 2551 1772 2604 Laudunum
1837 2550 2098 2620 perveni-

502 2647 640 2706 rent,
681 2638 982 2694 inauditam
1010 2645 1171 2693 autea
1203 2639 1404 2693 nostris
1433 2638 1766 2708 temporibus
1797 2653 2102 2693 excommu-

502 2727 898 2783 nicationemin
915 2743 1088 2794 meos,
1113 2735 1163 2782 et
1184 2727 1476 2782 multorum
1493 2725 2032 2797 archiepiscOporum
2052 2733 2104 2780 et

505 2815 884 2886 episcoporum
903 2815 1284 2885 parochianos,
1305 2831 1416 2870 non
1471 2815 1541 2869 de
1603 2815 1920 2870 criminibus
1979 2814 2102 2886 qui-

503 2903 825 2973 buscunque
856 2909 1158 2968 accusatos,
1209 2903 1292 2957 vel
1323 2902 1625 2968 confessos,
1659 2903 1774 2958 sive
1804 2902 2099 2968 convictos,

506 2990 605 3044 sed
633 3006 734 3044 nec
772 2990 1086 3062 evangelice
1125 2990 1212 3046 vel
1249 2991 1581 3062 regulariter
1609 2990 1988 3057 commonitos,
2043 2991 2096 3044 in

2199 1755 2544 1812 ledictionem
2573 1759 2926 1813 anathematis
2955 1759 3224 1815 invexisti.
3259 1761 3414 1816 Unde
3463 1760 3534 1814 de
3590 1767 3794 1816 caetero

2193 1843 2413 1900 omnino
2434 1853 2550 1901 esto
2581 1846 3026 1918 circumspectus,
3051 1855 3212 1920 atque
3240 1848 3522 1915 sollicitus,
3555 1864 3626 1902 ne
3683 1849 3792 1905 tale

2191 1934 2440 2005 cuiquam
2468 1949 2565 2004 pro
2595 1933 2915 1990 defensione
2937 1935 3145 2004 injuriae
3206 1944 3310 1992 tua:
3368 1935 3568 1990 inferre
3605 1936 3792 1992 denuo

2195 2037 2516 2092 prmsumas.
2539 2023 2679 2077 Nam
2709 2023 2754 2076 si
2783 2023 2892 2078 tale
2921 2022 3125 2094 aliquid
3155 2023 3372 2090 feceris,
3431 2023 3486 2077 in
3538 2031 3590 2079 te
3649 2025 3794 2080 scias

2195 2115 2386 2180 postea
2413 2109 2814 2164 vindicandum.
2865 2131 2888 2160 ι
2947 2112 3017 2165 Et
3075 2119 3296 2166 sanctus
3349 2111 3682 2184 Augustinus
3739 2113 3796 2167 in

2196 2198 2332 2252 libro
2364 2198 2432 2252 de
2464 2197 2785 2252 Pcenitentia
2819 2215 2832 2254 :
2869 2221 2891 2249 ι
2919 2195 3146 2254 ‘Auferte
3174 2199 3376 2254 malum
3405 2215 3438 2254 a
3459 2200 3614 2256 vobis
3635 2199 3794 2272 ipsis.

2199 2283 2409 2352 Quibus
2439 2285 2618 2340 verbis
2647 2285 2776 2340 satis
2806 2286 3064 2354 ostendit,
3095 2302 3203 2342 non
3260 2295 3480 2353 temere,
3541 2295 3593 2342 et
3649 2303 3794 2359 quo-

2197 2373 2645 2436 modolibet;sed
2672 2389 2772 2444 per
2795 2374 3060 2442 judicium
3115 2374 3439 2430 auferendos
3491 2375 3667 2430 malos
3725 2377 3798 2430 ab

2199 2461 2461 2516 Ecclesiae
2486 2461 2884 2516 communione.
2909 2462 3094 2516 Noluit
3119 2462 3260 2518 enim
3293 2463 3584 2533 Apostolus
3615 2463 3795 2518 homi-

2198 2565 2323 2604 nem
2349 2549 2418 2602 ab
2447 2548 2665 2602 homine
2690 2549 2924 2617 judicari
2954 2566 3019 2604 ex
3047 2550 3275 2604 arbitrio
3315 2549 3662 2620 suspicionis,
3705 2551 3796 2606 vel

2201 2637 2363 2690 etiam
2394 2635 2830 2691 extraordinario
2859 2645 3114 2708 usurpato
3139 2637 3341 2706 judicio
3375 2655 3387 2693 :
3413 2639 3510 2693 sed
3530 2638 3712 2708 potius
3729 2655 3798 2693 ex

2197 2723 2322 2795 lege
2351 2724 2450 2780 Dei
2480 2724 2778 2778 secundum
2807 2725 3054 2780 ordinem
3069 2725 3345 2795 Ecclesiae,
3367 2727 3479 2781 sive
3503 2727 3646 2780 ultro
3669 2742 3798 2781 con-

2201 2811 2424 2882 fessum,
2459 2812 2573 2867 sive
2602 2821 2921 2868 accusatum
2950 2822 3111 2886 atque
3159 2815 3484 2869 convictum.
3537 2814 3800 2886 Alioquin

2199 2899 2333 2954 illud
2359 2916 2458 2954 cur
2486 2899 2616 2953 dixit
2649 2918 2661 2953 :
2700 2901 2756 2956 Si
2786 2902 2910 2973 quis
2941 2901 3427 2957 fraternominatur
3449 2901 3797 2957 autfornica-

2204 2995 2307 3054 tor,
2341 2995 2432 3042 aut
2461 2987 2619 3041 idolis
2647 2989 2912 3058 serviens,
2937 2999 3064 3056 etc.,
3088 2990 3192 3044 nisi
3225 2991 3347 3062 quia
3375 3006 3492 3045 eam
3549 2991 3802 3045 nomina-

505 3077 762 3148 parochia
777 3054 1229 3149 suaperpetratis,
1254 3054 1372 3134 sine
1395 3095 1516 3133 mea
1535 3078 1887 3144 conscientia,
1912 3086 2098 3132 contra
2127 3054 2176 3117 Ο
2205 3075 2407 3130 tionem
2435 3075 2664 3148 intelligi
2693 3077 2858 3132 voluit
2888 3095 3007 3149 quze
3043 3077 3100 3132 fit
3155 3079 3210 3132 in
3242 3054 3613 3149 -quemquam,
3675 3095 3802 3134 cum

507 3182 690 3222 sacras
719 3167 942 3240 regulas
961 3167 1242 3236 jaculavit.
1267 3168 1423 3223 Unde
1453 3167 1744 3220 maximum
1791 3167 2102 3221 scandalum

507 3263 560 3311 et
592 3255 711 3328 regi
743 3263 796 3310 et
825 3273 1018 3329 regno,
1051 3265 1104 3312 et
1131 3256 1251 3312 istis
1283 3255 1568 3326 Cisalpinis
1599 3255 1846 3310 ecclesiis
1903 3255 2098 3308 intulit.

504 3344 1008 3400 Excommunicatio
1039 3360 1188 3410 vero,
1215 3344 1343 3415 quin
1373 3344 1554 3414 potius
1583 3343 1906 3409 maledictio,
1942 3359 2102 3415 quam

507 3432 648 3488 furia
677 3434 986 3506 exagitatus
1015 3434 1250 3502 intorsit,
1275 3435 1379 3488 hoc
1411 3433 1574 3488 modo
1605 3449 1665 3487 se
1689 3433 1890 3487 habet:
1919 3453 1940 3483 α
1965 3435 2108 3502 Apo-

509 3521 717 3586 stolica,
751 3523 861 3576 imo
898 3511 1098 3576 divina~
1120 3523 1437 3578 auctoritate
1491 3539 1589 3594 per
1627 3522 1878 3578 virtutem
1911 3522 2102 3598 .hujus

503 3607 639 3681 ligni
667 3608 942 3680 (videlicet
971 3617 1174 3667 sancta:
1203 3612 1428 3682 crucis),
1461 3610 1880 3682 cOOperantibus
1897 3609 2103 3665 meritis

503 3704 708 3754 sanctae
761 3699 924 3768 hujus
989 3699 1267 3770 genitricis
1332 3700 1533 3766 Mariae,
1600 3715 1724 3754 cum
1787 3698 2102 3754 auctoritate

503 3785 804 3842 beatissimi
833 3787 1096 3858 principis
1137 3787 1502 3856 apostolorum
1559 3787 1722 3852 Petri,
1765 3795 1874 3841 tam
1913 3802 2102 3840 omnes
2187 3783 2190 3786 ’

501 3875 662 3943 hujus
691 3874 798 3930 loci
825 3875 1128 3942 invasores,
1165 3889 1328 3944 quam
1349 3875 1620 3944 parochiae
1633 3891 2102 3944 meaa,omnesque

504 3961 818 4029 hujusmodi
855 3961 1312 4017 contaminatores
1354 3971 1686 4034 cunctosque
1726 3963 1804 4018 eis
1855 3978 2098 4018 consen-

511 4048 725 4114 tientes,
741 4050 1082 4106 anathemate
1109 4051 1454 4118 damnamus,
1489 4059 1542 4106 et
1568 4067 1601 4105 a
1639 4051 1913 4106 liminibus
1972 4066 2102 4105 san-

509 4145 611 4192 ctae
669 4137 768 4192 Dei
821 4137 1086 4194 Ecclesiae
1115 4147 1360 4195 extorres
1407 4141 1604 4196 virtute
1645 4140 1878 4210 Spiritus
1934 4141 2102 4197 sancti

509 4226 1054 4298 decernimus,atque
1087 4229 1156 4282 ab
1187 4229 1334 4284 omni
1366 4228 1797 4284 Christianorum
1827 4230 2101 4284 consortio

504 4315 710 4372 alienos
732 4315 1128 4385 adjudicamus.
1169 4341 1190 4366 »ι
1242 4319 1311 4372 Et
1355 4335 1480 4374 mox
1520 4318 1870 4390 subsequitur
1908 4318 1960 4372 in
2005 4335 2101 4372 suo

2201 3164 2470 3218 sententia
2500 3164 2687 3219 ordine
2712 3165 3019 3234 judiciario,
3043 3175 3202 3238 atque
3243 3167 3548 3237 integritate
3575 3165 3796 3236 profer-

2200 3260 2302 3306 tur.
2334 3253 2476 3306 Nam
2504 3253 2548 3306 si
2581 3253 2877 3309 nominatio
2909 3254 3122 3320 sufﬁcit,
3154 3255 3305 3309 multi
3335 3255 3630 3309 damnandi
3663 3263 3790 3308 sunt

2201 3340 2556 3409 innocentes;
2601 3342 2724 3414 quia
2777 3341 2914 3398 falso
2970 3359 3114 3415 saepe
3171 3343 3226 3398 in
3282 3359 3552 3416 quoquam
3588 3342 3799 3399 crimen

2203 3430 2526 3485 nominatur.
2566 3450 2588 3480 ι

2809 3518 3032 3574 CAPUT
3083 3520 3147 3574 ν.

2206 3607 2356 3674 Quod
2384 3607 2635 3663 ecclesiae
2660 3623 2777 3662 sua:
2793 3607 3139 3678 presbyteros
3170 3611 3229 3662 et
3255 3609 3547 3664 ministros
3593 3608 3802 3666 illicita

2727 3680 3258 3734 excommunicauit.

2275 3783 2413 3853 (Lib.
2441 3797 2512 3837 Lv
2546 3784 2700 3855 Cap.,
2733 3798 2782 3838 c.
2816 3783 2931 3855 28.)
2961 3784 3043 3839 De
3071 3801 3176 3855 qua
3211 3785 3636 3855 praesumptione
3699 3801 3800 3841 co-

2208 3887 2314 3924 ram
2343 3871 2685 3942 coepiscOpis
2715 3872 2933 3938 nostris,
2971 3872 3098 3942 quia
3125 3873 3340 3944 publice
3381 3873 3527 3928 illam
3565 3873 3804 3930 admise—

2205 3967 2304 4025 rat,
2337 3975 2459 4014 cum
2491 3959 2730 4030 corripui
2754 3978 2766 4013 :
2802 3961 2900 4015 sed
2927 3976 3037 4015 non
3065 3961 3336 4032 acquievit
3357 3961 3466 4016 ullo
3496 3963 3660 4017 modo
3677 3978 3806 4018 cor-

2201 4047 2324 4119 rigi.
2357 4048 2512 4102 Unde
2543 4048 2735 4103 iterum
2766 4063 2936 4103 causa
2964 4065 3075 4104 sua:
3105 4049 3330 4118 injuriae,
3353 4066 3440 4104 me
3469 4049 3802 4114 inconsulto,

2203 4143 2254 4190 et
2285 4135 2400 4190 sine
2429 4151 2700 4192 consensu
2729 4137 3178 4208 coepiscoporum
3207 4137 3530 4192 Rhemeusis
3581 4139 3810 4208 provin-

2204 4232 2320 4298 ciae,
2355 4232 2488 4288 sicut
2536 4233 2722 4304 petitio
2777 4249 2810 4288 a
2866 4233 3078 4290 clericis
3117 4235 3494 4289 Laudunensis
3552 4235 3806 4290 ecclesiae

2203 4321 2330 4376 mihi
2361 4329 2613 4392 porrecta
2643 4322 2998 4388 demonstrat,
3033 4329 3084 4377 et
3113 4323 3168 4376 in
3197 4323 3408 4394 synodo
3461 4323 3604 4394 apud
3663 4324 3810 4378 Atti-

506 4405 730 4476 scripto.
777 4427 799 4456 ι
843 4407 1248 4479 RespOnditque
1301 4407 1475 4462 omnis
1515 4407 1694 4463 clerus
1729 4423 1740 4462 :
1799 4407 2100 4462 Anathema
2127 4403 2416 4466 Dniacum
2446 4409 2632 4465 habita
2659 4410 3046 4477 demonstravi,
3107 4411 3480 4482 presbyteros,
3523 4419 3576 4466 et
3633 4411 3808 4466 mini-

506 4493 612 4548 sint
653 4512 667 4548 :
707 4495 1018 4550 tenentibus
1072 4496 1405 4567 presbyteris
1460 4489 1526 4551 in'
1585 4496 1832 4551 manibus
1917 4505 2101 4552 sancta

505 4581 829 4654 Evangelia,
861 4583 1180 4656 lignumque
1207 4593 1410 4639 sancta:
1457 4584 1653 4640 crucis.
1692 4605 1714 4634 θ

579 4671 788 4728 Praefati
817 4687 950 4728 vero
981 4672 1224 4743 episcopi
1253 4673 1322 4726 ad
1355 4688 1477 4727 eum
1509 4673 1806 4740 venientes,
1857 4673 1990 4727 nihil
2033 4673 2102 4727 de

507 4760 818 4818 obedientia
847 4777 978 4834 erga
1005 4777 1213 4832 regem,
1239 4777 1399 4833 quam
1427 4761 1506 4814 illi
1549 4778 1714 4832 super
1755 4769 2103 4816 sacrosancta

500 4848 721 4918 juravit,
773 4850 1138 4905 obtinuerunt.
1185 4850 1342 4920 Reip.
1392 4857 1574 4906 autem
1629 4849 1860 4904 ministri
1899 4865 1931 4904 a
1970 4865 2102 4920 rege

510 4936 719 5004 directi,
737 4937 938 4992 nullam
968 4939 1018 4994 ei
1048 4947 1140 4994 aut
1167 4939 1422 5012 cuiquam
1451 4939 1760 4995 violentiam
1788 4937 2098 5004 inferentes,

507 5025 758 5082 homines
785 5026 984 5082 liberos
1016 5028 1277 5099 episcopii
1309 5029 1684 5084 Laudunensis
1711 5028 1783 5082 ad
1803 5027 1950 5100 regis
1979 5025 2107 5082 tide-

508 5115 712 5171 litatem
741 5123 1078 5173 sacramento
1108 5116 1589 5184 conﬁrmaverunt,
1622 5126 1676 5172 et
1706 5117 1786 5173 sic
1813 5117 1884 5172 ad
1915 5131 2104 5188 regem

511 5203 803 5262 redierunt.
839 5204 962 5276 Ipse
993 5220 1122 5262 vero
1152 5222 1240 5260 me
1269 5206 1589 5277 postposito,
1621 5207 1676 5260 in
1733 5205 1824 5259 tali
1881 5219 2105 5260 excom—

515 5293 880 5349 municatione
937 5293 1050 5348 suis
1086 5300 1170 5348 est
1205 5293 1444 5349 libitibus
1489 5311 1620 5350 usus
1682 5312 1696 5348 :
1764 5309 1886 5348 cum
1967 5293 2106 5348 sacri

519 5381 718 5438 Africae
743 5382 1037 5454 provincia:
1091 5397 1330 5439 canones
1367 5384 1685 5456 praecipiant
1714 5383 1864 5456 (can.
1927 5383 2018 5454 86)
2051 5389 2106 5436 ut

517 5469 852 5550 posteriores
897 5471 1138 5548 episcopi
1183 5469 1548 5534 anterioribus
1577 5471 1840 5540 deferant,
1875 5485 1978 5532 nec
2028 5469 2106 5526 eis

2199 4505 2344 4554 stros
2374 4499 2618 4554 ecclesiae
2651 4499 3156 4564 excommunicavit,
3199 4507 3258 4552 ut
3295 4515 3454 4554 nemo
3507 4499 3562 4552 in
3608 4499 3812 4554 eadem

2199 4588 2456 4658 parochia
2485 4589 2774 4642 missarum
2807 4587 2986 4643 ofﬁcia
3014 4587 3339 4643 celebraret.
3361 4587 3515 4643 Unde
3539 4587 3594 4642 S.
3621 4591 3814 4658 Augu-

2199 4676 2372 4730 stinus
2431 4677 2618 4732 doctor
2673 4677 3081 4741 famosissimus,
3114 4677 3257 4731 etab
3322 4675 3620 4746 apostolica
3670 4677 3814 4730 sede

2197 4765 2622 4835 receptissimus,
2659 4766 2748 4836 qui
2777 4764 3212 4836 Carthaginiensi
3269 4763 3496 4819 concilio
3561 4762 3818 4818 interfuit

2199 4853 2429 4924 (concil.
2455 4853 2737 4924 Carthag.,
2771 4870 2821 4909 c.
2858 4857 2942 4920 19,
2977 4853 3089 4924 20),
3114 4860 3167 4908 et
3197 4852 3608 4908 constitutiones
3627 4851 3812 4922 ipsius

2200 4941 2518 5012 plenissime
2556 4941 2723 5008 novit,
2765 4941 2821 4997 in
2874 4942 3099 5012 epistola
3163 4941 3235 4997 ad
3297 4941 3504 4997 clerum
3561 4948 3612 4996 et
3669 4941 3804 5011 ple-

2201 5030 2328 5084 bem
2354 5031 2800 5102 Hipponensium,
2843 5029 2985 5085 inter
3013 5031 3121 5086 alia
3184 5029 3314 5086 dicit
3377 5033 3564 5101 (Aug,
3623 5033 3796 5101 epist.

2205 5121 2330 5188 137)
2354 5137 2367 5172 :
2405 5143 2428 5167 α
2461 5118 2650 5190 Nuper
2677 5119 2735 5173 in
2762 5118 2991 5175 concilio
3019 5119 3402 5190 episcoporum
3449 5118 3808 5174 constitutum

2203 5215 2304 5274 est,
2366 5208 2574 5262 nullum
2629 5207 2886 5263 clericum
2927 5207 3022 5278 qui
3050 5207 3294 5262 nondum
3361 5206 3646 5263 convictus
3697 5213 3806 5271 est,

2205 5297 2466 5368 suspendi
2522 5313 2552 5350 a
2609 5296 2992 5352 communione
3077 5295 3280 5350 debere
3303 5336 3318 5364 ,
3372 5295 3478 5350 nisi
3533 5295 3602 5348 ad
3659 5309 3806 5349 cau—

2203 5401 2322 5441 sam
2402 5401 2554 5440 suam
2605 5384 3016 5440 examinandam
3043 5399 3152 5439 non
3208 5399 3268 5438 se
3297 5382 3659 5454 praesentarit.
3699 5383 3816 5438 :Et

2205 5474 2262 5530 S.
2313 5473 2612 5548 Gregorius
2677 5473 2979 5546 Augustino
3064 5481 3310 5545 tempore
3393 5470 3671 5546 posterior
3703 5512 3717 5540 ,
3749 5478 3812 5528 et
