4056 6178
267 274 375 331 5'73

274 396 402 453 loco
413 393 587 467 prior,
609 407 676 449 ex
696 390 866 449 sacris
898 389 1114 463 legibus
1144 389 1217 445 ad
1232 388 1543 454 Martinam,
1567 393 1622 442 et
1648 385 1719 442 ad
1744 385 1885 443 Sici-
1914 386 1969 447 Α

269 484 477 541 lienses
488 481 798 553 episcopos,
816 477 1206 551 promulgavit(
1217 478 1309 533 lib.
1324 491 1423 546 vn,
1436 475 1558 532 ind.
1572 479 1626 542 2,
1642 491 1728 547 ep.
1765 474 1876 544 61),

280 592 304 622 α
338 577 399 628 ut
428 584 601 626 nemo
628 569 749 625 sine
777 567 1089 640 cognitione
1117 566 1423 621 damnetur.
1461 584 1484 615 ι
1502 564 1574 618 Et
1602 563 1672 618 de
1698 561 1882 619 illicita

277 657 791 716 excommunicandi
819 656 1030 712 ratione
1059 655 1148 711 lex
1176 652 1461 710 Iustiniani
1491 650 1740 709 catholici
1778 650 1883 706 im-

275 746 571 820 peratoris,
603 760 766 818 quam
788 745 984 817 probat
1013 750 1068 800 et
1096 750 1278 798 servat
1305 740 1551 798 Ecclesia
1587 738 1876 806 catholica,

280 834 673 891 constitutione
730 836 852 900 118,
909 830 1148 903 capitulo
1208 831 1330 896 tu,
1363 827 1604 885 decrevit
1631 836 1690 883 ut
1717 842 1879 885 nemo

278 922 598 994 episcopus,
629 936 791 978 nemo
819 921 1109 992 presbyter
1148 914 1577 975 excommunicet
1620 916 1876 989 aliquem,

278 1018 571 1082 antequam
592 1024 759 1066 causa
785 1009 1063 1080 probetur,
1082 1013 1309 1079 propter
1332 1022 1497 1078 quam
1524 1003 1880 1062 ecclesiastici

279 1113 523 1155 canones
543 1099 649 1154 hoc
678 1096 797 1153 ﬁeri
808 1097 1020 1166 jubent.
1052 1095 1111 1151 Si
1139 1094 1262 1166 quis
1287 1101 1466 1149 autem
1496 1094 1760 1150 adversus
1813 1108 1879 1148 ea

277 1185 834 1243 excommunicaverit
855 1185 1110 1257 aliquem,
1142 1183 1234 1239 ille
1264 1182 1485 1255 quidem
1504 1181 1597 1254 qui
1654 1195 1877 1237 excom-

278 1274 594 1331 municatus
623 1280 706 1329 est
733 1273 957 1343 majoris
987 1270 1285 1329 sacerdotis
1310 1269 1626 1326 auctoritate
1651 1269 1721 1325 ad
1748 1283 1879 1341 gra-

275 1363 410 1418 tiam
431 1369 638 1418 sanctaa
665 1359 1062 1417 communionis
1094 1360 1320 1426 redeat;
1350 1357 1397 1413 is
1425 1364 1606 1414 autem
1647 1357 1741 1430 qui
1767 1372 1878 1412 non

278 1451 527 1524 legitime
545 1449 1055 1515 excommunicavit,
1087 1448 1145 1503 in
1173 1454 1380 1503 tantum
1424 1446 1694 1502 abstineat
1730 1460 1765 1501 a
1784 1460 1877 1500 sa-

279 1554 375 1596 cra
390 1538 777 1596 communione
805 1545 1039 1609 tempus,
1069 1543 1333 1609 quantum
1358 1534 1551 1605 majori
1607 1532 1879 1590 sacerdoti

280 1626 462 1685 visum
517 1626 702 1696 fuerit,
731 1633 791 1681 ut
843 1625 901 1681 id
947 1624 1092 1697 quod
1146 1623 1343 1693 injuste
1396 1622 1542 1690 fecit,
1579 1622 1698 1694 ipse
1731 1622 1879 1692 juste

279 1714 537 1786 patiatur.
569 1714 639 1769 Et
666 1714 792 1770 hinc
820 1712 877 1769 S.
911 1712 1214 1785 Gregorius
1248 1711 1318 1767 ad
1344 1711 1612 1767 Joannem
1659 1709 1878 1781 episco-

276 1819 406 1874 pum
435 1803 637 1873 injuste
658 1800 1237 1867 excommunicantem,
1269 1800 1411 1855 inter
1430 1807 1626 1856 caetera
1640 1798 1882 1870 scripsit,

279 1890 490 1960 dicens,
508 1890 629 1963 (lib.
659 1905 720 1958 ιι,
746 1890 869 1945 ind.
894 1893 981 1960 11,
1006 1890 1189 1962 ep.6):
1225 1907 1248 1940 ι
1272 1888 1516 1944 Cessatis
1534 1887 1703 1959 prius,
1723 1894 1886 1959 atque

278 1978 347 2033 ad
373 1978 609 2034 nihilum
636 1977 873 2034 redactis
884 1977 1158 2049 praedicta
1178 1975 1578 2032 sententiaetum
1616 1974 1880 2042 decretis,

280 2083 343 2124 ex
370 2065 521 2122 beati
552 2065 694 2121 Petri
724 2065 1097 2137 apostolorum
1126 2064 1392 2136 principis
1422 2062 1760 2133 auctoritate,
1793 2063 1882 2118 de-

279 2155 559 2211 cernimus
580 2153 803 2227 triginta
820 2153 1031 2209 dierum
1047 2153 1219 2225 spatio
1251 2167 1408 2208 sacra
1433 2159 1488 2207 te
1505 2150 1886 2208 communione

279 2243 574 2314 privatum,
607 2242 678 2297 ab
690 2241 1060 2312 omnipotente
1087 2242 1203 2297 Deo
1232 2248 1422 2296 nostro
1451 2240 1581 2296 tanti
1627 2254 1886 2297 excessus

278 2331 497 2387 veniam
525 2344 652 2386 cum
672 2345 881 2385 summa
911 2328 1231 2401 poenitentia
1260 2337 1314 2385 et
1341 2328 1599 2401 lacrymis
1631 2343 1882 2384 exorare.

282 2418 445 2488 Quod
465 2418 516 2473 si
544 2419 688 2474 hanc
707 2417 1034 2474 sententiam
1070 2425 1310 2473 nostram
1340 2416 1760 2490 cognoverimus
1784 2416 1885 2471 im-

278 2508 465 2579 plesse
496 2506 817 2562 remissius:
850 2522 962 2562 non
990 2507 1100 2576 iam
1149 2512 1357 2561 tantum
1399 2504 1739 2574 injustitiam,
1788 2504 1887 2560 sed

281 2603 333 2651 et
361 2594 762 2651 contumaciam
790 2593 1143 2651 fraternitatis
1176 2601 1284 2650 tuae
1308 2607 1633 2665 cognosces,
1661 2593 1886 2662 juvante

281 2682 540 2751 Domino,
566 2682 810 2739 severius
856 2682 1208 2755 puniendam.
1233 2701 1257 2732 ι
1279 2682 1350 2736 Et
1375 2681 1504 2737 item
1529 2681 1676 2737 idem
1715 2696 1886 2753 quos-

281 2770 409 2826 dam
483 2770 772 2843 episcopos
846 2771 1192 2837 excedentes,
1270 2778 1395 2841 post
1456 2768 1883 2840 inquisitionem,

277 2868 460 2914 utrum
490 2874 747 2915 excessus
775 2858 989 2924 exsilio,
1022 2857 1112 2914 vel
1131 2857 1472 2929 depositione
1500 2857 1767 2929 cujusque
1816 2855 1886 2911 sit

278 2948 466 3021 dignis
494 2948 524 3003 ?
554 2947 612 3001 in
642 2964 737 3002 sex
766 2947 1052 3002 mensibus
1082 2946 1355 3002 Dominici
1376 2944 1626 3017 corporis
1655 2953 1709 3001 et
1753 2959 1887 3001 san-

279 3036 463 3108 guinis
508 3036 889 3091 communione
935 3035 1176 3106 privatos
1225 3050 1394 3106 agere
1422 3033 1799 3106 paenitentiam
1826 3033 1883 3088 in

278 3123 611 3179 monasterio
639 3122 918 3189 decrevit;
953 3137 1020 3178 ea
1050 3122 1360 3178 conditione
1404 3131 1481 3190 ut,
1531 3122 1577 3177 si
1624 3137 1882 3179 commu—

276 3212 441 3267 nione
469 3211 697 3282 privatis
738 3211 933 3266 mortis
962 3210 1548 3283 contigeritimminere
1561 3210 1885 3282 periculum,

274 3299 583 3355 benedictio
608 3299 688 3355 eis
708 3299 887 3355 viatici
916 3314 1027 3356 non
1054 3307 1302 3372 negetur.
1351 3322 1374 3348 α
1412 3301 1494 3357 De
1534 3315 1640 3370 qua
1687 3314 1874 3366 causa,

276 3396 335 3443 ut
353 3388 503 3444 idem
530 3386 679 3457 alibi,
702 3395 757 3443 et
773 3387 991 3444 aliunde
1012 3387 1161 3456 dicit,
1195 3396 1417 3443 ostensa
1462 3395 1545 3443 est
1587 3387 1747 3443 nobis
1803 3387 1885 3442 ira

280 3492 448 3548 quam
512 3492 818 3549 sequamur,
881 3475 1132 3548 apposita
1200 3475 1372 3532 forma
1438 3475 1525 3533 cui
1597 3475 1881 3547 inprima-

278 3581 427 3623 mur.
472 3585 496 3615 ι

910 3655 1136 3713 CAPUT
1164 3656 1253 3711 Vl.

286 3744 439 3813 Quod
477 3744 736 3816 infantes
765 3745 829 3800 in
845 3760 950 3801 sua
979 3745 1251 3817 parochia
1272 3742 1547 3816 baptizari
1568 3741 1882 3815 prohibuit.

352 3852 474 3920 (Lib
496 3866 568 3904 ιν
604 3853 754 3924 Cap.,
782 3865 831 3907 c.
859 3853 947 3918 31,
981 3852 1095 3921 47.)
1124 3848 1407 3905 Prohibuit
1437 3864 1653 3921 quoque
1682 3855 1742 3902 ut
1787 3864 1883 3903 ne-

275 3955 368 3995 mo
396 3939 656 4011 parvulos
686 3939 741 3994 in
769 3956 867 3994 sua
886 3939 1173 4011 parochia,
1208 3938 1370 3995 etiam
1390 3937 1447 3992 in
1476 3936 1668 3992 mortis
1680 3951 1885 4009 urgen-

276 4029 345 4083 tis
373 4027 622 4099 periculo
653 4029 994 4095 constitutos,
1018 4022 1357 4099 bapti'zaret;
1391 4026 1529 4081 sicut
1548 4025 1604 4079 in
1624 4025 1883 4096 petitione

276 4116 506 4189 praefata
565 4116 871 4172 continetur
908 4135 921 4171 :
964 4132 1090 4172 cum
1119 4115 1335 4171 Veritas
1363 4114 1508 4170 dicat
1541 4132 1554 4168 :
1583 4114 1707 4170 Nisi
1760 4114 1882 4186 quis

278 4209 518 4261 renatus
531 4206 796 4277 fueritea:
812 4222 957 4278 aqua
974 4210 1030 4261 et
1042 4206 1263 4278 Spiritu
1278 4208 1495 4271 sancto,
1514 4220 1628 4260 non
1644 4202 1884 4257 intrabit

276 4294 339 4349 in
374 4310 617 4366 regnum
640 4295 909 4350 oculorum
930 4296 1113 4364 (Joan.
1146 4296 1245 4364 v);
1276 4299 1329 4348 et
1360 4293 1479 4348 Non
1521 4292 1678 4347 venit
1724 4291 1881 4360 ﬁlius

276 4384 524 4439 hominis
569 4385 792 4439 animas
828 4383 1096 4455 perdere,
1146 4382 1243 4437 sed
1292 4382 1510 4437 salvare
1548 4379 1706 4449 (Luc.
1752 4377 1877 4449 1x);

987 265 1229 325 OPUSC.
1290 264 1380 323 ET
1423 263 1644 321 EPIST.
1702 262 1779 319 IN
1833 260 2063 320 CAUSA
2107 258 2452 318 HINCMABI
2496 259 2803 318 LAUDUN.

3472 265 3576 322 δτι

2019 472 2171 541 Quod
2202 473 2600 545 paenitentiam
2619 476 2678 530 et
2706 475 2985 533 viaticum
3007 478 3378 536 morientibus
3414 478 3544 536 dari

2190 582 2199 592 -
2674 578 2736 618 ve
2744 564 2875 619 tuit.

2052 648 2190 717 (Lib.
2222 664 2293 703 LV
2323 649 2477 720 Cap.,
2507 663 2557 706 c.
2593 650 2707 720 32.)
2737 650 2962 708 Nullum
3006 652 3277 727 siquidem
3323 654 3482 712 etiam
3511 653 3581 710 ad

1980 735 2223 792 ultimam
2248 736 2622 807 paenitentiam
2636 738 2858 810 suscipi,
2894 748 2944 796 et
2956 741 3091 797 nulli
3117 742 3318 800 viatico
3356 758 3581 801 munere

1981 823 2278 893 subveniri,
2322 833 2505 881 contra
2533 826 2785 882 Nicaenos
2811 835 2866 883 et
2893 827 3177 886 Africanos
3243 846 3484 889 canones
3533 838 3587 888 et

1979 912 2201 968 decreta
2259 912 2456 981 Siricii,
2515 921 2569 969 et
2610 915 2911 972 Innocentii
2950 924 3112 990 atque
3140 918 3440 987 Caelestini,
3479 935 3584 977 nec

1978 1015 2089 1055 non
2119 1007 2173 1056 et
2220 1000 2439 1065 Leonis,
2487 1001 2672 1069 vetuit,
2736 1003 2877 1059 sicut
2924 1005 2980 1060 in
3010 1006 3266 1078 saepefata
3322 1007 3583 1079 petitione

1978 1087 2225 1144 habetur.
2284 1089 2418 1144 Cum
2466 1105 2568 1161 per
2622 1105 2683 1146 se
2737 1092 2949 1149 Veritas
2994 1094 3173 1151 dicat:
3214 1097 3374 1153 Venit
3402 1096 3584 1153 Filius

1980 1176 2225 1233 hominis
2243 1192 2491 1248 quaerere
2504 1180 2561 1233 et
2579 1179 2793 1236 salvere
2809 1181 2950 1253 quod
2974 1182 3228 1252 perierat
3255 1184 3410 1255 (Luc.
3429 1185 3580 1255 xix);

1978 1266 2076 1336 qui
2105 1281 2222 1321 non
2257 1267 2415 1322 venit
2436 1267 2645 1337 justas.
2678 1266 2774 1323 sed
2800 1273 3120 1338 peccatores
3152 1284 3346 1328 vocare
3375 1273 3440 1329 in
3466 1287 3585 1344 pce-

1978 1354 2289 1409 nitentiam
2310 1352 2531 1423 (Matth.
2564 1353 2669 1423 rx).
2701 1354 2884 1410 Multis
2939 1371 3076 1413 voce
3130 1358 3350 1414 Domini
3401 1359 3583 1417 recla-

1978 1440 2272 1508 mantibus,
2306 1447 2361 1497 et
2379 1440 2643 1498 Ecclesia
2671 1442 2955 1500 catholicae
2988 1445 3335 1515 doctoribus,
3365 1454 3426 1503 ut
3443 1464 3587 1520 pra-

1979 1527 2178 1584 sidium
2199 1528 2635 1603 regenerationis
2665 1536 2718 1585 et
2728 1530 3091 1602 paenitentia,
3117 1548 3402 1606 sacraque
3432 1550 3587 1593 com-

1978 1615 2253 1671 munionis
2274 1616 2330 1673 in
2360 1617 2552 1673 mortis
2577 1617 2821 1689 periculo
2846 1620 3040 1691 positis
3068 1628 3123 1677 et
3169 1621 3500 1693 petentibus,
3557 1640 3591 1680 a

1912 1740 1967 1801 B
1990 1720 2263 1801 quoquam
2280 1705 2590 1801 nullatenus
2621 1707 2941 1781 denegatur.
2972 1709 3043 1764 Et
3061 1724 3280 1767 sacrum
3306 1710 3590 1768 Nicenum

1989 1792 2279 1849 concilium
2325 1793 2570 1850 decrevit
2612 1794 2927 1867 (can.13):
2991 1818 3013 1847 κ
3077 1797 3441 1867 Generaliter,
3500 1798 3589 1854 in-

1988 1880 2202 1952 quiens,
2234 1881 2383 1937 omni
2411 1880 2632 1937 cuilibet
2684 1881 2743 1937 in
2799 1883 2945 1939 exitu
2977 1884 3176 1955 posito,
3233 1893 3289 1942 et
3343 1886 3591 1958 poscenti

1988 1968 2095 2023 sibi
2125 1969 2531 2026 communionis
2561 1969 2795 2043 gratiam
2854 1971 3038 2045 tribui,
3070 1972 3362 2046 episcopus
3387 1975 3591 2046 proba-

1987 2055 2169 2112 biliter
2223 2073 2289 2113 ex
2346 2057 2625 2114 oblatione
2683 2058 2818 2115 dare
2868 2059 3109 2116 dedebit.
3138 2080 3162 2112 ι
3223 2062 3295 2117 Et
3352 2061 3591 2134 prafatis

1986 2144 2411 2215 apostolicorum
2483 2144 2806 2217 pontificum
2863 2163 2931 2203 ex
2985 2148 3089 2205 hac
3134 2163 3301 2205 causa
3350 2149 3589 2206 decretis

1987 2238 2208 2288 sanctus
2236 2234 2346 2289 Leo
2366 2234 2786 2305 papajudicium
2801 2234 3025 2306 protulit
3052 2235 3162 2308 (ep.
3191 2240 3242 2304 1,
3274 2236 3347 2293 ad
3365 2237 3584 2309 opim),

1991 2335 2013 2362 «
2050 2321 2109 2368 ut
2138 2314 2186 2370 si
2216 2314 2338 2387 quis
2366 2315 2425 2370 in
2450 2316 2542 2371 illa
2568 2317 2923 2386 commiserit,
2949 2318 3168 2376 veniam
3195 2319 3299 2376 sibi
3326 2319 3588 2395 deinceps

1986 2401 2197 2459 noverit
2224 2403 2501 2475 denegari.
2543 2427 2566 2453 ιι
2964 2449 2968 2452 1

2583 2509 2813 2567 CAPUT
2841 2511 2986 2568 VIII.

1990 2595 2141 2664 Quod
2168 2599 2527 2669 sepulturam
2563 2601 2816 2678 mortuis
2833 2601 2904 2678 in
2917 2600 3187 2671 parochia
3205 2618 3309 2660 sua
3328 2603 3594 2678 denegari

2643 2672 2924 2741 prwoipit.

2059 2771 2199 2843 (Lib.
2230 2788 2301 2827 ιν
2324 2774 2477 2844 Cap.,
2507 2788 2557 2830 c.
2592 2776 2708 2843 33.)
2738 2775 3084 2847 Sepultumm
3111 2775 3277 2835 etiam
3323 2781 3576 2849 mortuis,

1986 2859 2127 2916 sicut
2153 2860 2211 2916 in
2237 2869 2536 2918 memorata
2562 2862 2826 2935 petitione
2855 2865 3180 2934 continetur,
3211 2867 3377 2924 nimia
3422 2869 3583 2925 inhu-

1986 2948 2245 3006 manitate
2273 2957 2464 3006 contra
2502 2966 2691 3008 sacras
2735 2951 3071 3024 Scripturas,
3133 2969 3438 3028 sacrosque
3492 2973 3591 3014 ca—

1986 3052 2160 3093 nones
2190 3037 2453 3111 denegari
2480 3039 2758 3112 praecepit,
2783 3055 2905 3096 cum
2948 3040 3086 3098 sicut
3113 3042 3168 3098 in
3211 3044 3442 3101 historia
3487 3061 3588 3102 ve-

1986 3126 2234 3184 neranda
2262 3126 2386 3183 libri
2415 3128 2631 3201 Regum
2694 3128 2927 3200 legimus
2947 3130 3026 3201 (II
3038 3133 3165 3203 Reg.
3218 3133 3368 3205 xxx),
3418 3134 3583 3190 etiam

1987 3224 2179 3265 eorum
2209 3226 2439 3282 corpora
2470 3211 2563 3283 qui
2599 3212 2667 3266 ad
2723 3212 3032 3269 consultum
3084 3214 3303 3271 Domini
3361 3225 3587 3288 propter

1983 3305 2270 3368 peccatum
2300 3298 2450 3365 Saul,
2483 3299 2554 3353 ob
2584 3299 2732 3371 quod
2761 3298 2904 3356 facta
2942 3308 3025 3356 est
3081 3301 3256 3358 fames
3304 3302 3361 3359 in
3391 3304 3585 3361 diebus

1984 3386 2158 3441 David
2187 3385 2364 3441 tribus
2383 3387 2541 3441 annis
2564 3387 2784 3458 jugiter,
2820 3386 3064 3444 cruciﬁxi
3090 3387 3327 3459 fuerant,
3385 3391 3588 3449 lauda-

1984 3473 2162 3529 biliter
2177 3482 2303 3529 sunt
2334 3475 2604 3531 custodita
2630 3491 2662 3529 a
2718 3475 3024 3531 concubina
3072 3477 3224 3546 Saul,
3256 3495 3327 3535 ne
3363 3479 3581 3537 lacera-

1984 3569 2173 3618 rentur
2202 3562 2274 3617 ab
2303 3563 2496 3620 avibus
2524 3579 2628 3634 per
2656 3562 2819 3633 diem,
2839 3579 3017 3635 neque
3045 3580 3080 3621 a
3125 3566 3327 3622 bestiis
3354 3583 3456 3640 per
3483 3584 3589 3626 no-

1983 3658 2146 3717 ctem,
2178 3651 2356 3708 donec
2380 3650 2606 3706 stillaret
2630 3665 2771 3724 aqua
2801 3667 2965 3723 super
2993 3668 3089 3709 eos
3120 3654 3191 3711 de
3220 3655 3361 3712 caelo
3395 3675 3409 3712 :
3468 3658 3582 3716 sic-

1984 3755 2091 3811 que
2120 3739 2330 3811 sepulta
2360 3747 2486 3795 sunt
2505 3755 2630 3797 cum
2659 3739 2876 3795 ossibus
2904 3740 3033 3796 Saul
3089 3750 3140 3797 et
3187 3744 3453 3802 Jonathaa.
3514 3748 3583 3802 Et

1982 3828 2036 3882 in
2065 3828 2367 3901 Evangelio
2396 3828 2631 3901 legimus
2661 3828 2806 3900 quia,
2850 3836 3071 3900 petente
3098 3831 3320 3903 Ioseph,
3380 3834 3583 3891 Pilatus

1976 3916 2140 3985 jussit
2169 3916 2328 3972 reddi
2357 3933 2559 3989 corpus
2578 3916 2798 3973 Domini
2823 3918 2972 3987 Jesu,
3013 3934 3177 3990 quem
3221 3920 3375 3992 quasi
3428 3922 3585 3978 nefa-

1981 4004 2124 4060 rium
2153 4006 2461 4077 petentibus
2487 4005 2688 4063 Judais
2717 4004 2968 4077 crucifigi
3013 4007 3339 4077 adjudicavit
3365 4011 3586 4081 (Matth.

1989 4094 2209 4164 xxvn):
2235 4095 2382 4150 unde
2408 4099 2464 4151 et
2492 4112 2624 4151 cum
2651 4095 2883 4168 iniquis,
2908 4096 3209 4152 secundum
3225 4097 3582 4171 Scripturam,

1981 4181 2287 4252 deputatus
2318 4188 2406 4238 est
2430 4182 2561 4253 (Isa.
2595 4181 2744 4248 LIII).
2778 4183 2847 4237 Et
2903 4183 3099 4252 Judaei,
3133 4202 3202 4242 ne
3239 4196 3587 4244 remanerent

1980 4269 2145 4324 etiam
2193 4270 2580 4326 sceleratorum
2646 4286 2880 4343 corpora
2931 4271 2988 4326 in
3020 4288 3183 4329 cruce
3238 4274 3326 4330 die
3377 4277 3585 4331 sabbati

1980 4356 2277 4424 inhumata,
2311 4357 2656 4414 obtinuerunt
2683 4373 2716 4413 a
2746 4358 2912 4413 Pilato
2947 4359 3237 4433 (Luc.xx1)
3257 4370 3315 4416 ut
3349 4362 3576 4434 frange-

278 4479 331 4526 et
358 4471 492 4527 item
518 4488 532 4525 :
558 4471 740 4528 Sinite
790 4445 1292 4545 parvulos’venire
1335 4470 1407 4525 ad
1446 4445 1567 4535 me,
1598 4471 1655 4523 et
1708 4445 1880 4522 nolite

1987 4453 2173 4501 rentur
2201 4461 2392 4501 eorum
2420 4462 2595 4516 crura,
2615 4454 2669 4502 et
2715 4445 3053 4502 tollerentur.
3120 4449 3189 4504 Et
3233 4449 3579 4521 antiquorum

270 4561 564 4632 prohibere
595 4576 684 4615 eos
725 4560 948 4631 (Matth.
976 4559 1122 4630 xxx).
1176 4557 1407 4615 Obviam
1453 4556 1616 4613 etiam
1647 4555 1881 4610 decretis

275 4647 477 4714 Siricii,
512 4648 730 4718 Leonis,
756 4648 982 4715 Gelasii,
1016 4655 1070 4703 et
1099 4645 1339 4703 Africani
1370 4644 1604 4702 concilii.
1629 4643 1771 4699 Nam
1811 4642 1879 4698 de

276 4735 577 4791 infantibus
606 4736 961 4807 baptizandis,
994 4736 1085 4809 qui
1099 4735 1340 4791 nondum
1355 4732 1613 4805 baptizati
1640 4746 1879 4787 noscun-

274 4832 381 4895 tur,
416 4825 629 4895 quoties
658 4824 955 4880 necessitas
987 4825 1249 4896 exegerit,
1283 4822 1477 4896 regula
1507 4819 1880 4877 ecclesiastica

273 4929 373 4984 per
402 4912 620 4967 beatum
653 4912 907 4969 Siricium
935 4921 1018 4969 est
1049 4913 1300 4983 prolata;
1330 4912 1483 4980 cujus
1515 4909 1720 4983 regula:
1741 4924 1878 4966 con-

275 5001 450 5056 clusio
479 5008 692 5057 constat
718 5001 826 5058 hoc
854 5002 1017 5057 modo
1048 5000 1255 5073 (Siric.,
1290 5002 1455 5071 epist.
1492 5002 1541 5066 1,
1567 5000 1640 5055 ad
1685 5000 1878 5056 Hime-

273 5090 453 5160 rium)
486 5107 546 5144 ζα
578 5090 736 5147 Nunc
748 5090 1030 5161 praefatam
1044 5090 1291 5163 regulam
1309 5103 1501 5144 omnes
1535 5095 1759 5143 teneant
1781 5103 1875 5142 sa-

276 5178 549 5244 cerdotes,
597 5178 689 5250 qui
737 5179 925 5234 nolunt
963 5179 1034 5233 ab
1106 5177 1417 5250 apostolicae
1472 5183 1658 5249 petrae,
1711 5190 1879 5247 super

275 5282 440 5338 quam
476 5265 723 5321 Christus
763 5266 1129 5323 universalem
1186 5264 1488 5323 construxit
1546 5263 1873 5330 Ecclesiam,

273 5354 549 5409 soliditate
570 5353 772 5410 divelli.
812 5374 834 5408 ι
867 5356 939 5411 Et
958 5356 1013 5411 S.
1046 5357 1156 5413 Leo
1177 5355 1336 5424 hujus
1366 5353 1557 5409 salutis
1605 5352 1876 5425 singulare

273 5441 593 5512 praesidium
613 5443 760 5499 nullo
788 5450 1033 5516 tempore
1062 5459 1304 5517 unquam
1333 5441 1599 5516 denegari
1637 5440 1878 5499 decrevit

277 5529 362 5603 (S.
394 5530 526 5599 Leo,
542 5530 713 5604 epist.
745 5536 832 5601 92,
850 5534 921 5590 ad
952 5534 1216 5607 Rustic.).

1984 4535 2203 4589 Patrum
2250 4535 2478 4607 regulae,
2504 4534 2667 4591 etiam
2698 4550 2884 4591 eorum
2931 4548 3164 4606 corpora
3193 4537 3284 4608 qui
3312 4537 3417 4594 sibi
3431 4555 3573 4611 quo-

1981 4622 2112 4678 libet
2130 4624 2295 4679 modo
2326 4631 2559 4680 mortem
2588 4623 2907 4690 intulerunt,
2937 4622 3026 4679 vel
3056 4624 3148 4695 qui
3176 4639 3279 4696 pro
3308 4625 3423 4681 suis
3450 4643 3576 4683 sce-

1981 4711 2182 4768 leribus
2206 4712 2521 4783 puniuntur,
2553 4713 2625 4768 ad
2654 4712 3010 4784 sepulturam,
3043 4711 3168 4768 licet
3198 4711 3316 4768 sine
3361 4714 3577 4785 hymnis

1982 4803 2036 4851 et
2062 4796 2306 4868 psalmis,
2339 4796 2545 4853 deferri
2573 4796 2916 4869 praecipiunt,
2950 4803 3001 4851 et
3031 4811 3142 4851 non
3182 4796 3465 4868 sepultura
3516 4799 3575 4854 in

1980 4893 2141 4942 vente
2171 4885 2364 4941 matris
2407 4886 2669 4953 omnium,
2727 4885 2784 4941 id
2838 4892 2921 4941 est
2948 4891 3127 4953 terrae,
3178 4899 3367 4944 carere
3413 4886 3573 4945 etiam

1980 4974 2172 5031 talium
2200 4976 2467 5033 cadavera
2493 4981 2893 5047 prmceperunt.

2603 5079 2826 5136 CAPUT
2855 5080 2952 5135 IX.

1982 5167 2133 5236 Quod
2160 5169 2226 5225 de
2263 5170 2350 5226 his
2389 5170 2710 5243 excessibus
2729 5170 2993 5243 monenti
3018 5170 3452 5243 metropolitano
3477 5186 3577 5231 suo

2510 5239 2728 5297 obedire
2763 5241 3040 5313 neglexit.

2048 5345 2253 5416 (Hinc.,
2269 5362 2356 5419 ep.
2379 5327 2653 5417 35.).Quze
2668 5346 2897 5403 audiens
2912 5347 3263 5405 vehementer
3282 5349 3565 5419 exhorrui,

1977 5442 2029 5490 et
2058 5434 2287 5506 proinde
2316 5436 2384 5492 ad
2411 5451 2533 5492 eum
2562 5436 2975 5508 metropolitana
3004 5436 3367 5495 sollicitudine
3396 5439 3570 5497 semel

1976 5530 2031 5583 et
2060 5524 2300 5584 secundo
2328 5524 2533 5583 litteras
2561 5525 2707 5597 misi,
2737 5540 2968 5585 monens
2998 5532 3052 5584 et
3077 5526 3297 5586 hortans
3341 5527 3495 5588 illum
3512 5536 3571 5588 ut
