  <div class='ocr_page' id='page_1' title='image "/cluster/home/n/w/nwhite01/storage/ocr_20150623/126/hvd.32044052819513/293.png"; bbox 0 0 4056 6178; ppageno 0'>
   <div class='ocr_carea' id='block_1_1' title="bbox 411 264 589 344">
    <p class='ocr_par' dir='ltr' id='par_1_1' title="bbox 411 264 589 344">
     <span class='ocr_line' id='line_1_1' title="bbox 411 264 589 344; baseline 0 -28"><span class='ocrx_word' id='word_1_1' title='bbox 411 339 414 344; x_wconf 22' lang='grc' dir='ltr'>ι</span> <span class='ocrx_word' id='word_1_2' title='bbox 484 264 589 317; x_wconf 79' lang='lat' dir='ltr'>s75</span> 
     </span>
    </p>
   </div>
   <div class='ocr_carea' id='block_1_2' title="bbox 1371 252 2720 312">
    <p class='ocr_par' dir='ltr' id='par_1_2' title="bbox 1371 252 2720 312">
     <span class='ocr_line' id='line_1_2' title="bbox 1371 252 2720 312; baseline 0 0"><span class='ocrx_word' id='word_1_3' title='bbox 1371 255 1715 312; x_wconf 78' lang='lat' dir='ltr'>HINCMARI</span> <span class='ocrx_word' id='word_1_4' title='bbox 1741 252 2138 312; x_wconf 84' lang='lat' dir='ltr'>RHEMENSIS</span> <span class='ocrx_word' id='word_1_5' title='bbox 2168 253 2720 312; x_wconf 78' lang='lat' dir='ltr'>ARCHIEPISCOPI.</span> 
     </span>
    </p>
   </div>
   <div class='ocr_carea' id='block_1_3' title="bbox 3673 261 3779 314">
    <p class='ocr_par' dir='ltr' id='par_1_3' title="bbox 3673 261 3779 314">
     <span class='ocr_line' id='line_1_3' title="bbox 3673 261 3779 314; baseline 0 0"><span class='ocrx_word' id='word_1_6' title='bbox 3673 261 3779 314; x_wconf 79' lang='grc'>576</span> 
     </span>
    </p>
   </div>
   <div class='ocr_carea' id='block_1_4' title="bbox 479 378 3776 450">
    <p class='ocr_par' dir='ltr' id='par_1_4' title="bbox 479 378 3776 450">
     <span class='ocr_line' id='line_1_4' title="bbox 479 378 3776 450; baseline -0.001 -11"><span class='ocrx_word' id='word_1_7' title='bbox 479 393 590 439; x_wconf 90' lang='lat' dir='ltr'>tam</span> <span class='ocrx_word' id='word_1_8' title='bbox 621 382 950 439; x_wconf 80' lang='lat' dir='ltr'>exitiabilem</span> <span class='ocrx_word' id='word_1_9' title='bbox 979 381 1615 450; x_wconf 88' lang='lat' dir='ltr'>excommunicationem,</span> <span class='ocrx_word' id='word_1_10' title='bbox 1675 387 1728 435; x_wconf 92' lang='lat' dir='ltr'>et</span> <span class='ocrx_word' id='word_1_11' title='bbox 1775 378 2066 450; x_wconf 76' lang='lat' dir='ltr'>impietatis</span> <span class='ocrx_word' id='word_1_12' title='bbox 2102 378 2349 440; x_wconf 73' lang='lat' dir='ltr'>Ameum</span> <span class='ocrx_word' id='word_1_13' title='bbox 2383 395 2571 450; x_wconf 88' lang='lat' dir='ltr'>sapere</span> <span class='ocrx_word' id='word_1_14' title='bbox 2599 388 2652 436; x_wconf 90' lang='lat' dir='ltr'>et</span> <span class='ocrx_word' id='word_1_15' title='bbox 2679 396 2844 450; x_wconf 91' lang='lat' dir='ltr'>posse</span> <span class='ocrx_word' id='word_1_16' title='bbox 2895 381 2964 435; x_wconf 89' lang='lat' dir='ltr'>ad</span> <span class='ocrx_word' id='word_1_17' title='bbox 3015 381 3116 436; x_wconf 89' lang='lat' dir='ltr'>Dei</span> <span class='ocrx_word' id='word_1_18' title='bbox 3171 381 3532 446; x_wconf 85' lang='lat' dir='ltr'>voluntatem,</span> <span class='ocrx_word' id='word_1_19' title='bbox 3591 389 3644 436; x_wconf 91' lang='lat' dir='ltr'>et</span> <span class='ocrx_word' id='word_1_20' title='bbox 3701 383 3776 436; x_wconf 90' lang='lat' dir='ltr'>ad</span> 
     </span>
    </p>
   </div>
   <div class='ocr_carea' id='block_1_5' title="bbox 481 469 2082 543">
    <p class='ocr_par' dir='ltr' id='par_1_5' title="bbox 481 469 2082 543">
     <span class='ocr_line' id='line_1_5' title="bbox 481 469 2082 543; baseline -0.001 -15"><span class='ocrx_word' id='word_1_21' title='bbox 481 471 886 543; x_wconf 85' lang='lat' dir='ltr'>colligationem</span> <span class='ocrx_word' id='word_1_22' title='bbox 915 471 972 524; x_wconf 89' lang='lat' dir='ltr'>in</span> <span class='ocrx_word' id='word_1_23' title='bbox 1017 487 1176 525; x_wconf 89' lang='lat' dir='ltr'>suum</span> <span class='ocrx_word' id='word_1_24' title='bbox 1197 479 1250 525; x_wconf 92' lang='lat' dir='ltr'>et</span> <span class='ocrx_word' id='word_1_25' title='bbox 1303 469 1590 524; x_wconf 90' lang='lat' dir='ltr'>multorum</span> <span class='ocrx_word' id='word_1_26' title='bbox 1647 469 1948 538; x_wconf 89' lang='lat' dir='ltr'>periculum</span> <span class='ocrx_word' id='word_1_27' title='bbox 1997 473 2082 526; x_wconf 89' lang='lat' dir='ltr'>in-</span> 
     </span>
    </p>
   </div>
   <div class='ocr_carea' id='block_1_6' title="bbox 485 556 2081 630">
    <p class='ocr_par' dir='ltr' id='par_1_6' title="bbox 485 556 2081 630">
     <span class='ocr_line' id='line_1_6' title="bbox 485 556 2081 630; baseline 0.001 -16"><span class='ocrx_word' id='word_1_28' title='bbox 485 567 760 626; x_wconf 87' lang='lat' dir='ltr'>tentatam,</span> <span class='ocrx_word' id='word_1_29' title='bbox 795 561 1114 630; x_wconf 87' lang='lat' dir='ltr'>quantocius</span> <span class='ocrx_word' id='word_1_30' title='bbox 1136 559 1392 613; x_wconf 77' lang='lat' dir='ltr'>solveret.</span> <span class='ocrx_word' id='word_1_31' title='bbox 1429 556 1538 612; x_wconf 90' lang='lat' dir='ltr'>Sed</span> <span class='ocrx_word' id='word_1_32' title='bbox 1587 557 1656 611; x_wconf 90' lang='lat' dir='ltr'>ad</span> <span class='ocrx_word' id='word_1_33' title='bbox 1714 557 2081 615; x_wconf 87' lang='lat' dir='ltr'>obediendum</span> 
     </span>
    </p>
   </div>
   <div class='ocr_carea' id='block_1_7' title="bbox 485 646 2080 704">
    <p class='ocr_par' dir='ltr' id='par_1_7' title="bbox 485 646 2080 704">
     <span class='ocr_line' id='line_1_7' title="bbox 485 646 2080 704; baseline -0.001 -1"><span class='ocrx_word' id='word_1_34' title='bbox 485 663 612 703; x_wconf 89' lang='lat' dir='ltr'>eum</span> <span class='ocrx_word' id='word_1_35' title='bbox 667 647 898 702; x_wconf 85' lang='lat' dir='ltr'>invitare</span> <span class='ocrx_word' id='word_1_36' title='bbox 943 664 1052 704; x_wconf 88' lang='lat' dir='ltr'>non</span> <span class='ocrx_word' id='word_1_37' title='bbox 1109 647 1273 704; x_wconf 90' lang='lat' dir='ltr'>valui.</span> <span class='ocrx_word' id='word_1_38' title='bbox 1323 646 1458 699; x_wconf 86' lang='lat' dir='ltr'>Cum</span> <span class='ocrx_word' id='word_1_39' title='bbox 1514 653 1734 700; x_wconf 90' lang='lat' dir='ltr'>sanctus</span> <span class='ocrx_word' id='word_1_40' title='bbox 1775 646 2080 704; x_wconf 83' lang='lat' dir='ltr'>Bonifacius</span> 
     </span>
    </p>
   </div>
   <div class='ocr_carea' id='block_1_8' title="bbox 483 733 2082 808">
    <p class='ocr_par' dir='ltr' id='par_1_8' title="bbox 483 733 2082 808">
     <span class='ocr_line' id='line_1_8' title="bbox 483 733 2082 808; baseline -0.001 -16"><span class='ocrx_word' id='word_1_41' title='bbox 483 736 778 806; x_wconf 84' lang='lat' dir='ltr'>explanans</span> <span class='ocrx_word' id='word_1_42' title='bbox 806 737 1102 808; x_wconf 90' lang='lat' dir='ltr'>capitulum</span> <span class='ocrx_word' id='word_1_43' title='bbox 1131 733 1566 791; x_wconf 89' lang='lat' dir='ltr'>Nicaniconcilii</span> <span class='ocrx_word' id='word_1_44' title='bbox 1597 735 1745 798; x_wconf 86' lang='lat' dir='ltr'>(can.</span> <span class='ocrx_word' id='word_1_45' title='bbox 1781 736 1870 803; x_wconf 81' lang='grc'>13)</span> <span class='ocrx_word' id='word_1_46' title='bbox 1900 736 1967 790; x_wconf 90' lang='lat' dir='ltr'>ad</span> <span class='ocrx_word' id='word_1_47' title='bbox 1988 736 2082 790; x_wconf 87' lang='lat' dir='ltr'>Hi-</span> 
     </span>
    </p>
   </div>
   <div class='ocr_carea' id='block_1_9' title="bbox 479 820 2076 894">
    <p class='ocr_par' dir='ltr' id='par_1_9' title="bbox 479 820 2076 894">
     <span class='ocr_line' id='line_1_9' title="bbox 479 820 2076 894; baseline 0.001 -18"><span class='ocrx_word' id='word_1_48' title='bbox 479 820 675 878; x_wconf 86' lang='lat' dir='ltr'>larium</span> <span class='ocrx_word' id='word_1_49' title='bbox 717 825 1134 880; x_wconf 83' lang='lat' dir='ltr'>Narbonensem</span> <span class='ocrx_word' id='word_1_50' title='bbox 1183 824 1499 894; x_wconf 87' lang='lat' dir='ltr'>episcopum</span> <span class='ocrx_word' id='word_1_51' title='bbox 1557 822 1699 876; x_wconf 86' lang='lat' dir='ltr'>dicat</span> <span class='ocrx_word' id='word_1_52' title='bbox 1754 821 1940 894; x_wconf 83' lang='lat' dir='ltr'>(epist.</span> <span class='ocrx_word' id='word_1_53' title='bbox 1975 825 2076 894; x_wconf 90' lang='lat'>3):</span> 
     </span>
    </p>
   </div>
   <div class='ocr_carea' id='block_1_10' title="bbox 487 912 2080 982">
    <p class='ocr_par' dir='ltr' id='par_1_10' title="bbox 487 912 2080 982">
     <span class='ocr_line' id='line_1_10' title="bbox 487 912 2080 982; baseline 0.003 -20"><span class='ocrx_word' id='word_1_54' title='bbox 487 931 509 962; x_wconf 78' lang='grc' dir='ltr'>ι</span> <span class='ocrx_word' id='word_1_55' title='bbox 542 913 801 968; x_wconf 78' lang='lat' dir='ltr'>Advertat</span> <span class='ocrx_word' id='word_1_56' title='bbox 849 913 1106 978; x_wconf 88' lang='lat' dir='ltr'>charitas,</span> <span class='ocrx_word' id='word_1_57' title='bbox 1168 912 1306 965; x_wconf 91' lang='lat' dir='ltr'>adeo</span> <span class='ocrx_word' id='word_1_58' title='bbox 1352 925 1453 964; x_wconf 91' lang='lat' dir='ltr'>nos</span> <span class='ocrx_word' id='word_1_59' title='bbox 1501 924 1767 964; x_wconf 89' lang='lat' dir='ltr'>canonum</span> <span class='ocrx_word' id='word_1_60' title='bbox 1805 919 2080 982; x_wconf 88' lang='lat' dir='ltr'>pracepta</span> 
     </span>
    </p>
   </div>
   <div class='ocr_carea' id='block_1_11' title="bbox 482 997 2077 1068">
    <p class='ocr_par' dir='ltr' id='par_1_11' title="bbox 482 997 2077 1068">
     <span class='ocr_line' id='line_1_11' title="bbox 482 997 2077 1068; baseline -0.001 -15"><span class='ocrx_word' id='word_1_61' title='bbox 482 1015 724 1066; x_wconf 88' lang='lat' dir='ltr'>servare,</span> <span class='ocrx_word' id='word_1_62' title='bbox 758 1007 816 1055; x_wconf 91' lang='lat' dir='ltr'>ut</span> <span class='ocrx_word' id='word_1_63' title='bbox 845 1001 916 1054; x_wconf 90' lang='lat' dir='ltr'>ita</span> <span class='ocrx_word' id='word_1_64' title='bbox 965 999 1275 1054; x_wconf 86' lang='lat' dir='ltr'>constitutio</span> <span class='ocrx_word' id='word_1_65' title='bbox 1334 1013 1548 1068; x_wconf 90' lang='lat' dir='ltr'>quoque</span> <span class='ocrx_word' id='word_1_66' title='bbox 1595 1005 1777 1052; x_wconf 91' lang='lat' dir='ltr'>nostra</span> <span class='ocrx_word' id='word_1_67' title='bbox 1833 997 2077 1064; x_wconf 77' lang='lat' dir='ltr'>diﬁiniat,</span> 
     </span>
    </p>
   </div>
   <div class='ocr_carea' id='block_1_12' title="bbox 483 1086 2079 1159">
    <p class='ocr_par' dir='ltr' id='par_1_12' title="bbox 483 1086 2079 1159">
     <span class='ocr_line' id='line_1_12' title="bbox 483 1086 2079 1159; baseline -0.001 -18"><span class='ocrx_word' id='word_1_68' title='bbox 483 1096 746 1158; x_wconf 86' lang='lat' dir='ltr'>quatenus</span> <span class='ocrx_word' id='word_1_69' title='bbox 773 1087 1169 1159; x_wconf 86' lang='lat' dir='ltr'>metropolitani</span> <span class='ocrx_word' id='word_1_70' title='bbox 1190 1086 1273 1140; x_wconf 90' lang='lat' dir='ltr'>sui</span> <span class='ocrx_word' id='word_1_71' title='bbox 1302 1101 1642 1155; x_wconf 84' lang='lat' dir='ltr'>unaquaeque</span> <span class='ocrx_word' id='word_1_72' title='bbox 1705 1086 1980 1155; x_wconf 89' lang='lat' dir='ltr'>provincia</span> <span class='ocrx_word' id='word_1_73' title='bbox 2023 1087 2079 1140; x_wconf 92' lang='lat' dir='ltr'>in</span> 
     </span>
    </p>
   </div>
   <div class='ocr_carea' id='block_1_13' title="bbox 482 1176 2079 1242">
    <p class='ocr_par' dir='ltr' id='par_1_13' title="bbox 482 1176 2079 1242">
     <span class='ocr_line' id='line_1_13' title="bbox 482 1176 2079 1242; baseline -0.001 -13"><span class='ocrx_word' id='word_1_74' title='bbox 482 1176 735 1230; x_wconf 89' lang='lat' dir='ltr'>omnibus</span> <span class='ocrx_word' id='word_1_75' title='bbox 765 1177 932 1231; x_wconf 91' lang='lat' dir='ltr'>rebus</span> <span class='ocrx_word' id='word_1_76' title='bbox 961 1176 1359 1230; x_wconf 86' lang='lat' dir='ltr'>ordinationem</span> <span class='ocrx_word' id='word_1_77' title='bbox 1406 1187 1624 1242; x_wconf 84' lang='lat' dir='ltr'>semper</span> <span class='ocrx_word' id='word_1_78' title='bbox 1682 1180 1915 1242; x_wconf 86' lang='lat' dir='ltr'>expetat.</span> <span class='ocrx_word' id='word_1_79' title='bbox 1957 1197 1976 1222; x_wconf 73' lang='grc' dir='ltr'><strong>η</strong></span> <span class='ocrx_word' id='word_1_80' title='bbox 2011 1177 2079 1230; x_wconf 89' lang='lat' dir='ltr'>Et</span> 
     </span>
    </p>
   </div>
   <div class='ocr_carea' id='block_1_14' title="bbox 482 1260 2076 1331">
    <p class='ocr_par' dir='ltr' id='par_1_14' title="bbox 482 1260 2076 1331">
     <span class='ocr_line' id='line_1_14' title="bbox 482 1260 2076 1331; baseline -0.001 -13"><span class='ocrx_word' id='word_1_81' title='bbox 482 1264 589 1318; x_wconf 90' lang='lat' dir='ltr'>Leo</span> <span class='ocrx_word' id='word_1_82' title='bbox 647 1265 718 1320; x_wconf 91' lang='lat' dir='ltr'>ad</span> <span class='ocrx_word' id='word_1_83' title='bbox 797 1265 1144 1320; x_wconf 88' lang='lat' dir='ltr'>Theodorum</span> <span class='ocrx_word' id='word_1_84' title='bbox 1217 1260 1642 1329; x_wconf 89' lang='lat' dir='ltr'>Forojuliensem</span> <span class='ocrx_word' id='word_1_85' title='bbox 1719 1261 2076 1331; x_wconf 89' lang='lat' dir='ltr'>episcopum:</span> 
     </span>
    </p>
   </div>
   <div class='ocr_carea' id='block_1_15' title="bbox 484 1348 2072 1421">
    <p class='ocr_par' dir='ltr' id='par_1_15' title="bbox 484 1348 2072 1421">
     <span class='ocr_line' id='line_1_15' title="bbox 484 1348 2072 1421; baseline 0.001 -19"><span class='ocrx_word' id='word_1_86' title='bbox 484 1372 508 1402; x_wconf 77' lang='grc' dir='ltr'>ι</span> <span class='ocrx_word' id='word_1_87' title='bbox 543 1351 952 1416; x_wconf 89' lang='lat' dir='ltr'>Sollicitudinis,</span> <span class='ocrx_word' id='word_1_88' title='bbox 987 1351 1180 1421; x_wconf 88' lang='lat' dir='ltr'>inquit,</span> <span class='ocrx_word' id='word_1_89' title='bbox 1217 1357 1320 1404; x_wconf 89' lang='lat' dir='ltr'>tua</span> <span class='ocrx_word' id='word_1_90' title='bbox 1349 1348 1398 1402; x_wconf 91' lang='lat' dir='ltr'>is</span> <span class='ocrx_word' id='word_1_91' title='bbox 1431 1349 1567 1403; x_wconf 92' lang='lat' dir='ltr'>ordo</span> <span class='ocrx_word' id='word_1_92' title='bbox 1607 1364 1731 1403; x_wconf 90' lang='lat' dir='ltr'>esse</span> <span class='ocrx_word' id='word_1_93' title='bbox 1787 1350 2072 1416; x_wconf 83' lang='lat' dir='ltr'>debuerat,</span> 
     </span>
    </p>
   </div>
   <div class='ocr_carea' id='block_1_16' title="bbox 477 1436 2076 1509">
    <p class='ocr_par' dir='ltr' id='par_1_16' title="bbox 477 1436 2076 1509">
     <span class='ocr_line' id='line_1_16' title="bbox 477 1436 2076 1509; baseline 0 -17"><span class='ocrx_word' id='word_1_94' title='bbox 477 1445 537 1493; x_wconf 88' lang='lat' dir='ltr'>ut</span> <span class='ocrx_word' id='word_1_95' title='bbox 565 1455 688 1494; x_wconf 89' lang='lat' dir='ltr'>cum</span> <span class='ocrx_word' id='word_1_96' title='bbox 717 1439 1135 1509; x_wconf 81' lang='lat' dir='ltr'>metrOpolitano</span> <span class='ocrx_word' id='word_1_97' title='bbox 1167 1445 1258 1491; x_wconf 92' lang='lat' dir='ltr'>tuo</span> <span class='ocrx_word' id='word_1_98' title='bbox 1311 1436 1380 1491; x_wconf 89' lang='lat' dir='ltr'>de</span> <span class='ocrx_word' id='word_1_99' title='bbox 1425 1451 1491 1491; x_wconf 89' lang='lat' dir='ltr'>eo</span> <span class='ocrx_word' id='word_1_100' title='bbox 1521 1437 1664 1507; x_wconf 92' lang='lat' dir='ltr'>quod</span> <span class='ocrx_word' id='word_1_101' title='bbox 1723 1439 2076 1508; x_wconf 88' lang='lat' dir='ltr'>quarendum</span> 
     </span>
    </p>
   </div>
   <div class='ocr_carea' id='block_1_17' title="bbox 478 1524 2076 1596">
    <p class='ocr_par' dir='ltr' id='par_1_17' title="bbox 478 1524 2076 1596">
     <span class='ocr_line' id='line_1_17' title="bbox 478 1524 2076 1596; baseline 0 -15"><span class='ocrx_word' id='word_1_102' title='bbox 478 1542 602 1581; x_wconf 89' lang='lat' dir='ltr'>esse</span> <span class='ocrx_word' id='word_1_103' title='bbox 656 1525 961 1590; x_wconf 84' lang='lat' dir='ltr'>videbatur,</span> <span class='ocrx_word' id='word_1_104' title='bbox 1012 1524 1290 1581; x_wconf 85' lang='lat' dir='ltr'>conferres</span> <span class='ocrx_word' id='word_1_105' title='bbox 1329 1542 1342 1578; x_wconf 91' lang='lat'>:</span> <span class='ocrx_word' id='word_1_106' title='bbox 1403 1524 1530 1596; x_wconf 90' lang='lat' dir='ltr'>quia</span> <span class='ocrx_word' id='word_1_107' title='bbox 1551 1524 1604 1578; x_wconf 92' lang='lat' dir='ltr'>in</span> <span class='ocrx_word' id='word_1_108' title='bbox 1636 1525 1815 1580; x_wconf 87' lang='lat' dir='ltr'>causis</span> <span class='ocrx_word' id='word_1_109' title='bbox 1837 1541 1958 1596; x_wconf 88' lang='lat' dir='ltr'>qua</span> <span class='ocrx_word' id='word_1_110' title='bbox 2005 1527 2076 1581; x_wconf 91' lang='lat' dir='ltr'>ad</span> 
     </span>
    </p>
   </div>
   <div class='ocr_carea' id='block_1_18' title="bbox 478 1611 2075 1685">
    <p class='ocr_par' dir='ltr' id='par_1_18' title="bbox 478 1611 2075 1685">
     <span class='ocr_line' id='line_1_18' title="bbox 478 1611 2075 1685; baseline -0.001 -17"><span class='ocrx_word' id='word_1_111' title='bbox 478 1611 791 1685; x_wconf 79' lang='lat' dir='ltr'>generalem</span> <span class='ocrx_word' id='word_1_112' title='bbox 819 1613 1226 1668; x_wconf 86' lang='lat' dir='ltr'>observantiam</span> <span class='ocrx_word' id='word_1_113' title='bbox 1255 1613 1544 1682; x_wconf 91' lang='lat' dir='ltr'>pertinent,</span> <span class='ocrx_word' id='word_1_114' title='bbox 1570 1613 1810 1667; x_wconf 91' lang='lat' dir='ltr'>omnium</span> <span class='ocrx_word' id='word_1_115' title='bbox 1858 1613 2075 1669; x_wconf 91' lang='lat' dir='ltr'>Domini</span> 
     </span>
    </p>
   </div>
   <div class='ocr_carea' id='block_1_19' title="bbox 2185 466 3776 540">
    <p class='ocr_par' dir='ltr' id='par_1_19' title="bbox 2185 466 3776 540">
     <span class='ocr_line' id='line_1_19' title="bbox 2185 466 3776 540; baseline 0.003 -20"><span class='ocrx_word' id='word_1_116' title='bbox 2185 466 2335 539; x_wconf 89' lang='lat' dir='ltr'>regis</span> <span class='ocrx_word' id='word_1_117' title='bbox 2365 468 2627 536; x_wconf 85' lang='lat' dir='ltr'>salutem,</span> <span class='ocrx_word' id='word_1_118' title='bbox 2673 477 2726 523; x_wconf 92' lang='lat' dir='ltr'>et</span> <span class='ocrx_word' id='word_1_119' title='bbox 2767 469 2836 523; x_wconf 88' lang='lat' dir='ltr'>ad</span> <span class='ocrx_word' id='word_1_120' title='bbox 2887 475 3197 524; x_wconf 89' lang='lat' dir='ltr'>statum.....</span> <span class='ocrx_word' id='word_1_121' title='bbox 3253 469 3322 523; x_wconf 90' lang='lat' dir='ltr'>ad</span> <span class='ocrx_word' id='word_1_122' title='bbox 3375 484 3554 523; x_wconf 88' lang='lat' dir='ltr'>meam</span> <span class='ocrx_word' id='word_1_123' title='bbox 3601 469 3776 540; x_wconf 86' lang='lat' dir='ltr'>ipsius</span> 
     </span>
    </p>
   </div>
   <div class='ocr_carea' id='block_1_20' title="bbox 2185 555 3776 627">
    <p class='ocr_par' dir='ltr' id='par_1_20' title="bbox 2185 555 3776 627">
     <span class='ocr_line' id='line_1_20' title="bbox 2185 555 3776 627; baseline 0.002 -19"><span class='ocrx_word' id='word_1_124' title='bbox 2185 555 2416 610; x_wconf 85' lang='lat' dir='ltr'>salutem</span> <span class='ocrx_word' id='word_1_125' title='bbox 2447 557 2513 610; x_wconf 88' lang='lat' dir='ltr'>H.</span> <span class='ocrx_word' id='word_1_126' title='bbox 2552 580 2573 604; x_wconf 84' lang='lat'><strong>»</strong></span> <span class='ocrx_word' id='word_1_127' title='bbox 2595 557 2728 611; x_wconf 88' lang='lat' dir='ltr'>Cum</span> <span class='ocrx_word' id='word_1_128' title='bbox 2757 555 2953 611; x_wconf 86' lang='lat' dir='ltr'>Africa</span> <span class='ocrx_word' id='word_1_129' title='bbox 3001 557 3294 627; x_wconf 88' lang='lat' dir='ltr'>provincia</span> <span class='ocrx_word' id='word_1_130' title='bbox 3324 572 3563 612; x_wconf 86' lang='lat' dir='ltr'>canones</span> <span class='ocrx_word' id='word_1_131' title='bbox 3589 557 3776 612; x_wconf 85' lang='lat' dir='ltr'>dicant</span> 
     </span>
    </p>
   </div>
   <div class='ocr_carea' id='block_1_21' title="bbox 2183 643 3774 715">
    <p class='ocr_par' dir='ltr' id='par_1_21' title="bbox 2183 643 3774 715">
     <span class='ocr_line' id='line_1_21' title="bbox 2183 643 3774 715; baseline 0.002 -18"><span class='ocrx_word' id='word_1_132' title='bbox 2183 643 2333 714; x_wconf 81' lang='lat' dir='ltr'>(can.</span> <span class='ocrx_word' id='word_1_133' title='bbox 2360 647 2449 714; x_wconf 88' lang='lat'>86)</span> <span class='ocrx_word' id='word_1_134' title='bbox 2483 661 2496 698; x_wconf 95' lang='lat'>:</span> <span class='ocrx_word' id='word_1_135' title='bbox 2533 667 2554 690; x_wconf 77' lang='grc' dir='ltr'><em>α</em></span> <span class='ocrx_word' id='word_1_136' title='bbox 2591 645 2931 698; x_wconf 88' lang='lat' dir='ltr'>Posteriores</span> <span class='ocrx_word' id='word_1_137' title='bbox 2960 645 3202 715; x_wconf 85' lang='lat' dir='ltr'>episcopi</span> <span class='ocrx_word' id='word_1_138' title='bbox 3223 645 3588 699; x_wconf 88' lang='lat' dir='ltr'>anterioribus</span> <span class='ocrx_word' id='word_1_139' title='bbox 3620 644 3774 700; x_wconf 88' lang='lat' dir='ltr'>defe-</span> 
     </span>
    </p>
   </div>
   <div class='ocr_carea' id='block_1_22' title="bbox 2182 731 3769 804">
    <p class='ocr_par' dir='ltr' id='par_1_22' title="bbox 2182 731 3769 804">
     <span class='ocr_line' id='line_1_22' title="bbox 2182 731 3769 804; baseline 0.001 -20"><span class='ocrx_word' id='word_1_140' title='bbox 2182 737 2322 795; x_wconf 86' lang='lat' dir='ltr'>rant,</span> <span class='ocrx_word' id='word_1_141' title='bbox 2355 746 2456 786; x_wconf 90' lang='lat' dir='ltr'>nec</span> <span class='ocrx_word' id='word_1_142' title='bbox 2475 731 2555 785; x_wconf 90' lang='lat' dir='ltr'>eis</span> <span class='ocrx_word' id='word_1_143' title='bbox 2584 731 2900 786; x_wconf 85' lang='lat' dir='ltr'>inconsultis</span> <span class='ocrx_word' id='word_1_144' title='bbox 2929 731 3132 802; x_wconf 87' lang='lat' dir='ltr'>aliquid</span> <span class='ocrx_word' id='word_1_145' title='bbox 3161 747 3327 804; x_wconf 90' lang='lat' dir='ltr'>agere</span> <span class='ocrx_word' id='word_1_146' title='bbox 3357 739 3705 802; x_wconf 89' lang='lat' dir='ltr'>prasumant.</span> <span class='ocrx_word' id='word_1_147' title='bbox 3739 757 3769 780; x_wconf 43' lang='grc' dir='ltr'><strong>λη</strong></span> 
     </span>
    </p>
   </div>
   <div class='ocr_carea' id='block_1_23' title="bbox 2180 818 3775 889">
    <p class='ocr_par' dir='ltr' id='par_1_23' title="bbox 2180 818 3775 889">
     <span class='ocr_line' id='line_1_23' title="bbox 2180 818 3775 889; baseline 0 -17"><span class='ocrx_word' id='word_1_148' title='bbox 2180 819 2250 872; x_wconf 85' lang='grc' dir='ltr'>Ει</span> <span class='ocrx_word' id='word_1_149' title='bbox 2279 833 2515 873; x_wconf 88' lang='lat' dir='ltr'>canones</span> <span class='ocrx_word' id='word_1_150' title='bbox 2547 818 2870 874; x_wconf 87' lang='lat' dir='ltr'>Antiocheni</span> <span class='ocrx_word' id='word_1_151' title='bbox 2911 819 3132 874; x_wconf 89' lang='lat' dir='ltr'>decerni</span> <span class='ocrx_word' id='word_1_152' title='bbox 3188 819 3664 889; x_wconf 87' lang='lat' dir='ltr'>metropolitanum</span> <span class='ocrx_word' id='word_1_153' title='bbox 3719 827 3775 873; x_wconf 89' lang='lat' dir='ltr'>et</span> 
     </span>
    </p>
   </div>
   <div class='ocr_carea' id='block_1_24' title="bbox 2181 906 3774 976">
    <p class='ocr_par' dir='ltr' id='par_1_24' title="bbox 2181 906 3774 976">
     <span class='ocr_line' id='line_1_24' title="bbox 2181 906 3774 976; baseline 0 -16"><span class='ocrx_word' id='word_1_154' title='bbox 2181 907 2388 960; x_wconf 90' lang='lat' dir='ltr'>honore</span> <span class='ocrx_word' id='word_1_155' title='bbox 2439 906 2770 976; x_wconf 87' lang='lat' dir='ltr'>pracellere,</span> <span class='ocrx_word' id='word_1_156' title='bbox 2823 915 2876 961; x_wconf 90' lang='lat' dir='ltr'>et</span> <span class='ocrx_word' id='word_1_157' title='bbox 2921 907 3053 960; x_wconf 87' lang='lat' dir='ltr'>nihil</span> <span class='ocrx_word' id='word_1_158' title='bbox 3109 907 3340 976; x_wconf 87' lang='lat' dir='ltr'>amplius</span> <span class='ocrx_word' id='word_1_159' title='bbox 3394 913 3590 976; x_wconf 88' lang='lat' dir='ltr'>prater</span> <span class='ocrx_word' id='word_1_160' title='bbox 3646 922 3774 961; x_wconf 89' lang='lat' dir='ltr'>eum</span> 
     </span>
    </p>
   </div>
   <div class='ocr_carea' id='block_1_25' title="bbox 2180 995 3773 1066">
    <p class='ocr_par' dir='ltr' id='par_1_25' title="bbox 2180 995 3773 1066">
     <span class='ocr_line' id='line_1_25' title="bbox 2180 995 3773 1066; baseline 0 -18"><span class='ocrx_word' id='word_1_161' title='bbox 2180 1001 2408 1048; x_wconf 89' lang='lat' dir='ltr'>cateros</span> <span class='ocrx_word' id='word_1_162' title='bbox 2462 995 2749 1064; x_wconf 91' lang='lat' dir='ltr'>episcopos</span> <span class='ocrx_word' id='word_1_163' title='bbox 2807 1010 2993 1066; x_wconf 90' lang='lat' dir='ltr'>agere,</span> <span class='ocrx_word' id='word_1_164' title='bbox 3055 995 3356 1050; x_wconf 89' lang='lat' dir='ltr'>secundum</span> <span class='ocrx_word' id='word_1_165' title='bbox 3404 995 3682 1065; x_wconf 86' lang='lat' dir='ltr'>entiquam</span> <span class='ocrx_word' id='word_1_166' title='bbox 3739 1009 3773 1048; x_wconf 88' lang='lat' dir='ltr'>a</span> 
     </span>
    </p>
   </div>
   <div class='ocr_carea' id='block_1_26' title="bbox 2180 1082 3771 1155">
    <p class='ocr_par' dir='ltr' id='par_1_26' title="bbox 2180 1082 3771 1155">
     <span class='ocr_line' id='line_1_26' title="bbox 2180 1082 3771 1155; baseline 0.001 -20"><span class='ocrx_word' id='word_1_167' title='bbox 2180 1082 2426 1136; x_wconf 88' lang='lat' dir='ltr'>Patribus</span> <span class='ocrx_word' id='word_1_168' title='bbox 2445 1083 2647 1138; x_wconf 90' lang='lat' dir='ltr'>nostris</span> <span class='ocrx_word' id='word_1_169' title='bbox 2665 1083 2915 1155; x_wconf 91' lang='lat' dir='ltr'>regulam</span> <span class='ocrx_word' id='word_1_170' title='bbox 2946 1083 3310 1152; x_wconf 90' lang='lat' dir='ltr'>constitutam,</span> <span class='ocrx_word' id='word_1_171' title='bbox 3344 1082 3448 1136; x_wconf 90' lang='lat' dir='ltr'>nisi</span> <span class='ocrx_word' id='word_1_172' title='bbox 3477 1097 3544 1136; x_wconf 90' lang='lat' dir='ltr'>ea</span> <span class='ocrx_word' id='word_1_173' title='bbox 3563 1089 3771 1136; x_wconf 86' lang='lat' dir='ltr'>tantum</span> 
     </span>
    </p>
   </div>
   <div class='ocr_carea' id='block_1_27' title="bbox 2180 1170 3770 1241">
    <p class='ocr_par' dir='ltr' id='par_1_27' title="bbox 2180 1170 3770 1241">
     <span class='ocr_line' id='line_1_27' title="bbox 2180 1170 3770 1241; baseline 0.001 -18"><span class='ocrx_word' id='word_1_174' title='bbox 2180 1186 2302 1240; x_wconf 84' lang='lat' dir='ltr'>qua</span> <span class='ocrx_word' id='word_1_175' title='bbox 2329 1171 2396 1224; x_wconf 89' lang='lat' dir='ltr'>ad</span> <span class='ocrx_word' id='word_1_176' title='bbox 2427 1186 2580 1225; x_wconf 88' lang='lat' dir='ltr'>suam</span> <span class='ocrx_word' id='word_1_177' title='bbox 2623 1171 2904 1226; x_wconf 76' lang='lat' dir='ltr'>diacesim</span> <span class='ocrx_word' id='word_1_178' title='bbox 2933 1171 3222 1241; x_wconf 87' lang='lat' dir='ltr'>pertinent,</span> <span class='ocrx_word' id='word_1_179' title='bbox 3279 1170 3770 1241; x_wconf 87' lang='lat' dir='ltr'>possessionesque</span> 
     </span>
    </p>
   </div>
   <div class='ocr_carea' id='block_1_28' title="bbox 2179 1257 3772 1331">
    <p class='ocr_par' dir='ltr' id='par_1_28' title="bbox 2179 1257 3772 1331">
     <span class='ocr_line' id='line_1_28' title="bbox 2179 1257 3772 1331; baseline 0.001 -20"><span class='ocrx_word' id='word_1_180' title='bbox 2179 1257 2471 1326; x_wconf 90' lang='lat' dir='ltr'>subjectas.</span> <span class='ocrx_word' id='word_1_181' title='bbox 2503 1259 2570 1313; x_wconf 90' lang='lat' dir='ltr'>Et</span> <span class='ocrx_word' id='word_1_182' title='bbox 2601 1259 2647 1312; x_wconf 90' lang='lat' dir='ltr'>si</span> <span class='ocrx_word' id='word_1_183' title='bbox 2669 1275 2769 1329; x_wconf 92' lang='lat' dir='ltr'>pro</span> <span class='ocrx_word' id='word_1_184' title='bbox 2799 1259 2980 1330; x_wconf 88' lang='lat' dir='ltr'>aliqua</span> <span class='ocrx_word' id='word_1_185' title='bbox 3008 1275 3143 1331; x_wconf 90' lang='lat' dir='ltr'>erga</span> <span class='ocrx_word' id='word_1_186' title='bbox 3181 1275 3240 1314; x_wconf 91' lang='lat' dir='ltr'>se</span> <span class='ocrx_word' id='word_1_187' title='bbox 3285 1273 3468 1326; x_wconf 90' lang='lat' dir='ltr'>causa,</span> <span class='ocrx_word' id='word_1_188' title='bbox 3509 1258 3596 1312; x_wconf 90' lang='lat' dir='ltr'>vel</span> <span class='ocrx_word' id='word_1_189' title='bbox 3639 1273 3772 1313; x_wconf 89' lang='lat' dir='ltr'>con-</span> 
     </span>
    </p>
   </div>
   <div class='ocr_carea' id='block_1_29' title="bbox 2178 1345 3772 1418">
    <p class='ocr_par' dir='ltr' id='par_1_29' title="bbox 2178 1345 3772 1418">
     <span class='ocr_line' id='line_1_29' title="bbox 2178 1345 3772 1418; baseline 0.001 -19"><span class='ocrx_word' id='word_1_190' title='bbox 2178 1345 2415 1400; x_wconf 89' lang='lat' dir='ltr'>tentione</span> <span class='ocrx_word' id='word_1_191' title='bbox 2445 1345 2689 1401; x_wconf 88' lang='lat' dir='ltr'>sedanda</span> <span class='ocrx_word' id='word_1_192' title='bbox 2717 1347 2840 1402; x_wconf 89' lang='lat' dir='ltr'>huic</span> <span class='ocrx_word' id='word_1_193' title='bbox 2873 1345 3200 1418; x_wconf 83' lang='lat' dir='ltr'>professioni</span> <span class='ocrx_word' id='word_1_194' title='bbox 3255 1345 3595 1415; x_wconf 87' lang='lat' dir='ltr'>subscripsit,</span> <span class='ocrx_word' id='word_1_195' title='bbox 3653 1345 3772 1400; x_wconf 84' lang='lat' dir='ltr'>sine</span> 
     </span>
    </p>
   </div>
   <div class='ocr_carea' id='block_1_30' title="bbox 2177 1433 3771 1505">
    <p class='ocr_par' dir='ltr' id='par_1_30' title="bbox 2177 1433 3771 1505">
     <span class='ocr_line' id='line_1_30' title="bbox 2177 1433 3771 1505; baseline 0 -17"><span class='ocrx_word' id='word_1_196' title='bbox 2177 1434 2576 1504; x_wconf 87' lang='lat' dir='ltr'>metropolitani</span> <span class='ocrx_word' id='word_1_197' title='bbox 2621 1443 2799 1490; x_wconf 88' lang='lat' dir='ltr'>tamen</span> <span class='ocrx_word' id='word_1_198' title='bbox 2851 1442 2906 1490; x_wconf 91' lang='lat' dir='ltr'>et</span> <span class='ocrx_word' id='word_1_199' title='bbox 2945 1435 3396 1505; x_wconf 89' lang='lat' dir='ltr'>coepiscoporum</span> <span class='ocrx_word' id='word_1_200' title='bbox 3445 1433 3771 1489; x_wconf 85' lang='lat' dir='ltr'>Rhemensis</span> 
     </span>
    </p>
   </div>
   <div class='ocr_carea' id='block_1_31' title="bbox 2175 1521 3770 1594">
    <p class='ocr_par' dir='ltr' id='par_1_31' title="bbox 2175 1521 3770 1594">
     <span class='ocr_line' id='line_1_31' title="bbox 2175 1521 3770 1594; baseline 0.001 -18"><span class='ocrx_word' id='word_1_201' title='bbox 2175 1522 2471 1592; x_wconf 89' lang='lat' dir='ltr'>provincia</span> <span class='ocrx_word' id='word_1_202' title='bbox 2491 1523 2816 1578; x_wconf 90' lang='lat' dir='ltr'>conscientia</span> <span class='ocrx_word' id='word_1_203' title='bbox 2847 1523 2902 1577; x_wconf 90' lang='lat' dir='ltr'>id</span> <span class='ocrx_word' id='word_1_204' title='bbox 2930 1538 3095 1594; x_wconf 88' lang='lat' dir='ltr'>agere</span> <span class='ocrx_word' id='word_1_205' title='bbox 3124 1537 3235 1576; x_wconf 89' lang='lat' dir='ltr'>non</span> <span class='ocrx_word' id='word_1_206' title='bbox 3268 1521 3549 1577; x_wconf 89' lang='lat' dir='ltr'>debuerat.</span> <span class='ocrx_word' id='word_1_207' title='bbox 3611 1521 3770 1577; x_wconf 89' lang='lat' dir='ltr'>Unde</span> 
     </span>
    </p>
   </div>
   <div class='ocr_carea' id='block_1_32' title="bbox 2177 1609 3770 1680">
    <p class='ocr_par' dir='ltr' id='par_1_32' title="bbox 2177 1609 3770 1680">
     <span class='ocr_line' id='line_1_32' title="bbox 2177 1609 3770 1680; baseline 0 -16"><span class='ocrx_word' id='word_1_208' title='bbox 2177 1619 2395 1666; x_wconf 90' lang='lat' dir='ltr'>sanctus</span> <span class='ocrx_word' id='word_1_209' title='bbox 2427 1611 2768 1666; x_wconf 88' lang='lat' dir='ltr'>Innocentius</span> <span class='ocrx_word' id='word_1_210' title='bbox 2796 1612 2868 1666; x_wconf 88' lang='lat' dir='ltr'>ad</span> <span class='ocrx_word' id='word_1_211' title='bbox 2919 1610 3234 1666; x_wconf 85' lang='lat' dir='ltr'>Victricium</span> <span class='ocrx_word' id='word_1_212' title='bbox 3289 1609 3606 1680; x_wconf 90' lang='lat' dir='ltr'>episcopum</span> <span class='ocrx_word' id='word_1_213' title='bbox 3665 1610 3770 1664; x_wconf 84' lang='lat' dir='ltr'>de-</span> 
     </span>
    </p>
   </div>
   <div class='ocr_carea' id='block_1_33' title="bbox 479 1697 3768 1788">
    <p class='ocr_par' dir='ltr' id='par_1_33' title="bbox 479 1697 3768 1788">
     <span class='ocr_line' id='line_1_33' title="bbox 479 1697 3768 1788; baseline -0 -35"><span class='ocrx_word' id='word_1_214' title='bbox 479 1700 845 1768; x_wconf 83' lang='lat' dir='ltr'>sacerdotum,</span> <span class='ocrx_word' id='word_1_215' title='bbox 875 1701 1006 1756; x_wconf 89' lang='lat' dir='ltr'>nihil</span> <span class='ocrx_word' id='word_1_216' title='bbox 1039 1702 1155 1757; x_wconf 90' lang='lat' dir='ltr'>sine</span> <span class='ocrx_word' id='word_1_217' title='bbox 1175 1701 1495 1772; x_wconf 91' lang='lat' dir='ltr'>primatibus</span> <span class='ocrx_word' id='word_1_218' title='bbox 1540 1708 1751 1771; x_wconf 88' lang='lat' dir='ltr'>oportet</span> <span class='ocrx_word' id='word_1_219' title='bbox 1777 1701 2007 1771; x_wconf 91' lang='lat' dir='ltr'>impleri.</span> <span class='ocrx_word' id='word_1_220' title='bbox 2047 1721 2069 1751; x_wconf 69' lang='grc' dir='ltr'><strong>ι</strong></span> <span class='ocrx_word' id='word_1_221' title='bbox 2094 1729 2148 1788; x_wconf 82' lang='grc' dir='ltr'>Β</span> <span class='ocrx_word' id='word_1_222' title='bbox 2177 1699 2347 1754; x_wconf 90' lang='lat' dir='ltr'>crevit</span> <span class='ocrx_word' id='word_1_223' title='bbox 2372 1698 2561 1754; x_wconf 91' lang='lat' dir='ltr'>dicens</span> <span class='ocrx_word' id='word_1_224' title='bbox 2581 1701 2766 1770; x_wconf 83' lang='lat' dir='ltr'>(epist.</span> <span class='ocrx_word' id='word_1_225' title='bbox 2787 1701 2840 1768; x_wconf 85' lang='grc'>1)</span> <span class='ocrx_word' id='word_1_226' title='bbox 2871 1716 2884 1752; x_wconf 90' lang='lat'>:</span> <span class='ocrx_word' id='word_1_227' title='bbox 2921 1721 2943 1746; x_wconf 85' lang='grc'>‹‹</span> <span class='ocrx_word' id='word_1_228' title='bbox 2981 1699 3038 1754; x_wconf 90' lang='lat' dir='ltr'>Si</span> <span class='ocrx_word' id='word_1_229' title='bbox 3065 1715 3187 1770; x_wconf 89' lang='lat' dir='ltr'>qua</span> <span class='ocrx_word' id='word_1_230' title='bbox 3215 1713 3393 1754; x_wconf 88' lang='lat' dir='ltr'>causa</span> <span class='ocrx_word' id='word_1_231' title='bbox 3419 1697 3506 1753; x_wconf 89' lang='lat' dir='ltr'>vel</span> <span class='ocrx_word' id='word_1_232' title='bbox 3533 1705 3768 1753; x_wconf 88' lang='lat' dir='ltr'>conten-</span> 
     </span>
    </p>
   </div>
   <div class='ocr_carea' id='block_1_34' title="bbox 477 1788 2075 1861">
    <p class='ocr_par' dir='ltr' id='par_1_34' title="bbox 477 1788 2075 1861">
     <span class='ocr_line' id='line_1_34' title="bbox 477 1788 2075 1861; baseline 0 -17"><span class='ocrx_word' id='word_1_233' title='bbox 477 1788 696 1844; x_wconf 88' lang='lat' dir='ltr'>Certum</span> <span class='ocrx_word' id='word_1_234' title='bbox 735 1797 818 1845; x_wconf 87' lang='lat' dir='ltr'>est</span> <span class='ocrx_word' id='word_1_235' title='bbox 865 1791 1008 1846; x_wconf 91' lang='lat' dir='ltr'>enim</span> <span class='ocrx_word' id='word_1_236' title='bbox 1039 1790 1298 1861; x_wconf 85' lang='lat' dir='ltr'>quoniam</span> <span class='ocrx_word' id='word_1_237' title='bbox 1337 1789 1430 1844; x_wconf 90' lang='lat' dir='ltr'>illa</span> <span class='ocrx_word' id='word_1_238' title='bbox 1476 1805 1596 1860; x_wconf 88' lang='lat' dir='ltr'>qua</span> <span class='ocrx_word' id='word_1_239' title='bbox 1642 1789 1710 1844; x_wconf 93' lang='lat' dir='ltr'>de</span> <span class='ocrx_word' id='word_1_240' title='bbox 1739 1789 2075 1860; x_wconf 86' lang='lat' dir='ltr'>baptizandis</span> 
     </span>
    </p>
   </div>
   <div class='ocr_carea' id='block_1_35' title="bbox 476 1877 2074 1949">
    <p class='ocr_par' dir='ltr' id='par_1_35' title="bbox 476 1877 2074 1949">
     <span class='ocr_line' id='line_1_35' title="bbox 476 1877 2074 1949; baseline 0 -17"><span class='ocrx_word' id='word_1_241' title='bbox 476 1877 736 1948; x_wconf 87' lang='lat' dir='ltr'>parvulis,</span> <span class='ocrx_word' id='word_1_242' title='bbox 769 1885 821 1932; x_wconf 89' lang='lat' dir='ltr'>et</span> <span class='ocrx_word' id='word_1_243' title='bbox 848 1879 916 1934; x_wconf 90' lang='lat' dir='ltr'>de</span> <span class='ocrx_word' id='word_1_244' title='bbox 947 1879 1132 1933; x_wconf 89' lang='lat' dir='ltr'>ultima</span> <span class='ocrx_word' id='word_1_245' title='bbox 1151 1877 1490 1949; x_wconf 75' lang='lat' dir='ltr'>pauitantia,</span> <span class='ocrx_word' id='word_1_246' title='bbox 1526 1885 1579 1932; x_wconf 90' lang='lat' dir='ltr'>et</span> <span class='ocrx_word' id='word_1_247' title='bbox 1607 1877 1804 1934; x_wconf 89' lang='lat' dir='ltr'>viatico</span> <span class='ocrx_word' id='word_1_248' title='bbox 1849 1893 2074 1932; x_wconf 90' lang='lat' dir='ltr'>munere</span> 
     </span>
    </p>
   </div>
   <div class='ocr_carea' id='block_1_36' title="bbox 477 1965 2074 2038">
    <p class='ocr_par' dir='ltr' id='par_1_36' title="bbox 477 1965 2074 2038">
     <span class='ocr_line' id='line_1_36' title="bbox 477 1965 2074 2038; baseline 0 -19"><span class='ocrx_word' id='word_1_249' title='bbox 477 1981 540 2021; x_wconf 88' lang='lat' dir='ltr'>ac</span> <span class='ocrx_word' id='word_1_250' title='bbox 569 1974 910 2022; x_wconf 89' lang='lat' dir='ltr'>mortuorum</span> <span class='ocrx_word' id='word_1_251' title='bbox 947 1967 1221 2038; x_wconf 88' lang='lat' dir='ltr'>sepultura</span> <span class='ocrx_word' id='word_1_252' title='bbox 1251 1966 1386 2020; x_wconf 90' lang='lat' dir='ltr'>nulli</span> <span class='ocrx_word' id='word_1_253' title='bbox 1415 1965 1760 2038; x_wconf 80' lang='lat' dir='ltr'>deneganda,</span> <span class='ocrx_word' id='word_1_254' title='bbox 1811 1983 1874 2020; x_wconf 85' lang='lat' dir='ltr'>ex</span> <span class='ocrx_word' id='word_1_255' title='bbox 1905 1966 2074 2021; x_wconf 90' lang='lat' dir='ltr'>sacris</span> 
     </span>
    </p>
   </div>
   <div class='ocr_carea' id='block_1_37' title="bbox 477 2053 2074 2126">
    <p class='ocr_par' dir='ltr' id='par_1_37' title="bbox 477 2053 2074 2126">
     <span class='ocr_line' id='line_1_37' title="bbox 477 2053 2074 2126; baseline 0.001 -18"><span class='ocrx_word' id='word_1_256' title='bbox 477 2053 682 2125; x_wconf 82' lang='lat' dir='ltr'>regulis</span> <span class='ocrx_word' id='word_1_257' title='bbox 708 2055 776 2109; x_wconf 91' lang='lat' dir='ltr'>ad</span> <span class='ocrx_word' id='word_1_258' title='bbox 805 2069 930 2110; x_wconf 90' lang='lat' dir='ltr'>eum</span> <span class='ocrx_word' id='word_1_259' title='bbox 977 2055 1328 2125; x_wconf 88' lang='lat' dir='ltr'>scripseram,</span> <span class='ocrx_word' id='word_1_260' title='bbox 1390 2055 1456 2107; x_wconf 89' lang='lat' dir='ltr'>ad</span> <span class='ocrx_word' id='word_1_261' title='bbox 1507 2054 1822 2126; x_wconf 85' lang='lat' dir='ltr'>generalem</span> <span class='ocrx_word' id='word_1_262' title='bbox 1879 2054 2074 2109; x_wconf 89' lang='lat' dir='ltr'>obser-</span> 
     </span>
    </p>
   </div>
   <div class='ocr_carea' id='block_1_38' title="bbox 477 2141 2074 2213">
    <p class='ocr_par' dir='ltr' id='par_1_38' title="bbox 477 2141 2074 2213">
     <span class='ocr_line' id='line_1_38' title="bbox 477 2141 2074 2213; baseline -0.001 -15"><span class='ocrx_word' id='word_1_263' title='bbox 477 2141 716 2198; x_wconf 84' lang='lat' dir='ltr'>vantiam</span> <span class='ocrx_word' id='word_1_264' title='bbox 736 2143 952 2198; x_wconf 87' lang='lat' dir='ltr'>Domini</span> <span class='ocrx_word' id='word_1_265' title='bbox 974 2143 1322 2198; x_wconf 89' lang='lat' dir='ltr'>sacerdotum</span> <span class='ocrx_word' id='word_1_266' title='bbox 1366 2142 1656 2212; x_wconf 84' lang='lat' dir='ltr'>pertinent.</span> <span class='ocrx_word' id='word_1_267' title='bbox 1717 2142 1916 2197; x_wconf 89' lang='lat' dir='ltr'>Contra</span> <span class='ocrx_word' id='word_1_268' title='bbox 1953 2158 2074 2213; x_wconf 89' lang='lat' dir='ltr'>qua</span> 
     </span>
    </p>
   </div>
   <div class='ocr_carea' id='block_1_39' title="bbox 473 2229 2074 2300">
    <p class='ocr_par' dir='ltr' id='par_1_39' title="bbox 473 2229 2074 2300">
     <span class='ocr_line' id='line_1_39' title="bbox 473 2229 2074 2300; baseline 0 -16"><span class='ocrx_word' id='word_1_269' title='bbox 473 2245 808 2300; x_wconf 87' lang='lat' dir='ltr'>prasumere</span> <span class='ocrx_word' id='word_1_270' title='bbox 837 2246 946 2286; x_wconf 90' lang='lat' dir='ltr'>non</span> <span class='ocrx_word' id='word_1_271' title='bbox 975 2231 1253 2298; x_wconf 85' lang='lat' dir='ltr'>debuerat,</span> <span class='ocrx_word' id='word_1_272' title='bbox 1279 2238 1333 2285; x_wconf 89' lang='lat' dir='ltr'>et</span> <span class='ocrx_word' id='word_1_273' title='bbox 1387 2229 1692 2285; x_wconf 90' lang='lat' dir='ltr'>inconsulto</span> <span class='ocrx_word' id='word_1_274' title='bbox 1736 2245 2074 2300; x_wconf 90' lang='lat' dir='ltr'>prasumens</span> 
     </span>
    </p>
   </div>
   <div class='ocr_carea' id='block_1_40' title="bbox 475 2317 2072 2389">
    <p class='ocr_par' dir='ltr' id='par_1_40' title="bbox 475 2317 2072 2389">
     <span class='ocr_line' id='line_1_40' title="bbox 475 2317 2072 2389; baseline -0.001 -16"><span class='ocrx_word' id='word_1_275' title='bbox 475 2319 640 2373; x_wconf 90' lang='lat' dir='ltr'>etiam</span> <span class='ocrx_word' id='word_1_276' title='bbox 669 2319 738 2373; x_wconf 91' lang='lat' dir='ltr'>ad</span> <span class='ocrx_word' id='word_1_277' title='bbox 767 2318 995 2388; x_wconf 90' lang='lat' dir='ltr'>primam</span> <span class='ocrx_word' id='word_1_278' title='bbox 1021 2317 1501 2373; x_wconf 90' lang='lat' dir='ltr'>commonitionem</span> <span class='ocrx_word' id='word_1_279' title='bbox 1530 2333 1594 2372; x_wconf 86' lang='lat' dir='ltr'>ex</span> <span class='ocrx_word' id='word_1_280' title='bbox 1628 2317 1943 2389; x_wconf 87' lang='lat' dir='ltr'>evangelica</span> <span class='ocrx_word' id='word_1_281' title='bbox 1979 2333 2072 2372; x_wconf 88' lang='lat' dir='ltr'>ve-</span> 
     </span>
    </p>
   </div>
   <div class='ocr_carea' id='block_1_41' title="bbox 477 2405 2073 2477">
    <p class='ocr_par' dir='ltr' id='par_1_41' title="bbox 477 2405 2073 2477">
     <span class='ocr_line' id='line_1_41' title="bbox 477 2405 2073 2477; baseline 0 -18"><span class='ocrx_word' id='word_1_282' title='bbox 477 2405 656 2472; x_wconf 82' lang='lat' dir='ltr'>ritate,</span> <span class='ocrx_word' id='word_1_283' title='bbox 689 2413 743 2460; x_wconf 90' lang='lat' dir='ltr'>et</span> <span class='ocrx_word' id='word_1_284' title='bbox 780 2405 1077 2476; x_wconf 88' lang='lat' dir='ltr'>apostolica</span> <span class='ocrx_word' id='word_1_285' title='bbox 1125 2413 1285 2477; x_wconf 91' lang='lat' dir='ltr'>atque</span> <span class='ocrx_word' id='word_1_286' title='bbox 1322 2405 1584 2460; x_wconf 88' lang='lat' dir='ltr'>canonica</span> <span class='ocrx_word' id='word_1_287' title='bbox 1644 2405 1974 2470; x_wconf 86' lang='lat' dir='ltr'>auctoritate,</span> <span class='ocrx_word' id='word_1_288' title='bbox 2020 2413 2073 2460; x_wconf 92' lang='lat' dir='ltr'>et</span> 
     </span>
    </p>
   </div>
   <div class='ocr_carea' id='block_1_42' title="bbox 480 2491 2072 2564">
    <p class='ocr_par' dir='ltr' id='par_1_42' title="bbox 480 2491 2072 2564">
     <span class='ocr_line' id='line_1_42' title="bbox 480 2491 2072 2564; baseline -0.001 -16"><span class='ocrx_word' id='word_1_289' title='bbox 480 2508 547 2548; x_wconf 81' lang='lat' dir='ltr'>ex</span> <span class='ocrx_word' id='word_1_290' title='bbox 565 2493 802 2549; x_wconf 87' lang='lat' dir='ltr'>decretis</span> <span class='ocrx_word' id='word_1_291' title='bbox 825 2493 1140 2564; x_wconf 90' lang='lat' dir='ltr'>apostolica</span> <span class='ocrx_word' id='word_1_292' title='bbox 1172 2493 1318 2547; x_wconf 90' lang='lat' dir='ltr'>sedis</span> <span class='ocrx_word' id='word_1_293' title='bbox 1373 2491 1689 2563; x_wconf 89' lang='lat' dir='ltr'>pontificum</span> <span class='ocrx_word' id='word_1_294' title='bbox 1751 2493 2072 2564; x_wconf 87' lang='lat' dir='ltr'>promulga-</span> 
     </span>
    </p>
   </div>
   <div class='ocr_carea' id='block_1_43' title="bbox 475 2580 2070 2653">
    <p class='ocr_par' dir='ltr' id='par_1_43' title="bbox 475 2580 2070 2653">
     <span class='ocr_line' id='line_1_43' title="bbox 475 2580 2070 2653; baseline -0.003 -15"><span class='ocrx_word' id='word_1_295' title='bbox 475 2589 587 2638; x_wconf 89' lang='lat' dir='ltr'>tam</span> <span class='ocrx_word' id='word_1_296' title='bbox 616 2581 748 2636; x_wconf 88' lang='lat' dir='ltr'>mibi</span> <span class='ocrx_word' id='word_1_297' title='bbox 779 2583 1142 2653; x_wconf 86' lang='lat' dir='ltr'>qualicunque</span> <span class='ocrx_word' id='word_1_298' title='bbox 1199 2581 1616 2652; x_wconf 87' lang='lat' dir='ltr'>metropolitano</span> <span class='ocrx_word' id='word_1_299' title='bbox 1651 2595 1750 2636; x_wconf 90' lang='lat' dir='ltr'>suo</span> <span class='ocrx_word' id='word_1_300' title='bbox 1803 2580 2070 2648; x_wconf 89' lang='lat' dir='ltr'>suadenti,</span> 
     </span>
    </p>
   </div>
   <div class='ocr_carea' id='block_1_44' title="bbox 477 2669 2072 2742">
    <p class='ocr_par' dir='ltr' id='par_1_44' title="bbox 477 2669 2072 2742">
     <span class='ocr_line' id='line_1_44' title="bbox 477 2669 2072 2742; baseline -0.001 -18"><span class='ocrx_word' id='word_1_301' title='bbox 477 2677 538 2724; x_wconf 90' lang='lat' dir='ltr'>ut</span> <span class='ocrx_word' id='word_1_302' title='bbox 569 2671 788 2725; x_wconf 89' lang='lat' dir='ltr'>easdem</span> <span class='ocrx_word' id='word_1_303' title='bbox 802 2670 1174 2742; x_wconf 87' lang='lat' dir='ltr'>colligationes</span> <span class='ocrx_word' id='word_1_304' title='bbox 1195 2670 1481 2741; x_wconf 87' lang='lat' dir='ltr'>impietatis</span> <span class='ocrx_word' id='word_1_305' title='bbox 1501 2669 1844 2727; x_wconf 86' lang='lat' dir='ltr'>dissolveret.</span> <span class='ocrx_word' id='word_1_306' title='bbox 1904 2670 2072 2724; x_wconf 64' lang='lat' dir='ltr'>obauo</span> 
     </span>
    </p>
   </div>
   <div class='ocr_carea' id='block_1_45' title="bbox 479 2757 2072 2826">
    <p class='ocr_par' dir='ltr' id='par_1_45' title="bbox 479 2757 2072 2826">
     <span class='ocr_line' id='line_1_45' title="bbox 479 2757 2072 2826; baseline -0.001 -14"><span class='ocrx_word' id='word_1_307' title='bbox 479 2757 598 2812; x_wconf 89' lang='lat' dir='ltr'>dire</span> <span class='ocrx_word' id='word_1_308' title='bbox 627 2759 910 2824; x_wconf 90' lang='lat' dir='ltr'>debuerat,</span> <span class='ocrx_word' id='word_1_309' title='bbox 943 2767 1128 2814; x_wconf 91' lang='lat' dir='ltr'>sancto</span> <span class='ocrx_word' id='word_1_310' title='bbox 1149 2759 1329 2814; x_wconf 91' lang='lat' dir='ltr'>Leone</span> <span class='ocrx_word' id='word_1_311' title='bbox 1358 2759 1686 2813; x_wconf 88' lang='lat' dir='ltr'>decernente</span> <span class='ocrx_word' id='word_1_312' title='bbox 1711 2773 1723 2812; x_wconf 91' lang='lat'>:</span> <span class='ocrx_word' id='word_1_313' title='bbox 1763 2779 1784 2808; x_wconf 73' lang='grc' dir='ltr'><strong>α</strong></span> <span class='ocrx_word' id='word_1_314' title='bbox 1811 2757 1934 2826; x_wconf 87' lang='lat' dir='ltr'>Qui,</span> <span class='ocrx_word' id='word_1_315' title='bbox 1995 2757 2072 2810; x_wconf 94' lang='lat' dir='ltr'>in-</span> 
     </span>
    </p>
   </div>
   <div class='ocr_carea' id='block_1_46' title="bbox 477 2852 2071 2923">
    <p class='ocr_par' dir='ltr' id='par_1_46' title="bbox 477 2852 2071 2923">
     <span class='ocr_line' id='line_1_46' title="bbox 477 2852 2071 2923; baseline 0.001 -17"><span class='ocrx_word' id='word_1_316' title='bbox 477 2852 690 2922; x_wconf 88' lang='lat' dir='ltr'>quiens,</span> <span class='ocrx_word' id='word_1_317' title='bbox 717 2853 818 2908; x_wconf 89' lang='lat' dir='ltr'>scit</span> <span class='ocrx_word' id='word_1_318' title='bbox 846 2869 905 2907; x_wconf 91' lang='lat' dir='ltr'>se</span> <span class='ocrx_word' id='word_1_319' title='bbox 939 2853 1262 2922; x_wconf 91' lang='lat' dir='ltr'>quibusdam</span> <span class='ocrx_word' id='word_1_320' title='bbox 1291 2853 1661 2923; x_wconf 85' lang='lat' dir='ltr'>prapositum,</span> <span class='ocrx_word' id='word_1_321' title='bbox 1703 2869 1813 2908; x_wconf 90' lang='lat' dir='ltr'>non</span> <span class='ocrx_word' id='word_1_322' title='bbox 1842 2853 2071 2908; x_wconf 90' lang='lat' dir='ltr'>moleste</span> 
     </span>
    </p>
   </div>
   <div class='ocr_carea' id='block_1_47' title="bbox 475 2939 2071 3009">
    <p class='ocr_par' dir='ltr' id='par_1_47' title="bbox 475 2939 2071 3009">
     <span class='ocr_line' id='line_1_47' title="bbox 475 2939 2071 3009; baseline 0 -15"><span class='ocrx_word' id='word_1_323' title='bbox 475 2939 617 2995; x_wconf 86' lang='lat' dir='ltr'>ferat</span> <span class='ocrx_word' id='word_1_324' title='bbox 645 2939 878 3009; x_wconf 90' lang='lat' dir='ltr'>aliquem</span> <span class='ocrx_word' id='word_1_325' title='bbox 899 2940 1001 2994; x_wconf 87' lang='lat' dir='ltr'>sibi</span> <span class='ocrx_word' id='word_1_326' title='bbox 1039 2955 1162 2994; x_wconf 90' lang='lat' dir='ltr'>esse</span> <span class='ocrx_word' id='word_1_327' title='bbox 1201 2939 1502 3009; x_wconf 85' lang='lat' dir='ltr'>praelatum,</span> <span class='ocrx_word' id='word_1_328' title='bbox 1553 2940 1652 2994; x_wconf 91' lang='lat' dir='ltr'>sed</span> <span class='ocrx_word' id='word_1_329' title='bbox 1704 2941 2071 2995; x_wconf 88' lang='lat' dir='ltr'>obedientiam</span> 
     </span>
    </p>
   </div>
   <div class='ocr_carea' id='block_1_48' title="bbox 477 3027 2070 3098">
    <p class='ocr_par' dir='ltr' id='par_1_48' title="bbox 477 3027 2070 3098">
     <span class='ocr_line' id='line_1_48' title="bbox 477 3027 2070 3098; baseline 0.001 -18"><span class='ocrx_word' id='word_1_330' title='bbox 477 3042 639 3098; x_wconf 89' lang='lat' dir='ltr'>quam</span> <span class='ocrx_word' id='word_1_331' title='bbox 667 3027 851 3098; x_wconf 83' lang='lat' dir='ltr'>exigit,</span> <span class='ocrx_word' id='word_1_332' title='bbox 878 3027 1040 3081; x_wconf 90' lang='lat' dir='ltr'>etiam</span> <span class='ocrx_word' id='word_1_333' title='bbox 1064 3027 1182 3096; x_wconf 90' lang='lat' dir='ltr'>ipse</span> <span class='ocrx_word' id='word_1_334' title='bbox 1214 3027 1504 3096; x_wconf 89' lang='lat' dir='ltr'>dependat.</span> <span class='ocrx_word' id='word_1_335' title='bbox 1527 3029 1596 3081; x_wconf 87' lang='lat' dir='ltr'>Et</span> <span class='ocrx_word' id='word_1_336' title='bbox 1623 3027 1760 3082; x_wconf 89' lang='lat' dir='ltr'>sicut</span> <span class='ocrx_word' id='word_1_337' title='bbox 1793 3043 1902 3082; x_wconf 92' lang='lat' dir='ltr'>non</span> <span class='ocrx_word' id='word_1_338' title='bbox 1957 3028 2070 3083; x_wconf 91' lang='lat' dir='ltr'>vult</span> 
     </span>
    </p>
   </div>
   <div class='ocr_carea' id='block_1_49' title="bbox 479 3113 2075 3186">
    <p class='ocr_par' dir='ltr' id='par_1_49' title="bbox 479 3113 2075 3186">
     <span class='ocr_line' id='line_1_49' title="bbox 479 3113 2075 3186; baseline 0.001 -18"><span class='ocrx_word' id='word_1_339' title='bbox 479 3113 662 3186; x_wconf 88' lang='lat' dir='ltr'>gravis</span> <span class='ocrx_word' id='word_1_340' title='bbox 693 3115 876 3169; x_wconf 90' lang='lat' dir='ltr'>oneris</span> <span class='ocrx_word' id='word_1_341' title='bbox 899 3115 1170 3170; x_wconf 90' lang='lat' dir='ltr'>sarcinam</span> <span class='ocrx_word' id='word_1_342' title='bbox 1199 3114 1362 3180; x_wconf 79' lang='lat' dir='ltr'>ferte,</span> <span class='ocrx_word' id='word_1_343' title='bbox 1386 3116 1459 3169; x_wconf 88' lang='lat' dir='ltr'>ita</span> <span class='ocrx_word' id='word_1_344' title='bbox 1477 3131 1587 3170; x_wconf 91' lang='lat' dir='ltr'>non</span> <span class='ocrx_word' id='word_1_345' title='bbox 1616 3116 1814 3171; x_wconf 89' lang='lat' dir='ltr'>audeat</span> <span class='ocrx_word' id='word_1_346' title='bbox 1843 3115 1932 3169; x_wconf 89' lang='lat' dir='ltr'>alii</span> <span class='ocrx_word' id='word_1_347' title='bbox 1975 3116 2075 3169; x_wconf 87' lang='lat' dir='ltr'>im-</span> 
     </span>
    </p>
   </div>
   <div class='ocr_carea' id='block_1_50' title="bbox 473 3202 2078 3274">
    <p class='ocr_par' dir='ltr' id='par_1_50' title="bbox 473 3202 2078 3274">
     <span class='ocr_line' id='line_1_50' title="bbox 473 3202 2078 3274; baseline -0.001 -16"><span class='ocrx_word' id='word_1_348' title='bbox 473 3202 742 3273; x_wconf 89' lang='lat' dir='ltr'>portabile</span> <span class='ocrx_word' id='word_1_349' title='bbox 771 3203 990 3272; x_wconf 90' lang='lat' dir='ltr'>pondus</span> <span class='ocrx_word' id='word_1_350' title='bbox 1010 3203 1314 3274; x_wconf 89' lang='lat' dir='ltr'>imponere.</span> <span class='ocrx_word' id='word_1_351' title='bbox 1346 3223 1367 3252; x_wconf 69' lang='grc' dir='ltr'><strong>ι</strong></span> <span class='ocrx_word' id='word_1_352' title='bbox 1403 3204 1470 3257; x_wconf 89' lang='lat' dir='ltr'>Et</span> <span class='ocrx_word' id='word_1_353' title='bbox 1499 3219 1610 3258; x_wconf 90' lang='lat' dir='ltr'>non</span> <span class='ocrx_word' id='word_1_354' title='bbox 1639 3204 1902 3260; x_wconf 89' lang='lat' dir='ltr'>debuerat</span> <span class='ocrx_word' id='word_1_355' title='bbox 1945 3204 2078 3258; x_wconf 91' lang='lat' dir='ltr'>obli-</span> 
     </span>
    </p>
   </div>
   <div class='ocr_carea' id='block_1_51' title="bbox 471 3289 2076 3362">
    <p class='ocr_par' dir='ltr' id='par_1_51' title="bbox 471 3289 2076 3362">
     <span class='ocr_line' id='line_1_51' title="bbox 471 3289 2076 3362; baseline -0.001 -17"><span class='ocrx_word' id='word_1_356' title='bbox 471 3289 605 3346; x_wconf 82' lang='lat' dir='ltr'>visci</span> <span class='ocrx_word' id='word_1_357' title='bbox 633 3290 991 3360; x_wconf 76' lang='lat' dir='ltr'>professionis</span> <span class='ocrx_word' id='word_1_358' title='bbox 1021 3299 1073 3346; x_wconf 90' lang='lat' dir='ltr'>et</span> <span class='ocrx_word' id='word_1_359' title='bbox 1103 3291 1514 3362; x_wconf 89' lang='lat' dir='ltr'>subscriptionis</span> <span class='ocrx_word' id='word_1_360' title='bbox 1568 3309 1699 3358; x_wconf 89' lang='lat' dir='ltr'>sua,</span> <span class='ocrx_word' id='word_1_361' title='bbox 1753 3299 1875 3346; x_wconf 90' lang='lat' dir='ltr'>ante</span> <span class='ocrx_word' id='word_1_362' title='bbox 1932 3292 2076 3347; x_wconf 90' lang='lat' dir='ltr'>ordi-</span> 
     </span>
    </p>
   </div>
   <div class='ocr_carea' id='block_1_52' title="bbox 471 3378 2075 3451">
    <p class='ocr_par' dir='ltr' id='par_1_52' title="bbox 471 3378 2075 3451">
     <span class='ocr_line' id='line_1_52' title="bbox 471 3378 2075 3451; baseline 0.001 -19"><span class='ocrx_word' id='word_1_363' title='bbox 471 3378 744 3434; x_wconf 82' lang='lat' dir='ltr'>nationem</span> <span class='ocrx_word' id='word_1_364' title='bbox 807 3380 1174 3450; x_wconf 89' lang='lat' dir='ltr'>episcopalem</span> <span class='ocrx_word' id='word_1_365' title='bbox 1215 3397 1228 3432; x_wconf 96' lang='lat'>:</span> <span class='ocrx_word' id='word_1_366' title='bbox 1272 3379 1364 3451; x_wconf 89' lang='lat' dir='ltr'>qui</span> <span class='ocrx_word' id='word_1_367' title='bbox 1421 3395 1606 3435; x_wconf 90' lang='lat' dir='ltr'>coram</span> <span class='ocrx_word' id='word_1_368' title='bbox 1657 3380 1814 3434; x_wconf 86' lang='lat' dir='ltr'>altari</span> <span class='ocrx_word' id='word_1_369' title='bbox 1875 3387 2075 3435; x_wconf 86' lang='lat' dir='ltr'>sancta</span> 
     </span>
    </p>
   </div>
   <div class='ocr_carea' id='block_1_53' title="bbox 471 3467 2079 3541">
    <p class='ocr_par' dir='ltr' id='par_1_53' title="bbox 471 3467 2079 3541">
     <span class='ocr_line' id='line_1_53' title="bbox 471 3467 2079 3541; baseline 0.002 -21"><span class='ocrx_word' id='word_1_370' title='bbox 471 3467 676 3533; x_wconf 87' lang='lat' dir='ltr'>Maria,</span> <span class='ocrx_word' id='word_1_371' title='bbox 711 3475 762 3523; x_wconf 92' lang='lat' dir='ltr'>et</span> <span class='ocrx_word' id='word_1_372' title='bbox 790 3469 1000 3525; x_wconf 90' lang='lat' dir='ltr'>cunctis</span> <span class='ocrx_word' id='word_1_373' title='bbox 1031 3470 1120 3541; x_wconf 91' lang='lat' dir='ltr'>qui</span> <span class='ocrx_word' id='word_1_374' title='bbox 1150 3469 1467 3537; x_wconf 85' lang='lat' dir='ltr'>adfuerunt,</span> <span class='ocrx_word' id='word_1_375' title='bbox 1494 3485 1603 3523; x_wconf 91' lang='lat' dir='ltr'>non</span> <span class='ocrx_word' id='word_1_376' title='bbox 1634 3469 1812 3524; x_wconf 88' lang='lat' dir='ltr'>solum</span> <span class='ocrx_word' id='word_1_377' title='bbox 1841 3469 1909 3523; x_wconf 91' lang='lat' dir='ltr'>de</span> <span class='ocrx_word' id='word_1_378' title='bbox 1940 3469 2079 3523; x_wconf 83' lang='lat' dir='ltr'>Rhe-</span> 
     </span>
    </p>
   </div>
   <div class='ocr_carea' id='block_1_54' title="bbox 475 3557 2076 3628">
    <p class='ocr_par' dir='ltr' id='par_1_54' title="bbox 475 3557 2076 3628">
     <span class='ocr_line' id='line_1_54' title="bbox 475 3557 2076 3628; baseline 0 -18"><span class='ocrx_word' id='word_1_379' title='bbox 475 3557 650 3611; x_wconf 89' lang='lat' dir='ltr'>mensi</span> <span class='ocrx_word' id='word_1_380' title='bbox 682 3557 930 3626; x_wconf 89' lang='lat' dir='ltr'>ecclesia,</span> <span class='ocrx_word' id='word_1_381' title='bbox 963 3565 1012 3613; x_wconf 92' lang='lat' dir='ltr'>et</span> <span class='ocrx_word' id='word_1_382' title='bbox 1061 3559 1130 3614; x_wconf 89' lang='lat' dir='ltr'>de</span> <span class='ocrx_word' id='word_1_383' title='bbox 1161 3557 1505 3613; x_wconf 87' lang='lat' dir='ltr'>Laudunensi</span> <span class='ocrx_word' id='word_1_384' title='bbox 1553 3557 1825 3628; x_wconf 87' lang='lat' dir='ltr'>parochia,</span> <span class='ocrx_word' id='word_1_385' title='bbox 1885 3573 2076 3612; x_wconf 88' lang='lat' dir='ltr'>verum</span> 
     </span>
    </p>
   </div>
   <div class='ocr_carea' id='block_1_55' title="bbox 476 3643 2078 3718">
    <p class='ocr_par' dir='ltr' id='par_1_55' title="bbox 476 3643 2078 3718">
     <span class='ocr_line' id='line_1_55' title="bbox 476 3643 2078 3718; baseline -0.001 -18"><span class='ocrx_word' id='word_1_386' title='bbox 476 3651 529 3700; x_wconf 90' lang='lat' dir='ltr'>et</span> <span class='ocrx_word' id='word_1_387' title='bbox 558 3645 626 3700; x_wconf 89' lang='lat' dir='ltr'>de</span> <span class='ocrx_word' id='word_1_388' title='bbox 657 3645 990 3702; x_wconf 82' lang='lat' dir='ltr'>Rhemorum</span> <span class='ocrx_word' id='word_1_389' title='bbox 1011 3647 1295 3718; x_wconf 87' lang='lat' dir='ltr'>provincia</span> <span class='ocrx_word' id='word_1_390' title='bbox 1326 3645 1620 3717; x_wconf 84' lang='lat' dir='ltr'>episcOpis,</span> <span class='ocrx_word' id='word_1_391' title='bbox 1647 3653 1699 3699; x_wconf 90' lang='lat' dir='ltr'>et</span> <span class='ocrx_word' id='word_1_392' title='bbox 1728 3645 1848 3700; x_wconf 89' lang='lat' dir='ltr'>aliis</span> <span class='ocrx_word' id='word_1_393' title='bbox 1873 3643 2078 3700; x_wconf 89' lang='lat' dir='ltr'>diversi</span> 
     </span>
    </p>
   </div>
   <div class='ocr_carea' id='block_1_56' title="bbox 479 3732 2074 3802">
    <p class='ocr_par' dir='ltr' id='par_1_56' title="bbox 479 3732 2074 3802">
     <span class='ocr_line' id='line_1_56' title="bbox 479 3732 2074 3802; baseline -0.001 -15"><span class='ocrx_word' id='word_1_394' title='bbox 479 3732 682 3788; x_wconf 87' lang='lat' dir='ltr'>ordinis</span> <span class='ocrx_word' id='word_1_395' title='bbox 714 3733 863 3802; x_wconf 90' lang='lat' dir='ltr'>viris,</span> <span class='ocrx_word' id='word_1_396' title='bbox 897 3736 1200 3790; x_wconf 90' lang='lat' dir='ltr'>secundum</span> <span class='ocrx_word' id='word_1_397' title='bbox 1254 3749 1464 3789; x_wconf 88' lang='lat' dir='ltr'>morem</span> <span class='ocrx_word' id='word_1_398' title='bbox 1521 3733 1844 3788; x_wconf 82' lang='lat' dir='ltr'>Rbemensis</span> <span class='ocrx_word' id='word_1_399' title='bbox 1896 3733 2074 3788; x_wconf 91' lang='lat' dir='ltr'>eccle-</span> 
     </span>
    </p>
   </div>
   <div class='ocr_carea' id='block_1_57' title="bbox 474 3820 2074 3892">
    <p class='ocr_par' dir='ltr' id='par_1_57' title="bbox 474 3820 2074 3892">
     <span class='ocr_line' id='line_1_57' title="bbox 474 3820 2074 3892; baseline -0.002 -16"><span class='ocrx_word' id='word_1_400' title='bbox 474 3820 590 3886; x_wconf 94' lang='lat' dir='ltr'>sia,</span> <span class='ocrx_word' id='word_1_401' title='bbox 625 3821 762 3876; x_wconf 87' lang='lat' dir='ltr'>sicut</span> <span class='ocrx_word' id='word_1_402' title='bbox 784 3822 926 3877; x_wconf 92' lang='lat' dir='ltr'>soliti</span> <span class='ocrx_word' id='word_1_403' title='bbox 945 3831 1096 3876; x_wconf 91' lang='lat' dir='ltr'>erant</span> <span class='ocrx_word' id='word_1_404' title='bbox 1125 3822 1368 3892; x_wconf 88' lang='lat' dir='ltr'>episc0pi</span> <span class='ocrx_word' id='word_1_405' title='bbox 1388 3821 1672 3877; x_wconf 89' lang='lat' dir='ltr'>ordinandi</span> <span class='ocrx_word' id='word_1_406' title='bbox 1713 3820 2074 3886; x_wconf 88' lang='lat' dir='ltr'>subscribere,</span> 
     </span>
    </p>
   </div>
   <div class='ocr_carea' id='block_1_58' title="bbox 477 3907 2078 3980">
    <p class='ocr_par' dir='ltr' id='par_1_58' title="bbox 477 3907 2078 3980">
     <span class='ocr_line' id='line_1_58' title="bbox 477 3907 2078 3980; baseline 0 -18"><span class='ocrx_word' id='word_1_407' title='bbox 477 3916 601 3978; x_wconf 89' lang='lat' dir='ltr'>post</span> <span class='ocrx_word' id='word_1_408' title='bbox 617 3909 904 3964; x_wconf 88' lang='lat' dir='ltr'>catholica</span> <span class='ocrx_word' id='word_1_409' title='bbox 933 3909 1060 3964; x_wconf 86' lang='lat' dir='ltr'>ﬁdei</span> <span class='ocrx_word' id='word_1_410' title='bbox 1087 3909 1502 3980; x_wconf 88' lang='lat' dir='ltr'>professionem,</span> <span class='ocrx_word' id='word_1_411' title='bbox 1539 3909 1607 3962; x_wconf 92' lang='lat' dir='ltr'>de</span> <span class='ocrx_word' id='word_1_412' title='bbox 1637 3907 1950 3963; x_wconf 89' lang='lat' dir='ltr'>obedientia</span> <span class='ocrx_word' id='word_1_413' title='bbox 1979 3923 2078 3962; x_wconf 89' lang='lat' dir='ltr'>sua</span> 
     </span>
    </p>
   </div>
   <div class='ocr_carea' id='block_1_59' title="bbox 433 3991 2077 4064">
    <p class='ocr_par' dir='ltr' id='par_1_59' title="bbox 433 3991 2077 4064">
     <span class='ocr_line' id='line_1_59' title="bbox 433 3991 2077 4064; baseline 0.001 -19"><span class='ocrx_word' id='word_1_414' title='bbox 433 4051 440 4058; x_wconf 89' lang='lat'><em>_</em></span> <span class='ocrx_word' id='word_1_415' title='bbox 473 3991 776 4046; x_wconf 88' lang='lat' dir='ltr'>secundum</span> <span class='ocrx_word' id='word_1_416' title='bbox 805 4007 994 4048; x_wconf 88' lang='lat' dir='ltr'>sacras</span> <span class='ocrx_word' id='word_1_417' title='bbox 1025 3993 1245 4064; x_wconf 89' lang='lat' dir='ltr'>regulas</span> <span class='ocrx_word' id='word_1_418' title='bbox 1275 4007 1406 4062; x_wconf 89' lang='lat' dir='ltr'>erga</span> <span class='ocrx_word' id='word_1_419' title='bbox 1435 3993 1770 4047; x_wconf 81' lang='lat' dir='ltr'>Rhemorum</span> <span class='ocrx_word' id='word_1_420' title='bbox 1800 3999 2077 4061; x_wconf 90' lang='lat' dir='ltr'>metropo-</span> 
     </span>
    </p>
   </div>
   <div class='ocr_carea' id='block_1_60' title="bbox 471 4077 2070 4150">
    <p class='ocr_par' dir='ltr' id='par_1_60' title="bbox 471 4077 2070 4150">
     <span class='ocr_line' id='line_1_60' title="bbox 471 4077 2070 4150; baseline 0.003 -20"><span class='ocrx_word' id='word_1_421' title='bbox 471 4077 642 4149; x_wconf 88' lang='lat' dir='ltr'>polim</span> <span class='ocrx_word' id='word_1_422' title='bbox 659 4080 880 4150; x_wconf 90' lang='lat' dir='ltr'>propria</span> <span class='ocrx_word' id='word_1_423' title='bbox 892 4095 1052 4134; x_wconf 90' lang='lat' dir='ltr'>manu</span> <span class='ocrx_word' id='word_1_424' title='bbox 1083 4079 1404 4150; x_wconf 87' lang='lat' dir='ltr'>subscripsit</span> <span class='ocrx_word' id='word_1_425' title='bbox 1434 4099 1446 4146; x_wconf 91' lang='lat'><strong>;</strong></span> <span class='ocrx_word' id='word_1_426' title='bbox 1483 4080 1626 4134; x_wconf 91' lang='lat' dir='ltr'>unde</span> <span class='ocrx_word' id='word_1_427' title='bbox 1660 4079 1801 4134; x_wconf 88' lang='lat' dir='ltr'>sacri</span> <span class='ocrx_word' id='word_1_428' title='bbox 1829 4095 2070 4134; x_wconf 88' lang='lat' dir='ltr'>canones</span> 
     </span>
    </p>
   </div>
   <div class='ocr_carea' id='block_1_61' title="bbox 475 4165 2073 4239">
    <p class='ocr_par' dir='ltr' id='par_1_61' title="bbox 475 4165 2073 4239">
     <span class='ocr_line' id='line_1_61' title="bbox 475 4165 2073 4239; baseline 0 -19"><span class='ocrx_word' id='word_1_429' title='bbox 475 4165 660 4221; x_wconf 89' lang='lat' dir='ltr'>dicunt</span> <span class='ocrx_word' id='word_1_430' title='bbox 693 4185 706 4221; x_wconf 92' lang='lat'>:</span> <span class='ocrx_word' id='word_1_431' title='bbox 741 4189 764 4216; x_wconf 71' lang='grc' dir='ltr'><strong><em>α</em></strong></span> <span class='ocrx_word' id='word_1_432' title='bbox 802 4167 859 4222; x_wconf 93' lang='lat' dir='ltr'>Si</span> <span class='ocrx_word' id='word_1_433' title='bbox 879 4167 999 4239; x_wconf 91' lang='lat' dir='ltr'>quis</span> <span class='ocrx_word' id='word_1_434' title='bbox 1030 4177 1218 4223; x_wconf 90' lang='lat' dir='ltr'>contra</span> <span class='ocrx_word' id='word_1_435' title='bbox 1249 4185 1404 4222; x_wconf 87' lang='lat' dir='ltr'>suam</span> <span class='ocrx_word' id='word_1_436' title='bbox 1425 4167 1822 4238; x_wconf 88' lang='lat' dir='ltr'>professionem</span> <span class='ocrx_word' id='word_1_437' title='bbox 1853 4182 1920 4222; x_wconf 93' lang='lat' dir='ltr'>ac</span> <span class='ocrx_word' id='word_1_438' title='bbox 1951 4167 2073 4221; x_wconf 92' lang='lat' dir='ltr'>sub-</span> 
     </span>
    </p>
   </div>
   <div class='ocr_carea' id='block_1_62' title="bbox 475 4253 2077 4328">
    <p class='ocr_par' dir='ltr' id='par_1_62' title="bbox 475 4253 2077 4328">
     <span class='ocr_line' id='line_1_62' title="bbox 475 4253 2077 4328; baseline -0.001 -17"><span class='ocrx_word' id='word_1_439' title='bbox 475 4253 824 4326; x_wconf 89' lang='lat' dir='ltr'>scriptionem</span> <span class='ocrx_word' id='word_1_440' title='bbox 854 4257 1062 4312; x_wconf 89' lang='lat' dir='ltr'>venerit</span> <span class='ocrx_word' id='word_1_441' title='bbox 1091 4257 1147 4311; x_wconf 90' lang='lat' dir='ltr'>in</span> <span class='ocrx_word' id='word_1_442' title='bbox 1194 4257 1396 4328; x_wconf 91' lang='lat' dir='ltr'>aliquo,</span> <span class='ocrx_word' id='word_1_443' title='bbox 1429 4257 1546 4328; x_wconf 87' lang='lat' dir='ltr'>ipse</span> <span class='ocrx_word' id='word_1_444' title='bbox 1569 4272 1628 4311; x_wconf 91' lang='lat' dir='ltr'>se</span> <span class='ocrx_word' id='word_1_445' title='bbox 1657 4257 1861 4311; x_wconf 91' lang='lat' dir='ltr'>honore</span> <span class='ocrx_word' id='word_1_446' title='bbox 1890 4254 2077 4326; x_wconf 87' lang='lat' dir='ltr'>priva-</span> 
     </span>
    </p>
   </div>
   <div class='ocr_carea' id='block_1_63' title="bbox 478 4342 636 4399">
    <p class='ocr_par' dir='ltr' id='par_1_63' title="bbox 478 4342 636 4399">
     <span class='ocr_line' id='line_1_63' title="bbox 478 4342 636 4399; baseline -0.019 -1"><span class='ocrx_word' id='word_1_447' title='bbox 478 4342 574 4399; x_wconf 89' lang='lat' dir='ltr'>bit.</span> <span class='ocrx_word' id='word_1_448' title='bbox 613 4365 636 4395; x_wconf 82' lang='grc'><strong>»</strong></span> 
     </span>
    </p>
   </div>
   <div class='ocr_carea' id='block_1_64' title="bbox 1110 4453 1436 4508">
    <p class='ocr_par' dir='ltr' id='par_1_64' title="bbox 1110 4453 1436 4508">
     <span class='ocr_line' id='line_1_64' title="bbox 1110 4453 1436 4508; baseline -0.006 0"><span class='ocrx_word' id='word_1_449' title='bbox 1110 4453 1334 4508; x_wconf 77' lang='lat' dir='ltr'><strong>CAPUT</strong></span> <span class='ocrx_word' id='word_1_450' title='bbox 1363 4453 1436 4506; x_wconf 85' lang='lat' dir='ltr'>X.</span> 
     </span>
    </p>
   </div>
   <div class='ocr_carea' id='block_1_65' title="bbox 483 4540 2072 4614">
    <p class='ocr_par' dir='ltr' id='par_1_65' title="bbox 483 4540 2072 4614">
     <span class='ocr_line' id='line_1_65' title="bbox 483 4540 2072 4614; baseline -0.001 -16"><span class='ocrx_word' id='word_1_451' title='bbox 483 4540 634 4608; x_wconf 80' lang='lat' dir='ltr'>Quod</span> <span class='ocrx_word' id='word_1_452' title='bbox 661 4542 1002 4614; x_wconf 73' lang='lat' dir='ltr'>professioni</span> <span class='ocrx_word' id='word_1_453' title='bbox 1030 4542 1257 4614; x_wconf 73' lang='lat' dir='ltr'>cuidam</span> <span class='ocrx_word' id='word_1_454' title='bbox 1285 4541 1618 4614; x_wconf 71' lang='lat' dir='ltr'>subscripsit</span> <span class='ocrx_word' id='word_1_455' title='bbox 1632 4555 1763 4595; x_wconf 85' lang='lat' dir='ltr'>cum</span> <span class='ocrx_word' id='word_1_456' title='bbox 1791 4555 2072 4614; x_wconf 70' lang='lat' dir='ltr'>consensu</span> 
     </span>
    </p>
   </div>
   <div class='ocr_carea' id='block_1_66' title="bbox 550 4611 2070 4685">
    <p class='ocr_par' dir='ltr' id='par_1_66' title="bbox 550 4611 2070 4685">
     <span class='ocr_line' id='line_1_66' title="bbox 550 4611 2070 4685; baseline -0.003 -16"><span class='ocrx_word' id='word_1_457' title='bbox 550 4611 938 4685; x_wconf 74' lang='lat' dir='ltr'>episcoporum</span> <span class='ocrx_word' id='word_1_458' title='bbox 983 4612 1234 4666; x_wconf 82' lang='lat' dir='ltr'>aliarum</span> <span class='ocrx_word' id='word_1_459' title='bbox 1277 4611 1737 4682; x_wconf 72' lang='lat' dir='ltr'>provinCiarum,</span> <span class='ocrx_word' id='word_1_460' title='bbox 1763 4612 2070 4682; x_wconf 84' lang='lat' dir='ltr'>postposito</span> 
     </span>
    </p>
   </div>
   <div class='ocr_carea' id='block_1_67' title="bbox 547 4685 1004 4756">
    <p class='ocr_par' dir='ltr' id='par_1_67' title="bbox 547 4685 1004 4756">
     <span class='ocr_line' id='line_1_67' title="bbox 547 4685 1004 4756; baseline -0.009 -16"><span class='ocrx_word' id='word_1_461' title='bbox 547 4685 1004 4756; x_wconf 75' lang='lat' dir='ltr'>metropolitano.</span> 
     </span>
    </p>
   </div>
   <div class='ocr_carea' id='block_1_68' title="bbox 549 4786 2070 4858">
    <p class='ocr_par' dir='ltr' id='par_1_68' title="bbox 549 4786 2070 4858">
     <span class='ocr_line' id='line_1_68' title="bbox 549 4786 2070 4858; baseline -0.003 -12"><span class='ocrx_word' id='word_1_462' title='bbox 549 4790 760 4846; x_wconf 87' lang='lat' dir='ltr'>Deinde</span> <span class='ocrx_word' id='word_1_463' title='bbox 815 4790 932 4844; x_wconf 89' lang='lat' dir='ltr'>sine</span> <span class='ocrx_word' id='word_1_464' title='bbox 981 4801 1136 4857; x_wconf 88' lang='lat' dir='ltr'>mea,</span> <span class='ocrx_word' id='word_1_465' title='bbox 1171 4795 1222 4843; x_wconf 92' lang='lat' dir='ltr'>et</span> <span class='ocrx_word' id='word_1_466' title='bbox 1251 4787 1700 4858; x_wconf 90' lang='lat' dir='ltr'>coepiscoporum</span> <span class='ocrx_word' id='word_1_467' title='bbox 1747 4786 2070 4842; x_wconf 81' lang='lat' dir='ltr'>Rhemensis</span> 
     </span>
    </p>
   </div>
   <div class='ocr_carea' id='block_1_69' title="bbox 478 4875 2070 4950">
    <p class='ocr_par' dir='ltr' id='par_1_69' title="bbox 478 4875 2070 4950">
     <span class='ocr_line' id='line_1_69' title="bbox 478 4875 2070 4950; baseline -0.003 -16"><span class='ocrx_word' id='word_1_468' title='bbox 478 4877 773 4950; x_wconf 89' lang='lat' dir='ltr'>provincia</span> <span class='ocrx_word' id='word_1_469' title='bbox 800 4877 1148 4944; x_wconf 88' lang='lat' dir='ltr'>conscientia,</span> <span class='ocrx_word' id='word_1_470' title='bbox 1182 4876 1238 4930; x_wconf 91' lang='lat' dir='ltr'>in</span> <span class='ocrx_word' id='word_1_471' title='bbox 1266 4877 1436 4931; x_wconf 87' lang='lat' dir='ltr'>altera</span> <span class='ocrx_word' id='word_1_472' title='bbox 1463 4875 1743 4946; x_wconf 85' lang='lat' dir='ltr'>provincia</span> <span class='ocrx_word' id='word_1_473' title='bbox 1798 4891 2070 4930; x_wconf 90' lang='lat' dir='ltr'>consensu</span> 
     </span>
    </p>
   </div>
   <div class='ocr_carea' id='block_1_70' title="bbox 477 4963 2069 5038">
    <p class='ocr_par' dir='ltr' id='par_1_70' title="bbox 477 4963 2069 5038">
     <span class='ocr_line' id='line_1_70' title="bbox 477 4963 2069 5038; baseline -0.004 -15"><span class='ocrx_word' id='word_1_474' title='bbox 477 4967 858 5038; x_wconf 90' lang='lat' dir='ltr'>episcoporum</span> <span class='ocrx_word' id='word_1_475' title='bbox 887 4967 1116 5020; x_wconf 87' lang='lat' dir='ltr'>aliarum</span> <span class='ocrx_word' id='word_1_476' title='bbox 1133 4963 1534 5037; x_wconf 88' lang='lat' dir='ltr'>provinciarum</span> <span class='ocrx_word' id='word_1_477' title='bbox 1560 4963 1888 5035; x_wconf 82' lang='lat' dir='ltr'>professioni</span> <span class='ocrx_word' id='word_1_478' title='bbox 1933 4963 2069 5018; x_wconf 83' lang='lat' dir='ltr'>sub-</span> 
     </span>
    </p>
   </div>
   <div class='ocr_carea' id='block_1_71' title="bbox 479 5053 2070 5127">
    <p class='ocr_par' dir='ltr' id='par_1_71' title="bbox 479 5053 2070 5127">
     <span class='ocr_line' id='line_1_71' title="bbox 479 5053 2070 5127; baseline -0.004 -15"><span class='ocrx_word' id='word_1_479' title='bbox 479 5055 711 5127; x_wconf 87' lang='lat' dir='ltr'>scripsit,</span> <span class='ocrx_word' id='word_1_480' title='bbox 753 5060 804 5109; x_wconf 91' lang='lat' dir='ltr'>et</span> <span class='ocrx_word' id='word_1_481' title='bbox 831 5053 952 5126; x_wconf 88' lang='lat' dir='ltr'>regi</span> <span class='ocrx_word' id='word_1_482' title='bbox 989 5054 1139 5109; x_wconf 89' lang='lat' dir='ltr'>dedit</span> <span class='ocrx_word' id='word_1_483' title='bbox 1176 5071 1188 5110; x_wconf 91' lang='lat'>:</span> <span class='ocrx_word' id='word_1_484' title='bbox 1223 5071 1346 5124; x_wconf 90' lang='lat' dir='ltr'>qua</span> <span class='ocrx_word' id='word_1_485' title='bbox 1399 5053 1470 5108; x_wconf 91' lang='lat' dir='ltr'>ita</span> <span class='ocrx_word' id='word_1_486' title='bbox 1517 5069 1576 5107; x_wconf 92' lang='lat' dir='ltr'>se</span> <span class='ocrx_word' id='word_1_487' title='bbox 1626 5053 1790 5108; x_wconf 89' lang='lat' dir='ltr'>habet</span> <span class='ocrx_word' id='word_1_488' title='bbox 1822 5069 1834 5104; x_wconf 92' lang='lat'>:</span> <span class='ocrx_word' id='word_1_489' title='bbox 1874 5074 1896 5102; x_wconf 80' lang='grc'><strong>«</strong></span> <span class='ocrx_word' id='word_1_490' title='bbox 1949 5053 2070 5124; x_wconf 89' lang='lat' dir='ltr'>Ego</span> 
     </span>
    </p>
   </div>
   <div class='ocr_carea' id='block_1_72' title="bbox 479 5140 2070 5213">
    <p class='ocr_par' dir='ltr' id='par_1_72' title="bbox 479 5140 2070 5213">
     <span class='ocr_line' id='line_1_72' title="bbox 479 5140 2070 5213; baseline -0.004 -13"><span class='ocrx_word' id='word_1_491' title='bbox 479 5144 805 5200; x_wconf 82' lang='lat' dir='ltr'>Hincmarus</span> <span class='ocrx_word' id='word_1_492' title='bbox 833 5142 1208 5198; x_wconf 89' lang='lat' dir='ltr'>Laudunensis</span> <span class='ocrx_word' id='word_1_493' title='bbox 1235 5143 1530 5213; x_wconf 90' lang='lat' dir='ltr'>episcopus</span> <span class='ocrx_word' id='word_1_494' title='bbox 1561 5141 1628 5196; x_wconf 92' lang='lat' dir='ltr'>de</span> <span class='ocrx_word' id='word_1_495' title='bbox 1674 5142 1810 5196; x_wconf 90' lang='lat' dir='ltr'>hora</span> <span class='ocrx_word' id='word_1_496' title='bbox 1857 5141 1962 5194; x_wconf 91' lang='lat' dir='ltr'>ista</span> <span class='ocrx_word' id='word_1_497' title='bbox 2015 5140 2070 5194; x_wconf 90' lang='lat' dir='ltr'>in</span> 
     </span>
    </p>
   </div>
   <div class='ocr_carea' id='block_1_73' title="bbox 481 5229 2068 5294">
    <p class='ocr_par' dir='ltr' id='par_1_73' title="bbox 481 5229 2068 5294">
     <span class='ocr_line' id='line_1_73' title="bbox 481 5229 2068 5294; baseline -0.004 -5"><span class='ocrx_word' id='word_1_498' title='bbox 481 5241 642 5289; x_wconf 88' lang='lat' dir='ltr'>antea</span> <span class='ocrx_word' id='word_1_499' title='bbox 669 5231 846 5287; x_wconf 82' lang='lat' dir='ltr'>ﬁdelis</span> <span class='ocrx_word' id='word_1_500' title='bbox 879 5247 971 5286; x_wconf 91' lang='lat' dir='ltr'>ero</span> <span class='ocrx_word' id='word_1_501' title='bbox 1003 5230 1206 5285; x_wconf 89' lang='lat' dir='ltr'>seniori</span> <span class='ocrx_word' id='word_1_502' title='bbox 1259 5247 1384 5284; x_wconf 89' lang='lat' dir='ltr'>meo</span> <span class='ocrx_word' id='word_1_503' title='bbox 1437 5229 1659 5294; x_wconf 84' lang='lat' dir='ltr'>Karolo,</span> <span class='ocrx_word' id='word_1_504' title='bbox 1720 5229 1858 5284; x_wconf 86' lang='lat' dir='ltr'>sicut</span> <span class='ocrx_word' id='word_1_505' title='bbox 1907 5229 2068 5283; x_wconf 90' lang='lat' dir='ltr'>homo</span> 
     </span>
    </p>
   </div>
   <div class='ocr_carea' id='block_1_74' title="bbox 479 5316 2070 5392">
    <p class='ocr_par' dir='ltr' id='par_1_74' title="bbox 479 5316 2070 5392">
     <span class='ocr_line' id='line_1_74' title="bbox 479 5316 2070 5392; baseline -0.004 -16"><span class='ocrx_word' id='word_1_506' title='bbox 479 5337 578 5392; x_wconf 89' lang='lat' dir='ltr'>per</span> <span class='ocrx_word' id='word_1_507' title='bbox 607 5327 814 5376; x_wconf 86' lang='lat' dir='ltr'>rectum</span> <span class='ocrx_word' id='word_1_508' title='bbox 861 5318 1064 5384; x_wconf 80' lang='lat' dir='ltr'>seniori</span> <span class='ocrx_word' id='word_1_509' title='bbox 1093 5333 1190 5372; x_wconf 90' lang='lat' dir='ltr'>suo</span> <span class='ocrx_word' id='word_1_510' title='bbox 1248 5318 1411 5372; x_wconf 90' lang='lat' dir='ltr'>debet</span> <span class='ocrx_word' id='word_1_511' title='bbox 1467 5333 1609 5386; x_wconf 89' lang='lat' dir='ltr'>esse,</span> <span class='ocrx_word' id='word_1_512' title='bbox 1671 5325 1725 5372; x_wconf 91' lang='lat' dir='ltr'>et</span> <span class='ocrx_word' id='word_1_513' title='bbox 1782 5316 2070 5388; x_wconf 88' lang='lat' dir='ltr'>episcopus</span> 
     </span>
    </p>
   </div>
   <div class='ocr_carea' id='block_1_75' title="bbox 481 5406 2072 5479">
    <p class='ocr_par' dir='ltr' id='par_1_75' title="bbox 481 5406 2072 5479">
     <span class='ocr_line' id='line_1_75' title="bbox 481 5406 2072 5479; baseline -0.002 -17"><span class='ocrx_word' id='word_1_514' title='bbox 481 5408 600 5479; x_wconf 81' lang='lat' dir='ltr'>regi</span> <span class='ocrx_word' id='word_1_515' title='bbox 627 5423 726 5462; x_wconf 90' lang='lat' dir='ltr'>suo</span> <span class='ocrx_word' id='word_1_516' title='bbox 759 5425 772 5462; x_wconf 89' lang='lat'>:</span> <span class='ocrx_word' id='word_1_517' title='bbox 797 5415 851 5462; x_wconf 92' lang='lat' dir='ltr'>et</span> <span class='ocrx_word' id='word_1_518' title='bbox 882 5407 1236 5462; x_wconf 89' lang='lat' dir='ltr'>sicobediens</span> <span class='ocrx_word' id='word_1_519' title='bbox 1248 5406 1522 5477; x_wconf 89' lang='lat' dir='ltr'>quomodo</span> <span class='ocrx_word' id='word_1_520' title='bbox 1553 5407 1717 5462; x_wconf 89' lang='lat' dir='ltr'>homo</span> <span class='ocrx_word' id='word_1_521' title='bbox 1737 5421 1838 5476; x_wconf 90' lang='lat' dir='ltr'>per</span> <span class='ocrx_word' id='word_1_522' title='bbox 1861 5412 2072 5460; x_wconf 90' lang='lat' dir='ltr'>rectum</span> 
     </span>
    </p>
   </div>
   <div class='ocr_carea' id='block_1_76' title="bbox 481 5493 2070 5568">
    <p class='ocr_par' dir='ltr' id='par_1_76' title="bbox 481 5493 2070 5568">
     <span class='ocr_line' id='line_1_76' title="bbox 481 5493 2070 5568; baseline -0.003 -16"><span class='ocrx_word' id='word_1_523' title='bbox 481 5494 681 5552; x_wconf 88' lang='lat' dir='ltr'>seniori</span> <span class='ocrx_word' id='word_1_524' title='bbox 701 5511 800 5554; x_wconf 89' lang='lat' dir='ltr'>suo</span> <span class='ocrx_word' id='word_1_525' title='bbox 815 5495 977 5554; x_wconf 89' lang='lat' dir='ltr'>debet</span> <span class='ocrx_word' id='word_1_526' title='bbox 993 5511 1137 5564; x_wconf 86' lang='lat' dir='ltr'>esse,</span> <span class='ocrx_word' id='word_1_527' title='bbox 1156 5503 1209 5554; x_wconf 88' lang='lat' dir='ltr'>et</span> <span class='ocrx_word' id='word_1_528' title='bbox 1235 5494 1525 5568; x_wconf 87' lang='lat' dir='ltr'>episcopus</span> <span class='ocrx_word' id='word_1_529' title='bbox 1553 5493 1748 5552; x_wconf 86' lang='lat' dir='ltr'>Christi</span> <span class='ocrx_word' id='word_1_530' title='bbox 1771 5493 2070 5552; x_wconf 88' lang='lat' dir='ltr'>secundum</span> 
     </span>
    </p>
   </div>
   <div class='ocr_carea' id='block_1_77' title="bbox 2182 1785 3772 1856">
    <p class='ocr_par' dir='ltr' id='par_1_77' title="bbox 2182 1785 3772 1856">
     <span class='ocr_line' id='line_1_77' title="bbox 2182 1785 3772 1856; baseline -0.001 -16"><span class='ocrx_word' id='word_1_531' title='bbox 2182 1787 2356 1842; x_wconf 90' lang='lat' dir='ltr'>tiones</span> <span class='ocrx_word' id='word_1_532' title='bbox 2377 1786 2518 1844; x_wconf 91' lang='lat' dir='ltr'>inter</span> <span class='ocrx_word' id='word_1_533' title='bbox 2564 1787 2794 1841; x_wconf 88' lang='lat' dir='ltr'>clericos</span> <span class='ocrx_word' id='word_1_534' title='bbox 2841 1795 2952 1840; x_wconf 88' lang='lat' dir='ltr'>tam</span> <span class='ocrx_word' id='word_1_535' title='bbox 3007 1785 3302 1856; x_wconf 89' lang='lat' dir='ltr'>superioris</span> <span class='ocrx_word' id='word_1_536' title='bbox 3355 1785 3564 1841; x_wconf 87' lang='lat' dir='ltr'>ordinis</span> <span class='ocrx_word' id='word_1_537' title='bbox 3607 1800 3772 1856; x_wconf 89' lang='lat' dir='ltr'>quam</span> 
     </span>
    </p>
   </div>
   <div class='ocr_carea' id='block_1_78' title="bbox 2179 1873 3770 1944">
    <p class='ocr_par' dir='ltr' id='par_1_78' title="bbox 2179 1873 3770 1944">
     <span class='ocr_line' id='line_1_78' title="bbox 2179 1873 3770 1944; baseline -0.001 -15"><span class='ocrx_word' id='word_1_538' title='bbox 2179 1875 2342 1929; x_wconf 88' lang='lat' dir='ltr'>etiam</span> <span class='ocrx_word' id='word_1_539' title='bbox 2369 1873 2643 1929; x_wconf 89' lang='lat' dir='ltr'>inferioris</span> <span class='ocrx_word' id='word_1_540' title='bbox 2672 1873 2871 1928; x_wconf 88' lang='lat' dir='ltr'>fuerint</span> <span class='ocrx_word' id='word_1_541' title='bbox 2902 1881 3108 1938; x_wconf 85' lang='lat' dir='ltr'>exorte,</span> <span class='ocrx_word' id='word_1_542' title='bbox 3132 1881 3191 1928; x_wconf 89' lang='lat' dir='ltr'>ut</span> <span class='ocrx_word' id='word_1_543' title='bbox 3239 1873 3540 1929; x_wconf 89' lang='lat' dir='ltr'>secundum</span> <span class='ocrx_word' id='word_1_544' title='bbox 3595 1889 3770 1944; x_wconf 77' lang='lat' dir='ltr'>syno-</span> 
     </span>
    </p>
   </div>
   <div class='ocr_carea' id='block_1_79' title="bbox 2177 1959 3772 2032">
    <p class='ocr_par' dir='ltr' id='par_1_79' title="bbox 2177 1959 3772 2032">
     <span class='ocr_line' id='line_1_79' title="bbox 2177 1959 3772 2032; baseline -0.002 -14"><span class='ocrx_word' id='word_1_545' title='bbox 2177 1963 2307 2018; x_wconf 92' lang='lat' dir='ltr'>dum</span> <span class='ocrx_word' id='word_1_546' title='bbox 2322 1963 2602 2018; x_wconf 85' lang='lat' dir='ltr'>Nicanam</span> <span class='ocrx_word' id='word_1_547' title='bbox 2617 1961 2970 2032; x_wconf 81' lang='lat' dir='ltr'>congregatis</span> <span class='ocrx_word' id='word_1_548' title='bbox 3013 1961 3258 2030; x_wconf 87' lang='lat' dir='ltr'>ejusdem</span> <span class='ocrx_word' id='word_1_549' title='bbox 3313 1959 3608 2031; x_wconf 82' lang='lat' dir='ltr'>provincia</span> <span class='ocrx_word' id='word_1_550' title='bbox 3653 1961 3772 2030; x_wconf 83' lang='lat' dir='ltr'>epi-</span> 
     </span>
    </p>
   </div>
   <div class='ocr_carea' id='block_1_80' title="bbox 2177 2047 3772 2122">
    <p class='ocr_par' dir='ltr' id='par_1_80' title="bbox 2177 2047 3772 2122">
     <span class='ocr_line' id='line_1_80' title="bbox 2177 2047 3772 2122; baseline -0.001 -18"><span class='ocrx_word' id='word_1_551' title='bbox 2177 2050 2356 2120; x_wconf 92' lang='lat' dir='ltr'>sc0pis</span> <span class='ocrx_word' id='word_1_552' title='bbox 2387 2051 2628 2122; x_wconf 87' lang='lat' dir='ltr'>jurgium</span> <span class='ocrx_word' id='word_1_553' title='bbox 2670 2049 2990 2105; x_wconf 89' lang='lat' dir='ltr'>terminetur</span> <span class='ocrx_word' id='word_1_554' title='bbox 3037 2068 3051 2114; x_wconf 89' lang='lat'><strong>;</strong></span> <span class='ocrx_word' id='word_1_555' title='bbox 3103 2063 3206 2104; x_wconf 91' lang='lat' dir='ltr'>nec</span> <span class='ocrx_word' id='word_1_556' title='bbox 3257 2047 3418 2103; x_wconf 89' lang='lat' dir='ltr'>alicui</span> <span class='ocrx_word' id='word_1_557' title='bbox 3437 2048 3598 2104; x_wconf 91' lang='lat' dir='ltr'>liceat</span> <span class='ocrx_word' id='word_1_558' title='bbox 3629 2047 3772 2118; x_wconf 90' lang='lat' dir='ltr'>(sine</span> 
     </span>
    </p>
   </div>
   <div class='ocr_carea' id='block_1_81' title="bbox 2175 2135 3772 2208">
    <p class='ocr_par' dir='ltr' id='par_1_81' title="bbox 2175 2135 3772 2208">
     <span class='ocr_line' id='line_1_81' title="bbox 2175 2135 3772 2208; baseline -0.001 -17"><span class='ocrx_word' id='word_1_559' title='bbox 2175 2137 2490 2208; x_wconf 90' lang='lat' dir='ltr'>prajudicio</span> <span class='ocrx_word' id='word_1_560' title='bbox 2517 2145 2699 2192; x_wconf 91' lang='lat' dir='ltr'>tamen</span> <span class='ocrx_word' id='word_1_561' title='bbox 2721 2139 2979 2194; x_wconf 82' lang='lat' dir='ltr'>Romana</span> <span class='ocrx_word' id='word_1_562' title='bbox 3005 2136 3286 2201; x_wconf 89' lang='lat' dir='ltr'>Ecclesia,</span> <span class='ocrx_word' id='word_1_563' title='bbox 3321 2136 3408 2191; x_wconf 88' lang='lat' dir='ltr'>cui</span> <span class='ocrx_word' id='word_1_564' title='bbox 3429 2137 3486 2190; x_wconf 92' lang='lat' dir='ltr'>in</span> <span class='ocrx_word' id='word_1_565' title='bbox 3515 2135 3772 2191; x_wconf 89' lang='lat' dir='ltr'>omnibus</span> 
     </span>
    </p>
   </div>
   <div class='ocr_carea' id='block_1_82' title="bbox 2174 2222 3768 2296">
    <p class='ocr_par' dir='ltr' id='par_1_82' title="bbox 2174 2222 3768 2296">
     <span class='ocr_line' id='line_1_82' title="bbox 2174 2222 3768 2296; baseline -0.003 -16"><span class='ocrx_word' id='word_1_566' title='bbox 2174 2225 2354 2281; x_wconf 90' lang='lat' dir='ltr'>causis</span> <span class='ocrx_word' id='word_1_567' title='bbox 2382 2226 2609 2280; x_wconf 90' lang='lat' dir='ltr'>debetur</span> <span class='ocrx_word' id='word_1_568' title='bbox 2629 2225 2750 2296; x_wconf 82' lang='lat' dir='ltr'>[ai.,</span> <span class='ocrx_word' id='word_1_569' title='bbox 2777 2226 2930 2294; x_wconf 87' lang='lat' dir='ltr'>cujus</span> <span class='ocrx_word' id='word_1_570' title='bbox 2959 2224 3015 2278; x_wconf 92' lang='lat' dir='ltr'>in</span> <span class='ocrx_word' id='word_1_571' title='bbox 3054 2224 3308 2278; x_wconf 90' lang='lat' dir='ltr'>omnibus</span> <span class='ocrx_word' id='word_1_572' title='bbox 3357 2223 3538 2278; x_wconf 86' lang='lat' dir='ltr'>causis</span> <span class='ocrx_word' id='word_1_573' title='bbox 3581 2222 3768 2296; x_wconf 87' lang='lat' dir='ltr'>debet]</span> 
     </span>
    </p>
   </div>
   <div class='ocr_carea' id='block_1_83' title="bbox 2172 2311 3771 2384">
    <p class='ocr_par' dir='ltr' id='par_1_83' title="bbox 2172 2311 3771 2384">
     <span class='ocr_line' id='line_1_83' title="bbox 2172 2311 3771 2384; baseline -0.002 -16"><span class='ocrx_word' id='word_1_574' title='bbox 2172 2314 2477 2370; x_wconf 89' lang='lat' dir='ltr'>reverentia</span> <span class='ocrx_word' id='word_1_575' title='bbox 2505 2313 2805 2384; x_wconf 89' lang='lat' dir='ltr'>custodiri],</span> <span class='ocrx_word' id='word_1_576' title='bbox 2838 2312 3040 2368; x_wconf 91' lang='lat' dir='ltr'>relictis</span> <span class='ocrx_word' id='word_1_577' title='bbox 3093 2312 3179 2366; x_wconf 88' lang='lat' dir='ltr'>his</span> <span class='ocrx_word' id='word_1_578' title='bbox 3234 2311 3606 2372; x_wconf 87' lang='lat' dir='ltr'>sacerdotibus</span> <span class='ocrx_word' id='word_1_579' title='bbox 3626 2355 3638 2378; x_wconf 86' lang='lat'>,</span> <span class='ocrx_word' id='word_1_580' title='bbox 3675 2311 3771 2382; x_wconf 89' lang='lat' dir='ltr'>qui</span> 
     </span>
    </p>
   </div>
   <div class='ocr_carea' id='block_1_84' title="bbox 2171 2399 3772 2472">
    <p class='ocr_par' dir='ltr' id='par_1_84' title="bbox 2171 2399 3772 2472">
     <span class='ocr_line' id='line_1_84' title="bbox 2171 2399 3772 2472; baseline -0.002 -17"><span class='ocrx_word' id='word_1_581' title='bbox 2171 2402 2228 2456; x_wconf 91' lang='lat' dir='ltr'>in</span> <span class='ocrx_word' id='word_1_582' title='bbox 2257 2403 2451 2457; x_wconf 90' lang='lat' dir='ltr'>eadem</span> <span class='ocrx_word' id='word_1_583' title='bbox 2477 2401 2757 2472; x_wconf 89' lang='lat' dir='ltr'>provincia</span> <span class='ocrx_word' id='word_1_584' title='bbox 2787 2401 2886 2455; x_wconf 91' lang='lat' dir='ltr'>Dei</span> <span class='ocrx_word' id='word_1_585' title='bbox 2907 2400 3210 2456; x_wconf 88' lang='lat' dir='ltr'>Ecclesiam</span> <span class='ocrx_word' id='word_1_586' title='bbox 3239 2407 3370 2454; x_wconf 91' lang='lat' dir='ltr'>nutu</span> <span class='ocrx_word' id='word_1_587' title='bbox 3426 2399 3609 2454; x_wconf 91' lang='lat' dir='ltr'>divino</span> <span class='ocrx_word' id='word_1_588' title='bbox 3667 2415 3772 2470; x_wconf 86' lang='lat' dir='ltr'>gu-</span> 
     </span>
    </p>
   </div>
   <div class='ocr_carea' id='block_1_85' title="bbox 2173 2485 3772 2558">
    <p class='ocr_par' dir='ltr' id='par_1_85' title="bbox 2173 2485 3772 2558">
     <span class='ocr_line' id='line_1_85' title="bbox 2173 2485 3772 2558; baseline -0.003 -14"><span class='ocrx_word' id='word_1_589' title='bbox 2173 2490 2420 2555; x_wconf 88' lang='lat' dir='ltr'>bernant,</span> <span class='ocrx_word' id='word_1_590' title='bbox 2453 2490 2523 2543; x_wconf 91' lang='lat' dir='ltr'>ad</span> <span class='ocrx_word' id='word_1_591' title='bbox 2553 2489 2688 2542; x_wconf 90' lang='lat' dir='ltr'>alias</span> <span class='ocrx_word' id='word_1_592' title='bbox 2716 2488 3009 2544; x_wconf 90' lang='lat' dir='ltr'>convolare</span> <span class='ocrx_word' id='word_1_593' title='bbox 3037 2487 3368 2558; x_wconf 88' lang='lat' dir='ltr'>provincias.</span> <span class='ocrx_word' id='word_1_594' title='bbox 3391 2486 3550 2555; x_wconf 87' lang='lat' dir='ltr'>Quod</span> <span class='ocrx_word' id='word_1_595' title='bbox 3571 2487 3614 2540; x_wconf 91' lang='lat' dir='ltr'>si</span> <span class='ocrx_word' id='word_1_596' title='bbox 3646 2485 3772 2557; x_wconf 84' lang='lat' dir='ltr'>quis</span> 
     </span>
    </p>
   </div>
   <div class='ocr_carea' id='block_1_86' title="bbox 2169 2575 3768 2647">
    <p class='ocr_par' dir='ltr' id='par_1_86' title="bbox 2169 2575 3768 2647">
     <span class='ocr_line' id='line_1_86' title="bbox 2169 2575 3768 2647; baseline -0.003 -17"><span class='ocrx_word' id='word_1_597' title='bbox 2169 2577 2306 2632; x_wconf 88' lang='lat' dir='ltr'>forte</span> <span class='ocrx_word' id='word_1_598' title='bbox 2321 2577 2742 2647; x_wconf 87' lang='lat' dir='ltr'>prasumpserit,</span> <span class='ocrx_word' id='word_1_599' title='bbox 2775 2585 2827 2630; x_wconf 92' lang='lat' dir='ltr'>et</span> <span class='ocrx_word' id='word_1_600' title='bbox 2856 2576 2922 2630; x_wconf 90' lang='lat' dir='ltr'>ab</span> <span class='ocrx_word' id='word_1_601' title='bbox 2943 2575 3136 2630; x_wconf 90' lang='lat' dir='ltr'>ordine</span> <span class='ocrx_word' id='word_1_602' title='bbox 3175 2575 3304 2630; x_wconf 90' lang='lat' dir='ltr'>cleri</span> <span class='ocrx_word' id='word_1_603' title='bbox 3352 2575 3652 2640; x_wconf 88' lang='lat' dir='ltr'>submotus,</span> <span class='ocrx_word' id='word_1_604' title='bbox 3711 2581 3768 2627; x_wconf 90' lang='lat' dir='ltr'>et</span> 
     </span>
    </p>
   </div>
   <div class='ocr_carea' id='block_1_87' title="bbox 2171 2663 3379 2734">
    <p class='ocr_par' dir='ltr' id='par_1_87' title="bbox 2171 2663 3379 2734">
     <span class='ocr_line' id='line_1_87' title="bbox 2171 2663 3379 2734; baseline -0.002 -15"><span class='ocrx_word' id='word_1_605' title='bbox 2171 2665 2482 2734; x_wconf 87' lang='lat' dir='ltr'>injurarium</span> <span class='ocrx_word' id='word_1_606' title='bbox 2502 2680 2629 2718; x_wconf 90' lang='lat' dir='ltr'>reus</span> <span class='ocrx_word' id='word_1_607' title='bbox 2658 2665 2725 2717; x_wconf 92' lang='lat' dir='ltr'>ab</span> <span class='ocrx_word' id='word_1_608' title='bbox 2755 2664 3008 2718; x_wconf 89' lang='lat' dir='ltr'>omnibus</span> <span class='ocrx_word' id='word_1_609' title='bbox 3030 2663 3319 2731; x_wconf 86' lang='lat' dir='ltr'>judicetur.</span> <span class='ocrx_word' id='word_1_610' title='bbox 3357 2685 3379 2708; x_wconf 77' lang='grc' dir='ltr'><strong><em>ι</em></strong></span> 
     </span>
    </p>
   </div>
   <div class='ocr_carea' id='block_1_88' title="bbox 2241 2749 3770 2819">
    <p class='ocr_par' dir='ltr' id='par_1_88' title="bbox 2241 2749 3770 2819">
     <span class='ocr_line' id='line_1_88' title="bbox 2241 2749 3770 2819; baseline -0.003 -13"><span class='ocrx_word' id='word_1_611' title='bbox 2241 2751 2384 2819; x_wconf 90' lang='lat' dir='ltr'>Quid</span> <span class='ocrx_word' id='word_1_612' title='bbox 2413 2752 2481 2805; x_wconf 85' lang='lat' dir='ltr'>sit</span> <span class='ocrx_word' id='word_1_613' title='bbox 2511 2759 2690 2806; x_wconf 91' lang='lat' dir='ltr'>autem</span> <span class='ocrx_word' id='word_1_614' title='bbox 2723 2767 2879 2806; x_wconf 88' lang='lat' dir='ltr'>reum</span> <span class='ocrx_word' id='word_1_615' title='bbox 2911 2751 3230 2818; x_wconf 89' lang='lat' dir='ltr'>injuriarum</span> <span class='ocrx_word' id='word_1_616' title='bbox 3254 2750 3486 2819; x_wconf 89' lang='lat' dir='ltr'>judicari</span> <span class='ocrx_word' id='word_1_617' title='bbox 3515 2749 3570 2802; x_wconf 88' lang='lat' dir='ltr'>in</span> <span class='ocrx_word' id='word_1_618' title='bbox 3599 2749 3695 2802; x_wconf 90' lang='lat' dir='ltr'>lib.</span> <span class='ocrx_word' id='word_1_619' title='bbox 3729 2763 3770 2802; x_wconf 89' lang='lat' dir='ltr'>v</span> 
     </span>
    </p>
   </div>
   <div class='ocr_carea' id='block_1_89' title="bbox 2169 2837 3768 2908">
    <p class='ocr_par' dir='ltr' id='par_1_89' title="bbox 2169 2837 3768 2908">
     <span class='ocr_line' id='line_1_89' title="bbox 2169 2837 3768 2908; baseline -0.004 -13"><span class='ocrx_word' id='word_1_620' title='bbox 2169 2840 2564 2895; x_wconf 89' lang='lat' dir='ltr'>Sententiarum</span> <span class='ocrx_word' id='word_1_621' title='bbox 2592 2838 2742 2894; x_wconf 89' lang='lat' dir='ltr'>Pauli</span> <span class='ocrx_word' id='word_1_622' title='bbox 2789 2839 3139 2894; x_wconf 88' lang='lat' dir='ltr'>ostenditur:</span> <span class='ocrx_word' id='word_1_623' title='bbox 3176 2859 3200 2888; x_wconf 72' lang='grc' dir='ltr'><strong><em>ι</em></strong></span> <span class='ocrx_word' id='word_1_624' title='bbox 3252 2837 3356 2906; x_wconf 89' lang='lat' dir='ltr'>Qui</span> <span class='ocrx_word' id='word_1_625' title='bbox 3405 2853 3501 2908; x_wconf 91' lang='lat' dir='ltr'>per</span> <span class='ocrx_word' id='word_1_626' title='bbox 3551 2837 3768 2892; x_wconf 87' lang='lat' dir='ltr'>calum-</span> 
     </span>
    </p>
   </div>
   <div class='ocr_carea' id='block_1_90' title="bbox 2169 2923 3768 2998">
    <p class='ocr_par' dir='ltr' id='par_1_90' title="bbox 2169 2923 3768 2998">
     <span class='ocr_line' id='line_1_90' title="bbox 2169 2923 3768 2998; baseline -0.003 -16"><span class='ocrx_word' id='word_1_627' title='bbox 2169 2927 2332 2993; x_wconf 87' lang='lat' dir='ltr'>niam,</span> <span class='ocrx_word' id='word_1_628' title='bbox 2365 2928 2557 2998; x_wconf 90' lang='lat' dir='ltr'>inquit,</span> <span class='ocrx_word' id='word_1_629' title='bbox 2593 2927 2804 2995; x_wconf 89' lang='lat' dir='ltr'>injuria</span> <span class='ocrx_word' id='word_1_630' title='bbox 2831 2927 3100 2982; x_wconf 86' lang='lat' dir='ltr'>actionem</span> <span class='ocrx_word' id='word_1_631' title='bbox 3131 2926 3377 2992; x_wconf 88' lang='lat' dir='ltr'>instituit,</span> <span class='ocrx_word' id='word_1_632' title='bbox 3427 2932 3579 2979; x_wconf 86' lang='lat' dir='ltr'>extra</span> <span class='ocrx_word' id='word_1_633' title='bbox 3607 2923 3768 2979; x_wconf 91' lang='lat' dir='ltr'>ordi-</span> 
     </span>
    </p>
   </div>
   <div class='ocr_carea' id='block_1_91' title="bbox 2173 2999 3766 3084">
    <p class='ocr_par' dir='ltr' id='par_1_91' title="bbox 2173 2999 3766 3084">
     <span class='ocr_line' id='line_1_91' title="bbox 2173 2999 3766 3084; baseline -0.003 -15"><span class='ocrx_word' id='word_1_634' title='bbox 2173 3031 2300 3070; x_wconf 88' lang='lat' dir='ltr'>nem</span> <span class='ocrx_word' id='word_1_635' title='bbox 2330 2999 2604 3084; x_wconf 80' lang='lat' dir='ltr'>puniatur.</span> <span class='ocrx_word' id='word_1_636' title='bbox 2634 3014 2839 3068; x_wconf 88' lang='lat' dir='ltr'>Omnes</span> <span class='ocrx_word' id='word_1_637' title='bbox 2897 3013 3042 3068; x_wconf 90' lang='lat' dir='ltr'>enim</span> <span class='ocrx_word' id='word_1_638' title='bbox 3088 3013 3532 3078; x_wconf 86' lang='lat' dir='ltr'>calumniatores,</span> <span class='ocrx_word' id='word_1_639' title='bbox 3565 3011 3766 3077; x_wconf 81' lang='lat' dir='ltr'>exsilii,</span> 
     </span>
    </p>
   </div>
   <div class='ocr_carea' id='block_1_92' title="bbox 2104 3075 3774 3172">
    <p class='ocr_par' dir='ltr' id='par_1_92' title="bbox 2104 3075 3774 3172">
     <span class='ocr_line' id='line_1_92' title="bbox 2104 3075 3774 3172; baseline -0.005 -12"><span class='ocrx_word' id='word_1_640' title='bbox 2104 3075 2153 3139; x_wconf 80' lang='lat' dir='ltr'>C</span> <span class='ocrx_word' id='word_1_641' title='bbox 2177 3103 2263 3160; x_wconf 90' lang='lat' dir='ltr'>vel</span> <span class='ocrx_word' id='word_1_642' title='bbox 2290 3103 2481 3158; x_wconf 89' lang='lat' dir='ltr'>insula</span> <span class='ocrx_word' id='word_1_643' title='bbox 2507 3102 2860 3172; x_wconf 84' lang='lat' dir='ltr'>relegatione,</span> <span class='ocrx_word' id='word_1_644' title='bbox 2899 3109 2992 3156; x_wconf 90' lang='lat' dir='ltr'>aut</span> <span class='ocrx_word' id='word_1_645' title='bbox 3021 3101 3232 3156; x_wconf 89' lang='lat' dir='ltr'>ordinis</span> <span class='ocrx_word' id='word_1_646' title='bbox 3268 3101 3558 3154; x_wconf 88' lang='lat' dir='ltr'>amissione</span> <span class='ocrx_word' id='word_1_647' title='bbox 3587 3098 3774 3168; x_wconf 89' lang='lat' dir='ltr'>puniri</span> 
     </span>
    </p>
   </div>
   <div class='ocr_carea' id='block_1_93' title="bbox 2176 3186 3768 3263">
    <p class='ocr_par' dir='ltr' id='par_1_93' title="bbox 2176 3186 3768 3263">
     <span class='ocr_line' id='line_1_93' title="bbox 2176 3186 3768 3263; baseline -0.005 -16"><span class='ocrx_word' id='word_1_648' title='bbox 2176 3191 2397 3263; x_wconf 90' lang='lat' dir='ltr'>placuit.</span> <span class='ocrx_word' id='word_1_649' title='bbox 2437 3211 2458 3240; x_wconf 70' lang='grc' dir='ltr'><strong><em>ν</em></strong></span> <span class='ocrx_word' id='word_1_650' title='bbox 2485 3191 2553 3244; x_wconf 92' lang='lat' dir='ltr'>Et</span> <span class='ocrx_word' id='word_1_651' title='bbox 2581 3190 2635 3244; x_wconf 91' lang='lat' dir='ltr'>in</span> <span class='ocrx_word' id='word_1_652' title='bbox 2665 3189 2759 3244; x_wconf 89' lang='lat' dir='ltr'>lib.</span> <span class='ocrx_word' id='word_1_653' title='bbox 2785 3207 2802 3244; x_wconf 85' lang='grc' dir='ltr'>ι</span> <span class='ocrx_word' id='word_1_654' title='bbox 2847 3189 3250 3246; x_wconf 89' lang='lat' dir='ltr'>Sententiarum</span> <span class='ocrx_word' id='word_1_655' title='bbox 3306 3187 3550 3257; x_wconf 89' lang='lat' dir='ltr'>ejusdem</span> <span class='ocrx_word' id='word_1_656' title='bbox 3581 3186 3768 3240; x_wconf 91' lang='lat' dir='ltr'>Pauli:</span> 
     </span>
    </p>
   </div>
   <div class='ocr_carea' id='block_1_94' title="bbox 2181 3273 3772 3348">
    <p class='ocr_par' dir='ltr' id='par_1_94' title="bbox 2181 3273 3772 3348">
     <span class='ocr_line' id='line_1_94' title="bbox 2181 3273 3772 3348; baseline -0.004 -14"><span class='ocrx_word' id='word_1_657' title='bbox 2181 3302 2202 3328; x_wconf 79' lang='grc' dir='ltr'>α</span> <span class='ocrx_word' id='word_1_658' title='bbox 2227 3279 2595 3334; x_wconf 89' lang='lat' dir='ltr'>Calumniator</span> <span class='ocrx_word' id='word_1_659' title='bbox 2624 3285 2724 3347; x_wconf 91' lang='lat' dir='ltr'>est,</span> <span class='ocrx_word' id='word_1_660' title='bbox 2759 3278 2853 3348; x_wconf 90' lang='lat' dir='ltr'>qui</span> <span class='ocrx_word' id='word_1_661' title='bbox 2881 3278 3060 3332; x_wconf 92' lang='lat' dir='ltr'>sciens</span> <span class='ocrx_word' id='word_1_662' title='bbox 3094 3277 3442 3348; x_wconf 89' lang='lat' dir='ltr'>prudensque</span> <span class='ocrx_word' id='word_1_663' title='bbox 3469 3291 3571 3345; x_wconf 91' lang='lat' dir='ltr'>per</span> <span class='ocrx_word' id='word_1_664' title='bbox 3613 3273 3772 3329; x_wconf 86' lang='lat' dir='ltr'>frau-</span> 
     </span>
    </p>
   </div>
   <div class='ocr_carea' id='block_1_95' title="bbox 2177 3363 3768 3440">
    <p class='ocr_par' dir='ltr' id='par_1_95' title="bbox 2177 3363 3768 3440">
     <span class='ocr_line' id='line_1_95' title="bbox 2177 3363 3768 3440; baseline -0.003 -18"><span class='ocrx_word' id='word_1_665' title='bbox 2177 3367 2303 3422; x_wconf 90' lang='lat' dir='ltr'>dem</span> <span class='ocrx_word' id='word_1_666' title='bbox 2319 3367 2599 3440; x_wconf 87' lang='lat' dir='ltr'>negotium</span> <span class='ocrx_word' id='word_1_667' title='bbox 2614 3366 2776 3422; x_wconf 89' lang='lat' dir='ltr'>alicui</span> <span class='ocrx_word' id='word_1_668' title='bbox 2795 3373 3074 3436; x_wconf 90' lang='lat' dir='ltr'>comparat</span> <span class='ocrx_word' id='word_1_669' title='bbox 3097 3383 3111 3432; x_wconf 89' lang='lat'><strong>;</strong></span> <span class='ocrx_word' id='word_1_670' title='bbox 3135 3372 3188 3419; x_wconf 92' lang='lat' dir='ltr'>et</span> <span class='ocrx_word' id='word_1_671' title='bbox 3203 3366 3258 3418; x_wconf 93' lang='lat' dir='ltr'>in</span> <span class='ocrx_word' id='word_1_672' title='bbox 3273 3363 3511 3434; x_wconf 88' lang='lat' dir='ltr'>prafatis</span> <span class='ocrx_word' id='word_1_673' title='bbox 3555 3363 3768 3435; x_wconf 86' lang='lat' dir='ltr'>[f.,pri-</span> 
     </span>
    </p>
   </div>
   <div class='ocr_carea' id='block_1_96' title="bbox 2177 3450 3770 3528">
    <p class='ocr_par' dir='ltr' id='par_1_96' title="bbox 2177 3450 3770 3528">
     <span class='ocr_line' id='line_1_96' title="bbox 2177 3450 3770 3528; baseline -0.003 -17"><span class='ocrx_word' id='word_1_674' title='bbox 2177 3455 2336 3528; x_wconf 87' lang='lat' dir='ltr'>vatis]</span> <span class='ocrx_word' id='word_1_675' title='bbox 2368 3463 2422 3511; x_wconf 92' lang='lat' dir='ltr'>et</span> <span class='ocrx_word' id='word_1_676' title='bbox 2449 3455 2504 3510; x_wconf 92' lang='lat' dir='ltr'>in</span> <span class='ocrx_word' id='word_1_677' title='bbox 2523 3455 2752 3526; x_wconf 91' lang='lat' dir='ltr'>publicis</span> <span class='ocrx_word' id='word_1_678' title='bbox 2775 3455 2995 3523; x_wconf 90' lang='lat' dir='ltr'>judiciis</span> <span class='ocrx_word' id='word_1_679' title='bbox 3049 3469 3241 3508; x_wconf 90' lang='lat' dir='ltr'>omnes</span> <span class='ocrx_word' id='word_1_680' title='bbox 3293 3450 3610 3508; x_wconf 89' lang='lat' dir='ltr'>calumniosi</span> <span class='ocrx_word' id='word_1_681' title='bbox 3667 3467 3770 3521; x_wconf 91' lang='lat' dir='ltr'>pro</span> 
     </span>
    </p>
   </div>
   <div class='ocr_carea' id='block_1_97' title="bbox 2177 3537 3776 3616">
    <p class='ocr_par' dir='ltr' id='par_1_97' title="bbox 2177 3537 3776 3616">
     <span class='ocr_line' id='line_1_97' title="bbox 2177 3537 3776 3616; baseline -0.004 -18"><span class='ocrx_word' id='word_1_682' title='bbox 2177 3544 2431 3616; x_wconf 88' lang='lat' dir='ltr'>qualitate</span> <span class='ocrx_word' id='word_1_683' title='bbox 2456 3543 2680 3598; x_wconf 89' lang='lat' dir='ltr'>admissi</span> <span class='ocrx_word' id='word_1_684' title='bbox 2709 3542 3032 3613; x_wconf 90' lang='lat' dir='ltr'>plectantur.</span> <span class='ocrx_word' id='word_1_685' title='bbox 3071 3565 3092 3590; x_wconf 83' lang='lat'>»</span> <span class='ocrx_word' id='word_1_686' title='bbox 3129 3542 3532 3610; x_wconf 82' lang='lat' dir='ltr'>Interpretatio</span> <span class='ocrx_word' id='word_1_687' title='bbox 3559 3558 3576 3594; x_wconf 94' lang='lat'>:</span> <span class='ocrx_word' id='word_1_688' title='bbox 3605 3561 3627 3586; x_wconf 74' lang='grc' dir='ltr'>ιι</span> <span class='ocrx_word' id='word_1_689' title='bbox 3667 3537 3776 3606; x_wconf 89' lang='lat' dir='ltr'>Qui</span> 
     </span>
    </p>
   </div>
   <div class='ocr_carea' id='block_1_98' title="bbox 2178 3627 3774 3702">
    <p class='ocr_par' dir='ltr' id='par_1_98' title="bbox 2178 3627 3774 3702">
     <span class='ocr_line' id='line_1_98' title="bbox 2178 3627 3774 3702; baseline -0.004 -15"><span class='ocrx_word' id='word_1_690' title='bbox 2178 3640 2270 3688; x_wconf 91' lang='lat' dir='ltr'>aut</span> <span class='ocrx_word' id='word_1_691' title='bbox 2293 3633 2436 3702; x_wconf 89' lang='lat' dir='ltr'>apud</span> <span class='ocrx_word' id='word_1_692' title='bbox 2466 3632 2673 3687; x_wconf 87' lang='lat' dir='ltr'>cinctos</span> <span class='ocrx_word' id='word_1_693' title='bbox 2701 3630 2768 3702; x_wconf 65' lang='grc' dir='ltr'>[Γ.</span> <span class='ocrx_word' id='word_1_694' title='bbox 2801 3629 3044 3702; x_wconf 90' lang='lat' dir='ltr'>civicos],</span> <span class='ocrx_word' id='word_1_695' title='bbox 3077 3637 3170 3684; x_wconf 91' lang='lat' dir='ltr'>aut</span> <span class='ocrx_word' id='word_1_696' title='bbox 3199 3627 3345 3698; x_wconf 87' lang='lat' dir='ltr'>apud</span> <span class='ocrx_word' id='word_1_697' title='bbox 3359 3627 3601 3697; x_wconf 90' lang='lat' dir='ltr'>privatos</span> <span class='ocrx_word' id='word_1_698' title='bbox 3623 3627 3774 3695; x_wconf 85' lang='lat' dir='ltr'>judi-</span> 
     </span>
    </p>
   </div>
   <div class='ocr_carea' id='block_1_99' title="bbox 2177 3715 3774 3787">
    <p class='ocr_par' dir='ltr' id='par_1_99' title="bbox 2177 3715 3774 3787">
     <span class='ocr_line' id='line_1_99' title="bbox 2177 3715 3774 3787; baseline -0.004 -11"><span class='ocrx_word' id='word_1_699' title='bbox 2177 3737 2271 3776; x_wconf 91' lang='lat' dir='ltr'>ces</span> <span class='ocrx_word' id='word_1_700' title='bbox 2299 3719 2748 3776; x_wconf 85' lang='lat' dir='ltr'>fueritcalumnia</span> <span class='ocrx_word' id='word_1_701' title='bbox 2763 3718 3066 3787; x_wconf 89' lang='lat' dir='ltr'>objectione</span> <span class='ocrx_word' id='word_1_702' title='bbox 3082 3715 3418 3780; x_wconf 89' lang='lat' dir='ltr'>convinctus,</span> <span class='ocrx_word' id='word_1_703' title='bbox 3441 3729 3553 3770; x_wconf 91' lang='lat' dir='ltr'>non</span> <span class='ocrx_word' id='word_1_704' title='bbox 3569 3730 3774 3785; x_wconf 81' lang='lat' dir='ltr'>exspe-</span> 
     </span>
    </p>
   </div>
   <div class='ocr_carea' id='block_1_100' title="bbox 2178 3802 3772 3876">
    <p class='ocr_par' dir='ltr' id='par_1_100' title="bbox 2178 3802 3772 3876">
     <span class='ocr_line' id='line_1_100' title="bbox 2178 3802 3772 3876; baseline -0.004 -12"><span class='ocrx_word' id='word_1_705' title='bbox 2178 3815 2321 3864; x_wconf 90' lang='lat' dir='ltr'>ctate</span> <span class='ocrx_word' id='word_1_706' title='bbox 2351 3807 2557 3863; x_wconf 90' lang='lat' dir='ltr'>ordinis</span> <span class='ocrx_word' id='word_1_707' title='bbox 2588 3807 2874 3875; x_wconf 89' lang='lat' dir='ltr'>sententia,</span> <span class='ocrx_word' id='word_1_708' title='bbox 2894 3813 3056 3876; x_wconf 91' lang='lat' dir='ltr'>prout</span> <span class='ocrx_word' id='word_1_709' title='bbox 3085 3820 3247 3860; x_wconf 90' lang='lat' dir='ltr'>causa</span> <span class='ocrx_word' id='word_1_710' title='bbox 3285 3803 3464 3870; x_wconf 88' lang='lat' dir='ltr'>fuerit,</span> <span class='ocrx_word' id='word_1_711' title='bbox 3499 3802 3772 3873; x_wconf 89' lang='lat' dir='ltr'>supplicio</span> 
     </span>
    </p>
   </div>
   <div class='ocr_carea' id='block_1_101' title="bbox 2178 3891 3766 3964">
    <p class='ocr_par' dir='ltr' id='par_1_101' title="bbox 2178 3891 3766 3964">
     <span class='ocr_line' id='line_1_101' title="bbox 2178 3891 3766 3964; baseline -0.003 -13"><span class='ocrx_word' id='word_1_712' title='bbox 2178 3896 2454 3951; x_wconf 91' lang='lat' dir='ltr'>subdatur.</span> <span class='ocrx_word' id='word_1_713' title='bbox 2493 3917 2514 3944; x_wconf 73' lang='grc' dir='ltr'><strong>ιι</strong></span> <span class='ocrx_word' id='word_1_714' title='bbox 2549 3897 2617 3950; x_wconf 91' lang='lat' dir='ltr'>Et</span> <span class='ocrx_word' id='word_1_715' title='bbox 2631 3895 2686 3949; x_wconf 92' lang='lat' dir='ltr'>in</span> <span class='ocrx_word' id='word_1_716' title='bbox 2715 3894 3086 3964; x_wconf 89' lang='lat' dir='ltr'>suprascripto</span> <span class='ocrx_word' id='word_1_717' title='bbox 3115 3891 3349 3963; x_wconf 80' lang='lat' dir='ltr'>capitulo</span> <span class='ocrx_word' id='word_1_718' title='bbox 3369 3891 3561 3946; x_wconf 90' lang='lat' dir='ltr'>beatus</span> <span class='ocrx_word' id='word_1_719' title='bbox 3591 3892 3766 3946; x_wconf 87' lang='lat' dir='ltr'>Inno-</span> 
     </span>
    </p>
   </div>
   <div class='ocr_carea' id='block_1_102' title="bbox 2177 3978 3774 4050">
    <p class='ocr_par' dir='ltr' id='par_1_102' title="bbox 2177 3978 3774 4050">
     <span class='ocr_line' id='line_1_102' title="bbox 2177 3978 3774 4050; baseline -0.004 -9"><span class='ocrx_word' id='word_1_720' title='bbox 2177 3985 2385 4041; x_wconf 88' lang='lat' dir='ltr'>centius</span> <span class='ocrx_word' id='word_1_721' title='bbox 2402 3983 2532 4039; x_wconf 91' lang='lat' dir='ltr'>dicit</span> <span class='ocrx_word' id='word_1_722' title='bbox 2555 4002 2567 4038; x_wconf 92' lang='lat'>:</span> <span class='ocrx_word' id='word_1_723' title='bbox 2606 4005 2627 4034; x_wconf 70' lang='grc' dir='ltr'><strong>α</strong></span> <span class='ocrx_word' id='word_1_724' title='bbox 2662 3983 2718 4038; x_wconf 92' lang='lat' dir='ltr'>Si</span> <span class='ocrx_word' id='word_1_725' title='bbox 2737 3991 2916 4038; x_wconf 89' lang='lat' dir='ltr'>autem</span> <span class='ocrx_word' id='word_1_726' title='bbox 2931 3983 3166 4050; x_wconf 89' lang='lat' dir='ltr'>majores</span> <span class='ocrx_word' id='word_1_727' title='bbox 3181 3996 3358 4037; x_wconf 89' lang='lat' dir='ltr'>causa</span> <span class='ocrx_word' id='word_1_728' title='bbox 3379 3980 3434 4033; x_wconf 90' lang='lat' dir='ltr'>in</span> <span class='ocrx_word' id='word_1_729' title='bbox 3451 3979 3632 4034; x_wconf 89' lang='lat' dir='ltr'>medio</span> <span class='ocrx_word' id='word_1_730' title='bbox 3655 3978 3774 4034; x_wconf 85' lang='lat' dir='ltr'>fue-</span> 
     </span>
    </p>
   </div>
   <div class='ocr_carea' id='block_1_103' title="bbox 2177 4066 3774 4140">
    <p class='ocr_par' dir='ltr' id='par_1_103' title="bbox 2177 4066 3774 4140">
     <span class='ocr_line' id='line_1_103' title="bbox 2177 4066 3774 4140; baseline -0.004 -14"><span class='ocrx_word' id='word_1_731' title='bbox 2177 4073 2285 4127; x_wconf 90' lang='lat' dir='ltr'>rint</span> <span class='ocrx_word' id='word_1_732' title='bbox 2311 4073 2580 4127; x_wconf 89' lang='lat' dir='ltr'>devoluta</span> <span class='ocrx_word' id='word_1_733' title='bbox 2611 4090 2624 4126; x_wconf 90' lang='lat'>:</span> <span class='ocrx_word' id='word_1_734' title='bbox 2649 4071 2718 4126; x_wconf 89' lang='lat' dir='ltr'>ad</span> <span class='ocrx_word' id='word_1_735' title='bbox 2749 4070 2935 4126; x_wconf 90' lang='lat' dir='ltr'>sedem</span> <span class='ocrx_word' id='word_1_736' title='bbox 2953 4069 3330 4140; x_wconf 90' lang='lat' dir='ltr'>apostolicam,</span> <span class='ocrx_word' id='word_1_737' title='bbox 3356 4067 3494 4123; x_wconf 91' lang='lat' dir='ltr'>sicut</span> <span class='ocrx_word' id='word_1_738' title='bbox 3523 4066 3774 4137; x_wconf 76' lang='lat' dir='ltr'>synodus</span> 
     </span>
    </p>
   </div>
   <div class='ocr_carea' id='block_1_104' title="bbox 2177 4155 3777 4229">
    <p class='ocr_par' dir='ltr' id='par_1_104' title="bbox 2177 4155 3777 4229">
     <span class='ocr_line' id='line_1_104' title="bbox 2177 4155 3777 4229; baseline -0.004 -13"><span class='ocrx_word' id='word_1_739' title='bbox 2177 4161 2380 4227; x_wconf 86' lang='lat' dir='ltr'>statuit,</span> <span class='ocrx_word' id='word_1_740' title='bbox 2405 4169 2458 4214; x_wconf 91' lang='lat' dir='ltr'>et</span> <span class='ocrx_word' id='word_1_741' title='bbox 2488 4168 2639 4216; x_wconf 88' lang='lat' dir='ltr'>vetus</span> <span class='ocrx_word' id='word_1_742' title='bbox 2656 4159 2989 4214; x_wconf 89' lang='lat' dir='ltr'>consuetudo</span> <span class='ocrx_word' id='word_1_743' title='bbox 3001 4157 3187 4229; x_wconf 89' lang='lat' dir='ltr'>exigit,</span> <span class='ocrx_word' id='word_1_744' title='bbox 3207 4163 3330 4227; x_wconf 92' lang='lat' dir='ltr'>post</span> <span class='ocrx_word' id='word_1_745' title='bbox 3351 4155 3619 4224; x_wconf 89' lang='lat' dir='ltr'>judicium</span> <span class='ocrx_word' id='word_1_746' title='bbox 3651 4155 3777 4226; x_wconf 90' lang='lat' dir='ltr'>epi-</span> 
     </span>
    </p>
   </div>
   <div class='ocr_carea' id='block_1_105' title="bbox 2177 4243 3782 4320">
    <p class='ocr_par' dir='ltr' id='par_1_105' title="bbox 2177 4243 3782 4320">
     <span class='ocr_line' id='line_1_105' title="bbox 2177 4243 3782 4320; baseline -0.004 -16"><span class='ocrx_word' id='word_1_747' title='bbox 2177 4249 2395 4320; x_wconf 86' lang='lat' dir='ltr'>scOpale</span> <span class='ocrx_word' id='word_1_748' title='bbox 2453 4248 2784 4303; x_wconf 79' lang='lat' dir='ltr'>deferantur.</span> <span class='ocrx_word' id='word_1_749' title='bbox 2825 4271 2846 4296; x_wconf 78' lang='grc' dir='ltr'><strong>υ</strong></span> <span class='ocrx_word' id='word_1_750' title='bbox 2879 4249 2948 4301; x_wconf 91' lang='lat' dir='ltr'>Et</span> <span class='ocrx_word' id='word_1_751' title='bbox 2977 4253 3193 4301; x_wconf 89' lang='lat' dir='ltr'>sanctus</span> <span class='ocrx_word' id='word_1_752' title='bbox 3225 4243 3524 4315; x_wconf 88' lang='lat' dir='ltr'>Gregorius</span> <span class='ocrx_word' id='word_1_753' title='bbox 3543 4243 3614 4297; x_wconf 90' lang='lat' dir='ltr'>ad</span> <span class='ocrx_word' id='word_1_754' title='bbox 3643 4243 3782 4298; x_wconf 74' lang='lat' dir='ltr'>Vin-</span> 
     </span>
    </p>
   </div>
   <div class='ocr_carea' id='block_1_106' title="bbox 2177 4331 3782 4409">
    <p class='ocr_par' dir='ltr' id='par_1_106' title="bbox 2177 4331 3782 4409">
     <span class='ocr_line' id='line_1_106' title="bbox 2177 4331 3782 4409; baseline -0.006 -16"><span class='ocrx_word' id='word_1_755' title='bbox 2177 4338 2412 4394; x_wconf 90' lang='lat' dir='ltr'>centium</span> <span class='ocrx_word' id='word_1_756' title='bbox 2442 4335 2564 4409; x_wconf 80' lang='lat' dir='ltr'>[al.,</span> <span class='ocrx_word' id='word_1_757' title='bbox 2589 4333 2976 4407; x_wconf 84' lang='lat' dir='ltr'>Innocentium]</span> <span class='ocrx_word' id='word_1_758' title='bbox 3007 4343 3058 4389; x_wconf 92' lang='lat' dir='ltr'>et</span> <span class='ocrx_word' id='word_1_759' title='bbox 3087 4341 3313 4389; x_wconf 87' lang='lat' dir='ltr'>cateros</span> <span class='ocrx_word' id='word_1_760' title='bbox 3335 4332 3642 4402; x_wconf 88' lang='lat' dir='ltr'>episcopos,</span> <span class='ocrx_word' id='word_1_761' title='bbox 3707 4331 3782 4384; x_wconf 87' lang='lat' dir='ltr'>ait</span> 
     </span>
    </p>
   </div>
   <div class='ocr_carea' id='block_1_107' title="bbox 2097 4419 3780 4497">
    <p class='ocr_par' dir='ltr' id='par_1_107' title="bbox 2097 4419 3780 4497">
     <span class='ocr_line' id='line_1_107' title="bbox 2097 4419 3780 4497; baseline -0.007 -13"><span class='ocrx_word' id='word_1_762' title='bbox 2097 4425 2150 4484; x_wconf 92' lang='lat' dir='ltr'>D</span> <span class='ocrx_word' id='word_1_763' title='bbox 2171 4425 2289 4497; x_wconf 81' lang='lat' dir='ltr'>(lib.</span> <span class='ocrx_word' id='word_1_764' title='bbox 2315 4425 2609 4492; x_wconf 75' lang='lat' dir='ltr'>vn,ind.2,</span> <span class='ocrx_word' id='word_1_765' title='bbox 2643 4425 2804 4495; x_wconf 85' lang='lat' dir='ltr'>epist.</span> <span class='ocrx_word' id='word_1_766' title='bbox 2839 4425 2894 4494; x_wconf 91' lang='lat'>8)</span> <span class='ocrx_word' id='word_1_767' title='bbox 2928 4441 2940 4476; x_wconf 92' lang='lat'>:</span> <span class='ocrx_word' id='word_1_768' title='bbox 2979 4444 3000 4472; x_wconf 71' lang='grc' dir='ltr'><strong><em>α</em></strong></span> <span class='ocrx_word' id='word_1_769' title='bbox 3034 4423 3102 4478; x_wconf 91' lang='lat' dir='ltr'>Ut</span> <span class='ocrx_word' id='word_1_770' title='bbox 3129 4437 3290 4476; x_wconf 91' lang='lat' dir='ltr'>nemo</span> <span class='ocrx_word' id='word_1_771' title='bbox 3318 4419 3780 4494; x_wconf 86' lang='lat' dir='ltr'>coepiscoporum</span> 
     </span>
    </p>
   </div>
   <div class='ocr_carea' id='block_1_108' title="bbox 2173 4509 3776 4586">
    <p class='ocr_par' dir='ltr' id='par_1_108' title="bbox 2173 4509 3776 4586">
     <span class='ocr_line' id='line_1_108' title="bbox 2173 4509 3776 4586; baseline -0.004 -18"><span class='ocrx_word' id='word_1_772' title='bbox 2173 4513 2645 4584; x_wconf 87' lang='lat' dir='ltr'>metrOpolitanum</span> <span class='ocrx_word' id='word_1_773' title='bbox 2667 4529 2825 4586; x_wconf 83' lang='lat' dir='ltr'>suum</span> <span class='ocrx_word' id='word_1_774' title='bbox 2841 4519 3164 4582; x_wconf 90' lang='lat' dir='ltr'>postponere</span> <span class='ocrx_word' id='word_1_775' title='bbox 3177 4510 3232 4562; x_wconf 91' lang='lat' dir='ltr'>in</span> <span class='ocrx_word' id='word_1_776' title='bbox 3250 4509 3432 4579; x_wconf 89' lang='lat' dir='ltr'>aliquo</span> <span class='ocrx_word' id='word_1_777' title='bbox 3443 4515 3776 4577; x_wconf 85' lang='lat' dir='ltr'>prasumat:</span> 
     </span>
    </p>
   </div>
   <div class='ocr_carea' id='block_1_109' title="bbox 2172 4595 3778 4673">
    <p class='ocr_par' dir='ltr' id='par_1_109' title="bbox 2172 4595 3778 4673">
     <span class='ocr_line' id='line_1_109' title="bbox 2172 4595 3778 4673; baseline -0.005 -16"><span class='ocrx_word' id='word_1_778' title='bbox 2172 4610 2398 4673; x_wconf 83' lang='lat' dir='ltr'>excepto</span> <span class='ocrx_word' id='word_1_779' title='bbox 2457 4601 2502 4655; x_wconf 91' lang='lat' dir='ltr'>si</span> <span class='ocrx_word' id='word_1_780' title='bbox 2561 4608 2752 4656; x_wconf 89' lang='lat' dir='ltr'>contra</span> <span class='ocrx_word' id='word_1_781' title='bbox 2805 4599 3058 4654; x_wconf 89' lang='lat' dir='ltr'>eumdem</span> <span class='ocrx_word' id='word_1_782' title='bbox 3129 4595 3606 4665; x_wconf 88' lang='lat' dir='ltr'>metropolitanum</span> <span class='ocrx_word' id='word_1_783' title='bbox 3675 4609 3778 4649; x_wconf 89' lang='lat' dir='ltr'>eos</span> 
     </span>
    </p>
   </div>
   <div class='ocr_carea' id='block_1_110' title="bbox 2171 4681 3778 4760">
    <p class='ocr_par' dir='ltr' id='par_1_110' title="bbox 2171 4681 3778 4760">
     <span class='ocr_line' id='line_1_110' title="bbox 2171 4681 3778 4760; baseline -0.006 -15"><span class='ocrx_word' id='word_1_784' title='bbox 2171 4691 2369 4745; x_wconf 90' lang='lat' dir='ltr'>habere</span> <span class='ocrx_word' id='word_1_785' title='bbox 2398 4688 2601 4760; x_wconf 90' lang='lat' dir='ltr'>aliquid</span> <span class='ocrx_word' id='word_1_786' title='bbox 2617 4704 2798 4743; x_wconf 86' lang='lat' dir='ltr'>causa</span> <span class='ocrx_word' id='word_1_787' title='bbox 2826 4703 2934 4742; x_wconf 92' lang='lat' dir='ltr'>non</span> <span class='ocrx_word' id='word_1_788' title='bbox 2957 4685 3245 4758; x_wconf 89' lang='lat' dir='ltr'>contigerit</span> <span class='ocrx_word' id='word_1_789' title='bbox 3275 4699 3288 4737; x_wconf 90' lang='lat'>:</span> <span class='ocrx_word' id='word_1_790' title='bbox 3324 4690 3379 4737; x_wconf 89' lang='lat' dir='ltr'>ut</span> <span class='ocrx_word' id='word_1_791' title='bbox 3395 4683 3464 4736; x_wconf 94' lang='lat' dir='ltr'>ob</span> <span class='ocrx_word' id='word_1_792' title='bbox 3494 4682 3602 4736; x_wconf 92' lang='lat' dir='ltr'>hoc</span> <span class='ocrx_word' id='word_1_793' title='bbox 3617 4681 3778 4736; x_wconf 87' lang='lat' dir='ltr'>sedis</span> 
     </span>
    </p>
   </div>
   <div class='ocr_carea' id='block_1_111' title="bbox 2171 4769 3780 4850">
    <p class='ocr_par' dir='ltr' id='par_1_111' title="bbox 2171 4769 3780 4850">
     <span class='ocr_line' id='line_1_111' title="bbox 2171 4769 3780 4850; baseline -0.006 -16"><span class='ocrx_word' id='word_1_794' title='bbox 2171 4777 2484 4850; x_wconf 87' lang='lat' dir='ltr'>apostolica</span> <span class='ocrx_word' id='word_1_795' title='bbox 2501 4777 2782 4846; x_wconf 89' lang='lat' dir='ltr'>judicium,</span> <span class='ocrx_word' id='word_1_796' title='bbox 2803 4776 2850 4830; x_wconf 90' lang='lat' dir='ltr'>si</span> <span class='ocrx_word' id='word_1_797' title='bbox 2866 4775 2957 4848; x_wconf 90' lang='lat' dir='ltr'>qui</span> <span class='ocrx_word' id='word_1_798' title='bbox 2973 4783 3159 4846; x_wconf 87' lang='lat' dir='ltr'>petere</span> <span class='ocrx_word' id='word_1_799' title='bbox 3188 4771 3461 4835; x_wconf 86' lang='lat' dir='ltr'>festinant,</span> <span class='ocrx_word' id='word_1_800' title='bbox 3495 4769 3780 4824; x_wconf 81' lang='lat' dir='ltr'>licentiam</span> 
     </span>
    </p>
   </div>
   <div class='ocr_carea' id='block_1_112' title="bbox 2171 4859 3781 4937">
    <p class='ocr_par' dir='ltr' id='par_1_112' title="bbox 2171 4859 3781 4937">
     <span class='ocr_line' id='line_1_112' title="bbox 2171 4859 3781 4937; baseline -0.006 -15"><span class='ocrx_word' id='word_1_801' title='bbox 2171 4868 2427 4930; x_wconf 90' lang='lat' dir='ltr'>habeant,</span> <span class='ocrx_word' id='word_1_802' title='bbox 2461 4866 2607 4937; x_wconf 89' lang='lat' dir='ltr'>quod</span> <span class='ocrx_word' id='word_1_803' title='bbox 2627 4881 2726 4936; x_wconf 90' lang='lat' dir='ltr'>per</span> <span class='ocrx_word' id='word_1_804' title='bbox 2755 4879 2994 4920; x_wconf 88' lang='lat' dir='ltr'>canones</span> <span class='ocrx_word' id='word_1_805' title='bbox 3033 4863 3216 4930; x_wconf 89' lang='lat' dir='ltr'>etiam,</span> <span class='ocrx_word' id='word_1_806' title='bbox 3275 4859 3626 4929; x_wconf 87' lang='lat' dir='ltr'>antiquorum</span> <span class='ocrx_word' id='word_1_807' title='bbox 3673 4859 3781 4912; x_wconf 91' lang='lat' dir='ltr'>Pa-</span> 
     </span>
    </p>
   </div>
   <div class='ocr_carea' id='block_1_113' title="bbox 2171 4944 3779 5024">
    <p class='ocr_par' dir='ltr' id='par_1_113' title="bbox 2171 4944 3779 5024">
     <span class='ocr_line' id='line_1_113' title="bbox 2171 4944 3779 5024; baseline -0.006 -14"><span class='ocrx_word' id='word_1_808' title='bbox 2171 4963 2310 5011; x_wconf 88' lang='lat' dir='ltr'>trum</span> <span class='ocrx_word' id='word_1_809' title='bbox 2327 4963 2410 5010; x_wconf 90' lang='lat' dir='ltr'>est</span> <span class='ocrx_word' id='word_1_810' title='bbox 2425 4954 2757 5008; x_wconf 89' lang='lat' dir='ltr'>institutione</span> <span class='ocrx_word' id='word_1_811' title='bbox 2774 4952 3119 5024; x_wconf 87' lang='lat' dir='ltr'>permissum.</span> <span class='ocrx_word' id='word_1_812' title='bbox 3147 4974 3167 4996; x_wconf 74' lang='grc' dir='ltr'>ι»</span> <span class='ocrx_word' id='word_1_813' title='bbox 3195 4949 3334 5004; x_wconf 92' lang='lat' dir='ltr'>Nam</span> <span class='ocrx_word' id='word_1_814' title='bbox 3356 4947 3424 5002; x_wconf 86' lang='lat' dir='ltr'>de</span> <span class='ocrx_word' id='word_1_815' title='bbox 3453 4944 3654 5017; x_wconf 91' lang='lat' dir='ltr'>quibus</span> <span class='ocrx_word' id='word_1_816' title='bbox 3677 4963 3779 5001; x_wconf 90' lang='lat' dir='ltr'>ca-</span> 
     </span>
    </p>
   </div>
   <div class='ocr_carea' id='block_1_114' title="bbox 2171 5033 3781 5112">
    <p class='ocr_par' dir='ltr' id='par_1_114' title="bbox 2171 5033 3781 5112">
     <span class='ocr_line' id='line_1_114' title="bbox 2171 5033 3781 5112; baseline -0.006 -13"><span class='ocrx_word' id='word_1_817' title='bbox 2171 5044 2405 5099; x_wconf 90' lang='lat' dir='ltr'>nonibus</span> <span class='ocrx_word' id='word_1_818' title='bbox 2435 5051 2489 5098; x_wconf 90' lang='lat' dir='ltr'>et</span> <span class='ocrx_word' id='word_1_819' title='bbox 2506 5041 2918 5098; x_wconf 89' lang='lat' dir='ltr'>Innocentiuset</span> <span class='ocrx_word' id='word_1_820' title='bbox 2951 5039 3256 5112; x_wconf 90' lang='lat' dir='ltr'>Gregorius</span> <span class='ocrx_word' id='word_1_821' title='bbox 3283 5037 3385 5092; x_wconf 91' lang='lat' dir='ltr'>hoc</span> <span class='ocrx_word' id='word_1_822' title='bbox 3416 5033 3618 5102; x_wconf 88' lang='lat' dir='ltr'>dicant,</span> <span class='ocrx_word' id='word_1_823' title='bbox 3651 5049 3781 5089; x_wconf 88' lang='lat' dir='ltr'>ma-</span> 
     </span>
    </p>
   </div>
   <div class='ocr_carea' id='block_1_115' title="bbox 2171 5121 3782 5196">
    <p class='ocr_par' dir='ltr' id='par_1_115' title="bbox 2171 5121 3782 5196">
     <span class='ocr_line' id='line_1_115' title="bbox 2171 5121 3782 5196; baseline -0.006 -10"><span class='ocrx_word' id='word_1_824' title='bbox 2171 5131 2520 5188; x_wconf 84' lang='lat' dir='ltr'>nifestissime</span> <span class='ocrx_word' id='word_1_825' title='bbox 2550 5131 2753 5196; x_wconf 89' lang='lat' dir='ltr'>claret;</span> <span class='ocrx_word' id='word_1_826' title='bbox 2812 5128 3016 5184; x_wconf 91' lang='lat' dir='ltr'>scilicet</span> <span class='ocrx_word' id='word_1_827' title='bbox 3073 5127 3142 5181; x_wconf 92' lang='lat' dir='ltr'>de</span> <span class='ocrx_word' id='word_1_828' title='bbox 3199 5121 3638 5186; x_wconf 90' lang='lat' dir='ltr'>Sardicensibus,</span> <span class='ocrx_word' id='word_1_829' title='bbox 3707 5123 3782 5176; x_wconf 90' lang='lat' dir='ltr'>de</span> 
     </span>
    </p>
   </div>
   <div class='ocr_carea' id='block_1_116' title="bbox 2171 5209 3784 5291">
    <p class='ocr_par' dir='ltr' id='par_1_116' title="bbox 2171 5209 3784 5291">
     <span class='ocr_line' id='line_1_116' title="bbox 2171 5209 3784 5291; baseline -0.006 -17"><span class='ocrx_word' id='word_1_830' title='bbox 2171 5220 2366 5291; x_wconf 90' lang='lat' dir='ltr'>quibus</span> <span class='ocrx_word' id='word_1_831' title='bbox 2378 5227 2430 5274; x_wconf 91' lang='lat' dir='ltr'>et</span> <span class='ocrx_word' id='word_1_832' title='bbox 2451 5218 2705 5275; x_wconf 88' lang='lat' dir='ltr'>Gelasius</span> <span class='ocrx_word' id='word_1_833' title='bbox 2725 5216 3084 5290; x_wconf 81' lang='lat' dir='ltr'>(Commonit.</span> <span class='ocrx_word' id='word_1_834' title='bbox 3111 5214 3182 5270; x_wconf 88' lang='lat' dir='ltr'>ad</span> <span class='ocrx_word' id='word_1_835' title='bbox 3201 5215 3392 5283; x_wconf 84' lang='lat' dir='ltr'>Faust)</span> <span class='ocrx_word' id='word_1_836' title='bbox 3409 5252 3422 5264; x_wconf 90' lang='lat'>.</span> <span class='ocrx_word' id='word_1_837' title='bbox 3446 5235 3466 5259; x_wconf 77' lang='grc' dir='ltr'>ιι</span> <span class='ocrx_word' id='word_1_838' title='bbox 3509 5209 3618 5279; x_wconf 83' lang='lat' dir='ltr'>Ipsi</span> <span class='ocrx_word' id='word_1_839' title='bbox 3647 5217 3784 5264; x_wconf 87' lang='lat' dir='ltr'>sunt</span> 
     </span>
    </p>
   </div>
   <div class='ocr_carea' id='block_1_117' title="bbox 2173 5297 3782 5379">
    <p class='ocr_par' dir='ltr' id='par_1_117' title="bbox 2173 5297 3782 5379">
     <span class='ocr_line' id='line_1_117' title="bbox 2173 5297 3782 5379; baseline -0.008 -16"><span class='ocrx_word' id='word_1_840' title='bbox 2173 5323 2412 5364; x_wconf 89' lang='lat' dir='ltr'>canones</span> <span class='ocrx_word' id='word_1_841' title='bbox 2443 5307 2534 5379; x_wconf 85' lang='lat' dir='ltr'>qui</span> <span class='ocrx_word' id='word_1_842' title='bbox 2564 5306 2981 5378; x_wconf 88' lang='lat' dir='ltr'>appellationem</span> <span class='ocrx_word' id='word_1_843' title='bbox 3008 5303 3171 5358; x_wconf 91' lang='lat' dir='ltr'>totius</span> <span class='ocrx_word' id='word_1_844' title='bbox 3217 5300 3478 5356; x_wconf 82' lang='lat' dir='ltr'>Ecclesia</span> <span class='ocrx_word' id='word_1_845' title='bbox 3506 5297 3574 5352; x_wconf 90' lang='lat' dir='ltr'>ad</span> <span class='ocrx_word' id='word_1_846' title='bbox 3607 5298 3782 5366; x_wconf 88' lang='lat' dir='ltr'>hujus</span> 
     </span>
    </p>
   </div>
   <div class='ocr_carea' id='block_1_118' title="bbox 2174 5390 3784 5461">
    <p class='ocr_par' dir='ltr' id='par_1_118' title="bbox 2174 5390 3784 5461">
     <span class='ocr_line' id='line_1_118' title="bbox 2174 5390 3784 5461; baseline -0.008 -9"><span class='ocrx_word' id='word_1_847' title='bbox 2174 5397 2319 5452; x_wconf 89' lang='lat' dir='ltr'>sedis</span> <span class='ocrx_word' id='word_1_848' title='bbox 2342 5412 2567 5452; x_wconf 82' lang='lat' dir='ltr'>examen</span> <span class='ocrx_word' id='word_1_849' title='bbox 2584 5395 2806 5451; x_wconf 88' lang='lat' dir='ltr'>voluere</span> <span class='ocrx_word' id='word_1_850' title='bbox 2827 5392 3026 5449; x_wconf 90' lang='lat' dir='ltr'>deferri</span> <span class='ocrx_word' id='word_1_851' title='bbox 3059 5409 3072 5446; x_wconf 89' lang='lat'>:</span> <span class='ocrx_word' id='word_1_852' title='bbox 3105 5405 3169 5446; x_wconf 90' lang='lat' dir='ltr'>ac</span> <span class='ocrx_word' id='word_1_853' title='bbox 3197 5390 3318 5461; x_wconf 90' lang='lat' dir='ltr'>ipsa</span> <span class='ocrx_word' id='word_1_854' title='bbox 3347 5403 3473 5444; x_wconf 91' lang='lat' dir='ltr'>vero</span> <span class='ocrx_word' id='word_1_855' title='bbox 3495 5401 3784 5456; x_wconf 89' lang='lat' dir='ltr'>nusquam</span> 
     </span>
    </p>
   </div>
   <div class='ocr_carea' id='block_1_119' title="bbox 2173 5481 3785 5567">
    <p class='ocr_par' dir='ltr' id='par_1_119' title="bbox 2173 5481 3785 5567">
     <span class='ocr_line' id='line_1_119' title="bbox 2173 5481 3785 5567; baseline -0.006 -19"><span class='ocrx_word' id='word_1_856' title='bbox 2173 5508 2398 5566; x_wconf 90' lang='lat' dir='ltr'>prorsus</span> <span class='ocrx_word' id='word_1_857' title='bbox 2427 5491 2692 5567; x_wconf 86' lang='lat' dir='ltr'>appellari</span> <span class='ocrx_word' id='word_1_858' title='bbox 2713 5491 2914 5548; x_wconf 87' lang='lat' dir='ltr'>debere</span> <span class='ocrx_word' id='word_1_859' title='bbox 2945 5495 3256 5546; x_wconf 89' lang='lat' dir='ltr'>sensurunt.</span> <span class='ocrx_word' id='word_1_860' title='bbox 3305 5502 3326 5536; x_wconf 69' lang='grc' dir='ltr'><strong>ι</strong></span> <span class='ocrx_word' id='word_1_861' title='bbox 3363 5483 3543 5542; x_wconf 90' lang='lat' dir='ltr'>Claret</span> <span class='ocrx_word' id='word_1_862' title='bbox 3599 5481 3785 5556; x_wconf 83' lang='lat' dir='ltr'>igitur</span> 
     </span>
    </p>
   </div>
  </div>
