4020 6178
226 248 335 303 5'77

227 386 293 427 ex
350 369 440 425 his
505 375 818 425 sanctorum
892 367 1211 440 pontiﬁcum
1292 366 1594 433 sententiis,

228 474 316 513 me
359 457 688 529 postposito,
734 455 938 525 judicio
974 456 1063 512 vel
1108 457 1449 512 hortamento
1496 454 1748 522 aliorum,
1785 461 1837 509 et

227 546 462 600 aliarum
510 545 914 617 provinciarum
945 544 1346 615 episcoporum,
1379 542 1689 599 Wenilonis
1720 542 1834 597 Ro-

224 633 601 705 thomagensis
657 631 1073 703 archiepiscopi,
1135 639 1193 686 et
1249 632 1431 686 Encas
1499 629 1836 685 Parisiorum

228 720 493 793 episcOpi,
528 720 646 774 sine
676 735 798 774 mea
827 727 880 774 et
899 719 1350 789 coepiscoporum
1372 717 1695 773 Rbemensis
1716 732 1839 787 pro-

224 808 424 864 vinciae
451 808 803 875 conscientia,
835 805 1429 876 przet'atae’professioni
1458 804 1831 872 subscribere,

229 904 283 951 et
306 896 429 968 regi
457 896 594 950 dare
623 909 732 949 non
763 894 967 949 debuit.
991 894 1129 949 Nam
1160 894 1262 950 etsi
1292 901 1484 949 contra
1512 909 1601 948 me
1632 892 1835 964 aliquid

226 983 485 1049 habebat,
518 997 611 1037 aut
637 981 989 1053 apostolicam
1012 983 1199 1037 sedem
1220 981 1390 1048 adire,
1412 988 1501 1036 aut
1520 981 1835 1052 petitionem

224 1071 458 1127 veritate
488 1070 679 1125 sub....
717 1068 844 1142 [leg.
867 1068 1092 1125 videtur
1111 1068 1415 1141 subnixam]
1432 1070 1692 1125 debuerat
1710 1069 1836 1123 mit-

226 1165 365 1224 tere,
400 1165 453 1214 et
482 1173 591 1214 non
620 1173 710 1213 me
738 1158 1061 1229 postposito,
1109 1157 1315 1226 judicio
1343 1157 1431 1213 vel
1460 1156 1688 1213 consilio
1719 1156 1834 1227 epi-

226 1262 519 1318 scoporum
568 1245 803 1301 aliarum
841 1244 1250 1316 provinciarum
1276 1246 1333 1300 in
1360 1244 1530 1300 altera
1558 1243 1833 1315 provincia

224 1333 629 1407 professionem
660 1341 717 1389 et
745 1332 1194 1403 subscriptionem
1221 1333 1341 1405 regi
1370 1333 1678 1405 porrigere.

852 1447 1076 1503 CAPUT
1104 1448 1201 1502 XI.

232 1536 383 1608 Quod
414 1538 676 1609 ineptam
704 1535 1058 1609 decretorum
1086 1536 1475 1609 collectionem
1494 1535 1827 1608 composuit,

556 1606 843 1678 eidemque
874 1606 1117 1661 indebite
1139 1607 1493 1676 subscripsit.

943 242 1186 302 OPUSC.
1229 241 1321 300 ET
1375 240 1591 299 EPIST.
1641 240 1717 298 IN
1771 238 1998 299 CAUSA
2053 238 2398 299 HINCMARI
2451 240 2758 298 LAUDUN.

1681 364 1827 436 quia,
1859 365 1907 428 Α
1925 366 2007 420 Ne
2037 366 2167 438 quid
2212 382 2346 422 vero
2393 364 2462 421 sit
2492 365 2637 437 quod
2682 364 3113 436 praetermissum
3142 381 3175 420 a
3204 365 3365 423 nobis
3391 367 3537 423 forte

3431 246 3536 301 5'18

1944 454 2211 521 videatur,
2243 453 2428 510 omnia
2454 453 2752 510 decretalia
2789 454 3078 510 constituta
3105 462 3216 510 tam
3246 455 3420 511 beata
3449 471 3543 511 re-

1940 542 2274 598 cordationis
2320 542 2641 608 Innocentii,
2692 559 2855 614 quam
2897 542 3138 598 omnium
3188 543 3540 600 decessorum

1933 638 2261 696 nostrarum,
2294 647 2413 702 quae
2442 631 2511 685 de
2534 630 2921 686 ecclesiasticis
2949 631 3247 698 ordinibus,
3283 640 3337 687 et
3365 646 3539 687 cana-

1933 732 2063 772 num
2110 718 2459 790 promulgata
2511 726 2638 774 sunt
2668 718 2990 790 disciplinis,
3021 719 3096 774 ita
3125 734 3158 774 a
3187 726 3367 775 vestra
3394 719 3538 776 dile-

1934 805 2113 861 ctione
2135 806 2399 862 custodiri
2428 807 2633 863 debere
2661 807 3009 877 mandamus,
3044 814 3100 861 ut
3133 807 3179 861 si
3211 807 3333 878 quis
3362 806 3419 862 in
3446 808 3543 864 illa

1933 892 2287 960 commiserit,
2313 895 2526 950 veniam
2556 895 2660 950 sibi
2680 895 2939 966 deinceps
2968 896 3179 951 noverit
3202 895 3484 967 denegari.
3511 919 3533 945 η

1932 981 2001 1035 Et
2018 981 2093 1036 ita
2115 982 2467 1053 subscripsit:
2487 1007 2507 1031 α
2528 984 2870 1048 Hincmarus,
2895 985 3010 1039 Deo
3035 982 3352 1050 miserante,
3369 984 3542 1041 eccle-

1933 1068 2027 1124 siae
2047 1069 2421 1125 Laudunensis
2443 1071 2753 1142 episcopus,
2778 1072 2864 1125 his
2899 1079 3208 1127 sanctorum
3228 1071 3540 1143 apostolicae

1932 1157 2081 1212 sedis
2118 1158 2339 1213 Patrum
2372 1159 2607 1214 decretis
2642 1159 3133 1230 obtemperantium
3209 1160 3532 1231 subscripsi.

1933 1242 2038 1313 Qui
2067 1260 2283 1317 quoque
2299 1246 2431 1300 mihi
2460 1246 2656 1302 eodem
2685 1248 2800 1301 Deo
2829 1255 3049 1303 auctore
3077 1247 3356 1311 commissi
3385 1256 3532 1316 sunt,

1931 1340 1984 1387 et
2012 1333 2066 1387 in
2089 1333 2175 1387 his
2206 1333 2458 1389 similiter
2487 1334 2740 1401 sentiunt,
2777 1333 2991 1389 solliciti
3019 1350 3244 1391 servare
3273 1336 3534 1392 unitatem

1931 1419 2155 1490 spiritus
2184 1420 2240 1474 in
2269 1421 2485 1477 vinculo
2514 1422 2688 1493 pacis,
2714 1423 2820 1479 hac
2839 1438 3053 1478 mecum
3073 1438 3211 1493 pace
3235 1423 3534 1494 potiantur.

1931 1507 1987 1563 Si
2017 1522 2146 1564 vero
2193 1508 2362 1580 aliqui
2412 1524 2595 1576 secus,
2627 1509 2876 1565 nolentes
2907 1509 3026 1566 fieri
3056 1510 3189 1567 socii
3218 1511 3529 1579 hujusmodi

1929 1594 2250 1666 disciplinae,
2299 1611 2402 1653 nec
2458 1598 2765 1654 habeantur
2804 1598 3097 1670 participes
3137 1598 3535 1655 communionis

288 1695 423 1750 Post
450 1695 570 1750 haec
599 1709 853 1766 quaerens
882 1692 1297 1749 adinventiones
1327 1701 1385 1747 ut
1408 1709 1467 1749 se
1494 1708 1527 1747 a
1557 1701 1828 1764 metropo-
1848 1717 1901 1776 Β
1929 1691 2195 1776 nostrai"
2213 1683 2345 1752 Q03?
2356 1686 2660 1776 Ρτεφίξεω
2674 1685 3178 1776 άεῧηίιίοηεεεδίθο
3192 1687 3534 1759 ευδεοτίριεε,

224 1782 389 1838 litana
421 1781 765 1851 subjectione
783 1788 968 1852 posset
994 1797 1215 1847 exuere,
1234 1781 1474 1836 libellum
1494 1781 1561 1837 de
1580 1781 1830 1852 antiquo-
1848 1772 1894 1776 _
1931 1786 2093 1844 quam
2121 1772 2229 1827 Sint
2250 1774 2534 1829 Contraria?
2563 1774 2701 1829 inter
2730 1791 2811 1841 se,
2844 1783 3006 1846 atque
3049 1775 3301 1832 adversa:
3358 1792 3533 1832 evan-

223 1886 339 1926 rum
368 1872 595 1925 Patrum
624 1869 848 1940 scriptis
886 1875 1012 1925 ante
1044 1884 1235 1925 sacros
1262 1868 1500 1925 Nion-nm
1531 1868 1744 1941 synodi,
1776 1875 1831 1924 et

223 1958 455 2014 aliorum
485 1966 801 2014 sanctorum
820 1972 1059 2012 canones
1089 1956 1248 2013 editis
1276 1956 1498 2029 collegit
1521 1973 1533 2011 :
1555 1957 1613 2012 in
1634 1956 1831 2027 quibus

227 2046 525 2102 sententias
554 2045 700 2101 inter
730 2060 792 2100 se
820 2044 1095 2112 dissonas,
1128 2052 1181 2099 et
1210 2052 1401 2102 contra
1431 2043 1828 2116 evangelicum,

227 2142 276 2189 et
302 2122 666 2204 apostolicam
695 2139 858 2203 atque
888 2133 1232 2202 catholicam,
1259 2140 1313 2188 et
1342 2132 1658 2204 apostolicae
1686 2132 1831 2187 sedis

227 2220 603 2277 auctoritatem
644 2219 978 2288 immiscuit;
1011 2228 1063 2275 et
1111 2220 1291 2276 eidem
1335 2219 1521 2275 libella
1564 2220 1680 2276 sine
1707 2236 1829 2276 me-

227 2308 564 2380 tropolitani,
599 2314 654 2363 et
694 2308 1146 2379 coepiscOporum
1183 2307 1509 2364 Rhemensis
1535 2308 1831 2379 provinciae

226 2396 569 2453 conscientia
598 2403 651 2451 et
680 2410 955 2451 consensu
987 2396 1331 2468 subscripsit,
1364 2404 1417 2451 et
1443 2410 1478 2452 a
1502 2396 1718 2452 clericis
1747 2412 1832 2452 ec-

224 2483 407 2540 clesiae
451 2500 588 2548 suae,
638 2499 740 2539 nec
784 2499 894 2539 non
941 2492 994 2539 et
1036 2499 1069 2539 a
1094 2483 1444 2555 parochianis
1494 2484 1829 2556 presbyteris

225 2572 500 2628 subscribi
546 2570 710 2640 fecit;
741 2586 868 2628 cum
903 2571 1099 2627 Africae
1128 2572 1427 2642 provincia:
1469 2587 1711 2628 canones
1740 2571 1828 2627 di-

222 2668 345 2716 cant
368 2661 556 2730 (conc.
589 2660 737 2731 Afr.,
769 2675 820 2716 c.
853 2663 954 2727 53;
986 2661 1240 2727 Milevit.,
1273 2676 1392 2731 cap.
1428 2663 1513 2716 13.
1537 2661 1661 2717 Cod.
1696 2677 1826 2716 can.

222 2749 356 2804 eccl.
389 2748 573 2819 Afric.
600 2762 722 2804 can.
746 2748 837 2819 86)
862 2766 876 2802 :
904 2770 926 2796 α
954 2748 1294 2804 Posteriores
1323 2748 1567 2820 episcopi
1597 2748 1828 2803 anterio-

220 2835 373 2892 ribus
430 2834 702 2906 deferant,
762 2852 865 2891 nec
918 2835 998 2892 eis
1053 2836 1375 2892 inconsultis
1419 2835 1625 2908 aliquid
1662 2851 1829 2908 agere

217 2930 560 2994 presumant
591 2940 606 2976 :
637 2930 691 2977 et
742 2923 835 2994 qui
888 2924 1177 2994 putaverit,
1248 2924 1449 2995 spretis
1507 2923 1825 2994 majoribus,

218 3010 421 3083 aliquid
467 3012 931 3082 praesumendum,
981 3018 1353 3083 competenter
1400 3027 1524 3067 esse
1566 3011 1639 3067 ab
1681 3010 1829 3067 omni

218 3099 451 3156 concilio
510 3099 899 3155 coercendum.
935 3119 957 3149 ›
990 3100 1060 3154 Et
1097 3099 1494 3155 Antiacbenum
1534 3100 1823 3156 concilium

219 3186 467 3243 decernit
500 3188 654 3257 (can.
690 3188 745 3258 9)
771 3205 783 3241 :
812 3208 835 3237 ι
872 3187 1348 3259 Metropolitanum
1376 3195 1431 3243 et
1452 3188 1660 3245 honore
1687 3205 1828 3260 prm-

212 3275 432 3342 cellere,
466 3282 526 3330 et
553 3275 688 3330 nihil
716 3273 946 3345 amplius
976 3284 1177 3346 praeter
1205 3291 1329 3331 eum
1359 3283 1584 3332 caeteros
1613 3276 1826 3348 episco-

211 3378 315 3434 pos
346 3378 545 3437 agere,
580 3363 884 3419 secundum
931 3363 1211 3436 autiquam
1240 3364 1487 3436 regulam
1516 3379 1550 3420 a
1577 3365 1824 3420 Patribus

212 3451 590 3517 constitutam,
621 3450 726 3505 nisi
754 3466 821 3506 ea
848 3458 1057 3506 tantum
1094 3468 1216 3523 quae
1245 3452 1316 3506 ad
1344 3468 1495 3507 suam
1541 3451 1825 3508 dioecesim

210 3540 511 3609 pertinent,
533 3538 1025 3610 possessionesque
1052 3539 1345 3608 subjectus.
1378 3560 1403 3592 ι
1426 3539 1497 3595 Et
1526 3540 1583 3595 S.
1614 3541 1724 3595 Leo
1754 3540 1823 3596 ad

212 3625 571 3683 Theodorum
669 3626 1098 3696 Forojuliensem
1182 3627 1500 3698 episcopum
1578 3627 1823 3684 decrevit

212 3714 401 3784 (epist.
427 3719 459 3768 9
474 3713 527 3785 ι)
547 3730 560 3768 :
589 3734 614 3766 ι
632 3712 773 3782 Quia
789 3713 845 3770 in
865 3713 1044 3770 causis
1061 3730 1181 3785 quae
1201 3716 1272 3769 ad
1291 3715 1609 3787 generalem
1629 3715 1820 3771 obser-

210 3802 454 3857 vantiam
479 3801 760 3872 pertinent
786 3802 1028 3857 omnium
1057 3802 1275 3857 Domini
1297 3803 1664 3870 sacerdotum,
1686 3802 1821 3859 nihil

210 3889 329 3945 sine
356 3889 694 3961 primatibus
722 3896 937 3960 oportet
965 3890 1204 3961 impleri.
1241 3911 1265 3941 ι

279 3978 341 4032 In
365 3993 485 4049 quo
526 3976 712 4033 libello
747 3993 872 4034 cum
889 3977 1011 4033 aliis
1044 3978 1298 4046 diversis,
1340 3986 1395 4035 et
1428 3979 1533 4035 sibi
1570 3979 1819 4037 adversis

207 4065 502 4121 sententiis
530 4065 870 4136 subscripsit,
903 4073 957 4121 et
979 4081 1011 4122 a
1038 4065 1254 4122 clericis
1283 4068 1561 4138 parochias
1583 4068 1822 4125 subscri-

206 4152 258 4207 bi
282 4153 439 4223 fecit,
466 4152 603 4225 quia
628 4169 739 4208 non
764 4161 993 4224 possunt
1021 4154 1266 4226 episcopi
1291 4155 1527 4211 humano
1558 4156 1817 4212 condem-

203 4242 322 4297 nari
351 4241 636 4311 examine,
669 4258 806 4313 quos
852 4242 1001 4299 Deus
1047 4257 1146 4299 suo
1174 4244 1474 4300 reservavit
1490 4244 1717 4313 judicio.
1748 4246 1817 4300 Et

200 4327 346 4395 item,
378 4338 446 4385 ut
470 4352 497 4377 α
524 4336 715 4385 vocata
741 4329 1001 4401 episcopo
1033 4331 1294 4387 canonice
1321 4330 1379 4386 in
1406 4331 1530 4388 loco
1560 4332 1814 4388 omnibus

1930 1860 2122 1933 gelicae
2168 1860 2400 1930 veritati,
2435 1868 2489 1916 et
2516 1861 2831 1933 apostolicae
2877 1862 3205 1929 auctoritati,
3251 1879 3413 1919 nemo
3442 1864 3543 1936 qui

1931 1947 2139 2003 dubitet
2171 1966 2186 2003 :
2212 1963 2336 2005 cum
2367 1949 2474 2003 sint
2498 1949 2568 2005 de
2597 1949 2871 2020 episcopis
2901 1958 3054 2005 certa
3081 1958 3136 2005 et
3155 1950 3444 2007 manifesta
3472 1951 3531 2006 in

1929 2036 2136 2108 regulis
2163 2036 2364 2092 sanctis
2378 2035 2598 2106 judicia.
2618 2038 2685 2093 Et
2704 2038 2947 2094 delatori
2965 2042 3069 2094 aut
3090 2039 3288 2111 lingua
3308 2039 3535 2108 capute-

1934 2127 2044 2189 tur,
2069 2128 2173 2197 aut
2190 2126 2441 2181 convicto
2462 2129 2635 2196 caput
2673 2127 2982 2196 amputari,
3019 2124 3157 2182 sicut
3186 2126 3277 2182 hic
3301 2126 3532 2197 potestis

1929 2194 2117 2268 vider'e
2164 2212 2506 2283 subscripsit,
2536 2194 2607 2269 vet
2645 2213 2738 2285 qui
2770 2194 2847 2269 ex
2895 2212 3009 2269 suis
3056 2229 3236 2282 secus,
3283 2194 3533 2271 nolentes

1929 2297 2051 2355 ﬁeri
2075 2300 2209 2356 socii
2236 2301 2397 2370 hujus
2442 2300 2766 2373 disciplinae,
2799 2317 2910 2357 non
2948 2301 3278 2358 haberentur
3305 2301 3532 2374 partici-

1928 2403 2028 2459 pes
2056 2388 2451 2444 communionis
2480 2404 2612 2446 suae.
2644 2390 2782 2446 Cum
2812 2389 3116 2462 Cyprianus
3136 2391 3192 2445 in
3207 2390 3531 2447 abusionum

1930 2476 2212 2547 gradibus,
2247 2484 2299 2531 et
2330 2478 2679 2534 Innocentius
2708 2478 2765 2533 in
2793 2479 3031 2535 decretis
3060 2478 3174 2535 suis
3205 2494 3272 2535 ex
3303 2487 3531 2551 aposto-

1928 2563 2034 2619 lica
2064 2564 2333 2620 sententia
2374 2565 2675 2634 judiciarize
2720 2567 2979 2637 potestati
3009 2567 3253 2640 gladium
3282 2567 3533 2641 legaliter

1927 2649 2200 2706 vindicem
2241 2652 2477 2708 doceant
2521 2670 2644 2709 esse
2683 2654 3035 2724 permissum,
3069 2671 3231 2727 quem
3262 2655 3530 2712 ecclesia-

1929 2738 2077 2794 sticis
2120 2739 2380 2815 ministris
2426 2741 2512 2796 vel
2540 2741 2596 2796 in
2625 2740 2790 2811 bella,
2822 2742 2909 2797 vel
2935 2742 2990 2796 in
3038 2742 3303 2799 seditione
3350 2743 3527 2800 corri-

1927 2842 2080 2896 pere,
2111 2827 2200 2884 vel
2228 2827 2387 2883 etiam
2416 2836 2654 2899 portare,
2685 2844 2721 2885 a
2739 2830 3035 2899 majoribus
3062 2831 3264 2887 nostris
3293 2832 3529 2904 legimus

1928 2929 2037 2969 non
2079 2930 2202 2970 esse
2252 2931 2575 2972 concessum
2621 2916 2779 2986 (Vide
2834 2920 3033 2973 Anton.
3069 2920 3359 2992 Augustin.
3401 2922 3525 2977 Jur.

1928 3018 2132 3071 canon,
2164 3020 2220 3075 p.
2257 3019 2336 3071 ιιι,
2369 3004 2448 3060 tit.
2482 3006 2596 3071 20).
2627 3005 2695 3061 Et
2711 3005 2977 3061 Dominus
2999 3006 3130 3063 dicit
3163 3025 3178 3062 :
3209 3008 3531 3066 Benedictte

1926 3091 2395 3148 maledicentibus
2422 3094 2590 3163 vobis,
2614 3097 2674 3149 et
2689 3098 2848 3151 orate
2862 3112 2967 3167 pro
2982 3099 3449 3168 persequentibus
3471 3100 3530 3154 et

1925 3181 2412 3237 calumniantibus
2428 3197 2519 3237 vos
2541 3182 2693 3251 (Luc.
2719 3183 2829 3252 v1);
2855 3190 2908 3238 et
2922 3183 3136 3252 Petrus,
3160 3201 3275 3241 non
3292 3185 3531 3241 redden-

1927 3270 2009 3322 tes
2030 3268 2249 3323 malum
2259 3285 2362 3338 pro
2382 3270 2554 3335 malo,
2577 3271 2665 3325 vel
2683 3269 3056 3325 maledictum
3073 3287 3178 3343 pro
3194 3272 3524 3342 maledicto,

1922 3355 2020 3410 sed
2038 3371 2066 3410 e
2083 3356 2370 3412 contrario
2391 3355 2781 3412 benedicentes
2799 3356 2861 3425 (Ι
2871 3359 3027 3412 Petr.
3052 3356 3138 3429 in)
3160 3375 3175 3424 ;
3200 3366 3253 3413 et
3282 3358 3482 3414 Paulus
3507 3376 3522 3415 :

1922 3443 2043 3499 Non
2062 3459 2153 3499 vos
2170 3443 2557 3513 defendentes,
2576 3443 2924 3513 charissimi,
2947 3445 3044 3500 sed
3063 3446 3193 3501 date
3216 3447 3398 3502 locum
3418 3448 3523 3503 ira:

1921 3530 2099 3601 (Rom.
2131 3532 2254 3601 xu).
2285 3531 2355 3586 Et
2383 3538 2606 3586 sanctus
2637 3531 2940 3604 Gregorius
2970 3532 3026 3587 in
3056 3532 3287 3603 epistola
3315 3535 3387 3590 ad
3415 3534 3521 3591 Sa-

1921 3616 2198 3673 binianum
2246 3617 2537 3673 diaconum
2580 3619 3236 3690 Constantinopolitanum
3266 3623 3385 3692 (lib.
3418 3637 3520 3694 vn,

1920 3707 2082 3777 epist.
2118 3706 2172 3777 1)
2204 3722 2218 3760 :
2257 3728 2278 3756 ι
2312 3706 2558 3763 Breviter
2586 3722 2855 3779 suggeras
2880 3708 3249 3765 serenissimis
3279 3710 3518 3767 dominis

1918 3792 2138 3861 nostris,
2187 3793 2313 3865 quia
2342 3793 2387 3849 si
2418 3810 2522 3867 ego
2551 3793 2608 3849 in
2636 3804 2867 3853 mortem
2916 3797 3401 3868 Langobardorum
3430 3816 3520 3856 me

1917 3881 2147 3941 miscere
2178 3881 2493 3948 voluissem,
2524 3883 2688 3939 hodie
2727 3884 3218 3957 Langobardorum
3248 3902 3387 3960 gens
3416 3903 3522 3945 nec

1918 3984 2128 4043 regem,
2162 3984 2265 4026 nec
2309 3969 2500 4038 duces,
2546 3986 2650 4026 nec
2691 3972 2918 4029 comites
2965 3974 3213 4044 haberet,
3265 3983 3430 4048 atque
3461 3976 3517 4033 in

1917 4072 2127 4112 summa
2174 4057 2493 4114 confusione
2537 4067 2704 4114 esset.
2739 4061 2850 4117 Sed
2879 4061 3007 4133 quia
3036 4063 3213 4119 Deum
3242 4063 3429 4133 timeo,
3460 4065 3518 4121 in

1914 4153 2091 4201 morte
2148 4146 2437 4215 cujuslibet
2492 4147 2728 4203 hominis
2782 4149 3018 4206 miscere
3075 4150 3328 4208 formida.
3370 4176 3392 4202 υ
3449 4155 3519 4210 Et

1914 4241 2136 4289 sanctus
2164 4235 2500 4307 Augustinus
2530 4235 2600 4290 ad
2629 4236 2963 4292 Bonifacium
2991 4237 3191 4295 Africae
3209 4254 3517 4310 proconsu-

1913 4320 2024 4376 lem
2055 4337 2070 4377 :
2104 4344 2126 4370 α
2164 4322 2286 4388 Fas,
2335 4322 2530 4394 inquit,
2562 4338 2674 4378 non
2702 4331 2803 4388 est,
2836 4332 2893 4378 ut
2941 4340 3070 4379 reus
3100 4326 3345 4397 episcapi
3376 4345 3514 4401 sug-

202 4428 480 4487 cangrua,
518 4420 761 4484 tempore
791 4413 1060 4486 synodali,
1092 4415 1163 4470 ab
1190 4415 1441 4471 omnibus
1472 4416 1813 4486 comprovin-
1834 4409 1887 4470 D
1917 4409 2255 4481 gestianibus
2296 4410 2596 4477 occidatur,
2630 4410 2721 4482 qui
2750 4410 2943 4477 venia,
2977 4411 3024 4466 si
3050 4413 3386 4483 paenituerit,
3419 4432 3513 4471 re-

200 4501 437 4557 cialibus
493 4500 769 4572 episcOpis
813 4502 871 4556 in
915 4517 1017 4558 sua
1057 4503 1338 4574 provincia
1380 4503 1646 4559 audiatur.
1688 4503 1811 4573 Qui,

198 4589 548 4646 concordem
563 4605 727 4660 super
742 4604 808 4645 eo
834 4589 1084 4660 proferre
1107 4591 1382 4647 debebunt
1412 4592 1756 4651 sententiam.
1785 4612 1809 4643 ι

198 4675 357 4744 Quod
379 4685 440 4733 et
461 4676 794 4733 Antiocheni
813 4691 1049 4734 canones
1077 4679 1422 4750 apertissime
1451 4680 1814 4738 decreverunt

194 4765 347 4835 (can.
385 4766 513 4835 14).
541 4765 612 4819 Et
639 4766 768 4820 item
798 4765 1124 4837 subscripsit
1151 4774 1205 4822 et
1234 4767 1505 4824 subscribi
1537 4782 1569 4823 a
1598 4769 1813 4824 clericis

195 4853 308 4908 suis
335 4852 505 4918 fecit,
529 4858 589 4907 ut
608 4873 630 4902 ‹
652 4850 883 4909 delatori
912 4861 1003 4910 aut
1029 4853 1221 4927 lingua
1240 4855 1546 4927 capuletur,
1569 4863 1664 4911 aut
1681 4871 1813 4913 con-

190 4939 334 4997 victo
366 4947 547 5013 caput
574 4948 902 5012 amputetur.
932 4962 955 4993 ι
988 4943 1059 4999 Et
1087 4943 1425 5016 subjungens
1454 4944 1652 5001 Leonis
1680 4961 1812 5002 sen-

189 5031 418 5085 tentiam
449 5043 563 5101 qua
590 5029 722 5085 dicit
750 5030 859 5101 (ep.
896 5037 917 5087 1
951 5031 1023 5087 ad
1051 5033 1284 5104 episc.):
1312 5055 1334 5080 «
1361 5033 1492 5089 Haec
1510 5032 1688 5105 itaque
1710 5034 1811 5089 ad-

187 5118 421 5175 monitio
456 5124 651 5174 nostra
680 5117 978 5187 denuntiat,
1014 5120 1162 5191 quod
1191 5120 1238 5176 si
1269 5120 1393 5192 quis
1420 5120 1653 5177 fratrum
1680 5137 1815 5180 con-

186 5211 269 5261 tra
329 5207 464 5263 hac
511 5206 801 5262 constituta
844 5206 1031 5263 venire
1079 5209 1385 5276 tentaverit,
1445 5217 1497 5264 et
1538 5209 1812 5281 prohibita

183 5294 346 5350 fuerit
404 5309 583 5350 ausus
637 5293 945 5365 admittere,
1005 5310 1039 5350 a
1093 5308 1193 5351 suo
1249 5312 1310 5353 se
1364 5298 1580 5354 noverit
1632 5298 1811 5355 officio

185 5381 643 5439 submovendum
674 5399 689 5436 :
724 5397 827 5439 nec
881 5383 1278 5440 communionis
1321 5393 1524 5442 nostrae
1567 5385 1811 5443 futurum

184 5482 305 5526 esse
367 5476 715 5538 consortem,
748 5470 839 5543 qui
867 5471 1047 5529 socius
1090 5470 1265 5530 noluit
1314 5489 1438 5530 esse
1484 5473 1806 5546 disciplina.

1912 4504 2184 4553 servatur.
2209 4521 2231 4545 »
2266 4496 2322 4553 Si
2351 4513 2462 4552 non
2490 4505 2575 4553 est
2601 4496 2686 4553 fas
2706 4505 2764 4553 ut
2780 4514 2908 4555 reus
2929 4498 3170 4571 episcopi
3200 4503 3517 4575 suggestio-

1912 4584 2074 4640 nibus
2119 4583 2417 4653 occidatur,
2455 4585 2548 4657 qui
2576 4585 2770 4663 veniae,
2803 4587 2850 4642 si
2878 4586 3206 4658 paenituerit,
3254 4604 3511 4645 reserva-

1911 4679 2036 4739 tur;
2069 4671 2226 4728 nefas
2252 4679 2336 4729 est
2362 4680 2422 4727 ut
2449 4690 2596 4740 reus,
2632 4675 2727 4746 qui
2753 4675 2946 4744 venia,
2978 4676 3024 4731 si
3051 4676 3380 4747 paenituerit,
3413 4693 3510 4733 re-

1913 4767 2182 4828 servatur,
2219 4761 2289 4816 ab
2320 4761 2581 4834 episcopo
2608 4763 2677 4818 ad
2716 4771 2946 4819 mortem
2982 4764 3339 4834 adjudicetur,
3371 4773 3426 4822 et
3452 4765 3511 4821 in

1911 4849 2101 4905 mortis
2145 4850 2263 4918 ejus
2286 4849 2493 4919 judicio
2541 4851 2915 4907 subscribatur
2945 4868 2958 4907 :
2992 4859 3045 4907 et
3073 4852 3384 4926 episcopus,
3417 4853 3510 4927 qui

1911 4946 2101 4994 contra
2146 4937 2577 4995 ecclesiasticum
2607 4940 2875 5005 ordinem,
2911 4947 2963 4994 et
2996 4940 3312 5014 regularem
3338 4942 3509 4999 disci-

1910 5025 2115 5097 plinam
2168 5026 2510 5097 subscripsit,
2569 5035 2628 5081 ut
2682 5027 2823 5083 sacri
2865 5026 3052 5083 altaris
3094 5028 3328 5086 ministri
3382 5030 3511 5086 huic

1910 5115 2103 5170 mortis
2125 5114 2426 5185 disciplinae
2459 5114 2705 5171 nolentes
2732 5112 2849 5170 ﬁeri
2878 5115 3034 5188 socii,
3064 5132 3174 5174 non
3202 5118 3511 5175 habeantur

1908 5201 2206 5274 participes
2234 5202 2632 5258 communionis
2662 5218 2777 5259 suae
2808 5221 2821 5258 :
2853 5203 3069 5261 videtur
3096 5221 3156 5260 se
3183 5205 3341 5274 hujus
3362 5205 3509 5275 judi-

1907 5291 1977 5346 cii
2005 5289 2402 5361 subscriptione
2431 5306 2465 5346 a
2493 5291 2875 5349 communione
2920 5292 3291 5349 ecclesiastica
3335 5309 3502 5365 sepa-

1909 5393 2080 5446 rasse,
2110 5394 2141 5432 a
2168 5379 2325 5448 cujus
2373 5380 2754 5437 commtmione
2800 5381 2849 5436 si
2894 5397 2954 5437 se
3003 5380 3234 5436 ministri
3291 5380 3506 5449 altaris,

1909 5476 2314 5533 subscribentes
2354 5478 2547 5536 mortis
2586 5478 2813 5549 judicio,
2864 5486 3236 5562 separassent,
3280 5479 3507 5538 solidius
