4056 6178
539 273 642 327 5'79

1422 267 1764 324 HINCMARI
1791 265 2190 323 RHEMENSIS
2217 267 2750 326 ARCHIEPISCOPI

3694 276 3778 330 680

535 395 593 450 in
636 393 1018 458 communione
1061 392 1360 466 disciplina
1415 391 1798 450 ecclesiastica
1851 390 2124 464 perstitis-
2153 391 2462 455 Aomnium
2502 393 2818 466 prodiderat
2846 393 3170 463 voluntates,
3201 393 3559 466 transgressio
3586 403 3659 450 est
3683 413 3774 467 pu-

538 491 678 539 sent.

506 613 508 615 ›
606 572 762 628 Unde
791 571 985 628 beatus
1014 569 1334 626 Ambrosius
1364 570 1418 626 in
1450 569 1676 640 epistola
1705 570 1774 624 ad
1801 568 2129 625 Valentinia-

535 677 666 715 num
709 660 1106 732 imperatorem,
1153 660 1244 731 qui
1275 659 1556 730 petebatur
1585 667 1769 714 contra
1809 659 2128 731 religionem

536 749 894 806 Christianam
940 749 1051 820 legi
1097 748 1443 804 subscribere
1477 765 1491 802 :
1529 769 1550 798 α
1607 747 1882 802 Convenio
1933 747 2128 801 iterum

534 837 700 894 ﬁdem
731 845 896 906 tuam,
931 836 1196 892 convenio
1222 843 1459 891 mentem
1491 843 1658 902 tuam,
1692 851 1762 890 ne
1791 834 1878 890 vel
1899 849 2129 904 respon-

533 925 770 982 dendum
800 925 1098 980 secundum
1126 923 1437 992 hujusmodi
1485 923 1802 994 petitionem
1844 921 2128 992 gentilium

533 1029 782 1080 censeas,
812 1012 900 1068 vel
927 1012 982 1066 in
1012 1012 1278 1081 ejusmodi
1306 1027 1570 1082 responsa
1600 1009 1948 1080 sacrilegium
1998 1009 2126 1062 sub-

535 1101 844 1173 scriptionis
871 1101 1140 1171 adjungas
1177 1116 1190 1154 :
1223 1115 1330 1156 vox
1361 1097 1506 1154 enim
1537 1107 1648 1164 tua,
1683 1113 1874 1152 manus
1917 1105 2029 1166 tua,
2077 1105 2130 1150 et

533 1190 862 1260 subscriptio
890 1197 978 1246 tua
1008 1204 1143 1260 opus
1175 1194 1257 1242 est
1286 1194 1457 1242 tuum.
1499 1207 1520 1234 ι»
1555 1186 1624 1240 Et
1653 1185 1998 1256 antiquorum
2027 1185 2129 1240 Pa-

529 1285 670 1333 trum
697 1293 936 1334 canones
965 1277 1325 1332 decreverunt
1353 1274 1598 1329 dicentes
1657 1291 1670 1327 :
1717 1273 1871 1344 Sape
1918 1271 2127 1344 princi-

528 1383 628 1438 pes
657 1374 848 1422 contra
869 1363 1138 1434 quoslibet
1153 1362 1453 1431 majestatis
1471 1360 1737 1417 obnoxios
1755 1360 2128 1416 sacerdotibus

529 1454 753 1527 negotia
782 1468 883 1508 sua
909 1451 1248 1507 committunt
1281 1466 1294 1506 :
1327 1457 1379 1506 et
1409 1450 1536 1524 quia
1582 1450 1897 1505 sacerdotes
1929 1448 2130 1504 Christi

530 1542 598 1596 ad
627 1539 989 1596 ministerium
1030 1539 1218 1596 salutis
1267 1539 1426 1596 electi
1468 1546 1610 1606 sunt,
1669 1537 1744 1592 ibi
1793 1537 2132 1594 consentiant

526 1628 750 1700 regibus
770 1628 1004 1698 judices,
1037 1627 1131 1682 ubi
1154 1627 1510 1697 jurejurando
1557 1625 1806 1700 supplicii
1834 1625 2130 1698 indulgen-

2228 481 2337 536 nita
2367 490 2703 538 cunctorum.
2744 506 2765 532 ι»

2297 571 2364 625 Et
2394 571 2521 642 quia
2563 587 2782 627 sacrum
2825 569 3104 627 Nicanum
3135 571 3422 628 concilium
3451 573 3781 650 metropolita-

2227 673 2328 713 nos
2359 658 2696 731 singularum
2722 659 3128 730 provinciarum
3159 660 3444 732 episcopos
3471 661 3780 734 privilegium

2225 747 2431 803 habere
2462 747 2723 804 decrevit.
2756 748 2910 804 Unde
2939 749 3048 803 Leo
3066 748 3133 803 ad
3157 748 3464 804 Anatolium
3485 749 3608 804 dicit
3627 751 3785 821 (epist.

2229 835 2318 906 55)
2353 853 2366 889 :
2405 857 2427 886 «
2453 835 2572 903 Illa,
2599 836 2870 907 inquiens,
2893 836 3242 892 Nicanorum
3271 852 3538 892 canonum
3563 853 3654 908 per
3682 853 3788 892 san-

2229 931 2375 978 ctum
2403 940 2531 980 vere
2575 924 2833 995 Spiritum
2877 924 3125 979 ordinata
3183 925 3422 980 conditio
3468 925 3523 978 in
3565 926 3698 979 nulla
3723 934 3790 981 est

2227 1019 2383 1083 parte
2433 1011 2701 1067 solubilis.
2741 1033 2763 1062 ι
2801 1012 2909 1068 Sed
2955 1020 3008 1066 et
3037 1011 3146 1066 alia
3191 1012 3460 1068 catholica
3496 1012 3704 1068 concilia
3729 1014 3790 1067 ita

2228 1100 2296 1154 ab
2325 1099 2578 1156 omnibus
2607 1100 2783 1156 teneri
2811 1099 3178 1157 diﬂinierunt:
3208 1100 3331 1172 quia
3362 1115 3547 1157 eorum
3575 1100 3790 1156 immobi-

2226 1186 2370 1242 libus
2400 1188 2635 1244 decretis
2663 1188 2932 1244 contraria
2959 1188 3301 1259 subscripsit,
3332 1204 3412 1258 se,
3439 1189 3638 1261 sibique
3665 1205 3791 1244 com-

2227 1275 2400 1345 plices
2430 1292 2464 1332 a
2490 1275 2754 1332 catholica
2798 1276 3176 1332 communione
3221 1293 3549 1350 segregasse
3585 1276 3788 1334 videtur.

2231 1363 2382 1420 Sicut
2411 1364 2538 1420 item
2567 1366 2674 1420 Leo
2703 1365 2758 1418 in
2790 1365 3020 1435 epistola
3050 1365 3121 1420 ad
3149 1365 3493 1420 Pulcheriam
3528 1368 3792 1438 Augustam

2229 1451 2415 1522 (epist.
2451 1453 2540 1522 55)
2580 1453 2863 1509 manifeste
2908 1452 3244 1508 demonstrat
3290 1452 3481 1508 dicens
3513 1471 3528 1506 :
3564 1474 3586 1503 ι
3619 1453 3795 1507 Contra

2229 1547 2426 1595 statuta
2453 1555 2724 1595 canonum
2767 1541 3136 1607 Paternorum,
3188 1557 3308 1612 qua
3343 1547 3465 1595 ante
3493 1540 3792 1613 longissima

2229 1627 2398 1682 atatis
2431 1643 2604 1683 annos
2634 1628 2688 1682 in
2718 1629 2849 1683 urbe
2878 1628 3103 1684 Nicana
3145 1627 3519 1698 spiritualibus
3547 1636 3661 1682 sunt
3687 1627 3793 1682 fun-

531 1717 605 1772 tia
636 1715 1006 1784 committitur,
1040 1731 1149 1770 non
1194 1715 1286 1770 ubi
1328 1715 1658 1771 discriminis
1690 1713 1958 1770 sententia
1987 1729 2130 1784 pra-
2151 1743 2204 1802 B
2233 1716 2358 1770 data
2385 1715 2638 1783 decretis,
2671 1715 2804 1770 nihil
2844 1716 3094 1788 cuiquam
3125 1715 3330 1771 audere
3360 1716 3670 1772 conceditur
3697 1734 3710 1770 :
3737 1715 3798 1770 ita

527 1813 770 1876 paratur.
804 1805 861 1860 Si
884 1804 1006 1876 quis
1035 1804 1198 1860 etiam
1227 1803 1573 1859 sacerdotum
1619 1810 1812 1858 contra
1840 1817 2126 1857 commune
2233 1811 2290 1858 ut
2321 1803 2367 1858 si
2395 1803 2517 1876 quis
2547 1803 2823 1859 diversum
2867 1803 3072 1876 aliquid
3114 1804 3412 1860 decernere
3459 1805 3602 1872 velit,
3632 1821 3684 1859 se
3710 1819 3796 1876 po-

531 1893 838 1952 consultum
865 1892 1144 1948 discussor
1171 1891 1228 1945 in
1248 1890 1440 1946 alienis
1469 1890 1730 1962 periculis
1761 1889 2048 1955 exstiterit,
2071 1895 2129 1944 ut
2231 1890 2336 1946 tius
2364 1891 2568 1946 minuat
2597 1909 2758 1963 quam
2787 1891 2877 1946 illa
2924 1900 3255 1962 corrumpat.
3294 1913 3316 1941 ι
3351 1891 3422 1946 Et
3450 1893 3594 1964 quia,
3624 1899 3676 1946 ut
3700 1891 3798 1963 ipse

528 1998 658 2038 reus
685 1980 842 2036 eﬂ'usi
871 1981 1152 2053 sanguinis
1183 1981 1326 2051 apud
1355 1979 1651 2048 Christum,
1685 1986 1740 2033 et
1771 1978 1914 2048 apud
1946 1977 2132 2032 Eccle-
2231 1979 2422 2034 beatus
2447 1979 2576 2048 Leo,
2611 1988 2662 2034 et
2692 1987 2816 2036 ante
2843 1980 2994 2034 illum
3026 1981 3310 2046 Damasus,
3337 1987 3390 2035 et
3421 1979 3728 2045 Bonifacius,
3755 1986 3798 2033 et

527 2070 664 2126 siam
707 2069 899 2142 perdat
937 2069 1223 2141 proprium
1279 2068 1532 2140 gradum.
1573 2088 1594 2117 »
1629 2066 1730 2122 Hic
1759 2073 1940 2122 autem
1977 2065 2131 2120 nullo
2231 2074 2356 2138 post
2384 2083 2506 2123 eum
2537 2068 2628 2122 alii
2659 2067 2970 2139 apostolica
2993 2068 3141 2122 sedis
3165 2066 3450 2138 pontifices
3473 2068 3800 2140 scripserunt,

527 2157 894 2216 comminante
950 2173 1129 2228 neque
1176 2156 1421 2225 jubente,
1485 2155 1659 2228 gratis
1703 2153 2042 2224 subscripsit,
2074 2161 2133 2208 ut
2231 2155 2397 2211 iidem
2427 2156 2566 2211 sacri
2596 2171 2854 2226 canones,
2879 2172 3154 2211 mansura
3173 2155 3380 2211 scilicet
3399 2173 3572 2228 usque
3591 2155 3645 2210 iu
3659 2153 3798 2209 ﬁnem

528 2245 761 2302 delatori
793 2252 886 2300 aut
931 2244 1118 2316 lingua
1148 2247 1447 2316 capuletur,
1481 2251 1576 2298 aut
1603 2249 1766 2313 caput
1801 2249 2132 2312 amputetur,
2237 2244 2422 2299 saculi
2450 2243 2623 2316 leges,
2658 2243 2862 2315 Spiritu
2906 2244 3008 2298 Dei
3057 2251 3181 2299 sunt
3225 2243 3448 2299 conditi.
3492 2243 3592 2312 Qui
3623 2242 3800 2298 scilicet
3866 2311 3872 2318 I

534 2341 588 2389 et
617 2331 712 2404 qui
739 2331 972 2388 noluerit
1001 2330 1122 2387 fieri
1155 2331 1337 2387 socius
1366 2331 1525 2400 hujus
1557 2329 1878 2400 disciplina,
1908 2346 2008 2385 nec
2037 2330 2136 2384 ha—
2235 2332 2488 2403 Spiritus,
2530 2332 2686 2402 juxta
2728 2331 3105 2403 evangelicam
3157 2340 3210 2387 et
3257 2332 3606 2402 apostolicam
3631 2331 3801 2388 verita-

535 2421 733 2476 beatur
761 2419 1041 2490 particeps
1090 2419 1488 2475 communionis
1529 2435 1661 2474 sua.
1693 2419 1763 2474 Et
1788 2434 1896 2484 non
1925 2416 2136 2474 suﬂ'ecit
2235 2429 2342 2476 tem
2373 2421 2604 2492 Spiritus
2633 2428 2716 2476 est
2743 2421 2933 2488 Patris,
2958 2421 3190 2490 Spiritus
3220 2428 3301 2476 est
3331 2420 3470 2486 Filii,
3497 2421 3619 2492 quia
3645 2433 3803 2490 aqua-

533 2507 612 2563 illi
639 2517 698 2564 ut
725 2507 1114 2577 subscriberet,
1140 2515 1407 2580 quatenus
1439 2506 1688 2563 convicto
1717 2505 1944 2562 delatori
1974 2512 2136 2576 caput
2235 2508 2359 2564 liter
2384 2525 2416 2563 a
2446 2510 2605 2565 Patre
2635 2509 2884 2580 procedit
2914 2515 2967 2564 et
2996 2508 3150 2574 Filio,
3185 2516 3237 2564 et
3267 2515 3409 2563 totus
3439 2517 3521 2564 est
3551 2508 3725 2574 Patris,
3753 2521 3805 2560 ac

536 2603 883 2669 amputetur;
911 2612 1104 2652 verum
1153 2603 1204 2652 et
1258 2595 1537 2652 ministros
1594 2594 1997 2651 ecclesiasticos
2025 2610 2137 2649 sua
2239 2605 2383 2652 totus
2414 2605 2496 2654 est
2524 2596 2644 2651 Filii
2692 2590 2960 2667 Spiritus;
2995 2603 3049 2651 et
3077 2596 3256 2664 Pater,
3309 2603 3365 2651 et
3393 2596 3577 2664 Filius,
3609 2603 3656 2650 et
3679 2593 3800 2648 idem

536 2684 836 2756 parochia,
861 2685 988 2741 huic
1007 2699 1280 2755 perversa
1304 2684 1586 2740 sententia
1613 2683 1736 2739 fecit
1766 2682 2136 2738 subscribere.
2241 2685 2466 2756 Spiritus
2515 2691 2750 2752 sanctus,
2813 2701 3042 2756 quorum
3083 2691 3166 2740 est
3209 2700 3317 2739 una
3360 2683 3672 2750 substantia,
3719 2696 3806 2737 una

535 2773 892 2830 Reclamante
939 2772 1158 2829 Gelasio
1187 2772 1244 2827 in
1273 2772 1505 2843 epistola
1552 2772 1622 2826 ad
1645 2771 1988 2828 Anastasium
2031 2770 2138 2826 im-
2240 2773 2506 2843 voluntas,
2553 2781 2605 2828 et
2651 2773 2926 2844 operatio;
2961 2772 3170 2829 scilicet
3213 2773 3332 2844 ipsa
3379 2781 3566 2829 sancta
3601 2771 3806 2828 Trinitas

533 2869 840 2934 peratorem
881 2861 1071 2934 (epist.
1109 2861 1196 2931 t0)
1233 2878 1245 2914 :
1285 2881 1309 2911 ι
1342 2860 1484 2916 Dicit
1533 2859 1848 2930 Apostolus,
1897 2859 1988 2931 qui
2030 2873 2141 2914 non
2238 2877 2378 2916 unus
2409 2869 2491 2917 est
2537 2862 2704 2926 Deus,
2737 2878 2800 2917 ac
2829 2861 3112 2916 Dominus.
3164 2862 3389 2916 Constat
3437 2861 3564 2932 quia
3593 2877 3622 2914 a
3647 2861 3836 2925 Patre,,

531 2949 706 3008 solum
747 2965 856 3006 non
888 2948 1140 3004 facienda
1186 2947 1412 3014 faciunt,
1445 2962 1572 3003 reos
1617 2947 1812 3015 videri,
1854 2947 2020 3005 etiam
2048 2947 2144 3022 qui
2242 2957 2295 3004 et
2323 2949 2479 3016 Filio,
2513 2956 2565 3004 et
2606 2949 2805 3020 Spiritu
2848 2957 3054 3020 sancto,
3107 2956 3216 3004 tota
3257 2949 3514 3006 videlicet
3559 2947 3804 3010 Trinitate,

531 3037 878 3094 consentiunt
909 3035 1250 3092 facientibus.
1281 3035 1521 3108 Legibus
1550 3042 1700 3091 certe
1727 3034 1926 3091 vestris
1953 3027 2144 3090 crimiJ

527 3142 660 3182 num
704 3123 976 3192 conscios,
1029 3130 1488 3196 susceptoresque
1541 3121 1979 3179 latrocinantium
2038 3138 2138 3194 par

522 3211 847 3283 judiciorum
891 3227 1059 3284 poena
1107 3210 1434 3283 constringit
1466 3228 1480 3264 :
1513 3226 1615 3266 nec
1655 3225 1851 3281 expers
1881 3209 2136 3266 facinoris

527 3301 846 3369 astimatur,
870 3301 962 3373 qui
987 3299 1114 3356 licet
1132 3299 1251 3370 ipse
1280 3315 1392 3355 non
1422 3297 1630 3368 fecerit,
1667 3297 1926 3354 facientes
1955 3306 2136 3355 tamen

527 3388 586 3444 in
609 3388 1030 3444 familiaritatem
1057 3386 1346 3459 fadusque
1376 3386 1664 3458 receperit.
1694 3406 1716 3436 ›
1743 3387 1845 3443 Hic
1875 3394 2055 3442 autem
2085 3393 2138 3442 et

527 3476 672 3547 fecit,
706 3485 758 3532 et
787 3475 1050 3532 facientes
1079 3475 1149 3530 ad
1179 3474 1458 3548 agendum
1491 3481 1680 3532 contra
1711 3473 1935 3545 regulas
1965 3490 2136 3546 quos-

527 3563 656 3620 dam
685 3563 912 3635 impulit,
948 3563 1276 3636 quibusdam
1304 3562 1594 3636 persuasit.
1629 3561 1768 3618 Hinc
1797 3561 2094 3633 Apostolus
2119 3579 2134 3617 :

528 3652 619 3710 Sic
652 3655 806 3709 enim
833 3655 1133 3724 peccantes
1157 3653 1222 3708 in
1240 3655 1474 3724 fratres,
1513 3655 1570 3708 et
1585 3651 1967 3722 percutientes
1997 3666 2137 3707 cou—

541 3742 847 3797 scientiam
867 3757 1063 3797 eorum
1077 3741 1390 3809 inﬁrmam,
1405 3741 1469 3794 in
1495 3739 1780 3795 Christum
1789 3739 2039 3809 peccatis
2055 3754 2068 3790 :
2083 3741 2140 3793 et

530 3829 738 3901 peribit
758 3829 1027 3897 inﬁrmus
1049 3830 1112 3884 in
1136 3831 1240 3882 tua
1257 3827 1500 3881 scientia
1515 3827 1718 3896 frater,
1737 3841 1840 3896 pro
1862 3841 1965 3896 quo
1989 3825 2141 3880 Chri-

529 3920 655 3972 stus
675 3920 936 3972 mortuus
957 3919 1042 3970 est
1065 3916 1116 3985 (1
1137 3915 1259 3970 Cor.
1284 3912 1428 3983 vm).
1451 3913 1518 3967 Et
1539 3911 1728 3966 beatus
1754 3911 2054 3982 Gregorius
2081 3911 2138 3966 in

527 4002 734 4073 Regula
753 4001 1011 4074 pastorali
1033 4017 1046 4056 :
1073 4019 1094 4054 ι
1119 4000 1292 4066 Scire,
1315 3999 1510 4070 inquit,
1527 3999 1786 4071 pralatus
1808 3999 1990 4065 debet,
2011 4000 2140 4071 quia

529 4091 576 4147 si
605 4105 864 4161 perversa
908 4105 1148 4162 unquam
1193 4095 1530 4160 perpetrant,
1565 4095 1643 4143 tot
1687 4087 1946 4143 mortibus
1982 4087 2140 4160 digni

529 4186 674 4246 sunt,
707 4185 838 4250 quot
893 4178 962 4234 ad
1017 4177 1266 4233 subditos
1325 4191 1456 4232 suos
1513 4175 1836 4248 perditionis
1891 4175 2139 4248 exempla

531 4265 924 4324 transmittunt.
959 4267 1114 4323 Unde
1146 4281 1377 4322 necesse
1407 4273 1489 4321 est
1517 4271 1576 4320 ut
1603 4272 1753 4320 tanto
1779 4281 1838 4320 se
1869 4264 2076 4322 cautius
2105 4279 2141 4320 ε.

531 4355 696 4428 culpa
753 4355 1082 4424 custodiant,
1141 4361 1344 4426 quanto
1395 4369 1498 4425 per
1551 4367 1722 4425 prava
1766 4369 1888 4425 qua
1915 4352 2135 4420 faciunt,

2240 3053 2348 3092 uno
2377 3038 2493 3093 Deo
2531 3045 2584 3092 et
2612 3037 2845 3093 Domino
2891 3037 2994 3108 ipsi
3043 3051 3282 3093 canones
3340 3045 3466 3092 sunt
3525 3034 3712 3094 conditi
3741 3049 3754 3087 :
3781 3046 3810 3087 a

2237 3125 2434 3198 quibus
2463 3125 2554 3198 qui
2591 3142 2690 3196 per
2738 3133 3108 3197 contemptum
3153 3125 3509 3196 pertinaciter
3549 3125 3733 3189 deviat,
3762 3121 3808 3174 in

2235 3214 2471 3282 Patrem,
2505 3220 2558 3269 et
2577 3213 2793 3280 Filium,
2813 3221 2868 3268 et
2891 3213 3152 3285 Spiritum
3176 3221 3441 3281 sanctum,
3475 3228 3640 3268 unum
3659 3213 3810 3266 Deum

2235 3318 2298 3356 ac
2378 3302 2672 3358 Dominum
2743 3309 2953 3372 peccat.
3029 3301 3100 3356 Et
3148 3301 3206 3356 in
3260 3303 3362 3357 hac
3441 3299 3814 3370 subscriptione

2235 3389 2483 3461 Apostoli
2531 3398 2614 3445 est
2658 3389 2923 3445 sententia
2970 3389 3316 3457 Hincmarus,
3349 3389 3406 3443 in
3436 3405 3548 3460 qua
3577 3385 3812 3444 sollicitus

2235 3493 2346 3534 non
2374 3477 2474 3533 fuit
2504 3493 2721 3534 servare
2751 3477 3015 3533 unitatem
3047 3477 3276 3548 Spiritus
3305 3477 3360 3532 in
3389 3477 3607 3534 vinculo
3635 3474 3772 3546 pacis
3801 3489 3812 3525 :

2239 3566 2338 3620 sed
2366 3565 2626 3621 sollicitus
2645 3565 2746 3620 fuit
2766 3565 3068 3621 dissolvere
3087 3565 3350 3620 unitatem
3373 3565 3626 3635 Spiritus,
3648 3568 3816 3618 contra

2236 3653 2510 3709 vinculum
2539 3653 2711 3725 pacis.
2743 3652 2885 3708 Dicit
2914 3653 3059 3708 enim
3088 3652 3403 3724 Apostolus,
3437 3653 3596 3722 cujus
3621 3656 3816 3705 senten-

2237 3741 2366 3796 tiam
2397 3741 2774 3812 subscriptioni
2806 3757 2920 3796 sua
2964 3756 3238 3812 perversa
3287 3739 3518 3795 inseruit
3551 3757 3564 3794 :
3598 3733 3817 3795 Solliciti

2238 3845 2460 3885 servare
2491 3830 2778 3885 unitatem
2807 3830 3048 3899 spiritus
3077 3829 3140 3884 in
3177 3828 3401 3885 vinculo
3427 3829 3622 3900 pacis;
3655 3839 3816 3880 unum

2239 3931 2458 3989 corpus,
2478 3933 2628 3972 unus
2663 3917 2920 3988 spiritus,
2947 3917 3096 3972 sicut
3131 3918 3314 3972 vocati
3347 3916 3486 3972 ‘estis
3527 3917 3589 3971 in
3611 3929 3720 3968 una
3741 3925 3821 3982 spe

2239 4006 2548 4062 vocationis
2568 4008 2766 4060 vestrae
2788 4005 3010 4076 (Ephes.
3038 4005 3138 4076 IV).
3164 4003 3319 4060 Unde
3346 4003 3538 4059 beatus
3572 3997 3821 4072 Gregori-

2239 4109 2333 4148 us:
2359 4112 2380 4146 ι
2398 4093 2482 4146 Ad
2501 4108 2662 4147 unam
2682 4092 2848 4165 igitur
2866 4091 3167 4149 vocationis
3187 4107 3341 4163 spem
3357 4105 3700 4164 nequaquam
3715 4099 3826 4158 per-

2239 4179 2481 4252 tingitur,
2516 4179 2562 4233 si
2591 4195 2700 4235 non
2727 4180 2796 4234 ad
2823 4195 2942 4236 eam
2991 4179 3143 4235 unita
3191 4195 3314 4236 cum
3361 4179 3630 4251 proximis
3658 4180 3826 4231 mente

2240 4275 2510 4323 curratur.
2563 4269 2680 4339 Est,
2717 4267 2912 4340 inquit,
2962 4267 3226 4323 Dominus
3270 4267 3342 4323 ad
3389 4267 3656 4338 Moysem,
3687 4264 3826 4319 locus

2237 4371 2408 4426 penes
2437 4372 2545 4422 me,
2578 4363 2632 4411 et
2661 4355 2827 4411 stabis
2877 4371 3046 4426 supra
3085 4363 3318 4427 petram.
3357 4377 3380 4405 »
3416 4355 3595 4411 Locus
3627 4351 3828 4426 quidem

528 4458 638 4501 non
669 4443 774 4501 soli
801 4443 1119 4500 moriuntur.
1148 4463 1170 4493 ι
1191 4443 1260 4498 Et
1287 4443 1418 4499 item
1448 4441 1702 4498 Gelasius
1721 4441 1778 4496 in
1809 4441 2044 4498 decretis
2064 4441 2136 4496 ad
2165 4437 2224 4501 D
2243 4444 2387 4516 apud
2432 4443 2724 4500 Dominum
2771 4451 2852 4499 est
2883 4452 3084 4500 sancta
3126 4443 3390 4500 Ecclesia
3420 4443 3622 4508 unitas,
3655 4441 3708 4495 in
3740 4453 3830 4508 qua

529 4533 818 4606 episcopos
865 4549 966 4604 per
1003 4531 1340 4588 Dardaniam
1390 4531 1731 4598 constitutos,
1781 4545 1845 4585 ac
1877 4529 1924 4585 si
1954 4529 2022 4584 de
2051 4529 2138 4585 his

529 4622 779 4694 loquatur
809 4637 949 4693 quos
977 4636 1166 4677 secum
1195 4619 1326 4676 fecit
1345 4618 1694 4674 subscribere
1712 4617 1944 4690 (Gelas.,
1969 4620 2134 4687 epist.

529 4713 617 4777 11,
651 4711 751 4765 sub
782 4708 906 4781 ﬁn.)
940 4727 954 4764 :
990 4731 1012 4757 «
1052 4707 1224 4778 Sicut,
1279 4707 1472 4778 inquit,
1523 4705 1579 4762 in
1622 4705 1784 4762 simili
1830 4705 2139 4763 conditione

528 4798 825 4868 constricti,
871 4813 982 4853 non
1033 4803 1261 4868 possunt
1303 4795 1628 4868 complicem
1683 4810 1842 4850 suum
1886 4794 2137 4863 judicare

530 4901 642 4943 non
693 4886 821 4956 jure
875 4885 1212 4954 damnatum,
1268 4900 1446 4958 neque
1475 4883 1552 4940 rei
1583 4883 1681 4956 [αὶ.
1714 4901 1823 4940 om.
1853 4883 1953 4956 rei]
1984 4899 2138 4939 reum

527 4981 756 5046 possunt
785 4980 1159 5044 competenter
1177 4973 1476 5030 absolvere
1500 4989 1515 5027 :
1541 4971 1620 5028 sic
1647 4971 1742 5027 illo
1758 4973 1898 5040 juste
1917 4987 2136 5042 prava-

527 5062 762 5120 ricatore
805 5061 1082 5128 damnato,
1134 5061 1225 5118 isti
1255 5077 1470 5133 quoque
1512 5059 1634 5132 pari
1671 5059 1854 5128 jacent
1903 5059 2135 5114 damna-

525 5151 676 5208 tione
701 5149 959 5222 prostrati
993 5166 1006 5206 :
1039 5166 1216 5222 neque
1267 5150 1394 5206 inde
1421 5148 1528 5204 nisi
1557 5147 1943 5218 resipiscentes
1972 5155 2134 5219 pote-

523 5247 654 5296 runt
682 5253 908 5312 prorsus
938 5237 1190 5305 absolvi;
1225 5237 1350 5310 quia
1379 5237 1516 5294 sicut
1543 5251 1644 5308 per
1684 5252 1853 5292 unum
1881 5236 2134 5292 scriben-

529 5333 642 5383 tem
671 5343 864 5384 eorum
893 5326 1138 5382 omnium
1164 5325 1384 5398 vulgata
1426 5325 1794 5398 transgressio
1823 5333 1924 5390 est,
1957 5324 2051 5396 qui
2077 5325 2136 5378 in

529 5413 780 5470 eamdem
822 5413 1070 5486 perfidia
1118 5413 1430 5470 ceciderant
1469 5413 1770 5482 actionem;
1821 5413 1900 5468 sic
1939 5412 1995 5467 in
2025 5428 2136 5468 uno

529 5509 832 5584 eodemque
861 5513 954 5585 qui
982 5525 1084 5584 pro
1114 5510 1367 5568 omnibus
1395 5509 1714 5582 scripserat,
1737 5509 1825 5568 vel
1841 5509 2134 5566 scribendo

2240 4549 2402 4603 super
2429 4540 2642 4604 petram
2673 4539 2865 4600 statur,
2899 4531 3026 4586 dum
3059 4530 3416 4589 confessionis
3447 4531 3568 4599 ejus
3601 4525 3830 4583 soliditas

2239 4620 2438 4676 utiliter
2467 4627 2698 4676 tenetur.
2731 4619 2799 4675 Hi
2829 4620 2972 4675 enim
3005 4620 3061 4674 in
3089 4619 3210 4676 loco
3239 4619 3332 4690 qui
3357 4634 3532 4690 penes
3552 4615 3831 4673 Dominum

2239 4715 2342 4780 est,
2377 4716 2428 4764 et
2457 4723 2625 4780 super
2665 4715 2875 4780 petram
2909 4715 3071 4776 stant,
3123 4705 3214 4778 qui
3241 4723 3338 4778 per
3365 4707 3634 4770 hareses,
3669 4709 3719 4757 et
3743 4713 3832 4770 per

2237 4797 2532 4854 schismata
2560 4797 2628 4851 ab
2658 4796 2864 4852 unitate
2895 4812 2954 4852 se
2983 4793 3245 4851 Ecclesia
3273 4809 3382 4849 non
3404 4793 3679 4850 dividunt.
3706 4786 3832 4858 Quia

2237 4893 2296 4939 ut
2321 4893 2540 4940 sanctus
2570 4883 2786 4939 Hilarus
2813 4899 2959 4956 papa
2999 4883 3129 4939 dicit
3157 4883 3347 4955 (epist.
3381 4881 3437 4953 4)
3472 4896 3484 4936 :
3525 4904 3546 4928 α
3585 4879 3707 4934 Non
3733 4874 3832 4930 mi-

2236 4989 2340 5028 nus
2369 4972 2426 5028 in
2455 4979 2760 5029 sanctarum
2805 4971 3157 5028 traditiouum
3204 4968 3514 5026 sanctiones
3545 4961 3830 5023 committi-

2236 5070 2343 5130 tur,
2375 5077 2534 5133 quam
2585 5061 2640 5115 in
2688 5059 2941 5129 injuriam
2996 5059 3167 5130 ipsius
3211 5056 3430 5114 Domini
3471 5053 3769 5128 prosilitur.
3805 5069 3824 5098 ι

2235 5150 2306 5206 Et
2331 5149 2478 5206 beati
2495 5147 2692 5205 Leonis
2712 5147 3055 5204 decernentis
3079 5147 3159 5218 (S.
3180 5147 3308 5212 Leo,
3337 5147 3437 5202 loc.
3460 5145 3612 5216 cit.),
3635 5141 3755 5215 quia
3779 5138 3832 5193 in

2236 5239 2413 5295 causis
2471 5255 2592 5310 qua
2636 5237 2707 5294 ad
2747 5235 3065 5309 generalem
3113 5232 3516 5292 observantiam
3561 5229 3830 5302 pertinent

2236 5327 2479 5384 omnium
2505 5325 2724 5384 Domini
2770 5325 3139 5390 sacerdotum,
3189 5322 3324 5378 nihil
3353 5320 3470 5377 sine
3516 5315 3830 5391 primatibus

2235 5422 2452 5487 oportet
2477 5413 2713 5486 impleri,
2744 5428 2854 5470 non
2877 5411 2975 5468 fuit
3005 5410 3188 5468 socius
3221 5407 3523 5481 disciplina
3559 5423 3572 5461 :
3607 5404 3752 5460 unde
3781 5399 3838 5454 ti-

2235 5511 2495 5569 mendum
2524 5519 2608 5568 est
2635 5518 2692 5567 ut
2719 5525 2828 5568 non
2859 5509 2926 5565 sit
2957 5508 3118 5566 etiam
3160 5521 3389 5564 consors
3435 5495 3832 5560 communionis
