4056 6178
477 297 482 301 .
499 242 602 295 583

1521 237 1864 294 HINCMARI
1899 235 2304 294 RHEMENSIS
2340 236 2890 295 ARCHIEPISCOPI.

3691 243 3792 298 584

499 362 738 420 matione
785 361 856 418 ad
896 377 984 417 me
1010 360 1290 418 hominum
1321 376 1387 434 ex
1413 376 1512 416 sua
1531 362 1812 432 parochia,
1863 361 2050 416 monui
2079 379 2092 415 :
2117 361 2174 422 Α
2201 360 2344 417 Nam
2375 361 2542 416 adimi
2589 362 2639 417 ei
2687 361 3076 434 episcOpatum,
3127 368 3416 434 antequam
3452 377 3633 420 causa:
3681 364 3797 432 ejus

501 453 600 507 sed
627 451 760 506 nihil
787 450 994 522 profeci
1025 467 1038 505 :
1071 459 1124 506 et
1151 449 1350 504 fabulis
1383 448 1452 504 de
1481 450 1632 505 Fimo
1663 449 1968 522 presbyteri
2007 465 2103 520 pa-

499 539 703 596 rochias
737 555 870 606 sum,
904 547 955 594 et
987 538 1128 596 villas
1159 538 1416 594 Ecclesiae
1435 546 1636 594 nostra:
1661 556 1676 604 ;
1697 538 1796 594 sed
1814 546 1867 593 et
1886 538 1954 593 de
1976 538 2099 593 aliis

495 628 833 685 mendaciter
861 627 1197 699 compositis,
1221 627 1289 682 de
1320 627 1514 699 quibus
1560 643 1620 682 se
1651 627 1768 698 ipse
1809 628 2100 698 presbyter

498 719 568 773 ad
594 733 683 772 me
702 733 812 772 non
841 715 1168 782 reclamavit,
1201 731 1302 770 nec
1333 716 1388 769 in
1409 715 1590 786 aliqua
1612 715 1822 786 synodo
1851 729 2100 786 compro-

497 806 714 864 vinciali
743 805 910 859 ullam
939 804 1206 858 rationem
1253 803 1380 858 inde
1409 804 1702 859 commovit
1763 810 2090 868 contextam,

499 894 556 948 in
583 894 775 950 eodem
803 891 1034 948 concilio
1063 891 1193 945 mihi
1208 891 1448 962 porrexit
1466 892 1608 962 (Non
1627 891 1862 961 exstat).
1887 891 1968 946 De
1990 906 2094 962 qua

499 980 672 1037 rotula
700 980 868 1052 loqui,
901 980 956 1034 in
985 979 1131 1034 aliud
1158 987 1374 1050 tempus
1401 979 1625 1050 dignum
1683 978 1812 1033 duxi
1873 977 2087 1044 diﬁ'ere,

500 1087 569 1125 ne
598 1068 752 1125 vobis
781 1068 998 1124 taedium
1041 1067 1399 1122 deliramenta
1456 1083 1552 1122 sua
1600 1066 1856 1133 inferant,
1916 1072 1970 1120 et
2023 1065 2092 1120 ad

498 1156 872 1213 necessariora
898 1172 996 1212 vos
1027 1155 1380 1211 deliberanda
1410 1155 1723 1225 impediant.
1745 1153 1852 1208 Sed
1869 1161 1922 1208 et
1942 1168 2090 1223 prae—

497 1245 668 1301 fatum
715 1261 874 1301 suum
899 1251 1302 1299 monstruosum
1329 1243 1643 1311 libellum,a
1690 1257 1750 1298 se
1781 1249 1833 1296 et
1854 1257 1921 1296 ea
1973 1239 2084 1295 suis

497 1333 883 1404 subscriptum,
917 1333 973 1386 in
1002 1332 1194 1386 eadem
1208 1331 1414 1402 synodo
1433 1329 1672 1401 protulit,
1702 1345 1865 1400 quem
1885 1329 2090 1384 ibidem

498 1422 792 1492 accipiens,
821 1421 1084 1475 hactenus
1115 1434 1295 1474 servo.

567 1511 637 1563 Et
665 1524 790 1563 cum
817 1523 906 1561 me
952 1506 1064 1562 vidi
1090 1513 1206 1577 post
1241 1513 1318 1560 tot
1346 1505 1744 1562 admonitiones
1776 1505 1910 1561 nihil
1941 1506 2088 1576 apud

499 1611 623 1652 eum
650 1611 814 1666 posse
841 1593 1130 1665 proﬁcere,
1163 1594 1476 1649 schedulam
1501 1594 1718 1666 porrexi
1765 1595 1821 1648 in
1877 1595 2087 1664 synodo

2200 451 2375 505 exitus
2404 458 2712 522 appareret,
2744 451 2877 506 nulli
2907 450 3214 506 Christiano
3245 451 3417 507 videri
3447 451 3567 520 jure
3622 452 3796 522 potuit

2200 537 2297 610 [al.
2322 581 2334 604 ,
2369 538 2673 610 potuisset].
2713 560 2735 590 ι
2767 541 2836 594 Et
2851 539 2979 594 item
3004 538 3131 594 dicit
3151 537 3329 610 (conc.
3353 540 3562 606 Mitem,
3594 553 3648 595 c.
3685 543 3748 597 21
3777 559 3790 606 ;

2197 641 2353 682 conc.
2377 627 2588 697 Afric.,
2614 643 2662 682 c.
2698 629 2799 694 87;
2827 627 2952 684 Cod.
2976 644 3104 683 can.
3131 627 3279 683 Eccl.
3305 628 3482 698 Afris.
3513 669 3526 694 ,
3549 643 3671 683 can.
3697 631 3790 685 121

2197 722 2250 769 et
2276 713 2368 786 2'2)
2401 731 2414 767 :
2453 736 2476 764 α
2501 716 2569 769 Ut
2599 731 2700 786 per
2738 714 3025 786 episcopos
3072 715 3284 782 judices
3329 731 3491 770 causa
3553 714 3796 782 ﬁniatur,

2196 802 2311 856 sive
2343 819 2480 873 quos
2510 803 2588 857 eis
2612 802 2764 875 [quin
2791 804 2930 858 inter
2967 820 3026 858 se
3046 803 3512 876 conquirentibus]
3535 804 3799 874 primates

2194 890 2460 960 dederint,
2491 891 2606 946 sive
2641 907 2780 962 quos
2811 891 2917 962 ipsi
2947 891 3154 948 vicinos
3176 908 3242 946 ex
3275 907 3546 948 consensu
3577 892 3801 964 delege-

2193 977 2320 1032 rint.
2356 979 2414 1034 Si
2445 987 2628 1034 autem
2659 995 2726 1034 ex
2755 980 3036 1035 communi
3065 980 3267 1050 placito
3323 979 3532 1035 vicinos
3581 979 3802 1048 judices

2192 1065 2475 1138 elegerint,
2509 1075 2598 1122 aut
2626 1084 2767 1122 unus
2797 1067 3049 1139 eligatur,
3082 1075 3170 1122 aut
3227 1075 3339 1122 tres
3373 1083 3386 1122 ε
3431 1075 3520 1123 aut
3573 1067 3622 1122 si
3683 1075 3796 1124 tres

2191 1155 2474 1227 elegerint,
2499 1163 2590 1210 aut
2606 1155 2848 1211 omnium
2869 1156 3192 1211 sententiam
3211 1163 3528 1226 sequantur,
3554 1162 3650 1210 aut
3667 1156 3798 1211 duo-

2189 1259 2331 1298 rum.
2364 1245 2410 1298 A
2429 1243 2706 1313 judicibus
2737 1235 2938 1310 autem,
2973 1260 3110 1315 quos
3143 1243 3444 1299 communis
3491 1258 3796 1299 consensus

2189 1331 2434 1402 elegerit,
2468 1348 2578 1387 non
2608 1332 2768 1388 liceat
2796 1347 3093 1402 provocare
3127 1349 3140 1385 :
3175 1338 3229 1386 et
3259 1331 3506 1402 quisquis
3525 1331 3698 1402 proba
3711 1341 3797 1386 tus

2188 1419 2349 1476 fuerit
2377 1435 2476 1491 pro
2505 1421 2880 1476 controversio
2910 1419 3055 1474 nolle
3085 1419 3464 1491 obtemperare
3488 1419 3796 1487 judicibus,

2187 1523 2312 1564 cum
2339 1509 2442 1563 hoc
2471 1508 2660 1578 primae
2694 1507 2840 1563 sedis
2871 1507 3129 1578 episcopo
3158 1507 3319 1562 fuerit
3345 1507 3660 1578 probatum,
3693 1508 3788 1562 det

2185 1595 2396 1651 litteras
2423 1603 2478 1650 ut
2507 1597 2686 1652 nullus
2718 1596 2768 1650 ei
2795 1595 3156 1652 communicet
3186 1595 3584 1666 episcoporum,
3609 1595 3790 1650 donec

497 1683 690 1772 decem
709 1682 1108 1772 provinciarum
1139 1681 1280 1772 (Non
1303 1687 1497 1772 exstat
1531 1683 1646 1738 hazc
1675 1683 1984 1772 schedula),
2018 1681 2087 1772 ab
2111 1709 2166 1772 Β
2197 1684 2553 1772 obtemperet.
2633 1705 2655 1733 ι
2715 1685 2783 1738 Et
2840 1684 3264 1756 Carthaginense
3320 1683 3451 1738 dicit
3500 1683 3795 1739 concilium

497 1771 706 1827 eisdem
733 1770 1061 1828 venerandis
1090 1770 1359 1841 episcopis
1377 1787 1624 1841 quaerens
1646 1771 1935 1826 consilium
1965 1769 2094 1840 quid

497 1868 690 1916 contra
717 1876 870 1915 suam
897 1858 1228 1930 pertinacem
1277 1859 1678 1916 contumaciam
1731 1875 1900 1931 agere
1955 1873 2088 1929 pos-

497 1964 615 2004 sem
647 1966 662 2003 :
694 1956 747 2003 et
776 1964 897 2020 quas
924 1947 1001 2001 illi
1035 1989 1047 2000 .
1081 1987 1095 2002 .
1131 1987 1144 2001 .
1178 1963 1292 2002 suae
1321 1955 1509 2002 contra
1553 1946 1927 2016 colligationes
1979 1961 2092 2001 sua:

495 2035 784 2108 impietatis
813 2035 1137 2102 direxeram,
1193 2043 1381 2090 contra
1437 2035 1543 2090 illis
1585 2043 1714 2090 nota
1760 2034 1884 2090 feci.
1935 2033 2091 2090 Unde

494 2133 549 2182 et
576 2125 645 2179 ab
675 2125 864 2180 eadem
893 2125 1102 2194 synodo
1133 2130 1452 2193 conventus,
1485 2123 1742 2194 quoniam
1801 2123 1998 2190 injuste
2029 2137 2091 2176 ac

493 2212 868 2285 irregulariter
897 2220 1072 2266 tantas
1107 2219 1160 2266 et
1219 2212 1356 2267 tales
1393 2210 1983 2266 excommunicationes
2013 2209 2091 2264 fa-

493 2301 995 2372 cerepraesumpsit,
1018 2299 1170 2354 dedit
1193 2299 1325 2353 mihi
1357 2299 1414 2354 in
1431 2299 1624 2354 eadem
1643 2299 1850 2369 synodo
1877 2297 2090 2369 profes-

493 2389 663 2444 sionis
678 2403 790 2442 suae
820 2387 1066 2442 libellum
1096 2387 1164 2441 de
1187 2386 1424 2459 regulari
1455 2387 1762 2442 obedientia
1782 2403 1897 2456 sua,
1926 2402 2088 2458 quem

489 2475 688 2543 habeo,
722 2475 814 2546 qui
843 2475 918 2530 ita
947 2492 1007 2530 se
1045 2475 1205 2529 habet
1239 2492 1252 2528 :
1306 2475 1603 2546 Privileg—io
1652 2477 1944 2531 II-incmari
1971 2491 2088 2530 me-

494 2570 648 2638 tropo
657 2565 827 2620 litani
834 2565 1144 2636 provinciae
1155 2563 1493 2618 Rhemorum
1521 2563 1769 2618 ecclesiae
1778 2563 2090 2618 secundum

491 2669 678 2710 sacros
699 2669 942 2708 canones
959 2656 1018 2708 et
1039 2653 1264 2708 decreta
1283 2651 1429 2706 sedis
1462 2652 1783 2723 apostolicae
1807 2667 1882 2707 ex
1909 2652 2086 2706 sacris

491 2743 798 2798 canonibus
809 2743 1190 2814 promulgata,
1230 2756 1334 2814 pro
1363 2741 1509 2796 scire
1538 2744 1761 2812 etposse
1791 2755 1878 2795 me
1918 2739 2093 2795 obedi-

495 2833 691 2885 turum
707 2830 992 2902 proﬁteor,
1012 2829 1312 2884 subscribo.
1331 2829 1399 2882 Et
1427 2844 1493 2883 ex
1522 2843 1588 2882 eo
1617 2828 1762 2898 quod
1791 2827 1875 2882 sui
1905 2825 2086 2881 homi—

490 2933 592 2971 nes
625 2932 684 2971 se
709 2917 779 2969 ad
805 2931 998 2987 regem
1027 2915 1478 2980 reclamaverunt,
1505 2915 1762 2986 quoniam
1785 2916 1852 2969 ab
1871 2914 2083 2985 eislsua,

488 3001 776 3068 beneﬁcia,
810 3019 930 3072 quae
958 3003 1102 3073 apud
1129 3011 1508 3058 antecessores
1529 3017 1677 3068 suos,
1710 3009 1761 3058 et
1789 3003 1934 3073 apud
1965 3017 2089 3056 eum

487 3089 914 3162 proservierunt,
945 3089 1145 3158 injuste
1186 3099 1240 3146 et
1275 3089 1708 3146 irrationabiliter
1747 3089 2079 3157 abstulisset,

489 3185 614 3250 post
643 3177 826 3234 datum
853 3177 984 3233 mihi
1017 3177 1256 3234 libellum
1281 3179 1338 3232 in
1365 3179 1574 3250 synodo
1596 3179 1663 3234 de
1693 3177 1930 3251 regulari
1951 3179 2078 3234 obe-

488 3265 693 3322 dientia
720 3283 837 3335 sua,
871 3267 1076 3322 electos
1099 3267 1312 3335 judices
1341 3266 1628 3338 episcopos
1643 3267 1790 3337 apud
1807 3283 1895 3322 me
1917 3283 2081 3338 expe-

485 3355 602 3411 tivit
634 3373 647 3408 :
682 3363 735 3410 et
761 3363 894 3423 tres,
927 3355 1228 3411 secundum
1248 3354 1559 3411 Africanum
1575 3355 1884 3420 concilium,
1925 3355 2078 3410 scili-

484 3451 573 3500 cet
602 3443 914 3511 Actardum,
965 3443 1382 3515 Ragenelmum,
1431 3450 1590 3514 atque
1632 3443 1899 3498 Joannem
1930 3459 1963 3496 a
1989 3459 2079 3498 me

485 3530 591 3587 sibi
619 3531 938 3603 designatos
966 3531 1241 3602 suscepit;
1275 3538 1328 3586 et
1365 3547 1569 3598 eorum,
1627 3538 1790 3603 atque
1847 3531 2077 3586 aliorum

485 3619 662 3676 Deum
690 3619 1012 3688 timentium,
1039 3619 1266 3689 judicio,
1291 3619 1346 3674 in
1371 3619 1556 3675 domni
1583 3619 1750 3692 regis,
1783 3619 1926 3675 sicut
1955 3635 2082 3690 pos-

486 3708 694 3774 tulavit,
727 3708 1037 3779 praesentia,
1072 3707 1140 3761 de
1171 3707 1494 3778 quibusdam
1526 3707 1807 3762 decretum
1853 3706 1970 3772 fuit,
2019 3715 2077 3761 ut

484 3794 753 3852 beneﬁcia
774 3812 872 3851 sua
897 3811 1016 3866 quae
1047 3795 1489 3850 irrationabiliter
1515 3794 1892 3864 perdiderunt,
1925 3809 2078 3850 recu-

481 3899 680 3954 perare
710 3883 993 3938 deberent.
1023 3883 1153 3936 Tota
1182 3889 1362 3936 autem
1419 3897 1610 3936 eorum
1665 3896 1852 3948 causa,
1901 3898 2076 3952 usque

483 3985 550 4026 ac
579 3971 746 4026 alium
793 3975 1102 4034 tractatum,
1151 3969 1311 4022 certis
1365 3968 1846 4024 intervenientibus
1893 3969 2076 4024 causis

482 4072 592 4113 non
619 4055 865 4122 diﬂinita,
899 4055 997 4111 sed
1025 4055 1113 4110 die
1155 4055 1260 4110 alia
1306 4055 1634 4126 diﬁinienda,
1668 4057 1944 4113 remansit.
2007 4059 2075 4113 Et

480 4152 604 4198 ante
633 4142 1004 4198 difﬁnitionem
1035 4149 1223 4198 contra
1253 4158 1443 4199 sacros
1483 4160 1742 4211 canones,
1793 4145 1909 4201 sine
1964 4145 2074 4200 ulla

480 4231 802 4287 necessitate
833 4231 920 4288 vel
947 4231 1176 4297 ratione,
1210 4239 1373 4288 noctu
1400 4231 1532 4304 fuga
1585 4233 1788 4303 lapsus,
1849 4232 2072 4305 regula-

479 4335 594 4374 rem
624 4317 1002 4374 diﬂinitionem
1030 4327 1349 4390 exspectare
1371 4321 1712 4392 contempsit.
1745 4319 1901 4376 Unde
1929 4319 2071 4376 sacri

2197 1771 2374 1843 (conc.
2405 1773 2669 1844 Carthag.
2692 1787 2770 1837 ιιι,
2807 1775 2895 1826 c.7
2915 1791 2928 1838 ;
2965 1772 3090 1827 Cod.
3127 1788 3253 1826 can.
3285 1773 3435 1826 Eccl.
3465 1771 3613 1842 Afr.,
3665 1786 3793 1826 can.

2194 1859 2284 1930 19)
2317 1877 2331 1914 :
2367 1880 2389 1909 ε
2425 1861 2493 1915 Ut
2523 1859 2768 1931 quisquis
2799 1859 3180 1930 episcoporum
3207 1867 3513 1927 accusatur,
3572 1858 3642 1912 ad
3669 1859 3790 1928 pri-

2195 1954 2368 2002 mates
2397 1947 2694 2018 provincia
2723 1947 2895 2017 ipsius
2923 1962 3142 2003 causam
3172 1946 3380 2002 deferat
3417 1953 3726 2002 accusator.
3765 1969 3785 1996 ι

2189 2036 2258 2090 Et
2305 2043 2428 2105 post
2485 2035 2763 2106 aliquanta
2796 2053 2808 2088 :
2847 2057 2868 2086 α
2904 2037 3104 2091 Verum
3133 2034 3316 2089 tandiu
3357 2041 3482 2105 post
3535 2050 3787 2089 mensem

2193 2123 2487 2176 secundum
2519 2138 2628 2177 non
2659 2122 3039 2188 communicet,
3074 2123 3251 2178 donec
3277 2128 3559 2193 purgetur.
3597 2121 3656 2177 Si
3679 2137 3788 2176 au-

2189 2217 2300 2265 tem
2327 2211 2396 2264 ad
2425 2210 2709 2266 concilium
2740 2210 3052 2266 universale
3095 2209 3524 2266 anniversarium
3584 2224 3786 2266 occur-

2189 2314 2313 2353 rere
2341 2298 2593 2367 noluerit,
2627 2306 2684 2352 ut
2712 2298 2799 2354 vel
2827 2298 2901 2352 ibi
2929 2314 3090 2353 causa
3117 2299 3235 2367 ejus
3266 2297 3602 2363 terminetur,
3661 2298 3788 2367 ipse

2187 2385 2242 2440 in
2273 2402 2332 2440 se
2365 2385 2729 2440 damnationis
2759 2386 3081 2441 sententiam
3105 2386 3310 2440 dixisse
3319 2385 3607 2454 judicetur.
3631 2386 3788 2440 Tem-

2187 2488 2322 2544 pore
2353 2487 2486 2528 sane
2515 2489 2622 2544 quo
2651 2489 2761 2527 non
2787 2473 3170 2540 communicat,
3205 2489 3307 2529 nec
3335 2473 3393 2526 in
3411 2488 3508 2527 sua
3523 2472 3782 2541 ecclesia,

2187 2561 2275 2618 vel
2302 2561 2564 2632 parochia
2594 2562 2975 2617 communicet.
3013 2581 3035 2610 ι
3070 2562 3140 2615 Et
3185 2561 3298 2630 jam
3352 2568 3657 2616 transactus
3696 2569 3784 2615 est

2187 2663 2364 2704 annus
2391 2665 2456 2704 ex
2501 2664 2608 2720 quo
2646 2665 2680 2704 a
2720 2665 2829 2716 me,
2876 2664 2974 2704 suo
3023 2648 3460 2720 metropolitano,
3518 2648 3784 2719 praefatos

2180 2738 2396 2806 judices
2425 2736 2625 2792 electos
2655 2737 2895 2808 expetiit,
2930 2745 2982 2791 et
3010 2737 3256 2807 accepit;
3289 2743 3342 2791 et
3386 2751 3608 2792 causam
3665 2753 3784 2791 suae

2185 2825 2544 2882 accusationis
2575 2824 2895 2897 regulariter
2923 2833 3212 2880 exsecutus
3241 2841 3350 2880 non
3377 2824 3492 2879 fuit.
3526 2825 3596 2880 Et
3615 2824 3782 2879 dilata

2187 2921 2269 2968 est
2297 2915 2562 2968 hactenus
2585 2930 2652 2968 ex
2681 2928 2747 2968 eo
2801 2914 3068 2968 sententia
3117 2913 3357 2969 Africani
3413 2912 3650 2978 concilii,
3709 2913 3782 2966 de

2185 3001 2478 3056 Maximino
2509 3001 2766 3071 episcopo
2795 3000 3145 3072 promulgata
3172 3001 3348 3070 (conc.
3373 3001 3576 3070 Afric.,
3595 3016 3644 3054 c.
3670 3003 3778 3066 55;

2187 3089 2312 3146 Cod.
2339 3105 2467 3145 can.
2499 3089 2650 3144 Eccl.
2698 3089 2910 3160 Afric.,
2959 3105 3081 3144 can.
3116 3088 3206 3160 88)
3237 3105 3250 3143 :
3288 3109 3310 3138 ‹‹
3349 3089 3430 3142 De
3457 3088 3778 3152 Maximino,

2184 3177 2377 3250 inquit,
2413 3177 2711 3248 Bacagensi
2743 3175 2865 3248 [al.,
2897 3176 3224 3232 Maximiano
3253 3175 3580 3248 Bagaiensi],
3627 3185 3680 3231 et
3708 3177 3782 3230 ad

2182 3281 2324 3331 eum,
2360 3272 2412 3320 et
2441 3266 2507 3320 ad
2535 3265 2709 3336 ipsam
2737 3265 2954 3335 plebem
2983 3264 3182 3335 placuit
3211 3265 3280 3318 de
3309 3264 3536 3320 concilio
3567 3264 3781 3318 litteras

2181 3352 2318 3420 dari,
2350 3360 2408 3407 ut
2436 3361 2490 3408 et
2520 3353 2636 3424 ipse
2679 3353 2746 3407 ab
2777 3353 3093 3424 episcopatu
3123 3353 3386 3422 discedat,
3421 3360 3474 3408 et
3527 3351 3608 3406 illi
3667 3351 3776 3406 sibi

2180 3441 2347 3498 alium
2377 3441 2673 3513 requirant.
2711 3462 2733 3490 ι»

2781 3546 3008 3602 CAPUT
3033 3545 3180 3602 XIV.

2181 3635 2330 3702 Quod
2374 3637 2568 3708 fugam
2629 3635 2794 3690 illam
2837 3634 3088 3759 ἱηνῐννέιίδ
3131 3632 3448 3690 rationibus
3493 3647 3776 3690 excusare

2843 3721 2983 3759 cona
3015 3722 3102 3759 ur.

2843 3721 3102 3761 conatur.

2247 3803 2314 3855 Et
2343 3816 2468 3857 cum
2497 3801 2613 3857 haec
2641 3801 2717 3856 ita
2746 3817 2806 3857 se
2825 3801 3076 3868 habeant,
3108 3799 3254 3855 idem
3281 3799 3452 3856 frater
3493 3799 3628 3855 mihi
3675 3817 3772 3856 re—

2176 3889 2442 3954 scribens,
2475 3889 2659 3943 multis
2675 3889 3093 3961 allegationibus
3113 3905 3174 3944 se
3191 3888 3513 3944 necessitate
3533 3887 3776 3958 compul-

2175 3992 2313 4043 sum,
2335 3983 2388 4031 et
2406 3976 2842 4046 persecutionem
2862 3976 3226 4033 declinantem
3241 3975 3450 4048 fugisse
3468 3983 3769 4040 asseverat,

2173 4063 2314 4120 sicut
2343 4080 2438 4119 sua
2467 4064 2749 4134 scriptura,
2784 4080 2948 4135 quam
2979 4065 3068 4120 hic
3095 4063 3289 4128 habeo,
3325 4063 3522 4133 prodit.
3559 4063 3772 4118 Videli-

2175 4160 2279 4218 cet,
2313 4153 2441 4223 quia
2470 4167 2660 4207 omnes
2714 4152 2966 4207 homines
3021 4151 3103 4206 sui
3160 4150 3370 4206 banniti
3425 4150 3648 4205 fuerunt
3701 4149 3774 4205 ad

2173 4255 2388 4304 causas,
2422 4240 2498 4295 ita
2527 4247 2584 4294 ut
2613 4255 2716 4295 nec
2743 4256 2904 4310 unus,
2939 4240 3067 4294 dum
3096 4239 3298 4294 rediret
3315 4239 3385 4293 ad
3403 4238 3766 4302 mansionem,

2171 4327 2324 4382 illum
2352 4327 2508 4399 sequi
2535 4327 2832 4398 permissus
2863 4328 2932 4382 sit
2964 4345 2977 4381 :
3011 4329 3352 4384 Nortmanno
3405 4327 3509 4382 hoc
3567 4334 3772 4398 agente

479 4422 716 4464 canones
743 4407 984 4464 Africani
1023 4409 1238 4464 concilii
1267 4408 1337 4464 de
1366 4407 1767 4477 Quodvultdeo,
1801 4409 1892 4481 qui
1921 4417 2068 4464 ante-
2088 4402 2141 4462 D
2170 4431 2268 4488 pro
2299 4415 2424 4470 villa
2453 4415 2727 4481 Pauliaco,
2759 4431 2824 4471 eo
2856 4416 3001 4486 quod
3045 4415 3192 4470 illam
3221 4414 3575 4470 concessione
3591 4413 3768 4485 regia,

476 4511 640 4567 quam
668 4503 758 4550 aut
780 4496 994 4564 judices
1021 4497 1224 4552 electos
1252 4503 1550 4568 expeteret,
1582 4505 1674 4552 aut
1703 4497 1868 4553 etiam
1898 4497 1954 4552 in
1983 4513 2071 4552 ra-

475 4583 680 4640 tionem
711 4592 904 4640 contra
933 4585 1341 4656 conquirentem
1380 4585 1672 4642 adversum
1696 4601 1756 4642 se
1773 4586 2067 4655 introisset,

469 4673 732 4728 rationem
762 4672 1169 4746 subterfugiens
1196 4672 1467 4742 discessit,
1502 4673 1864 4730 decreverunt
1893 4673 2073 4730 dicen-

469 4768 553 4816 tes
576 4762 752 4831 (conc.
777 4763 936 4832 Afric
959 4803 970 4816 .
995 4803 1008 4828 ,
1029 4777 1077 4817 ο.
1104 4763 1169 4816 54
1195 4779 1208 4827 ;
1234 4761 1350 4818 cod.
1372 4777 1500 4816 can.
1525 4763 1675 4817 Eccl.
1701 4763 1902 4832 Afric.,
1945 4777 2066 4818 can.

473 4849 563 4918 87)
599 4866 612 4902 :
649 4872 671 4896 «ι
708 4849 789 4904 De
818 4849 1220 4918 Quodvultdeo,
1253 4847 1520 4919 inquiunt,
1568 4848 1826 4920 episcopo
1865 4850 2070 4904 Centu-

470 4935 659 5002 riensi,
692 4937 946 5008 quoniam
976 4937 1106 5009 [al.,
1151 4935 1444 5009 quomodo]
1490 4936 1842 4992 adversarius
1899 4937 2071 5009 ipsius

469 5039 595 5082 cum
625 5041 686 5080 se
715 5025 959 5096 petisset,
1013 5025 1284 5081 introduci
1332 5025 1404 5080 ad
1452 5025 1744 5081 concilium
1798 5033 2066 5096 nostrum,

465 5111 836 5186 interrogatus
865 5112 1028 5168 Vellet
1058 5127 1182 5168 cum
1213 5129 1280 5168 eo
1311 5112 1457 5183 apud
1479 5114 1770 5186 episcopos
1801 5114 2066 5186 experiri,

465 5201 643 5271 primo
672 5200 1038 5272 promiserat;
1071 5207 1123 5256 et
1153 5201 1261 5255 alia
1307 5201 1396 5257 die
1445 5202 1749 5274 respondit,
1797 5204 1902 5259 hoc
1962 5203 2070 5257 sibi

467 5303 576 5343 non
605 5289 842 5360 placere,
873 5297 1035 5360 atque
1085 5289 1357 5344 discessit.
1391 5290 1597 5347 Placuit
1648 5291 1898 5346 omnibus
1945 5291 2068 5362 epi-

471 5375 669 5445 scopis,
703 5385 760 5432 ut
798 5377 979 5433 nullus
1026 5377 1204 5432 eidem
1251 5376 1633 5445 Quodvultdeo
1688 5379 2066 5450 communicet,

475 5461 650 5518 donec
679 5479 846 5520 causa
875 5465 992 5536 ejus
1023 5465 1242 5537 qualem
1271 5465 1504 5536 potuerit
1534 5467 1822 5522 terminum
1871 5475 2065 5524 sumat.

2171 4512 2222 4559 et
2251 4503 2546 4574 apostolica
2577 4503 2758 4568 etiam,
2789 4511 2846 4558 ut
2877 4503 3092 4569 scirem,
3127 4502 3445 4558 auctoritate
3475 4501 3770 4571 recipiens,

2167 4591 2323 4647 illum
2351 4592 2516 4647 iidem
2547 4591 2629 4646 sui
2649 4590 2898 4647 homines
2941 4591 2997 4644 in
3053 4590 3300 4645 eamdem
3345 4589 3530 4644 villam
3589 4589 3770 4644 secuti

2169 4688 2312 4735 sunt.
2345 4681 2414 4735 Et
2442 4679 2498 4734 in
2527 4679 2734 4734 eisdem
2763 4679 2878 4734 suis
2937 4677 3355 4749 allegationibus
3401 4675 3553 4746 ponit
3611 4675 3772 4730 testi-

2169 4767 2354 4823 monia
2383 4784 2449 4822 ex
2477 4767 2707 4838 epistola
2749 4766 2876 4821 Julii
2903 4781 3058 4836 papae
3087 4766 3143 4820 in
3172 4763 3450 4820 Athanasii
3495 4778 3596 4832 pro
3639 4763 3772 4834 fuga

2169 4853 2486 4912 defensione
2519 4856 2704 4927 (epist.
2725 4859 2780 4920 2,
2813 4855 2886 4909 ad
2903 4851 3242 4923 Orientales)
3278 4869 3291 4905 :
3331 4871 3354 4902 ι
3408 4849 3549 4918 Quia
3577 4851 3771 4906 Domi-

2168 4959 2270 4998 nus
2301 4942 2520 5014 quando
2549 4943 2808 4999 Pharisaei
2849 4941 3138 4998 consilium
3194 4937 3442 4994 fecerunt
3499 4939 3771 4994 adversus

2169 5047 2294 5086 eum
2323 5037 2380 5086 ut
2409 5047 2532 5086 eum
2563 5030 2892 5086 occiderent.
2923 5029 3116 5084 Sciens
3144 5034 3323 5082 autem
3338 5026 3496 5080 Jesus
3513 5024 3773 5080 discessit

2168 5119 2315 5175 inde.
2347 5117 2418 5174 Et
2445 5117 2696 5188 discipuli
2723 5125 2950 5189 prOpter
2976 5123 3181 5172 metum
3209 5113 3524 5169 Iudaeorum
3581 5126 3769 5168 reces-

2169 5213 2378 5272 serunt,
2411 5206 2651 5262 celantes
2680 5205 2911 5275 seipsos.
2951 5225 2972 5253 ι
3006 5205 3075 5258 Et
3109 5201 3310 5257 Paulus
3341 5201 3398 5255 in
3429 5201 3704 5256 Damasco
3733 5213 3772 5253 a

2169 5293 2416 5365 principe
2445 5294 2626 5366 gentis
2657 5293 2932 5365 quaesitus,
2966 5292 3037 5346 do
3065 5305 3222 5346 muro
3251 5289 3308 5344 in
3335 5295 3516 5359 sporta
3545 5286 3774 5357 deposi-

2169 5388 2258 5436 tus
2287 5389 2389 5450 est,
2421 5389 2474 5436 et
2501 5395 2694 5437 manus
2715 5379 3004 5451 quaerentis
3033 5377 3223 5450 effugit
3254 5377 3331 5446 (II
3359 5377 3480 5432 Cor.
3513 5375 3618 5446 ιι).
3653 5373 3772 5430 Sed

2169 5475 2351 5526 utrum
2377 5485 2479 5542 pro
2509 5485 2575 5525 eo
2598 5469 2644 5524 si
2675 5468 2864 5524 Franci
2891 5466 3139 5523 homines
3169 5464 3240 5520 ad
3263 5462 3469 5534 judicia
3501 5461 3618 5518 suis
3629 5459 3775 5532 legi-
