4056 6178
218 256 323 310 585

967 249 1148 306 OPUS
1169 249 1230 304 C.
1285 249 1376 302 ET
1420 245 1640 302 EPIST.
1690 242 1761 298 IN
1809 242 2033 298 CAUSA
2078 243 2421 300 HINCMARI
2457 240 2764 300 LAUDUN.

3414 250 3516 303 586

220 377 324 431 bus
352 375 713 439 vocabantur,
745 373 960 445 utquod
988 380 1175 429 contra
1203 372 1385 442 legem
1414 368 1611 425 fecisse
1659 381 1813 439 qua-
1843 366 1901 425 A
1926 366 2075 424 illum
2094 384 2206 424 non
2232 365 2776 432 excommunicarem,
2808 366 2931 437 quia
2978 381 3083 421 nec
3137 382 3292 422 meus
3348 383 3516 438 paro-

219 464 497 529 rebantur,
528 469 619 517 aut
646 460 859 533 legibus
875 459 1252 528 emendarent,
1286 466 1379 514 aut
1407 456 1660 528 legaliter
1717 454 1818 509 de-
1920 457 2148 512 chianus
2167 463 2298 522 erat,
2336 464 2390 511 et
2419 455 2569 526 ipsas
2599 469 2692 509 res
2714 469 2824 509 non
2851 454 3157 533 invaserat;
3190 462 3244 510 et
3279 456 3516 512 habebat

220 551 531 616 fenderent,
565 553 760 622 fugere
785 548 940 605 illum
968 548 1227 619 oportuit,
1261 562 1332 602 an
1381 561 1510 612 non,
1557 557 1725 599 causa
1765 541 1821 595 in
1920 545 2047 601 inde
2076 554 2369 610 auctorem,
2422 543 2513 614 qui
2542 541 2620 596 illi
2666 557 2762 597 eas
2782 526 3129 602 beneficiavit
3166 569 3179 605 :
3214 556 3266 605 et
3324 550 3369 604 si
3399 548 3518 618 ipse

222 647 479 711 promptu
509 647 611 694 est.
658 639 727 694 Et
768 645 950 692 utrum
995 635 1275 707 pramissa
1330 632 1659 699 testimonia,
1708 645 1822 685 sua
1923 649 2052 689 suus
2082 642 2267 689 auctor
2297 649 2392 690 eas
2430 630 2509 686 illi
2555 631 2969 705 contradiceret,
3028 639 3161 694 nihil
3212 647 3404 709 postea
3458 654 3518 694 se

223 743 386 799 quam
413 726 547 783 dicit
574 724 959 797 persecutioni,
993 740 1213 795 suaque
1234 738 1417 778 causa
1451 734 1516 776 ac
1543 733 1819 791 persona,

222 814 304 870 vel
319 814 694 886 persecutoris
715 813 799 868 sui
818 827 1086 883 personae,
1103 826 1263 882 quam
1279 808 1585 880 specialiter
1604 806 1825 878 signant

223 903 319 959 sed
339 911 395 958 et
406 902 532 957 aliis
552 900 799 973 personis
820 917 879 956 se
891 898 1350 971 persequentibus
1370 912 1403 953 a
1433 912 1493 951 se
1521 893 1823 967 designatis

228 990 575 1055 conveniant,
604 1006 675 1045 an
703 1004 831 1053 non,
864 988 1001 1043 ratio
1029 986 1324 1042 manifeste
1350 985 1703 1039 demonstrat.
1744 983 1825 1036 De

225 1079 359 1151 fuga
388 1093 521 1134 vero
549 1074 850 1141 Athanasii,
883 1082 934 1131 et
963 1074 1201 1145 quando,
1224 1088 1289 1129 ac
1317 1071 1567 1143 qualiter,
1598 1070 1686 1126 vel
1728 1084 1826 1139 pro

228 1167 446 1238 quibus,
472 1164 742 1236 episcopis
754 1163 839 1219 vel
866 1161 1127 1216 ministris
1156 1158 1556 1216 Ecclesiasticis
1617 1156 1829 1228 fugien-

230 1255 360 1311 dum
393 1254 483 1321 sit,
512 1253 702 1308 beatus
717 1250 1053 1323 Augustinus
1067 1250 1123 1303 in
1134 1247 1365 1320 epistola
1385 1247 1453 1301 ad
1495 1247 1829 1301 Honoratum

232 1342 555 1414 episcOpum
583 1340 726 1395 inter
779 1339 885 1392 alia
941 1337 1070 1393 dicit
1102 1352 1115 1392 :
1152 1359 1180 1393 ς(
1216 1336 1471 1391 Fortasse
1527 1333 1647 1405 quis
1684 1332 1831 1386 dicat

230 1431 351 1486 ideo
383 1430 590 1485 debere
620 1428 807 1499 fugere
827 1427 925 1482 Dei
954 1425 1234 1480 ministros
1261 1423 1460 1478 talibus
1506 1419 1834 1475 imminenti-

234 1519 335 1573 bus
362 1517 542 1583 malis,
576 1523 634 1571 ut
662 1531 723 1570 se
760 1530 860 1586 pro
896 1514 1122 1569 utilitate
1176 1511 1442 1568 Ecclesia
1497 1508 1832 1580 temporibus

233 1604 700 1677 tranquillioribus
720 1608 959 1659 servent.
999 1601 1164 1657 Recte
1210 1601 1316 1655 hoc
1364 1598 1458 1653 ﬁet
1510 1613 1545 1652 a
1601 1596 1831 1668 quihus—

1923 721 2050 777 inde
2077 730 2451 801 praesumeret.

2518 830 2741 886 CAPUT
2772 830 2920 887 XVI.

1931 914 2082 983 Quod
2110 916 2258 985 falso
2286 916 2427 971 dicit
2445 931 2504 972 se
2524 917 2819 995 detentum
2834 921 3012 995 [fuisse
3036 936 3108 976 ne
3124 922 3374 987 Romam,
3414 936 3518 995 quo

2426 988 2766 1058 appellabat,
2800 988 3004 1045 adiret.

2001 1090 2141 1145 Dicit
2171 1090 2330 1145 etiam
2350 1090 2407 1145 in
2436 1092 2631 1146 eodem
2661 1092 2858 1165 scripto
2887 1109 2986 1150 suo
3013 1096 3360 1166 Hincmarus,
3393 1097 3518 1153 ideo

1930 1195 1990 1233 se
2018 1179 2085 1232 ab
2117 1178 2389 1235 Attiniaco
2416 1177 2645 1247 fugisse,
2682 1181 2810 1250 quia
2844 1204 2865 1229 ιι
2904 1183 3104 1239 Silvaci
3134 1201 3346 1241 memor
3402 1185 3520 1241 fue-

1930 1274 2032 1334 rat,
2066 1265 2159 1320 ubi
2178 1273 2232 1321 et
2271 1281 2377 1338 ego
2404 1265 2575 1334 adfui,
2634 1268 2778 1338 quod
2824 1268 2901 1324 illi
2954 1270 3090 1326 nihil
3140 1272 3359 1342 profuit,
3422 1273 3521 1329 sed
3616 1276 3623 1279 “

1931 1353 2099 1409 obfuit
2130 1371 2143 1408 :
2175 1353 2302 1425 quia
2330 1369 2432 1423 pro
2459 1370 2525 1409 eo
2567 1354 2909 1412 solummodo
2966 1365 3205 1414 retentus
3260 1359 3378 1426 fuit,
3449 1377 3520 1416 ne

1930 1442 2157 1497 Romam
2186 1442 2371 1496 domni
2400 1442 2692 1512 apostolici
2719 1446 3009 1516 praceptis
3051 1446 3313 1501 obediens
3372 1448 3471 1503 iret
3504 1465 3518 1504 :

1933 1530 2079 1602 quod
2107 1544 2140 1584 a
2171 1529 2370 1584 saculo
2399 1545 2510 1584 non
2538 1537 2621 1585 est
2648 1530 2716 1585 de
2737 1532 2997 1604 episcopo
3026 1534 3096 1588 ab
3127 1534 3399 1606 episcopis
3430 1552 3525 1591 au-

1935 1618 2125 1673 ditum.
2156 1637 2178 1669 r
2201 1618 2355 1673 Unde
2383 1618 2660 1688 respondi,
2686 1619 2812 1691 quia
2828 1636 2929 1677 nec
2941 1629 3067 1677 tunc
3088 1623 3226 1679 sicut
3253 1640 3351 1694 pro
3380 1632 3528 1680 certo

236 1694 376 1761 dam,
412 1692 630 1764 quando
658 1706 769 1779 ηομ
797 1690 997 1779 desum
1024 1689 1138 1755 alii:
1186 1704 1287 1779 P91:
1327 1684 1834 1779 (ΙυοδηευΡΙξῙθθῖυΓ
1860 1705 1915 1766 Β
1934 1706 2067 1773 scio,
2101 1713 2155 1761 et
2182 1705 2260 1760 illi
2289 1684 2502 1761 mecum
2525 1684 2720 1762 sciunt-
2749 1708 2842 1779 qui
2896 1708 3204 1777 adfuerunt,
3253 1684 3367 1768 .nec
3420 1729 3528 1767 un-

236 1780 666 1838 ecclesiasticum
694 1777 1102 1842 ministrerium,
1136 1792 1205 1830 ne
1236 1775 1305 1829 ab
1334 1773 1584 1829 omnibus
1615 1772 1836 1827 desera-

236 1877 330 1934 tur,
366 1868 529 1937 Quod
556 1866 759 1922 fecisse
787 1865 1142 1920 Athanasium
1172 1879 1333 1933 supra
1378 1848 1632 1916 diximus.
1693 1860 1836 1914 Nam

245 1965 501 2028 quantum
530 1954 875 2011 necessarius
914 1952 1079 2008 fuerit
1125 1950 1406 2016 Ecclesia,
1468 1955 1839 2021 quantumque

244 2044 507 2116 profuerit
528 2043 674 2115 quod
718 2042 801 2097 vir
846 2040 938 2095 ille
975 2039 1173 2095 mansit
1229 2038 1283 2092 in
1330 2053 1513 2103 carne,
1574 2034 1843 2091 catholica

242 2132 376 2189 ﬁdes
406 2132 580 2197 novit,
612 2147 732 2202 qua
787 2129 1052 2185 adversus
1110 2127 1342 2183 Arianos
1397 2123 1686 2180 haereticos
1742 2136 1840 2177 oro

245 2220 389 2275 illius
411 2228 464 2274 et
480 2217 904 2274 amoredefensa
933 2224 1034 2271 est.
1067 2215 1174 2270 Sed
1203 2213 1417 2287 quando
1446 2219 1526 2266 est
1554 2224 1843 2267 commune

243 2307 564 2380 periculum,
595 2306 771 2378 magis
790 2305 1086 2360 timendum
1117 2310 1199 2358 est
1228 2318 1298 2356 ne
1339 2302 1624 2372 quisquam
1655 2298 1711 2353 1d
1765 2296 1847 2351 fa-

246 2411 364 2452 cere
397 2395 657 2452 credatur
684 2409 794 2449 non
824 2390 1144 2448 consulendi
1172 2390 1465 2454 voluntate,
1500 2387 1598 2443 sed
1654 2386 1846 2439 timore

246 2482 521 2539 moriendi
544 2500 558 2537 :
581 2481 868 2553 magisque
883 2479 1127 2552 fugiendi
1140 2478 1319 2533 obstet
1348 2475 1619 2545 exemplo,
1682 2488 1849 2544 quam

250 2571 468 2629 vivendi
491 2570 664 2641 prosit
693 2568 868 2624 officio
891 2584 905 2621 :
929 2567 1081 2623 nulla
1095 2565 1304 2621 ratione
1333 2562 1651 2635 fugiendum
1681 2568 1782 2615 est.
1822 2579 1845 2609 υ

249 2660 316 2717 Et
342 2659 477 2714 item
516 2665 642 2729 post
689 2656 1006 2727 aliquanta:
1045 2677 1067 2702 ‹‹
1131 2653 1455 2724 Quicunque
1511 2650 1677 2720 igitur
1745 2647 1851 2702 isto

252 2747 416 2802 modo
448 2745 608 2816 fugit,
630 2743 964 2800 utEcclesia
982 2740 1355 2797 necessarium
1368 2736 1730 2793 ministerium
1742 2750 1851 2790 non

255 2835 412 2904 desit,
440 2833 572 2890 facit
601 2832 745 2904 quod
772 2830 1039 2888 Dominus
1075 2827 1356 2900 pracepit,
1406 2826 1522 2881 sive
1576 2822 1855 2895 permissit

256 2923 477 2993 (Matth.
508 2921 592 2992 ι).
625 2920 732 2989 Qui
751 2927 933 2974 autem
970 2917 1051 2973 sic
1080 2916 1238 2988 fugit,
1273 2923 1332 2969 ut
1361 2913 1521 2986 gregi
1552 2910 1751 2967 Christi
1795 2925 1857 2965 ea

255 3009 454 3081 quibus
509 3006 862 3079 spiritualiter
931 3005 1064 3060 vivit
1123 3003 1384 3059 alimenta
1459 2999 1855 3066 subtrahantur,

250 3091 625 3162 mercenarius
650 3090 740 3145 ille
765 3097 868 3155 est,
901 3088 995 3160 qui
1026 3087 1172 3142 videt
1201 3086 1389 3156 lupum
1438 3082 1745 3139 venientem
1802 3089 1881 3159 et,

254 3180 415 3254 fugit,
431 3179 690 3252 quoniam
703 3194 814 3234 non
842 3184 927 3233 est
945 3176 996 3231 ei
1025 3191 1161 3232 cura
1190 3174 1257 3229 de
1286 3173 1484 3229 ovibus
1514 3172 1699 3243 (Joan.
1722 3169 1807 3240 χ).
1828 3190 1849 3216 »

862 3282 1090 3337 CAPUT
1121 3281 1244 3336 XV.

365 3373 518 3444 Quod
539 3389 631 3430 res
650 3372 915 3444 Ecclesia
936 3386 1058 3442 qua
1078 3370 1600 3444 controveptuutur,
1637 3364 1758 3435 regi

546 3444 823 3500 concessit
838 3437 1191 3497 Nor'tmanno
1232 3437 1539 3493 tradendus

331 3534 415 3587 De
434 3546 502 3587 eo
531 3529 675 3602 quod
704 3529 939 3601 scripsit,
971 3544 1061 3583 me
1087 3526 1228 3583 scire
1256 3526 1506 3581 eamdem
1535 3522 1716 3579 villam
1766 3519 1858 3573 ille

256 3619 620 3677 concessione
664 3618 836 3689 regia,
889 3624 942 3671 et
995 3614 1295 3686 apostolica
1339 3612 1500 3668 etiam
1538 3608 1858 3665 auctoritate

254 3708 363 3763 sibi
392 3707 683 3772 redditam,
707 3705 853 3776 quod
882 3704 939 3759 in
959 3704 1076 3772 ejus
1092 3700 1283 3757 litteris
1312 3699 1444 3772 legi,
1476 3699 1579 3753 hoc
1599 3712 1687 3751 me
1717 3693 1859 3750 scire

254 3812 370 3851 non
397 3795 637 3865 denego.
660 3791 803 3848 Dicit
829 3792 975 3847 enim
1004 3790 1099 3856 ibi,
1161 3789 1231 3843 ad
1260 3787 1580 3859 petitionem
1608 3785 1859 3842 virorum

254 3882 592 3940 venerabilis
611 3878 887 3936 memoria
917 3876 1170 3945 Conradi,
1203 3884 1255 3930 et
1309 3873 1544 3939 Rodolli,
1609 3888 1669 3927 se
1716 3886 1862 3926 eam-

255 3971 388 4028 dem
416 3970 608 4028 villam
634 3967 976 4024 concessisse
1023 3965 1165 4036 regi,
1226 3970 1283 4018 ut
1330 3978 1449 4018 eam
1498 3961 1856 4024 Nortmanno,

256 4060 356 4131 qui
385 4066 552 4113 antea
581 4056 730 4111 illam
742 4049 1388 4123 tenuerat,beniﬁciaret.
1423 4045 1863 4119 Superadjiciens

257 4146 315 4201 in
346 4143 709 4216 responsione
730 4157 847 4208 sua,
880 4140 1009 4212 quia
1037 4139 1083 4194 si
1110 4139 1286 4210 ipsam
1306 4136 1490 4193 villam
1544 4134 1599 4189 in
1649 4132 1863 4188 alodem

255 4234 514 4301 haberet,
547 4230 811 4303 quidquid
826 4228 976 4301 regis
993 4235 1139 4283 esset
1157 4225 1447 4282 voluntatis
1476 4240 1543 4279 ex
1571 4236 1637 4276 ea
1681 4220 1865 4275 facere

255 4322 571 4392 gauderet;
603 4319 732 4391 quia
758 4317 891 4373 illud
919 4324 1045 4372 voto
1074 4314 1220 4386 regis
1277 4328 1388 4368 non
1443 4309 1710 4375 obviabat,
1762 4320 1866 4362 nec

1886 3047 1935 3110 C

1937 1809 2121 1865 quam,
2153 1801 2315 1865 prout
2342 1793 2620 1849 reminisci
2634 1794 2792 1851 valeo
2806 1796 2958 1850 illum
2978 1798 3205 1853 Romam
3224 1799 3530 1870 appellasse

1936 1897 2036 1953 pro
2069 1897 2392 1953 quacunque
2420 1896 2586 1936 causa
2615 1882 2818 1938 audivi.
2852 1885 3004 1940 Tunc
3029 1893 3211 1941 autem
3241 1887 3311 1941 ad
3360 1903 3530 1958 syno-

1939 1970 2088 2037 dum,
2123 1986 2245 2041 qua
2271 1970 2326 2023 in
2356 1969 2602 2040 proximo
2631 1969 2805 2025 futura
2835 1979 2969 2038 erat,
3018 1973 3300 2028 invitatum
3327 1975 3529 2030 audivi.

1942 2057 2050 2112 Sed
2079 2064 2132 2112 et
2162 2057 2450 2114 multorum
2469 2057 2874 2128 divulgahatur,
2898 2059 3107 2127 oribus,
3142 2061 3264 2131 quia
3294 2076 3416 2116 cum
3436 2062 3533 2116 Lo-

1946 2145 2122 2200 thario
2152 2145 2365 2215 agebat,
2399 2152 2667 2215 quatenus
2695 2146 3000 2203 Ecclesiam
3030 2149 3134 2202 sibi
3164 2149 3531 2215 commissam,

1944 2240 1996 2288 et
2021 2248 2154 2288 oves
2176 2232 2282 2287 sibi
2345 2232 2582 2289 creditas
2637 2233 2938 2301 desereret,
2993 2242 3051 2289 ut
3106 2236 3176 2290 ad
3223 2236 3537 2291 Lotharium

1944 2319 2066 2387 iret,
2101 2327 2153 2375 et
2181 2320 2237 2374 in
2265 2333 2440 2391 regno
2468 2320 2615 2375 illius
2645 2322 2883 2378 honores
2912 2322 3198 2378 obtineret.
3249 2325 3539 2379 Verumta-

1945 2424 2091 2473 men,
2115 2423 2183 2463 ex
2204 2408 2308 2464 hac
2328 2422 2498 2464 causa
2517 2404 2719 2464 nullam
2740 2409 3005 2466 rationem
3024 2418 3153 2467 tunc
3186 2427 3308 2467 cum
3338 2412 3541 2468 domno

1948 2512 2083 2567 rege
2108 2495 2309 2563 habui;
2342 2496 2440 2552 sed
2469 2502 2522 2551 et
2547 2491 2781 2553 domnus
2799 2514 2894 2553 rex
2923 2498 3058 2555 nihil
3086 2498 3212 2555 inde
3241 2506 3365 2554 tunc
3410 2498 3544 2554 mihi

1949 2583 2103 2639 dixit.

2525 2688 2750 2746 CAPUT
2780 2689 2953 2745 XVII.

1955 2775 2108 2860 Quod
2133 2779 2259 2860 post
2276 2776 2804 2860 fugamnllincmaro
2835 2779 3136 2835 Rhemensi
3156 2795 3291 2860 “per
3322 2781 3545 2860 litteras

2024 2846 2441 2917 sigriiﬁcavitse
2462 2847 2691 2928 Romam
2723 2864 2948 2904 evocare
2966 2866 3001 2904 α
3029 2846 3313 2918 pontiﬁce,
3348 2849 3545 2922 quibus

2025 2918 2091 2972 ab
2103 2916 2292 2971 eodem
2313 2915 2611 2991 Ithemensz
2624 2932 2955 2991 responsum
2965 2924 3069 2976 est.
3084 2921 3159 2975 Et
3184 2921 3326 2991 quod
3350 2923 3552 2977 contra

2026 3004 2191 3044 suam
2220 2988 2626 3057 professionem
2654 2989 2831 3043 venit.

2028 3094 2080 3147 Is
2128 3098 2308 3147 autem
2361 3089 2534 3145 frater
2585 3091 2910 3149 Hincmarus
2969 3102 3261 3166 postquam
3347 3095 3552 3150 electos

1949 3180 2185 3251 iudices,
2217 3194 2249 3233 a
2277 3194 2365 3233 me
2386 3179 2734 3248 regulariter,
2767 3189 2827 3235 ut
2855 3181 3069 3251 scripsi,
3103 3182 3260 3236 datos
3290 3182 3393 3236 sibi
3424 3199 3551 3237 sus-

1956 3268 2120 3339 cepit,
2182 3274 2234 3322 et
2266 3265 2481 3321 incaute
2511 3280 2578 3320 ac
2636 3266 2924 3323 inhoneste
2967 3275 3129 3323 noctu
3175 3268 3308 3340 fuga
3334 3322 3337 3333 ,
3359 3269 3549 3339 lapsus

1957 3353 2241 3418 abscessit,
2275 3351 2585 3422 pitaciolum
2606 3354 3046 3410 irrationabiliter
3098 3355 3426 3421 confectum,
3504 3362 3558 3410 et

1955 3459 2121 3499 manu
2150 3455 2247 3496 sua
2276 3438 2659 3509 subscriptum,
2693 3455 2758 3497 ac
2811 3441 3048 3513 prafata
3065 3441 3396 3512 professioni
3442 3458 3556 3497 sua

1957 3542 2349 3602 usquequaque
2404 3529 2750 3596 contrarium,
2807 3546 2906 3600 per
2938 3528 3329 3585 Ermenoldum
3364 3529 3555 3585 diaco-

1958 3635 2090 3675 num
2116 3636 2271 3675 suum
2299 3637 2356 3676 v1
2384 3622 2527 3677 Non.
2556 3618 2664 3674 Jul.
2698 3633 2759 3674 ιιι
2788 3617 2975 3673 indict.
3020 3617 3155 3671 mihi
3199 3616 3549 3683 transmissit,

1961 3707 2107 3779 quod
2134 3708 2209 3763 ita
2265 3725 2325 3764 se
2362 3709 2574 3763 habet:
2612 3727 2636 3756 α
2687 3704 3164 3762 Reverendissimo
3226 3705 3557 3760 Rhemorum

1961 3797 2370 3867 archiepiscopo
2400 3796 2712 3859 Hincmaro,
2732 3800 2934 3849 sancta
2962 3792 3336 3848 Laudunensis
3365 3792 3558 3848 Eccle-

1961 3885 2058 3941 sia
2086 3884 2411 3941 Hincmarus
2439 3884 2556 3939 Deo
2582 3881 2877 3939 miserante
2906 3880 3216 3952 episcopus,
3247 3880 3481 3935 debitam
3501 3879 3559 3935 in

1963 3972 2176 4027 Christo
2203 3972 2569 4029 devotionem.
2601 3971 2712 4027 Vos
2770 3968 2918 4025 scitis
2961 3968 3090 4039 quia
3142 3968 3210 4023 ab
3262 3968 3559 4024 universali

1963 4068 2165 4117 sancta
2192 4062 2450 4117 Romana
2460 4058 2723 4116 Ecclesia
2751 4071 2916 4129 papa,
2939 4063 3093 4128 patre
3114 4072 3330 4128 quoque
3366 4063 3559 4112 nostro
3586 4086 3590 4090 -

1963 4156 2017 4204 et
2043 4148 2302 4220 magistro
2329 4146 2570 4203 Adriano
2591 4147 2675 4200 bis
2706 4152 2929 4201 vocatus
2976 4144 3169 4199 existo.
3217 4144 3288 4198 Et
3316 4160 3414 4200 vos
3452 4143 3560 4213 ipsi

1962 4236 2018 4291 in
2048 4235 2496 4307 quaternionibus
2522 4232 2655 4288 mihi
2683 4247 2717 4287 a
2744 4231 2902 4287 vobis
2932 4230 2989 4285 in
3036 4230 3305 4286 Attiniaco
3358 4231 3560 4300 palatio

1964 4338 2148 4380 coram
2176 4321 2616 4392 archiepiscopis,
2650 4327 2701 4375 et
2730 4317 3004 4389 episcOpis
3034 4318 3124 4388 qui
3155 4316 3423 4372 affuerunt
3449 4315 3553 4371 da-

255 4410 393 4465 inde
430 4409 484 4465 ei
559 4406 862 4479 periculum
924 4404 1119 4459 animae
1188 4399 1524 4456 imminebat
1595 4398 1864 4452 Caeterum
1892 4389 1945 4449 D
1965 4410 2054 4481 tis,
2087 4409 2231 4481 quod
2250 4408 2318 4462 ad
2347 4389 2594 4463 eamdem
2622 4405 2813 4461 sedem
2839 4404 3027 4461 venire
3081 4403 3304 4460 totidem
3334 4412 3559 4459 vocatus

256 4498 485 4570 quando
516 4495 666 4551 illam
685 4490 1099 4550 concessionem
1127 4490 1198 4546 de
1226 4488 1390 4544 rebus
1437 4484 1700 4541 Ecclesia
1757 4498 1869 4537 sua

255 4585 416 4652 fecit,
435 4599 542 4641 nec
564 4599 690 4639 mea
716 4579 1071 4648 conscientia,
1105 4577 1193 4633 vel
1234 4575 1683 4646 coepiscoporum
1728 4570 1873 4625 Rhe-

256 4673 477 4730 mensis
504 4670 833 4744 provincia;
859 4668 957 4723 sed
985 4682 1090 4723 nec
1118 4681 1240 4723 cum
1270 4678 1542 4719 consensu
1589 4658 1875 4731 presbyte-

249 4777 449 4817 rorum
475 4775 543 4816 ac
571 4759 933 4815 diaconorum
959 4752 1337 4811 Laudunensis
1377 4747 1669 4814 Ecclesia,
1733 4745 1873 4800 sicut

246 4848 584 4920 pracipiunt
597 4861 859 4913 canones,
884 4843 1029 4898 fecit.
1048 4841 1157 4898 Sed
1169 4848 1222 4896 et
1251 4840 1358 4895 hoc
1385 4836 1533 4906 inde,
1555 4834 1692 4900 scio,
1726 4831 1875 4920 quod

1968 4499 2286 4563 detractem,
2309 4512 2396 4552 me
2421 4493 2850 4565 reprehendistis
2882 4508 2895 4546 :
2926 4492 2973 4547 si
2995 4491 3126 4549 vitio
3155 4491 3433 4561 scriptoris
3460 4505 3560 4561 pro

1970 4582 2288 4646 detractem,
2312 4578 2457 4651 quod
2485 4585 2567 4634 est
2594 4575 2946 4641 dissimilem,
2990 4574 3080 4631 vel
3133 4572 3400 4640 differam,
3461 4573 3562 4628 de-

1970 4676 2218 4735 tractem,
2249 4667 2393 4739 quod
2423 4665 2581 4722 valde
2597 4672 2817 4721 tractem
2833 4680 2944 4720 non
2963 4663 3032 4718 ab
3062 4678 3123 4718 re
3152 4661 3327 4732 accipi
3354 4667 3557 4731 potest,

1972 4758 2466 4813 intercharaxatum
2492 4769 2603 4809 non
2613 4753 2732 4809 fuit.
2755 4750 2911 4808 Unde
2941 4765 3039 4807 vos
3066 4764 3214 4805 nunc
3242 4764 3345 4821 pro
3378 4764 3566 4805 amore

1974 4846 2077 4901 Dei
2094 4842 2500 4916 omnipotentis,
2531 4849 2585 4897 et
2602 4839 2901 4897 reverentia
2933 4838 3104 4894 sancti
3133 4836 3279 4892 Petri
3307 4850 3568 4908 exposco,

254 4919 317 4992 in
338 4934 536 4992 domni
570 4932 854 5005 apostolici
910 4929 1142 5001 epistola
1199 4926 1394 4982 exinde
1450 4923 1583 4996 legi.
1633 4922 1702 4977 Et
1753 4919 1880 4992 quia

254 5031 496 5106 quando
525 5031 866 5086 Nortmanno
898 5027 1076 5099 ipsam
1106 5023 1397 5095 epistolam
1427 5018 1737 5106 ostendam,
1789 5016 1879 5070 di-
1977 5029 2189 5087 vocata,
2212 5019 2359 5090 quod
2386 5018 2683 5088 impetrare
2727 5029 2837 5069 non
2867 5012 3028 5078 valui,
3084 5011 3425 5083 expostulavi
3458 5029 3473 5078 ;
3504 5025 3568 5066 ac

254 5099 405 5176 cens
418 5118 520 5183 illi,
544 5117 673 5188 quia
698 5115 807 5172 nisi
836 5115 906 5171 ab
934 5113 1069 5186 ipsis
1089 5112 1257 5167 rebus
1270 5106 1649 5166 Laudunensis
1686 5103 1881 5167 Eccle-
1974 5109 2086 5177 jam
2114 5107 2275 5163 etiam
2302 5122 2403 5177 per
2431 5105 2702 5175 integrum
2741 5099 3035 5173 eﬁlagitavi
3064 5115 3267 5155 annum
3301 5117 3315 5155 :
3348 5107 3402 5154 et
3430 5113 3571 5169 pra-

252 5209 363 5266 sia
397 5222 537 5279 quas
564 5185 857 5270 invaserat,
892 5185 1093 5257 semox
1122 5204 1364 5267 exueret,
1400 5196 1554 5251 illum
1584 5191 1882 5249 secundum
1980 5196 2134 5267 cipue
2162 5196 2219 5248 in
2247 5194 2456 5263 synodo
2485 5191 2630 5263 apud
2659 5189 2999 5246 Vermeriam
3025 5187 3288 5259 palatium
3316 5186 3447 5242 olim
3504 5185 3574 5240 ab

241 5274 569 5364 iussionem
589 5292 776 5347 domui
790 5284 1624 5362 apostohciexcommunicarem
1656 5294 1879 5336 :coram
1982 5285 2157 5339 homo
2184 5281 2368 5336 habita
2396 5278 2737 5335 obsecrando
2779 5276 3102 5334 declamavi.
3143 5298 3164 5324 η
3199 5274 3271 5329 Ει
3302 5290 3423 5345 quae
3473 5289 3567 5329 se-

252 5358 545 5453 pimus
572 5358 846 5451 episcopis
884 5376 1019 5432 mihi
1066 5374 1366 5445 respondit,
1402 5378 1461 5426 ut
1518 5384 1617 5440 pro
1675 5381 1880 5434 amore,
1984 5374 2239 5439 quuntur.
2276 5388 2297 5412 ‹‹
2333 5365 2454 5436 Ego
2486 5363 2808 5419 Hincmarus
2839 5360 3013 5415 sancti
3042 5358 3420 5416 Laudunensis
3470 5358 3582 5413 Ec-

257 5447 319 5526 et
349 5471 571 5525 honore
600 5447 720 5533 Dei,
754 5447 806 5520 et
836 5464 1009 5531 sancti
1036 5461 1204 5530 Petri,
1233 5476 1299 5517 ac
1343 5457 1530 5516 domui
1597 5452 1886 5527 apostolici
1988 5453 2169 5511 clesia
2199 5452 2489 5525 episcopus
2517 5458 2713 5522 sponte
2744 5447 3065 5520 subscripsi.
3104 5468 3126 5497 »

514 5574 757 5627 Pamon.
789 5569 1035 5627 CXXVI.

2618 5592 2631 5603 .
3175 5556 3241 5608 l9

1978 4934 2117 4989 sicut
2144 4940 2197 4988 et
2223 4931 2280 4986 in
2310 4930 2501 4987 eadem
2531 4928 2741 4999 synodo
2770 4927 2827 4981 in
2854 4925 3121 4981 Attiniaco
3152 4939 3211 4980 at
3239 4923 3395 4981 vobis
3440 4939 3571 4980 con-
