4056 6178
530 297 637 358 587

1413 297 1754 357 HINCMARI
1813 295 2210 356 RIIEMENSIS
2265 291 2816 354 ARCHIEPISCOPI.

3711 299 3806 356 588

605 427 686 480 De
717 440 823 496 quo
852 419 1052 496 pitacio
1073 425 1232 480 latius
1261 425 1316 479 in
1347 424 1831 496 quaterniunculis,
1865 431 1920 478 ut
1955 439 2122 494 supra
2151 421 2206 481 A
2299 421 2366 474 Et
2395 421 2498 486 his,
2521 429 2581 475 ut
2609 421 2866 492 praemisi,
2903 419 3273 486 subscribens,
3305 419 3382 475 illi
3411 419 3736 492 professioni
3757 431 3806 478 et

531 513 661 579 dixi,
695 513 744 568 ei
777 513 918 566 datis
945 513 1202 583 respondi
1238 531 1250 566 :
1285 521 1334 567 et
1381 513 1505 582 quia
1551 528 1821 584 nunquam
1861 511 1948 566 vel
1998 527 2127 564 nus-

527 616 692 672 quam
722 600 1075 670 apostolicam
1108 601 1296 654 sedem
1328 616 1450 654 eum
1469 599 1624 654 adire
1655 599 1930 669 prohibui.
1963 599 2124 652 Insu-

528 705 630 759 per
659 689 816 742 etiam
847 688 1015 754 illum,
1051 689 1188 742 sicut
1217 696 1269 742 et
1299 688 1414 758 ipse
1446 687 1678 757 scripsit,
1713 703 1810 742 cur
1824 687 2122 754 jussrouem

527 776 854 832 invitationis
881 777 1068 830 domui
1097 775 1376 845 apostolici
1423 781 1741 845 prosecutus
1779 791 1886 830 non
1943 773 2119 842 fuerit,

527 865 874 934 reprehendi.
909 863 1014 932 Qui
1047 863 1392 935 undicuuque
1419 863 1522 916 sibi
1553 863 1728 916 visum
1749 861 1865 928 fuit,
1900 878 2022 916 cum
2053 863 2121 916 de

527 953 641 1006 suis
670 951 973 1006 insolentiis
1005 952 1314 1021 increpatus
1345 959 1446 1014 est,
1485 951 1752 1006 licentiam
1786 950 1946 1004 eundi
2007 951 2119 1004 Ro-

523 1055 668 1094 mam
699 1040 850 1108 petit,
887 1039 972 1094 vel
997 1039 1180 1094 sedem
1214 1039 1566 1110 apostolicam
1597 1037 1848 1108 appellat.
1889 1035 2119 1103 Quando

519 1143 650 1182 vero
677 1143 793 1192 rex,
829 1135 882 1181 et
905 1127 1146 1196 episcOpi
1179 1135 1304 1180 sunt
1325 1126 1438 1180 sibi
1493 1125 1813 1196 placabiles,
1875 1125 1943 1178 de
1999 1124 2119 1193 ipsa

519 1213 738 1270 licentia
768 1215 900 1268 nihil
931 1215 1080 1280 dicit,
1115 1229 1217 1268 nec
1251 1214 1438 1268 sedem
1457 1212 1809 1282 apostolicam
1837 1211 2075 1281 appellat
2101 1229 2114 1266 :

521 1317 646 1356 cum
667 1302 810 1356 sacri
839 1300 1130 1372 praefigant
1159 1317 1398 1355 canones
1428 1299 1674 1371 qualiter,
1735 1307 1788 1353 et
1849 1299 2013 1366 unde,
2066 1305 2118 1352 et

517 1389 608 1444 ubi
637 1389 912 1459 appellare
943 1387 1137 1442 debeat
1167 1388 1458 1456 episcOpus
1501 1387 1860 1456 apostolicam
1905 1387 2112 1440 sedem.

517 1476 587 1530 Et
615 1492 760 1530 anno
790 1475 1084 1546 praeterito,
1117 1483 1400 1546 postquam
1443 1475 1498 1528 in
1547 1474 1818 1529 Attiuiaco
1871 1474 2114 1528 libellum

515 1562 584 1616 de
615 1579 712 1617 sua
743 1562 976 1633 regulari
1008 1562 1316 1618 obedientia
1345 1562 1476 1616 mihi
1505 1561 1748 1632 porrexit
1795 1562 1850 1614 in
1881 1563 2110 1631 synodo,

519 1650 707 1705 sedem
737 1650 1088 1721 apostolicam
1119 1665 1228 1706 non
1275 1650 1585 1720 appellavit,
1639 1665 1741 1704 nec
1799 1651 1867 1704 de
1897 1649 2113 1705 licentia

2229 507 2613 578 subscriptioni
2645 525 2808 579 quam
2831 524 3015 564 coram
3047 507 3316 580 episc0pis
3348 509 3538 564 decem
3585 511 3804 580 provin-

2225 595 2430 650 ciarum
2461 595 2516 649 in
2545 597 2754 666 synodo
2785 597 2928 666 apud
2955 597 3280 652 Attiniacum
3313 597 3592 667 professus
3621 597 3803 666 fuerat,

2225 689 2278 736 et
2305 697 2470 736 manu
2499 683 2719 753 propria
2750 685 3146 754 subscripserat
3181 703 3193 750 ;
3229 685 3453 750 scilicet,
3488 685 3612 755 quia
3637 685 3806 755 privi-

2221 768 2368 840 legio
2398 771 2814 840 metropolitano
2842 773 3139 842 provinciae
3187 773 3522 826 Rhemorum
3549 772 3808 829 Ecclesia

2223 858 2524 912 secundum
2553 874 2738 914 sacros
2771 874 3028 926 canones,
3060 868 3113 914 et
3141 859 3362 915 decreta
3401 860 3546 914 sedis
3594 868 3808 930 aposto-

2218 943 2338 998 licae
2369 960 2438 999 ex
2467 945 2634 1001 sacris
2690 947 2991 1001 canonibus
3025 947 3366 1018 promulgata
3417 963 3515 1018 pro
3562 948 3704 1002 scire
3758 955 3808 1004 et

2219 1047 2382 1101 posse
2410 1049 2468 1086 se
2498 1033 2862 1099 obediturum,
2898 1035 3166 1089 contraria
3195 1034 3498 1104 profitendo
3554 1035 3798 1090 subscri-

2216 1118 2343 1187 psit.
2381 1121 2460 1174 Dc
2520 1137 2624 1190 qua
2679 1121 3023 1190 professione
3079 1129 3240 1192 atque
3298 1121 3702 1192 subscriptione
3753 1123 3804 1177 in

2218 1207 2408 1260 eadem
2439 1209 2646 1278 synodo
2665 1209 2794 1262 mihi
2823 1209 2969 1275 data,
3004 1217 3226 1264 sanctus
3254 1209 3363 1266 Leo
3392 1211 3448 1263 in
3478 1209 3713 1280 epistola
3743 1211 3807 1266 ad

2216 1293 2516 1364 Septimum
2545 1295 2862 1366 episcOpum
2891 1295 3022 1351 dicit
3043 1297 3230 1370 (epist.
3263 1301 3350 1366 85)
3385 1315 3398 1351 :
3434 1319 3456 1348 ι
3512 1297 3808 1352 Saluberri—

2213 1398 2364 1436 mum
2424 1391 2526 1451 est,
2579 1383 2770 1454 inquit,
2834 1393 2884 1439 et
2943 1385 3200 1455 spiritalis
3244 1385 3542 1442 medicena
3579 1385 3804 1442 utilitate

2211 1469 2611 1540 plenissimum,
2647 1479 2704 1524 ut
2734 1471 2848 1527 sive
2877 1472 3202 1543 presbyteri,
3256 1473 3372 1528 sive
3419 1473 3662 1540 diaconi,
3721 1473 3803 1529 vel

2213 1558 2499 1625 cujuslibet
2520 1557 2640 1629 [al.,
2676 1559 2790 1615 sive
2821 1559 2934 1631 alii]
2965 1559 3172 1614 ordinis
3204 1560 3408 1628 clerici,
3443 1561 3536 1632 qui
3567 1577 3628 1616 se
3690 1577 3803 1617 cor-

2213 1653 2392 1700 rectos
2421 1645 2595 1702 videri
2623 1646 2828 1712 volunt,
2854 1663 3094 1702 errorem
3125 1663 3302 1717 suum,
3335 1656 3390 1702 et
3410 1649 3560 1719 ipsos
3601 1649 3803 1704 erroris

515 1737 643 1793 illuc
663 1737 826 1792 eundi
857 1737 1059 1808 aliquid
1083 1737 1236 1792 dixit.
1277 1738 1385 1793 Sed
1417 1753 1542 1793 cum
1599 1746 1906 1793 commotus
1949 1737 2110 1792 inho-
2139 1770 2192 1829 B
2212 1741 2461 1787 auctores
2491 1734 2738 1788 damnari
2761 1751 2794 1789 a
2821 1751 2882 1790 se
2927 1735 3043 1790 sine
3097 1735 3445 1806 ambiguitate
3487 1736 3760 1792 fateantur
3787 1755 3801 1803 ;

511 1833 668 1881 neste
697 1826 822 1880 inde
853 1827 1124 1894 discessit,
1158 1825 1500 1896 praemissum
1559 1825 1872 1897 pitaciolum
1924 1825 1992 1880 de
2047 1826 2112 1879 li-

505 1913 681 1968 centia
711 1913 940 1968 Romam
969 1915 1150 1979 eundi,
1173 1913 1320 1968 circa
1351 1913 1577 1969 Kalend.
1611 1914 1780 1967 Julias
1841 1911 1972 1966 mihi
2029 1913 2112 1966 di-

513 2001 671 2056 rexit.
707 2001 896 2056 Postea
927 2015 1054 2056 vero
1111 2001 1246 2054 nihil
1295 2001 1428 2055 mihi
1483 2001 1611 2056 inde
1659 2001 1956 2064 mandavit,
2007 2015 2110 2055 nec

507 2088 722 2160 quando
749 2105 964 2144 mecum
995 2087 1208 2144 locutus
1237 2088 1354 2154 fuit,
1385 2088 1512 2144 inde
1543 2089 1749 2160 aliquid
1781 2089 1934 2144 dixit.
1999 2089 2109 2144 Sed

509 2184 560 2230 et
589 2192 710 2231 cum
741 2177 943 2232 domno
975 2193 1108 2246 rege
1135 2177 1192 2230 in
1239 2177 1590 2247 subsequenti
1619 2192 1810 2232 mense
1861 2177 2108 2247 Septem-

505 2263 626 2318 brio
651 2263 708 2318 in
739 2265 968 2332 Silvaco,
1001 2265 1122 2320 etin
1149 2280 1338 2319 mense
1369 2263 1627 2319 Octobrio
1657 2263 1870 2332 Rhemi,
1913 2264 2006 2318 ubi
2053 2273 2107 2318 et

505 2366 610 2422 ego
639 2350 734 2416 fui,
767 2359 819 2406 et
849 2351 1034 2405 domui
1047 2351 1328 2421 apostolici
1358 2351 1509 2404 missi
1533 2350 1860 2422 ibi_fuerunt,
1897 2359 1948 2406 et
1977 2351 2106 2406 inde

503 2437 638 2491 nihil
665 2437 816 2492 dixit.
849 2437 1060 2493 Deinde
1107 2455 1298 2493 mense
1351 2439 1638 2493 Februario
1677 2438 1739 2492 in
1768 2439 2104 2509 Compendio

499 2539 620 2580 cum
653 2525 852 2579 domno
883 2541 1014 2598 rege
1043 2541 1141 2596 per
1170 2525 1376 2596 aliquot
1403 2525 1522 2580 dies
1551 2525 1667 2592 fuit,
1703 2533 1756 2580 et
1776 2542 1880 2597 ego
1939 2527 2103 2581 etiam

495 2611 605 2666 illic
633 2611 728 2666 fui.
763 2613 962 2667 Postea
997 2627 1128 2668 vero
1149 2627 1336 2666 mense
1364 2612 1534 2682 Aprili
1575 2612 1718 2682 apud
1777 2613 2101 2669 Silvanectis

500 2715 624 2754 cum
653 2699 854 2754 domno
885 2716 1015 2772 rege
1047 2699 1164 2754 fuit.
1188 2699 1256 2754 Et
1273 2700 1494 2755 demum
1515 2699 1570 2754 in
1601 2700 1817 2756 Silvaco
1845 2717 1948 2771 per
1995 2701 2095 2755 ali-

499 2793 628 2856 quot
649 2787 766 2842 dies
793 2803 917 2842 cum
960 2787 1160 2843 domno
1209 2803 1343 2858 rege
1400 2786 1518 2856 fuit,
1577 2795 1630 2842 et
1688 2803 1793 2859 ego
1827 2789 1989 2842 etiam
2025 2788 2101 2843 ibi

497 2872 593 2938 fui,
625 2881 678 2926 et
707 2873 840 2926 nihil
861 2874 988 2928 inde
1019 2873 1174 2928 dixit.
1205 2875 1274 2927 Et
1289 2875 1404 2941 jam
1433 2875 1619 2944 plures
1647 2875 1910 2930 Kalendae
1945 2891 2099 2930 men-

499 2958 576 3012 sis
595 2959 828 3030 Augusti
855 2960 1290 3029 pertrausierunt
1329 2961 1474 3015 ultra
1529 2960 1785 3030 placitum
1841 2962 1985 3032 quod
2045 2970 2098 3017 et

499 3043 733 3100 domnus
762 3045 1096 3116 apostolicus
1139 3046 1308 3113 misit,
1368 3047 1636 3102 mandans
1683 3055 1739 3102 ut
1785 3048 1922 3102 ultra
1977 3049 2095 3103 illas

2215 1827 2270 1874 ut
2301 1821 2552 1876 sensibus
2579 1822 2782 1892 pravis,
2810 1831 2860 1878 et
2890 1823 3092 1876 dudum
3123 1825 3418 1893 peremptis
3451 1825 3594 1879 nulla
3655 1825 3804 1896 aspi-

2211 1915 2367 1962 rante
2422 1907 2543 1979 [al.,
2597 1909 2742 1962 nulla
2796 1909 3071 1982 sperandi]
3129 1911 3360 1980 supersit
3415 1912 3656 1978 occasio,
3707 1927 3802 1968 nec

2211 1995 2378 2049 ullum
2407 1997 2714 2050 membrum
2767 1997 3033 2052 Ecclesiae
3081 1997 3268 2052 talium
3313 1997 3488 2069 possit
3544 1999 3802 2055 societate

2208 2082 2417 2150 violari,
2452 2099 2572 2137 cum
2601 2099 2700 2153 per
2717 2085 2896 2138 omnia
2923 2084 3032 2138 illis
3061 2085 3328 2155 professio
3357 2085 3578 2156 propria
3619 2101 3800 2157 cmpe-

2207 2168 2273 2222 rit
2303 2169 2544 2224 obviare.
2585 2193 2606 2218 n
2643 2171 2703 2224 In
2759 2187 2862 2242 qua
2909 2171 3248 2242 professione
3296 2181 3348 2228 et
3405 2173 3800 2244 subscriptione

2207 2271 2306 2310 sua
2327 2257 2633 2312 confratres
2663 2265 2715 2312 et
2735 2259 3073 2316 venerabiles
3101 2259 3414 2330 coepiscopi
3449 2261 3638 2328 nostri,
3675 2277 3800 2318 cou-

2207 2343 2448 2398 sulentes
2479 2345 2688 2400 duritiae
2706 2345 2869 2400 animi
2900 2347 3003 2412 sui,
3037 2353 3091 2402 et
3132 2355 3515 2418 supportantes
3563 2365 3694 2404 eum
3747 2349 3798 2405 in

2205 2431 2488 2498 charitate,
2523 2433 2806 2488 noluerunt
2825 2449 2948 2489 eum
2979 2449 3314 2507 exaggerare
3341 2436 3411 2490 de
3455 2437 3750 2506 praeteritis
3781 2455 3794 2503 ;

2205 2519 2302 2574 sed
2333 2527 2538 2574 tantum
2567 2521 2802 2576 futuram
2829 2523 3218 2578 correctionem
3245 2523 3550 2594 proﬁtendo
3577 2533 3632 2580 et
3673 2525 3798 2580 sub-

2204 2606 2495 2662 scribendo
2524 2609 2878 2678 promitteret.
2911 2611 3268 2666 Attendentes
3298 2613 3446 2684 quod
3483 2613 3542 2667 Β.
3577 2612 3797 2686 Grego-

2202 2693 2317 2747 rius
2347 2693 2404 2748 iu
2439 2695 2698 2766 pastorali
2753 2698 2960 2769 Regula
3015 2697 3182 2766 dicit;
3220 2721 3242 2749 α
3277 2698 3414 2766 Quia
3467 2699 3792 2772 plerumque

2201 2797 2339 2851 quos
2365 2781 2522 2838 fortis
2551 2783 2954 2854 pigmentorum
2983 2787 3133 2857 potio
3191 2802 3380 2842 curare
3437 2803 3548 2842 non
3603 2788 3791 2854 valuit,

2201 2869 2271 2922 ad
2295 2869 2524 2926 salutem
2543 2871 2824 2941 pristinam
2855 2881 3016 2945 atque
3045 2881 3237 2945 tepens
3289 2875 3536 2930 reduxit:
3557 2883 3610 2931 et
3660 2891 3794 2932 uou-

2199 2955 2346 3009 nulla
2373 2957 2602 3013 vulnera
2631 2977 2754 3030 quae
2781 2961 2952 3016 curari
2995 2961 3260 3018 incisione
3314 2963 3448 3018 ferri
3493 2971 3790 3034 nequeunt,

2199 3041 2454 3099 fomentis
2516 3045 2622 3101 olei
2645 3056 2904 3103 sanantur
2935 3057 3022 3104 :et
3037 3049 3204 3105 durus
3225 3049 3452 3105 adamas
3473 3050 3796 3108 incisionem

499 3132 772 3188 Kalendas
796 3107 912 3187 non
941 3141 1310 3188 remoraretur
1336 3135 1466 3206 quin
1522 3135 1754 3214 Romam
1813 3144 2089 3207 pergeret.
2125 3107 2174 3168 Ο
2195 3129 2326 3186 ferri
2357 3131 2584 3188 minime
2625 3135 2838 3206 recipit,
2892 3135 2992 3191 sed
3035 3137 3145 3193 leni
3197 3137 3474 3194 hircorum
3523 3139 3796 3213 sanguine

496 3219 700 3291 Scripsi
729 3221 894 3292 etiam
922 3219 1019 3288 illi,
1061 3221 1188 3292 quia
1215 3221 1421 3277 insulse
1477 3223 1774 3292 scripserit,
1841 3223 2096 3293 quoniam

495 3307 542 3362 si
571 3307 846 3364 licentiam
875 3308 926 3364 ei
953 3309 1119 3363 eundi
1145 3310 1374 3365 Romam
1403 3311 1548 3381 apud
1579 3326 1768 3384 regem
1817 3325 1928 3367 non
1984 3311 2093 3366 im-

497 3403 811 3466 petrarem:
845 3397 1058 3452 Abhinc
1091 3401 1158 3452 ut
1187 3399 1603 3470 archiepiscopo
1624 3401 1978 3472 coepiscopus
2006 3401 2097 3457 ob-

499 3487 813 3556 temperare
825 3483 1000 3550 debet,
1019 3486 1287 3542 canonice
1299 3486 1442 3541 mihi
1454 3487 1674 3558 obsequi
1689 3501 1805 3541 non
1813 3488 2098 3559 posset.Et

498 3571 628 3642 quia
655 3580 841 3627 contra
869 3572 1135 3629 rationem
1161 3574 1267 3630 hoc
1296 3574 1446 3640 dixit,
1489 3573 1540 3628 ei
1569 3589 1634 3628 ex
1661 3574 1904 3644 epistolis
1949 3575 2093 3630 beati

497 3655 692 3712 Leonis
723 3657 936 3712 ostendi
967 3674 981 3722 ;
1015 3665 1068 3712 et
1084 3664 1142 3711 ut
1158 3657 1465 3713 decretales
1486 3657 1742 3728 epistolas
1771 3673 1908 3730 quas
1955 3659 2092 3713 bea-

493 3743 690 3798 tissimi
718 3759 876 3815 papae
905 3744 1140 3800 diversis
1165 3745 1509 3815 temporibus
1538 3745 1605 3798 ab
1635 3745 1771 3802 urbe
1791 3747 1961 3802 Roma
1991 3761 2091 3816 pro

494 3829 836 3886 diversorum
850 3839 1061 3901 patrum
1095 3832 1465 3886 consolatione
1510 3833 1796 3900 dederunt,
1846 3834 1916 3889 de
1973 3833 2094 3904 qui-

497 3917 598 3971 bus
620 3919 700 3987 (ιιι
728 3934 758 3971 a
785 3917 1206 3987 metropolitano
1235 3918 1526 3990 privilegio
1555 3927 1743 3974 contra
1772 3935 2008 3975 canones
2039 3929 2091 3976 et

495 4004 717 4059 decreta
744 4005 892 4060 sedis
921 4005 1234 4075 apostolicae
1265 4021 1332 4058 ex
1353 4005 1562 4060 eisdem
1585 4007 1758 4061 sacris
1787 4008 2090 4064 canouibus

491 4089 838 4162 promulgata
867 4107 926 4146 se
956 4091 1128 4162 possit
1158 4107 1374 4160 exuere,
1427 4093 1766 4149 contumacia
1821 4097 2088 4164 pertinaci

493 4177 790 4249 contendit)
821 4178 972 4233 illum
1019 4179 1344 4248 commonui,
1405 4187 1462 4234 ut
1524 4181 1825 4236 secundum
1885 4183 2088 4239 dictum

493 4265 638 4319 beati
669 4265 874 4321 Gelasii
903 4266 1284 4322 venerabiliter
1307 4268 1626 4338 susciperet,
1661 4277 1714 4324 et
1743 4285 1901 4326 sacra
1957 4287 2089 4328 con-

493 4352 637 4423 cilia,
669 4362 728 4408 ut
758 4354 1026 4421 Gelasius,
1041 4363 1094 4410 et
1123 4355 1307 4412 caeteri
1357 4355 1608 4412 catholici
1651 4357 1923 4424 videlicet,
1979 4360 2085 4416 do-

2195 3218 2483 3275 mollescit.
2521 3240 2544 3270 ι

2265 3306 2334 3360 Et
2361 3307 2462 3363 hac
2493 3307 2836 3378 professione
2875 3326 3040 3382 quam
3092 3312 3432 3384 subscripsit,
3475 3314 3604 3386 quia
3639 3315 3688 3371 si
3743 3313 3794 3372 ei

2193 3392 2467 3449 licentiam
2497 3395 2662 3451 eundi
2689 3396 2936 3468 Romam,
2986 3413 3095 3470 quo
3131 3399 3286 3455 illum
3331 3400 3420 3456 vel
3477 3417 3792 3474 quenquam

2193 3496 2470 3552 nunquam
2499 3483 2587 3538 vel
2617 3499 2882 3555 nusquam
2911 3485 3186 3542 volentem
3215 3487 3296 3542 ire
3324 3488 3593 3559 prohibui,
3647 3490 3792 3561 apud

2193 3576 2452 3632 domuum
2483 3595 2673 3652 regem
2701 3579 2958 3636 Carolum
2988 3597 3100 3636 non
3127 3581 3498 3654 impetrarem,
3531 3585 3668 3640 mihi
3725 3601 3792 3640 ex

2191 3670 2339 3734 tunc,
2399 3672 2458 3719 ut
2506 3665 2918 3738 archiepiscopo
2991 3669 3348 3741 coepisc0pus
3411 3671 3792 3743 obtemperare

2191 3750 2374 3818 debet,
2411 3753 2672 3809 canonice
2719 3755 2918 3811 scirem
2959 3755 3111 3812 illum
3141 3758 3370 3829 obsequi
3417 3775 3528 3814 non
3580 3775 3786 3830 posse:

2191 3838 2558 3911 subjungens:
2589 3863 2610 3888 ιι
2636 3841 2757 3914 Ego
2779 3843 3108 3900 Hincmarus
3128 3845 3185 3900 S.
3199 3845 3575 3902 Laudunensis
3585 3847 3786 3903 Eccle-

2190 3925 2284 3980 siae
2315 3926 2606 3999 episcOpus
2650 3939 2844 4000 sponte
2887 3931 3188 4003 subscripsi
3219 3947 3232 3986 :
3271 3955 3292 3978 »
3327 3931 3473 3988 illam
3531 3949 3702 4004 quam
3731 3935 3785 3989 in

2189 4014 2398 4084 synodo
2429 4015 2619 4071 decem
2645 4017 3051 4088 provinciarum
3081 4019 3226 4090 apud
3245 4020 3572 4076 Attiniacum
3617 4019 3782 4077 habi-

2187 4107 2298 4154 tam
2326 4103 2460 4157 mihi
2507 4102 2676 4172 dedit,
2727 4113 2988 4176 quantum
3039 4107 3096 4160 in
3149 4106 3268 4177 ipso
3323 4105 3440 4176 fuit,
3499 4109 3784 4166 destruxit.

2189 4188 2337 4244 Sicut
2384 4190 2442 4244 B.
2495 4191 2604 4246 Leo
2660 4192 2716 4246 in
2774 4191 3004 4263 epistola
3051 4193 3120 4248 ad
3175 4193 3412 4250 Leonem
3473 4197 3784 4268 Augustum

2185 4275 2378 4347 (epist.
2412 4277 2524 4348 78),
2565 4279 2728 4334 etiam
2757 4286 2938 4335 tantus
2969 4279 3210 4350 pontifex
3239 4281 3309 4337 de
3337 4298 3396 4338 se
3425 4281 3636 4351 dicens,
3687 4301 3784 4341 os-

2185 4363 2354 4418 tendit
2386 4381 2398 4417 :
2436 4385 2459 4416 (
2497 4365 2808 4422 Secundum
2864 4367 3174 4438 apostolum
3204 4369 3414 4440 (Galat.
3449 4373 3504 4440 2)
3552 4371 3598 4425 si
3659 4389 3784 4445 quae

493 4441 673 4512 otique
701 4441 981 4512 pontifices
1009 4443 1390 4510 decreverunt,
1425 4443 1808 4501 inviolabiliter
1863 4461 2083 4502 conser—
2109 4449 2164 4510 D
2185 4449 2450 4521 destruxi,
2473 4453 2592 4509 haec
2615 4453 2865 4522 aedificio,
2887 4456 3359 4526 praevaricatorem
3373 4473 3461 4514 me
3478 4441 3778 4528 constituo,

493 4535 664 4598 varet,
699 4529 774 4584 illi
803 4530 970 4584 suasi.

521 4639 524 4642 ί
559 4626 628 4679 Et
656 4626 724 4680 de
755 4641 819 4681 eo
842 4625 985 4697 quod
1017 4626 1249 4697 scripsit,
1281 4627 1406 4698 quia
1441 4651 1462 4674 α
1491 4629 1636 4699 quod
1667 4629 1967 4701 apostolica
1997 4647 2082 4686 se-

487 4713 586 4770 des
617 4713 686 4768 de
715 4729 780 4769 eo
811 4714 994 4782 voluit,
1027 4729 1088 4769 ac
1119 4714 1403 4785 disposuit,
1437 4715 1686 4788 Remigio
1742 4725 1792 4771 et
1845 4719 2080 4774 Arduico

488 4801 912 4871 archiepisc0pis
971 4802 1326 4868 committere,
1372 4803 1724 4858 commisitzn
1758 4803 1965 4860 scilicet
2021 4815 2080 4861 ut

485 4903 583 4958 per
611 4904 705 4941 eos
735 4888 920 4942 domui
947 4889 1226 4959 apostolici
1257 4890 1504 4960 epistola,
1538 4891 1680 4946 unde
1697 4890 1772 4945 illi
1801 4893 2072 4962 mandavi,

485 4975 552 5028 ad
583 4975 842 5030 domuum
869 4991 1058 5048 regem
1087 4977 1388 5047 peveniret,
1422 4987 1474 5032 et
1515 4978 1618 5049 ipsi
1675 4979 1794 5047 ejus
1851 4995 2076 5036 causam

481 5061 854 5134 agerent:illi
895 5079 1004 5117 non
1060 5064 1240 5132 credo,
1295 5066 1548 5136 quoniam
1607 5065 1835 5137 epistola
1888 5067 2073 5124 domui

479 5149 764 5221 apostolici
785 5149 916 5204 mihi
944 5150 1148 5206 directa
1177 5161 1364 5223 aperte
1395 5153 1746 5219 demonstrat,
1807 5153 1953 5209 illam
2003 5155 2072 5212 de

477 5253 582 5308 qua
603 5238 820 5310 oblique
851 5237 1066 5312 sategit,
1101 5241 1233 5295 mihi
1261 5241 1496 5309 misisse,
1521 5249 1578 5296 ut
1609 5257 1712 5313 ego
1733 5241 2069 5308 illius,vide-

474 5323 602 5380 licet
631 5323 960 5398 sulfraganei
988 5327 1114 5392 mei,
1147 5343 1372 5382 causam
1401 5345 1620 5398 agerem
1651 5329 1796 5399 apud
1825 5345 2016 5402 regem
2051 5347 2064 5385 :

475 5419 738 5480 quatenus
761 5421 814 5468 ct
842 5415 1138 5485 apostolica
1166 5414 1326 5469 sedes
1357 5415 1603 5486 vigorem
1648 5417 1930 5487 proprium
1973 5433 2065 5473 re-

407 5565 410 5570 ,
471 5498 680 5566 tineret,
713 5507 766 5554 et
797 5517 828 5556 a
859 5518 917 5556 se
947 5517 1206 5557 concessa
1232 5501 1352 5557 aliis
1376 5501 1500 5570 jura
1531 5519 1628 5558 sua
1659 5519 1768 5558 non
1796 5505 2060 5560 demeret.

2184 4543 2235 4591 et
2266 4537 2344 4592 eis
2371 4555 2458 4594 me
2487 4539 2746 4596 ultionum
2795 4542 3196 4599 conditionibus
3251 4545 3446 4612 subdo,
3487 4561 3627 4618 quas
3669 4563 3781 4604 non

2183 4623 2356 4680 solum
2403 4627 2698 4684 auctoritas
2755 4629 2931 4686 beatae
2967 4631 3249 4689 memoria:
3296 4633 3558 4704 principis
3621 4635 3779 4690 Mar-

2179 4712 2330 4782 tiaui,
2366 4715 2464 4770 sed
2496 4715 2656 4770 etiam
2685 4731 2788 4789 ego
2810 4733 2932 4772 mea
2950 4720 3314 4775 consensione
3341 4719 3570 4776 ﬁrmavi.
3609 4747 3632 4770 »
3669 4724 3780 4779 De-

2180 4803 2375 4856 struxit
2404 4802 2548 4857 enim
2577 4804 2632 4858 in
2658 4804 2883 4876 praefata
2939 4807 3150 4876 synodo
3191 4807 3576 4865 inobedientiae
3627 4827 3776 4882 pra-

2179 4886 2402 4944 teritatae
2422 4891 2783 4958 insolentiam,
2818 4891 3094 4950 aedificans
3113 4894 3417 4965 profitendo
3445 4903 3496 4952 et
3528 4897 3778 4954 subscri-

2177 4974 2356 5029 bendo
2385 4976 2620 5033 futuram
2651 4979 2948 5036 secundum
2973 4997 3163 5037 sacros
3183 4997 3420 5038 canones
3467 4999 3605 5056 erga
3654 5001 3772 5041 sua

2172 5063 2490 5134 metropolis
2518 5065 2864 5140 privilegium
2919 5069 3306 5126 obedientiam.
3339 5069 3514 5138 Quam
3573 5071 3778 5128 iterum

2172 5149 2276 5205 hac
2323 5151 2791 5221 praevaricationis
2850 5171 2964 5212 sua:
3009 5157 3352 5227 professione
3411 5166 3572 5231 atque
3627 5160 3772 5215 sub-

2171 5237 2464 5309 scriptione
2493 5239 2796 5312 destruere,
2829 5249 2882 5296 et
2924 5244 3208 5302 annullare
3266 5246 3481 5318 sategit,
3541 5253 3595 5302 et
3651 5248 3776 5319 pri-

2171 5324 2364 5380 stinam
2429 5343 2586 5382 suam
2641 5328 3006 5400 insolentiam,
3065 5332 3316 5390 redivivo
3372 5333 3560 5390 furore
3597 5349 3774 5391 resu-

2169 5413 2398 5482 scitavit,
2431 5431 2498 5471 ac
2527 5431 2628 5488 per
2655 5417 2758 5472 hoc
2787 5433 2846 5472 se
2865 5419 3344 5490 praevaricatorum
3391 5421 3692 5478 constituit.

2237 5507 2386 5577 Quas
2419 5525 2612 5567 omnes
2639 5510 3018 5582 professiones
3043 5523 3096 5572 et
3152 5515 3576 5588 subscriptiones
3630 5535 3770 5574 suas
