4056 6178
234 242 340 296 589
915 236 1157 295 OPUSC.
1208 234 1301 291 ΕΤ
1353 235 1571 292 EPIST.
1617 235 1691 291 IN
1738 232 1965 290 CAUSA
2018 233 2360 290 HINCMARI
2413 233 2718 291 LAUDUN.

3429 241 3532 296 590

240 360 510 432 sapientia
556 366 741 417 vestra
782 358 1003 416 insimul
1046 360 1310 429 conferat,
1345 366 1397 415 et
1427 358 1574 431 quod
1602 358 1671 414 de
1700 356 1835 412 sub-
1863 355 2211 418 Adixerunt.
2272 356 2371 412 Cui
2420 357 2694 414 schedulm
2741 357 2809 411 ab
2840 357 3113 431 episcopis
3156 359 3249 431 qui
3290 359 3532 430 praefata:

240 448 538 520 scriptione
566 448 659 504 vel
682 448 1026 519 professione
1055 447 1447 504 subscribentis
1476 462 1541 502 ac
1568 444 1835 518 proﬁten-
1937 445 2146 516 synodo
2200 444 2581 515 interfuerunt,
2631 445 2916 502 multifarie
2966 447 3259 520 multisque
3299 448 3477 503 modis
3510 463 3525 503 :

240 536 327 605 tis,
360 543 415 592 et
443 535 778 609 negligentis
807 543 966 607 atque
995 534 1320 607 refragantis
1342 542 1560 590 sanctus
1582 533 1833 605 Spiritus,
1936 532 2034 587 sed
2063 541 2116 588 et
2136 548 2170 588 a
2190 549 2249 588 se
2278 532 2471 588 asserit
2501 549 2624 589 esse
2654 534 3057 606 subscriptum;
3090 551 3211 607 quae
3232 536 3287 591 in
3317 535 3536 608 quibus-

239 639 343 694 per
392 639 488 679 eos
528 622 585 677 in
630 622 827 695 quibus
868 622 1081 678 locutus
1132 630 1231 689 est,
1266 630 1320 678 et
1347 622 1439 694 qui
1482 638 1605 678 cum
1637 622 1752 675 Deo
1780 620 1838 673 in
1936 621 2081 691 dam,
2117 620 2285 677 sacris
2314 619 2518 693 regulis
2547 622 2842 689 contraria,
2877 630 2929 678 et
2954 639 3069 678 suae
3099 624 3529 680 excommunica-

240 711 384 768 coelo
429 717 684 783 regnant,
717 718 771 766 et
798 710 853 766 in
878 709 1055 767 terris
1081 710 1355 767 miraculis
1398 716 1702 775 coruscant,
1733 708 1837 763 de-
1936 708 2070 764 tioni
2127 724 2290 779 quam
2346 708 2548 764 fecerat
2592 709 2647 764 in
2690 710 2952 780 parochia
2995 727 3113 778 sua,
3145 718 3228 767 est
3267 728 3529 769 consona.

240 800 495 869 creverit,
540 798 774 855 sollicita
817 806 997 853 mente
1043 798 1310 870 recogitet
1349 805 1511 869 atque
1558 795 1833 865 dijudicet.
1937 796 2143 852 Dicitur
2186 797 2329 851 enim
2377 797 2453 851 ibi
2496 797 2565 854 de
2601 797 2876 866 damnato,
2907 806 2967 854 ut
2998 820 3020 850 ι
3057 800 3185 855 dum
3216 800 3362 867 vivit,
3393 801 3468 856 ita
3497 816 3532 856 a

246 887 328 944 Ait
374 886 525 943 enim
578 902 794 942 sacrum
850 886 1281 957 Carthaginense
1321 884 1612 942 concilium
1642 884 1828 955 (conc.

245 971 512 1042 Carthag.
544 985 605 1037 ιι,
635 986 755 1025 can.
789 969 878 1041 13)
904 987 918 1023 :
942 989 964 1020 α
985 969 1043 1024 Si
1073 969 1194 1041 quis
1223 976 1412 1025 contra
1442 984 1599 1023 suam
1626 967 1839 1039 profes-

177 1107 192 1116 .
242 1058 456 1113 sionem
485 1057 575 1113 vel
603 1056 1054 1127 subscriptionem
1084 1056 1291 1112 venerit
1318 1056 1375 1111 in
1400 1055 1599 1127 aliquo,
1631 1055 1750 1125 ipse
1779 1070 1839 1110 se

241 1146 452 1201 honore
480 1144 736 1216 privabit.
767 1167 789 1193 ιι
822 1142 964 1213 Quid
992 1144 1136 1200 enim
1163 1144 1220 1198 in
1248 1145 1355 1199 hac
1382 1142 1681 1199 novissima
1709 1142 1838 1196 sub-

243 1233 544 1305 scriptione
602 1248 701 1287 sua
753 1231 925 1288 sacris
996 1231 1296 1288 canonibus
1348 1239 1401 1287 et
1456 1228 1839 1302 suprascriptis

241 1320 675 1393 professionibus
735 1327 789 1376 et
842 1320 1333 1391 subscriptionibus
1389 1318 1503 1374 suis
1545 1318 1838 1388 contraria,

243 1408 638 1480 congruentius
682 1407 877 1463 referri
916 1414 1114 1478 potest,
1165 1423 1271 1479 qua
1311 1406 1445 1462 dixit
1478 1424 1491 1460 :
1520 1407 1641 1478 Ego
1668 1406 1839 1462 Hinc-

243 1512 433 1552 marus
475 1504 664 1553 contra
690 1511 873 1551 meam
901 1494 1320 1567 professionem,
1361 1495 1449 1551 vel
1476 1493 1839 1565 subscriptio-

244 1600 370 1642 nem
402 1585 651 1655 veniens,
686 1591 881 1655 sponte
907 1600 996 1638 me
1026 1584 1236 1639 honore
1263 1582 1525 1654 privavi?

1938 892 2080 941 coetu
2133 890 2186 939 et
2242 884 2497 941 societate
2554 884 2793 942 ﬁdelium
2841 894 3102 956 remotus,
3138 903 3171 942 a
3199 904 3429 959 corpore
3477 895 3531 944 et

1938 971 2203 1044 sanguine
2231 972 2449 1027 Domini
2478 979 2784 1043 separatus,
2805 981 2865 1029 ut
2882 991 2984 1031 nec
3012 975 3068 1030 in
3098 975 3264 1030 ﬁnem
3293 991 3531 1032 commu-

1937 1059 2157 1115 nionem
2184 1058 2433 1130 accipiat,
2466 1075 2643 1132 neque
2670 1076 2871 1132 corpus
2902 1061 3074 1133 ipsius
3102 1079 3256 1119 more
3284 1062 3527 1120 ﬁdelium

1938 1162 2062 1203 cum
2089 1145 2451 1202 oblationibus
2481 1154 2534 1201 et
2559 1146 2786 1217 psalmis
2816 1156 2976 1220 atque
3006 1150 3221 1222 hymnis
3250 1151 3319 1206 ad
3347 1152 3533 1223 sepul-

1938 1241 2115 1290 turam
2172 1234 2489 1290 deducatur.
2528 1256 2555 1283 ι·
2601 1234 2670 1289 Et
2716 1234 2991 1306 aliquanto
3035 1236 3262 1294 inferius
3294 1255 3309 1293 :
3347 1260 3370 1291 ι
3413 1241 3530 1295 Ha-

1936 1322 2207 1392 beantque
2247 1321 2520 1392 principes
2551 1329 2604 1377 et
2636 1321 2848 1390 judices
2894 1324 3039 1380 hanc
3082 1324 3138 1381 in
3181 1327 3384 1398 populo
3429 1326 3532 1385 Dei

1939 1408 2293 1482 diligentiam,
2345 1416 2404 1463 ut
2431 1409 2741 1482 ubicunque
2790 1410 2923 1467 tales
2953 1411 3009 1467 in
3039 1420 3304 1483 potestate
3345 1430 3532 1471 eorum

1939 1497 2010 1552 ab
2069 1496 2342 1568 episcopis
2399 1496 2645 1568 requisiti
2699 1497 2914 1566 fuerint,
2986 1499 3194 1573 absque
3246 1518 3398 1557 mora
3455 1503 3536 1558 eis

1939 1583 2248 1651 exhibeant,
2280 1600 2349 1639 ne
2381 1583 2522 1640 forte
2551 1585 2598 1639 si
2628 1584 3110 1658 dissimulaverint,
3159 1597 3252 1644 aut
3297 1591 3534 1646 manda-

309 1673 424 1728 Sed
469 1671 612 1727 forte
657 1672 820 1768 dicet,
872 1672 1007 1727 alias
1046 1670 1473 1768 subscriptiones
1493 1686 1563 1768 se
1590 1668 1835 1768 invitum,
1869 1680 2055 1759 Btum
2084 1673 2327 1743 episcopi
2347 1673 2793 1744 contempserint,
2817 1674 2886 1729 ab
2904 1675 3153 1731 Ecclesia
3166 1677 3268 1732 Dei
3281 1678 3533 1749 projecti,

244 1768 408 1833 atque
437 1768 688 1816 coactum
715 1759 933 1816 fecisse.
966 1761 1034 1815 Et
1061 1759 1192 1832 quid
1222 1760 1367 1816 dicet
1393 1759 1462 1814 de
1490 1758 1583 1814 illa
1611 1758 1847 1814 subscri-

245 1849 449 1920 ptione,
515 1864 621 1920 qua
674 1847 862 1903 libello
916 1847 1358 1918 compilationum
1404 1862 1643 1912 suarum,
1691 1845 1843 1902 nullo

248 1942 485 2007 petente,
530 1935 618 1991 vel
664 1942 941 2007 sperante,
991 1935 1330 2007 subscripsit,
1382 1942 1436 1990 et
1462 1934 1531 1990 ab
1561 1933 1681 1989 aliis
1726 1932 1846 2005 qui-

248 2023 476 2079 busdam
526 2022 709 2079 invitis
756 2022 1029 2079 subscribi
1058 2023 1234 2079 fecit?
1265 2023 1349 2079 Illi
1394 2038 1593 2093 nempe
1639 2026 1729 2093 qui
1774 2021 1843 2076 de

247 2112 539 2167 verborum
585 2109 903 2166 differentiis
945 2110 1261 2182 loquuntur,
1294 2110 1432 2165 sicut
1458 2108 1668 2165 Nonius
1693 2109 1844 2163 Mar-

249 2199 415 2255 cellus
457 2198 871 2269 Peripateticus,
918 2196 974 2252 in
1020 2197 1205 2253 libello
1234 2198 1303 2254 de
1331 2197 1718 2268 compendiosa
1747 2197 1845 2251 do-

248 2287 417 2342 ctrina
448 2287 599 2358 (cap.
633 2286 709 2356 5),
741 2286 873 2341 dicit
905 2301 918 2340 :
956 2306 980 2336 ι
1014 2287 1132 2342 Hoc
1172 2286 1371 2341 distare
1411 2285 1552 2340 inter
1597 2283 1845 2340 conﬁteri

253 2382 303 2430 et
326 2372 582 2445 proﬁteri
626 2374 926 2443 autumant,
958 2373 1104 2445 quod
1131 2372 1379 2428 conﬁteri
1416 2372 1711 2429 voluntatis
1740 2378 1841 2438 est,

253 2460 497 2533 proﬁteri
546 2461 907 2528 necessitatis,
958 2468 1012 2517 et
1041 2460 1233 2517 coacti.
1269 2485 1293 2509 ι
1345 2460 1454 2515 Sed
1495 2474 1607 2514 non
1635 2459 1716 2514 illi
1742 2460 1846 2514 hoc

249 2550 314 2605 ad
364 2549 705 2607 voluntatem
757 2565 911 2604 suam
958 2548 1241 2618 succurrit,
1299 2547 1392 2619 qui
1447 2554 1635 2603 contra
1690 2562 1845 2602 suam

248 2636 649 2707 professionem
698 2644 751 2693 et
780 2637 1237 2708 subscriptionem
1261 2635 1430 2692 venit.
1462 2635 1597 2691 Cum
1626 2642 1846 2691 sanctus

248 2725 372 2791 Leo,
424 2724 566 2780 sicut
602 2724 876 2780 multoties
903 2724 960 2779 in
988 2724 1130 2779 illius
1178 2723 1450 2779 invenitur
1478 2721 1740 2793 epistolis,
1775 2722 1846 2777 ab

247 2812 601 2869 unanimitate
641 2811 922 2869 catholicae
948 2812 1102 2883 pacis
1133 2811 1516 2879 exorbitantes,
1547 2808 1845 2881 professio-

248 2917 373 2956 nem
418 2917 543 2957 cum
590 2900 999 2956 absolutissima
1045 2899 1444 2971 subscriptione
1474 2913 1663 2954 coram
1697 2896 1849 2952 omni

248 2988 416 3054 clero,
450 2996 504 3043 et
532 2988 784 3045 universa
826 2988 1008 3059 plebe,
1042 2987 1174 3042 dare
1201 2985 1497 3058 praecipiat.
1529 2986 1599 3041 Et
1627 2992 1844 3041 sanctus

249 3075 551 3149 Gregorius
605 3075 661 3131 in
725 3075 957 3147 epistola
1002 3074 1071 3129 ad
1124 3073 1488 3130 Theoctistam
1558 3072 1839 3144 patriciam

245 3162 364 3233 (lib.
397 3178 481 3231 ιι,
500 3165 663 3235 epist.
682 3164 792 3234 39),
826 3164 895 3219 de
921 3162 1007 3218 his
1036 3161 1131 3234 qui
1158 3161 1429 3230 dicebant,
1463 3160 1588 3232 quia
1615 3160 1664 3215 si
1691 3175 1840 3216 com-

246 3251 389 3322 pulsi
444 3250 609 3322 aliqui
665 3251 733 3307 de
787 3250 986 3323 quibus
1042 3251 1188 3320 juste
1260 3247 1800 3320 reprehendebantur
1823 3290 1835 3314 ,

247 3338 705 3395 anathematizare
753 3355 833 3406 se,
892 3338 1153 3405 dicerent,
1211 3336 1571 3393 anathematis
1625 3334 1839 3392 vinculo

244 3427 396 3483 nullo
450 3427 615 3484 modo
671 3426 866 3493 teneri,
926 3424 1367 3481 manifestissime
1413 3424 1558 3479 dicat
1587 3441 1603 3478 :
1639 3446 1662 3472 «ι
1697 3424 1765 3478 Et
1794 3421 1841 3477 si

248 3522 390 3583 sunt,
449 3514 723 3587 inquiens,
783 3513 874 3586 qui
928 3513 1232 3570 certissime
1279 3511 1405 3567 talia
1459 3510 1696 3567 sentiunt
1750 3509 1840 3566 vel

246 3610 453 3671 tenent,
504 3602 632 3675 quia
684 3601 970 3659 Christiani
998 3616 1107 3657 non
1136 3608 1280 3668 sunt,
1311 3599 1538 3657 dubium
1565 3615 1687 3675 non‘
1706 3606 1789 3653 est
1820 3614 1835 3652 :

246 3669 453 3763 eosque
496 3669 548 3746 et
591 3707 716 3764 ego,
761 3698 813 3747 et
853 3705 1043 3746 omnes
1085 3688 1337 3745 catholici
1381 3687 1644 3760 episcopi,
1670 3669 1839 3758 atque

246 3779 504 3835 universa
558 3779 806 3835 Ecclesia
858 3765 1387 3843 anathematizamus,-
1446 3775 1577 3847 quia
1628 3774 1840 3832 veritati

247 3866 524 3924 contraria
551 3866 807 3935 sentiunt,
844 3873 898 3922 et
925 3864 1191 3922 contraria
1218 3864 1525 3937 loquuntur.
1562 3883 1586 3913 ι

815 3988 1037 4045 CAPUT
1071 3987 1269 4043 XVIII.

253 4078 403 4148 Quod
422 4076 753 4135 schedulam
780 4077 974 4145 ﬁctam
1011 4076 1276 4148 quasihab
1309 4074 1577 4148 episcopis
1611 4074 1841 4148 c_on_c_ilii

324 4149 608 4205 Tullensis
627 4144 1251 4218 consoriptam'obtulit,
1274 4144 1369 4218 cui
1384 4144 1674 4218 rescripsit
1693 4144 1841 4199 Rhe-

316 4219 534 4275 mcnsis
581 4215 889 4273 adhortans
935 4216 1006 4272 ad
1035 4215 1400 4288 patientiam,
1452 4216 1509 4270 et
1549 4217 1841 4269 maturam

314 4305 516 4346 rerum
542 4288 943 4359 cognitionem.

1876 3037 1925 3100 C

1941 1776 2045 1818 nec
2100 1760 2430 1832 sepulturam
2485 1776 2608 1815 cum
2653 1759 2905 1817 ﬁdelibus
2941 1764 3224 1834 recipiant.
3261 1785 3285 1816 ι
3320 1768 3388 1822 Et
3428 1767 3535 1823 ali-

1944 1856 2145 1921 quanto
2176 1865 2340 1920 supra
2377 1849 2539 1904 istam
2587 1849 2911 1905 sententiam
2946 1868 2959 1904 :
2998 1872 3020 1902 ι
3056 1851 3113 1907 Si
3143 1851 3373 1910 clericus
3404 1855 3537 1911 tanti

1943 1936 2235 2008 cupiditate
2265 1936 2541 2009 sacrilegii
2568 1944 2877 2009 corruptus,
2908 1944 3000 1992 aut
3028 1938 3197 1995 laicus
3227 1941 3535 2014 quicunque

1943 2025 2046 2080 hac
2094 2023 2374 2094 iniquitate
2421 2024 2681 2095 deceptus
2710 2024 2890 2092 fuerit,
2924 2032 2977 2080 et
3004 2041 3344 2099 cognoscens
3372 2029 3534 2086 dam-

1943 2112 2217 2167 nationem
2262 2127 2419 2166 suam
2453 2111 2786 2183 poenitentia:
2830 2113 3085 2169 remediis
3116 2116 3414 2172 secundum
3442 2132 3536 2174 or-
3618 2130 3625 2131 ’

1944 2199 2125 2255 dinem
2155 2207 2208 2255 et
2234 2199 2647 2271 dispositionem
2691 2201 2774 2255 sui
2820 2200 3066 2272 episcopi
3109 2218 3171 2260 se
3198 2204 3532 2273 submiserit,

1943 2287 2193 2344 volumus
2238 2295 2297 2343 ut
2342 2302 2578 2358 pervasa
2603 2295 2655 2344 et
2683 2296 3014 2361 praesumpta
3038 2291 3335 2347 secundum
3364 2293 3539 2365 quali-

1945 2382 2111 2431 tatem
2140 2375 2198 2430 in
2230 2374 2504 2446 simplum,
2539 2383 2631 2430 aut
2648 2374 2705 2430 in
2731 2376 2977 2446 duplum,
2999 2384 3090 2432 aut
3107 2378 3165 2432 in
3184 2379 3424 2451 triplum,
3446 2389 3539 2438 aut

1944 2463 2002 2518 in
2021 2461 2382 2534 quadruplum
2405 2462 2653 2518 ecclesiae
2671 2463 2761 2518 cui
2783 2463 3041 2520 damnum
3060 2465 3272 2522 illatum
3292 2476 3394 2539 est,
3415 2469 3536 2540 pri-

1944 2565 2095 2604 mum
2133 2549 2400 2605 restituat.
2436 2550 2571 2635 Inde
2607 2566 2706 2620 pro
2738 2552 3029 2625 sacrilegio
3061 2553 3130 2609 ab
3159 2555 3417 2626 episcopo
3437 2572 3537 2613 suo

1946 2636 2232 2692 consilium
2260 2635 2467 2703 salutis,
2496 2645 2550 2693 et
2569 2637 2902 2708 pmnitentiae
2938 2641 3163 2697 modum
3198 2642 3479 2714 suscipiat.
3507 2663 3531 2696 ι

1946 2722 2081 2791 Quae
2096 2723 2405 2779 constitutio
2419 2724 2800 2795 restitutionis,
2825 2726 2979 2783 salvo
2993 2727 3180 2800 legum
3185 2729 3311 2799 jure
3326 2738 3530 2787 contra-

1944 2810 2026 2866 ria
2045 2826 2168 2866 esse
2187 2810 2530 2883 dignoscitur
2567 2812 2805 2868 decretis
2824 2812 2967 2868 beati
3003 2814 3259 2888 Gregorii
3273 2818 3341 2873 ad
3356 2820 3539 2891 Augu-

1946 2897 2147 2953 stinum
2179 2898 2484 2970 Anglorum
2534 2898 2851 2971 episcOpum
2886 2900 3312 2977 interrogantem
3344 2906 3536 2980 (epist.

1944 2987 2053 3042 ult.
2080 2987 2118 3042 ι.
2141 3000 2242 3052 xu,
2284 2986 2357 3042 ad
2394 2986 2654 3059 August,
2691 2987 2959 3061 interrog.
2979 2989 3071 3059 4):
3098 2990 3393 3050 «’Obsecro
3410 2995 3539 3066 quid

1939 3073 2050 3145 pati
2069 3073 2283 3140 debeat,
2308 3073 2356 3128 si
2378 3073 2497 3145 quis
2545 3074 2749 3146 aliquid
2768 3076 2837 3132 de
2858 3075 3086 3132 ecclesia
3120 3077 3264 3135 furto
3295 3081 3537 3138 abstule-

1939 3161 2094 3216 rit?»
2131 3161 2437 3232 Responsio
2470 3161 2615 3216 beati
2643 3162 2900 3234 Gregorii
2915 3164 3043 3220 hinc
3061 3174 3183 3235 post
3214 3166 3484 3239 aliquanta
3514 3187 3532 3226 :

1945 3269 1968 3299 ι
2001 3248 2173 3304 Addis
2193 3248 2354 3304 etiam
2376 3248 2649 3319 quomodo
2670 3264 2737 3304 ea
2757 3266 2881 3320 quae
2898 3250 3038 3307 furto
3053 3252 3123 3308 de
3142 3254 3391 3310 ecclesiis
3406 3256 3534 3312 abs-

1939 3335 2179 3401 tulerint,
2210 3334 2445 3391 reddere
2479 3335 2711 3391 debeant
2729 3337 2758 3391 ?
2778 3336 2886 3391 Sed
2906 3337 3048 3393 absit
3066 3345 3125 3394 ut
3144 3340 3378 3397 ecclesia
3402 3358 3529 3398 cum

1937 3429 2229 3494 augmento
2268 3422 2513 3493 recipiat,
2562 3424 2708 3494 quod
2761 3424 2831 3481 de
2858 3425 3022 3481 rebus
3049 3428 3278 3484 terrenis
3314 3430 3531 3488 videtur

1937 3510 2203 3576 amittere,
2239 3518 2293 3565 et
2319 3509 2470 3567 lucra
2499 3510 2569 3566 de
2597 3510 2755 3566 vanis
2783 3520 3009 3583 quaerat.
3047 3535 3069 3564 ι

2010 3598 2144 3666 Quae
2183 3597 2465 3665 schedula,
2511 3604 2569 3653 ut
2615 3599 2849 3666 ostendi,
2883 3599 3270 3660 ecclesiasticis
3299 3605 3523 3663 ordina-

1938 3685 2173 3742 tionibus
2202 3685 2486 3756 contraria,
2519 3686 2683 3741 etiam
2711 3694 2760 3742 et
2789 3703 2855 3743 ex
2884 3688 2990 3745 hoc
3012 3690 3243 3747 mendax
3273 3707 3396 3750 esse
3421 3710 3525 3766 pa-

1938 3782 2114 3830 tenter
2154 3774 2473 3842 ostenditur,
2517 3774 2641 3846 quia
2669 3790 2861 3837 eosum
2903 3776 3281 3850 episcoporum
3308 3783 3528 3839 nomina

1936 3862 2012 3918 ibi
2037 3862 2309 3918 habentur
2336 3862 2657 3934 subscripta,
2681 3863 2774 3935 qui
2800 3864 3043 3921 nondum
3071 3875 3226 3924 erant
3249 3869 3528 3943 episcopi:

1939 3959 1993 4007 et
2022 3950 2186 4007 etiam
2228 3950 2457 4007 duorum
2494 3950 2875 4024 episcoporum
2917 3954 3135 4010 nomina
3163 3972 3229 4012 ex
3257 3972 3364 4014 una
3390 3960 3530 4017 civi-

1939 4046 2068 4106 tate,
2099 4047 2153 4095 et
2178 4054 2286 4094 uno
2313 4047 2556 4111 tempore
2596 4039 2673 4095 ibi
2720 4048 2843 4096 sunt
2867 4041 3045 4112 posita
3080 4061 3093 4097 :
3125 4051 3178 4100 et
3206 4048 3526 4105 earumdem

1940 4126 2322 4199 episcoporum
2364 4127 2583 4183 nomina
2613 4127 2705 4199 qui
2733 4138 3117 4186 successerunt
3158 4141 3286 4189 ante
3312 4136 3533 4194 nomina

1941 4229 2165 4270 suorum
2207 4214 2561 4271 decessorum
2587 4214 2664 4269 ibi
2686 4224 2979 4285 ponuntur.
3011 4218 3255 4275 Habetur
3280 4223 3426 4278 enim
3454 4223 3531 4279 ibi

1940 4317 2140 4357 nomen
2181 4300 2471 4356 Christiani
2515 4301 3092 4371 Autissiodorensium,
3126 4313 3179 4361 et
3205 4306 3370 4379 longe
3406 4317 3532 4380 post

318 4393 571 4466 Denique
616 4392 687 4448 ad
731 4394 850 4450 hac
894 4407 973 4446 xv
1018 4389 1252 4447 Kalend.
1292 4390 1548 4460 August,
1579 4387 1837 4443 indictio-
1858 4380 1913 4441 D
1942 4387 2185 4445 Abbonis
2242 4388 2373 4443 item
2428 4387 3006 4458 Autissiodorensium,
3065 4392 3153 4447 cui
3194 4394 3533 4452 Christianus

244 4482 334 4537 nis
365 4486 417 4549 3,
468 4480 618 4537 misit
663 4481 735 4536 ad
778 4496 867 4536 me
911 4479 1059 4551 apud
1096 4476 1477 4551 Pontigonem,
1523 4475 1844 4532 Heddonem

244 4569 517 4627 Ecclesia
561 4584 675 4624 suae
719 4567 1091 4640 praepositum,
1142 4573 1195 4622 et
1235 4581 1337 4637 per
1364 4580 1489 4620 eum
1527 4563 1845 4620 schedulam

244 4657 545 4731 quamdam
591 4655 726 4712 mihi
772 4655 987 4721 direxit,
1020 4670 1179 4726 quam
1206 4654 1385 4709 habeo
1426 4652 1528 4707 sub
1558 4650 1844 4722 chirogra-

244 4747 360 4817 pho
399 4764 413 4801 :
445 4746 603 4816 cujus
647 4751 860 4815 partem
901 4757 1086 4799 coram
1112 4741 1382 4813 episcOpis
1412 4739 1505 4812 qui
1532 4738 1841 4805 adfuerunt,

244 4834 508 4906 Remigio
535 4832 763 4900 scilicet,
795 4830 1089 4896 Harduico,
1139 4828 1429 4899 Francone,
1461 4827 1655 4884 Odone
1682 4834 1846 4897 atque

244 4920 604 4987 Willeberto,
655 4927 710 4975 et
736 4918 856 4975 aliis
903 4914 1291 4975 ecclesiasticis
1333 4915 1462 4973 viris
1500 4914 1846 4971 referendam

244 5008 328 5065 illi
378 5008 620 5074 donavi;
652 5023 721 5063 ne
767 5013 957 5078 postea
983 5004 1118 5061 mihi
1145 5003 1395 5060 eamdem
1433 5003 1766 5069 schedulam,
1801 5000 1848 5056 si

245 5096 440 5162 vellet,
497 5094 714 5150 misisse
758 5109 966 5168 negare
1012 5092 1237 5150 valeret.
1288 5090 1425 5160 Quae
1478 5088 1726 5147 confecta
1766 5095 1850 5145 est

248 5184 418 5256 quasi
475 5199 543 5239 ex
590 5182 811 5238 nomine
867 5180 1063 5254 synodi
1115 5180 1262 5251 apud
1317 5177 1607 5235 Tusiacum
1638 5196 1653 5233 :
1684 5192 1850 5249 quam

245 5280 546 5342 antequam
572 5286 674 5343 per
698 5269 1020 5325 Heddonem
1038 5267 1299 5325 clericum
1327 5283 1487 5323 suum
1516 5264 1846 5335 acceperim,

243 5374 539 5431 nunquam
565 5357 698 5424 vidi,
723 5365 777 5413 et
802 5372 1073 5429 nunquam
1103 5355 1191 5413 vel
1215 5369 1483 5427 nusquam
1512 5351 1730 5419 audivi;
1755 5350 1851 5407 sed

246 5464 359 5503 nec
392 5446 490 5518 qui
514 5444 800 5502 adfuerunt
813 5443 1076 5516 episcopi,
1100 5457 1224 5500 eam
1239 5457 1299 5499 se
1318 5441 1523 5500 vidisse
1552 5447 1605 5497 et
1632 5438 1851 5496 audisse

1941 4475 2222 4532 successit.
2253 4475 2324 4530 Et
2351 4474 2663 4531 inscribitur
2689 4475 2764 4531 ibi
2790 4492 2990 4534 nomen
3017 4479 3282 4537 Rainelmi
3318 4481 3528 4540 Novio-

1941 4563 2304 4634 magensium,
2349 4563 2442 4634 qui
2495 4563 2737 4620 nondum
2792 4573 2911 4621 erat
2965 4567 3255 4640 episcopus
3287 4587 3301 4624 :
3333 4570 3532 4628 deinde

1941 4651 2105 4723 longe
2134 4657 2276 4721 post,
2306 4666 2507 4706 nomen
2548 4652 2808 4709 Immonis
2837 4654 3305 4728 Noviomagorum
3330 4656 3532 4715 inscri-

1942 4739 2104 4806 bitur,
2137 4738 2226 4795 cui
2270 4737 2586 4795 Rainelmus
2634 4742 2914 4798 successit.
2945 4742 3015 4797 Et
3043 4743 3273 4799 aliorum
3314 4745 3533 4816 episco-

1943 4842 2139 4898 porum
2168 4826 2244 4880 ibi
2271 4826 2538 4883 habentur
2581 4827 2822 4895 nomina,
2855 4829 2948 4899 qui
2974 4828 3152 4886 eidem
3184 4833 3394 4904 synodo
3424 4849 3535 4891 non

1942 4913 2316 4970 interfuerunt.
2344 4915 2415 4971 Et
2443 4930 2546 4970 nos
2593 4915 2684 4986 qui
2729 4914 3085 4987 interfuimus,
3129 4919 3229 4975 sed
3257 4927 3310 4975 et
3343 4936 3403 4976 se
3432 4937 3537 4977 no-

1943 5000 2158 5058 hiscum
2200 5001 2286 5057 his
2337 4999 2731 5072 subscripsisse
2774 5003 3111 5060 mendaciter
3155 5005 3302 5075 dicit,
3336 5008 3535 5080 quibus

1945 5105 2057 5146 non
2080 5087 2516 5160 subscripsimus.
2564 5088 2720 5145 Unde
2764 5090 3059 5147 videndum
3103 5101 3185 5150 est
3212 5094 3259 5150 si
3285 5093 3365 5151 illi
3394 5110 3533 5152 con-

1946 5177 2144 5243 veniat,
2186 5176 2333 5247 quod
2373 5176 2690 5232 Africanum
2731 5176 2974 5235 decrevit
2999 5181 3291 5238 concilium
3318 5166 3388 5238 de
3411 5181 3533 5256 epi‘

1947 5279 2114 5335 scopo
2142 5263 2235 5335 qui
2262 5262 2556 5320 Donatistis
2585 5279 2645 5320 se
2670 5266 3102 5325 communicasse
3132 5270 3388 5327 mentitus
3416 5268 3535 5329 fue‘

1950 5352 2019 5406 rit
2038 5350 2180 5422 (cod.
2211 5366 2339 5406 can.
2372 5351 2506 5407 eccl.
2535 5352 2739 5423 A/‘ric.,
2772 5369 2891 5409 can.
2914 5356 3038 5429 124)
3072 5374 3085 5411 :
3118 5365 3177 5413 ut
3208 5379 3231 5409 α
3258 5358 3304 5413 si
3333 5360 3538 5429 proba-

1947 5446 2062 5495 tum
2086 5437 2248 5495 fuerit
2278 5454 2403 5495 eum
2430 5439 2499 5495 de
2519 5440 2898 5499 communione
2916 5442 3135 5500 illorum
3154 5444 3323 5505 fuisse
3338 5445 3540 5505 menti-
