4056 6178
499 272 596 324 591

1563 263 1902 319 HINCMARI
1959 257 2358 318 RHEMENSIS
2397 263 2944 320 ARCHIEPISCOPI.

3687 264 3780 318 592

497 399 631 456 tum,
685 389 916 443 dicendo
960 403 1054 442 eos
1085 387 1536 456 communicasse,
1579 403 1736 458 quos,
1771 402 1836 441 eo
1869 385 2091 454 sciente,
2125 383 2182 444 A
2203 385 2466 442 beneﬁcia
2514 403 2612 442 sua
2656 403 2830 458 usque
2859 386 2928 440 ad
2957 385 3194 458 legalem
3232 383 3600 439 diﬂinitionem
3631 390 3782 438 tene-

500 494 608 532 non
668 475 1100 532 communicasse
1157 475 1474 544 constiterit,
1525 475 1684 528 etiam
1727 474 2094 544 episcopatum

505 566 735 622 amittat.
775 587 796 613 ι

570 655 640 706 Ει
669 660 954 723 postquam
984 652 1128 705 idem
1157 651 1480 720 praepositus
1510 650 1702 706 Heddo
1733 649 1864 703 mihi
1894 647 2097 718 pra3fa-

496 748 610 794 tam
659 738 974 794 schedulam
1023 737 1192 806 dedit,
1244 737 1374 790 dixit
1405 737 1546 790 inter
1577 744 1794 801 caetera,
1826 735 2097 789 seniorem

504 843 660 880 suum
709 826 838 880 mihi
883 825 1192 890 mandasse,
1240 825 1364 895 quia
1413 839 1524 878 non
1569 831 1756 892 posset
1803 821 2094 890 dimittere,

501 923 558 968 ut
586 915 834 969 homines
883 929 1010 967 suos
1060 914 1151 982 qui
1197 929 1289 966 res
1339 913 1406 966 de
1453 927 1550 965 sua
1581 911 1815 966 ecclesia
1845 910 2097 963 tenebant

503 1017 604 1072 per
649 1009 972 1071 potestatem
1021 1008 1072 1054 et
1117 1001 1346 1054 verbum
1377 999 1542 1069 regis,
1583 1015 1692 1052 non
1724 996 2096 1051 excommuni-

502 1098 670 1144 caret.
705 1088 974 1157 Quoniam
1005 1088 1174 1142 altera
1203 1087 1320 1142 vice
1349 1087 1562 1156 quando
1583 1086 1782 1140 domno
1799 1084 2097 1154 apostolico

503 1177 774 1231 mandavit
822 1177 890 1230 de
937 1176 1298 1240 Nortmanno,
1345 1175 1448 1227 hoc
1495 1173 1544 1226 ei
1577 1173 1914 1227 remandavit
1944 1173 2097 1225 dom-

503 1280 605 1318 nus
649 1263 996 1334 apostolicus,
1033 1271 1088 1315 ut
1131 1263 1281 1332 prius
1311 1261 1437 1314 inde
1485 1260 1700 1314 fecisset
1749 1276 1906 1312 suum
1949 1258 2100 1312 mini-

503 1353 746 1418 sterium,
777 1359 830 1406 et
860 1359 986 1404 tunc
1015 1366 1074 1403 se
1107 1349 1477 1403 reclamasset.
1527 1349 1594 1402 Et
1625 1349 1728 1402 hoc
1754 1347 1878 1401 ideo
1913 1348 2098 1401 hacte-

497 1457 600 1493 nus
629 1439 926 1502 dimiserat,
971 1437 1146 1490 donec
1177 1437 1280 1491 hoc
1311 1436 1437 1489 mihi
1471 1436 1776 1499 mandaret,
1813 1443 1869 1488 ut
1898 1435 2096 1489 scirem

503 1527 628 1597 quia
657 1541 800 1580 nunc
829 1525 956 1578 inde
985 1541 1140 1577 suum
1171 1523 1529 1577 ministerium
1553 1522 1755 1578 faceret
1783 1523 1928 1576 unde
1957 1523 2098 1575 inter

503 1621 700 1668 caetera
729 1613 780 1667 ei
829 1612 1022 1682 scripsi
1055 1630 1066 1664 :
1107 1633 1128 1662 tt
1164 1614 1301 1682 Age,
1351 1611 1518 1664 frater
1560 1611 1896 1676 charissima,
1951 1609 2096 1680 quod

2197 482 2335 544 rent,
2385 475 2650 530 beneficia
2679 475 2798 545 ipsa
2844 475 3177 542 desererent,
3211 481 3262 528 et
3291 473 3408 543 ipse
3439 471 3582 542 quod
3612 471 3782 526 inca:-

2195 571 2370 632 perat,
2405 564 2762 618 evindicaret.
2802 563 2930 617 Cum
2969 563 3106 618 sicut
3133 562 3183 616 ei
3211 577 3320 616 non
3347 561 3488 626 licet,
3521 559 3784 614 de-accu-

2197 650 2402 704 satione
2445 651 2558 706 sive
2602 650 2914 716 criminalis,
2966 650 3078 704 sive
3136 649 3306 703 civilis
3353 663 3550 712 causae,
3593 645 3782 702 relicto

2197 738 2584 805 ecclesiastico,
2625 737 2841 808 publico
2869 736 3092 808 purgari
3117 735 3354 804 judicio;
3387 736 3462 788 ita
3492 734 3650 788 etiam
3677 748 3784 787 non

2197 825 2320 880 licet
2349 826 2424 878 illi
2455 825 2780 896 postposito,
2808 825 2895 879 vel
2923 831 3230 894 contempto
3259 822 3626 878 ecclesiastico
3651 820 3786 888 judi-

2196 913 2299 979 cio,
2361 913 2430 966 ad
2487 913 2762 967 saecularia
2797 913 2999 980 judicia
3056 911 3344 967 convolare
3385 928 3398 963 :
3450 910 3538 964 vel
3593 925 3786 979 quem-

2197 1017 2432 1071 cunque,
2483 1002 2570 1054 vel
2614 1001 2777 1054 etiam
2834 1000 3030 1055 laicam
3088 1013 3378 1069 personam
3431 998 3784 1067 pertrahere;

2197 1103 2372 1157 neque
2418 1087 2488 1141 ad
2537 1087 2710 1142 forum
2761 1103 2918 1142 suum
2960 1087 3132 1158 sequi,
3166 1086 3212 1140 si
3243 1087 3360 1156 ipsa
3389 1100 3622 1155 persona
3651 1083 3790 1138 laica

2197 1176 2538 1230 consenserit
2585 1175 2956 1230 ecclesiastico
3005 1175 3188 1228 subire
3229 1174 3453 1242 judicio.
3505 1172 3656 1226 Sicut
3705 1171 3788 1225 lex

2199 1261 2581 1326 Valentiniani,
2617 1279 2775 1332 quam
2805 1262 3021 1332 probat,
3051 1261 3320 1326 Ecclesia,
3353 1261 3688 1314 demonstrat
3719 1258 3788 1312 di-

2197 1364 2328 1404 cens
2363 1365 2374 1403 :
2413 1373 2434 1396 «
2472 1349 2716 1404 Clericus
2765 1349 2810 1403 si
2841 1349 3076 1420 aliquem
3123 1348 3216 1402 lite
3245 1347 3554 1418 pulsaverit,
3585 1347 3642 1400 in
3669 1345 3788 1400 foro

2198 1436 2342 1490 illius
2389 1453 2552 1508 quem
2581 1437 2650 1491 ad
2693 1437 2956 1504 judicium
3001 1443 3278 1506 provocat,
3329 1435 3594 1490 audiatur.
3625 1434 3684 1489 Si
3717 1441 3788 1488 ta-

2197 1540 2324 1578 men
2371 1525 2611 1594 pulsatus
2641 1541 2749 1578 non
2793 1524 3126 1594 acquieverit
3153 1524 3218 1577 ad
3248 1523 3556 1593 presbyteri
3585 1530 3640 1576 et
3669 1521 3788 1592 epi-

2198 1612 2350 1680 sc0pi
2397 1613 2581 1666 venire
2623 1612 2906 1680 judicium.
2943 1635 2962 1658 n
3009 1613 3076 1665 Et
3115 1619 3332 1666 sanctus
3373 1612 3482 1664 Leo
3521 1610 3656 1680 [imo
3685 1611 3787 1665 Leo

503 1699 868 1770 episcopalem
899 1700 1158 1754 condecet
1187 1699 1528 1771 gravitatem,
1563 1705 1888 1767 exspectans
1919 1697 2094 1751 donec
2117 1727 2166 1785 Β
2201 1695 2380 1750 Bitur.
2404 1695 2492 1766 Α.]
2525 1711 2588 1750 ac
2621 1696 2865 1750 Romana
2886 1695 3126 1766 synodus
3155 1696 3208 1748 in
3241 1695 3470 1765 epistola
3499 1693 3790 1749 Sarmatio-

501 1788 890 1858 provincialem
939 1788 1224 1858 synodum,
1278 1787 1431 1854 cujus
1471 1787 1584 1853 jam
1633 1793 1844 1855 tempus
1891 1786 1946 1838 in
1975 1800 2098 1855 pro-

503 1876 648 1930 ximo
669 1885 768 1944 est,
801 1875 1188 1930 conveniamus
1212 1893 1224 1940 ;
1250 1874 1305 1927 in
1329 1890 1432 1944 qua
1453 1873 1664 1928 favente
1682 1889 1746 1928 ac
1766 1881 2094 1942 cooperante

501 1962 752 2030 Domino,
811 1963 1110 2018 secundum
1166 1963 1385 2016 decreta
1438 1961 1581 2015 beati
1630 1960 1906 2030 Gregorii,
1946 1969 1996 2014 et
2025 1960 2094 2014 de

497 2049 874 2105 indecentibus
921 2049 1040 2121 [al.,
1093 2047 1474 2120 incidentibus]
1523 2047 1704 2103 causis
1752 2048 2088 2118 disceptatio,

498 2145 552 2192 et
599 2138 666 2192 sit
715 2137 952 2192 salubris
991 2137 1058 2191 de
1089 2135 1454 2192 ecclesiastica
1497 2135 1872 2190 observatione
1919 2134 2091 2188 colla-

500 2224 594 2290 tio,
649 2233 912 2295 quatenus
958 2225 1086 2278 dum
1133 2240 1230 2294 per
1275 2225 1379 2278 hoc
1411 2231 1462 2278 et
1489 2223 1756 2292 prmterita
1801 2222 2089 2294 corrigen-

501 2319 605 2364 tur.
647 2332 670 2361 ›
701 2313 771 2366 Et
823 2327 945 2382 quae
999 2318 1297 2380 sequuntur
1347 2311 1400 2362 in
1445 2310 1671 2380 epistola
1717 2309 1991 2363 Hincmari
2019 2309 2090 2362 ad

495 2398 816 2453 Heddonem
845 2415 1016 2469 usque
1041 2399 1111 2452 ad
1141 2395 1326 2452 tinem.

1073 2521 1297 2576 CAPUT
1349 2520 1501 2574 XIX.

503 2610 651 2678 Quod
671 2613 796 2680 post
834 2612 1030 2680 fugam
1051 2608 1443 2680 abrAttz'niaco,
1487 2608 1686 2680 relicto
1707 2607 1970 2680 Ecclesia:
1990 2608 2088 2676 ju-

563 2677 708 2736 dicio
728 2677 1026 2734 swc'ulares
1043 2679 1256 2746 iudices
1279 2695 1312 2732 a
1329 2694 1455 2750 rege
1472 2679 1733 2748 expetiit,
1759 2681 1813 2732 et
1823 2677 2087 2746 judicata

560 2751 872 2805 retractari
901 2752 1059 2820 fecit.

557 2837 625 2890 Et
655 2836 868 2890 evoluto
898 2836 1132 2890 duorum
1161 2835 1374 2890 circiter
1401 2835 1670 2890 mensium
1712 2834 1902 2903 spatio,
1937 2841 2087 2903 post-

489 2936 655 2992 quam
703 2929 866 2976 noctu
906 2922 1110 2992 aufugit
1140 2923 1206 2974 ab
1236 2921 1525 2990 Attiniaco,
1558 2929 1682 2975 ante
1713 2920 2086 2974 ditiinitionem

486 2997 798 3072 causarum,
832 3008 900 3062 de
934 3008 1128 3078 quibus
1159 3009 1301 3078 apud
1339 3007 1812 3077 metropolitanam
1843 3007 2084 3062 auctori-

485 3103 646 3150 tatem
695 3094 897 3150 electos
919 3095 1133 3162 judices
1181 3095 1440 3164 expetivit
1474 3113 1486 3147 :
1523 3095 1846 3165 quibusdam
1875 3094 2083 3149 machi-

486 3182 795 3236 nationibus
826 3181 1108 3252 exquisitis
1142 3182 1212 3236 ab
1244 3198 1308 3236 eo
1333 3182 1506 3250 jussio
1536 3189 1618 3236 est
1637 3181 1951 3252 principalis
1983 3182 2084 3236 eli-

488 3269 610 3336 cita,
643 3277 699 3324 ut
728 3269 797 3324 de
828 3269 1024 3340 quibus
1073 3269 1275 3325 electos
1301 3269 1532 3339 judices,
1569 3269 1868 3325 secundum
1899 3283 2086 3324 sacros

487 3371 725 3413 canones
755 3357 983 3428 accepit,
1010 3373 1119 3413 non
1149 3357 1325 3412 solum
1353 3373 1542 3412 eorum
1574 3357 1819 3428 querela,
1855 3373 2086 3428 quorum

487 3461 650 3500 causa
681 3461 854 3516 usque
884 3445 952 3500 ad
982 3445 1146 3499 alium
1167 3453 1449 3502 tractatum
1472 3443 1782 3500 diﬂinienda
1803 3445 2085 3514 remansit,

485 3549 696 3600 verum,
725 3541 778 3587 et
808 3549 946 3604 qum,
981 3541 1039 3587 ut
1084 3533 1212 3599 dixi,
1260 3533 1314 3586 in
1363 3533 1546 3588 domni
1595 3533 1746 3605 regis
1793 3533 2088 3603 praesentia

486 3620 786 3676 electorum
825 3621 1094 3690 judicium
1140 3621 1410 3675 sententia
1455 3620 1642 3676 decisa
1691 3621 1924 3688 fuerunt,
1968 3621 2085 3675 sine

486 3707 885 3778 metropolitani
932 3707 1282 3774 conscientia,
1328 3708 1552 3778 sineque
1591 3708 1853 3764 canonico
1883 3716 1934 3763 et
1965 3708 2086 3777 epi-

490 3795 699 3866 scopali
721 3794 944 3863 judicio,
979 3810 1077 3864 per
1099 3795 1312 3863 judices
1344 3795 1656 3864 saeculares,
1689 3795 2084 3864 Helmigarium

494 3881 702 3936 scilicet
729 3881 954 3936 mercati
981 3881 1161 3951 palatii
1191 3889 1242 3936 te
1268 3881 1587 3946 lonearium,
1613 3889 1666 3936 et
1685 3881 1996 3948 Flotarium,
2022 3897 2086 3936 ac

497 3967 788 4021 Ursionem
813 3967 1063 4021 villarum
1095 3967 1364 4037 regiarum
1394 3969 1626 4036 majores
1673 3968 2082 4034 refricarentur,

497 4060 686 4108 contra
715 4067 968 4120 canones,
1003 4053 1094 4124 qui
1122 4053 1190 4108 ab
1221 4054 1603 4110 ecclesiasticis
1633 4055 1702 4110 ad
1728 4056 1950 4124 majoris
1981 4071 2085 4110 au-

498 4139 760 4194 ctoritatis
808 4139 1208 4196 ecclesiasticos
1249 4141 1479 4209 judices,
1509 4149 1561 4196 et
1589 4159 1698 4196 non
1728 4158 1760 4196 a
1789 4143 2086 4211 majoribus

497 4227 568 4282 ad
596 4227 852 4296 minores,
886 4243 986 4283 nec
1015 4227 1082 4281 ab
1113 4228 1495 4284 ecclesiasticis
1527 4230 1598 4284 ad
1627 4229 1950 4296 saeculares;
1983 4246 2085 4286 ne-

500 4331 605 4386 que
626 4331 656 4370 a
676 4331 944 4370 consensu
971 4315 1208 4386 partium
1239 4316 1424 4371 electis
1445 4318 1726 4388 provocari
1751 4317 2082 4388 permittunt.

2199 1782 2273 1847 ni,
2335 1783 2603 1848 Garatoni,
2664 1783 2970 1847 Desiderio,
3027 1783 3298 1853 episcopis
3353 1790 3406 1836 et
3457 1781 3789 1852 presbyteris

2198 1870 2440 1923 omnium
2467 1870 2824 1925 ecclesiarum
2852 1871 2992 1924 intra
3021 1870 3360 1940 provinciam
3398 1869 3636 1924 Tertiam
3666 1868 3784 1940 [al.,

2196 1957 2499 2028 Thraciam]
2529 1959 2831 2012 constitutis
2861 1959 3085 2024 directa,
3119 1958 3246 2013 dicit
3280 1975 3294 2012 :
3339 1981 3360 2004 «
3398 1957 3454 2012 Si
3481 1957 3668 2012 clerus
3697 1955 3789 2010 lai-

2193 2059 2314 2098 cum
2345 2045 2542 2114 pulsat,
2565 2046 2714 2115 prius
2745 2062 2804 2100 se
2834 2045 3007 2100 audiri
3037 2045 3104 2100 ab
3135 2045 3404 2115 episcopis
3425 2052 3616 2114 poscat
3641 2063 3654 2097 :
3681 2052 3788 2098 tum

2193 2131 2240 2186 si
2269 2133 2510 2201 petitioni
2540 2149 2652 2186 suae
2681 2133 2884 2189 laicum
2913 2133 3106 2188 viderit
3150 2133 3392 2200 obviare,
3425 2147 3492 2186 ex
3519 2131 3788 2202 permisso

2194 2219 2434 2288 episcopi
2467 2221 2550 2274 sui
2577 2221 2632 2274 in
2663 2221 2846 2274 smculi
2875 2219 3236 2274 moderatoris
3265 2218 3688 2290 [moderatores]
3717 2219 3788 2272 di-

2192 2307 2525 2376 sceptatione
2568 2307 2840 2380 conﬂigat.
2877 2329 2900 2356 ι
2954 2307 3238 2372 Videlicet,
3299 2322 3406 2362 non
3449 2323 3545 2376 per
3573 2323 3658 2372 se,
3693 2305 3788 2360 sed

2189 2410 2289 2463 per
2337 2395 2678 2460 advocatum,
2720 2395 2858 2450 sicut
2887 2395 3040 2466 leges
3069 2403 3122 2450 et
3151 2395 3356 2466 regula:
3387 2410 3556 2449 sacrae
3585 2395 3786 2448 decer-

2189 2489 2340 2535 nunt.
2389 2483 2458 2536 Et
2503 2483 2647 2552 quod
2697 2499 2806 2536 non
2853 2483 2978 2538 licet
3025 2483 3277 2553 cuiquam
3309 2481 3528 2546 clerico,
3560 2481 3786 2536 minime

2189 2575 2366 2623 autem
2413 2569 2540 2624 licet
2587 2569 2865 2640 episcopo.
2915 2570 3182 2638 Quoniam
3229 2578 3285 2624 ut
3313 2577 3531 2624 sanctus
3569 2569 3788 2624 Hilarus

2187 2673 2327 2727 papa
2354 2657 2410 2710 in
2451 2657 2564 2711 suis
2609 2658 2844 2712 decretis
2891 2658 3022 2713 dicit
3061 2659 3144 2728 (in
3189 2658 3392 2728 synodo
3423 2661 3574 2713 Rom.
3609 2659 3738 2728 cit.)
3769 2677 3786 2712 :

2192 2765 2212 2794 ι
2241 2746 2410 2800 Reatu
2439 2745 2644 2813 majore
2673 2745 2934 2816 delinquit
2966 2746 3056 2816 qui
3085 2745 3294 2816 potiore
3325 2746 3528 2800 honore
3559 2745 3791 2814 perfrui-

2183 2838 2272 2886 tur
2307 2849 2318 2886 :
2351 2840 2402 2886 et
2433 2833 2692 2903 graviora
2739 2832 2864 2887 facit
2908 2833 3040 2887 vitia
3091 2840 3438 2903 peccatorum
3483 2833 3786 2887 sublimitas

2186 2919 2530 2990 dignitatum.
2569 2941 2591 2970 ι
2653 2921 2722 2974 Et
2787 2919 3102 2976 Africanum
3179 2920 3468 2976 concilium
3541 2921 3790 2975 decrevit

2185 3005 2362 3076 (conc.
2397 3008 2572 3077 ztfric.
2605 3023 2654 3064 c.
2689 3011 2748 3062 ’71
2775 3025 2790 3074 ;
2823 3008 3090 3064 cod.can.
3115 3008 3264 3064 Eccl.
3285 3009 3431 3079 Afra,
3459 3025 3586 3063 can.
3619 3009 3744 3078 104)
3767 3026 3785 3062 :

2194 3108 2214 3140 ι
2244 3093 2470 3162 Placuit,
2520 3095 2789 3166 inquiens,
2835 3103 2893 3149 ut
2937 3096 3267 3167 quicunque,
3305 3115 3326 3145 θ
3361 3095 3568 3150 scilicet
3617 3095 3787 3151 cleri-

2187 3195 2397 3246 corum,
2431 3197 2558 3237 eum
2589 3183 2786 3252 quibus
2815 3191 2868 3238 et
2899 3183 3226 3254 episcopalis
3255 3183 3392 3238 ordo
3420 3199 3786 3239 connumera-

2187 3275 2289 3334 tur,
2328 3291 2349 3318 α
2385 3269 2454 3324 ab
2497 3269 2826 3340 imperatore
2863 3271 3230 3344 cognitionem
3255 3271 3500 3340 judicum
3527 3271 3788 3343 publico-

2186 3371 2306 3409 rum
2335 3357 2572 3426 pe'tierit,
2603 3359 2812 3413 honore
2838 3359 3063 3428 proprio
3093 3359 3358 3430 privetur.
3381 3359 3438 3414 Si
3463 3367 3652 3414 autem
3681 3359 3793 3430 epi-

2186 3443 2406 3514 scopale
2431 3445 2694 3514 judicium
2721 3447 2786 3500 ab
2817 3446 3141 3518 imperatore
3173 3447 3548 3517 postulaverit,
3579 3447 3718 3502 nihil
3739 3447 3790 3502 ei

2183 3531 2342 3586 obsit.
2383 3553 2404 3582 ι
2439 3534 2507 3587 Et
2553 3533 3013 3606 Carthaginenses
3043 3550 3283 3590 canones
3314 3535 3369 3588 in
3399 3535 3559 3590 tertio
3591 3533 3787 3590 conci-

2184 3619 2257 3673 lio
2289 3619 2438 3688 (can.
2472 3619 2528 3690 9)
2563 3637 2576 3673 :
2613 3643 2634 3668 «
2671 3621 2786 3686 Cui,
2819 3621 3083 3692 inquiunt,
3137 3622 3205 3676 ad
3251 3621 3534 3693 eligendos
3567 3621 3790 3690 judices

2186 3707 2426 3778 undiqtfe
2455 3707 2716 3764 Ecclesiae
2745 3716 2889 3779 patet
2917 3709 3228 3774 auctoritas,
3261 3709 3378 3779 ipse
3407 3725 3466 3764 se
3495 3709 3788 3781 indignum

2187 3794 2448 3850 Ecclesiae
2478 3796 2750 3851 consortio
2773 3797 2996 3866 judicat,
3030 3797 3122 3868 qui
3152 3797 3220 3851 de
3248 3797 3506 3853 universa
3535 3796 3792 3852 Ecclesia

2187 3881 2328 3936 male
2358 3883 2660 3949 sentiendo,
2685 3885 2754 3938 de
2777 3884 2983 3952 judicio
3013 3883 3256 3940 saeculari
3287 3885 3462 3955 poscit
3481 3885 3748 3940 auxilium
3773 3903 3788 3938 :

2187 3983 2306 4023 cum
2363 3971 2696 4039 privatorum
2750 3969 3178 4026 Christianorum
3233 3987 3428 4027 causas
3487 3973 3786 4044 Apostolus

2187 4056 2346 4110 etiam
2394 4057 2461 4110 ad
2503 4059 2810 4113 Ecclesiam
2858 4059 3082 4126 deferri,
3135 4067 3296 4130 atque
3345 4059 3548 4115 ibidem
3587 4061 3788 4116 termi-

2185 4143 2306 4198 nari
2353 4145 2650 4214 praecipiat.
2688 4165 2710 4196 »
2745 4147 2814 4201 Et
2862 4147 2994 4201 item
3041 4147 3496 4218 Carthaginenses
3543 4164 3792 4205 canones

2186 4231 2525 4302 praicipiunt,
2564 4255 2586 4282 ‹
2621 4242 2678 4287 ut
2710 4233 2956 4305 quisquis
2989 4235 3389 4305 episcoporum,
3423 4236 3792 4307 presbytero-

2187 4334 2327 4386 rum,
2364 4326 2417 4372 et
2445 4319 2796 4374 diaconorum
2825 4337 2921 4376 seu
2952 4322 3292 4390 clericorum,
3317 4339 3438 4378 cum
3459 4323 3516 4378 in
3535 4325 3790 4380 Ecclesia

499 4405 546 4458 A
576 4403 771 4473 quibus
801 4402 1146 4458 saecularibus
1169 4403 1442 4471 judicibus
1462 4421 1492 4457 a
1521 4421 1580 4458 se
1608 4404 1808 4475 petitis,
1841 4404 2088 4475 quaedam
2119 4400 2171 4460 D
2191 4405 2241 4458 ei
2271 4405 2430 4460 fuerit
2476 4407 2683 4463 crimen
2709 4407 3008 4462 institutum
3039 4409 3161 4480 [al.,
3194 4409 3552 4482 intentatum],
3585 4411 3678 4467 vel
3706 4413 3790 4468 ci-

501 4506 568 4544 ex
599 4489 836 4544 diﬂinitis
883 4490 1138 4546 refricata
1168 4499 1220 4545 et
1249 4492 1542 4556 immutata,
1594 4493 1842 4562 quaedam
1869 4508 1996 4547 vero
2026 4509 2092 4546 ex

503 4577 830 4634 diﬂiniendis
874 4585 997 4631 sunt
1040 4577 1282 4642 difﬁnita,
1343 4579 1693 4632 adinventitia
1731 4580 2086 4650 reputatione,

503 4663 641 4719 sicut
670 4665 739 4718 ab
783 4664 916 4734 ipsis
943 4663 1034 4735 qui
1063 4664 1118 4717 in
1150 4666 1344 4719 eodem
1381 4665 1582 4735 placito
1629 4665 1862 4732 fuerunt,
1897 4667 2092 4722 dicitur

502 4751 572 4804 de
613 4766 722 4804 non
763 4751 1088 4806 necessariis
1132 4759 1184 4806 et
1225 4753 1729 4808 inconvenientibus
1765 4753 2092 4821 juramentis

506 4845 724 4906 reperta
757 4855 770 4892 :
803 4846 854 4892 et
878 4839 944 4891 ab
976 4854 1062 4908 eo,
1095 4855 1281 4894 coram
1327 4839 1600 4910 praedictis
1633 4839 1904 4907 judicibus
1934 4841 2087 4910 ipsis,

503 4923 616 4978 sive
646 4925 1068 4992 accusatoribus,
1095 4941 1230 4996 quos
1263 4935 1448 4982 contra
1477 4925 1678 4980 electos
1695 4925 1927 4994 judices,
1955 4928 2092 4983 sicut

501 5011 813 5081 expetierat,
837 5013 1096 5082 suscepit,
1118 5013 1398 5084 preposita
1414 5031 1426 5066 :
1443 5021 1708 5084 quatenus
1729 5022 1778 5068 et
1800 5014 1864 5080 is,
1891 5015 1958 5069 de
1983 5031 2090 5086 quo

499 5097 748 5170 legaliter
762 5114 824 5152 ac
845 5101 1162 5169 regulariter
1177 5101 1455 5156 diﬁinitum
1473 5099 1666 5169 fuerat,
1691 5109 1748 5154 ut
1764 5102 2090 5158 beneficium

496 5203 652 5240 suum
701 5185 946 5252 haberet,
997 5187 1142 5256 quod
1189 5197 1380 5243 contra
1409 5188 1666 5242 rationem
1697 5197 1749 5242 et
1778 5191 2086 5259 aequitatem

493 5274 821 5342 perdiderat,
881 5273 1072 5328 eadem
1112 5275 1492 5330 adinventione
1545 5275 1832 5331 dimitteret
1866 5295 1879 5330 :
1911 5285 1964 5331 et
2011 5278 2087 5331 illi

493 5360 690 5427 quibus
714 5361 1012 5428 judicatum
1057 5360 1246 5430 fuerat,
1279 5370 1336 5416 ut
1364 5363 1616 5432 quoniam
1647 5363 1692 5417 is
1721 5371 1843 5433 post
1874 5365 2084 5436 expeti-

491 5452 606 5498 tum
637 5446 932 5502 electorum
959 5449 1242 5516 judicium,
1277 5449 1416 5504 idem
1443 5449 1702 5518 judicium
1735 5451 2080 5524 subterfugit,

2191 4493 2313 4547 vilis
2343 4508 2509 4548 causa
2556 4494 2716 4548 fuerit
2771 4505 3060 4562 commota,
3095 4497 3140 4550 si
3171 4497 3362 4553 relicto
3411 4487 3792 4554 ecclesiastico

2185 4579 2408 4648 judicio,
2433 4581 2664 4650 publicis
2679 4583 2896 4650 judiciis
2915 4583 3136 4654 purgari
3165 4584 3412 4652 voluerit,
3448 4585 3666 4640 etiamsi
3687 4601 3790 4656 pro

2190 4667 2310 4737 ipso
2355 4667 2518 4723 fuerit
2563 4669 2769 4740 prolata
2807 4673 3092 4738 sententia,
3128 4671 3306 4726 locum
3345 4689 3504 4726 suum
3533 4673 3792 4742 amittat;

2191 4763 2244 4808 et
2271 4756 2373 4810 hoc
2403 4756 2456 4810 in
2487 4756 2748 4812 criminali
2781 4758 2899 4830 [al.,
2935 4759 3204 4814 criminali
3247 4760 3474 4832 judicio]
3505 4779 3518 4814 :
3553 4761 3606 4816 in
3637 4761 3793 4817 civili

2189 4858 2340 4908 vero,
2393 4844 2587 4913 perdat
2636 4846 2780 4918 quod
2828 4847 3008 4913 evicit,
3051 4847 3099 4902 si
3125 4847 3306 4903 locum
3349 4863 3507 4902 suum
3535 4849 3792 4904 obtinere

2189 4930 2456 4984 maluerit.
2496 4951 2518 4980 ι

2261 5018 2414 5074 Unde
2443 5027 2662 5075 sanctus
2693 5021 2800 5076 Leo
2829 5036 2953 5077 cum
2979 5021 3190 5094 synodo
3218 5023 3404 5078 Romae
3431 5023 3614 5078 habita
3647 5041 3788 5095 pra:-

2187 5105 2344 5161 dictis
2391 5107 2664 5179 episcopis
2694 5109 3040 5176 Sarmationi,
3075 5110 3348 5178 Garatoni,
3379 5111 3692 5180 Desiderio,
3735 5121 3790 5166 et

2185 5193 2515 5264 presbyteris
2557 5197 2796 5252 omnium
2844 5199 3200 5254 ecclesiarum
3245 5199 3386 5253 intra
3439 5199 3790 5270 provinciam

2183 5281 2420 5334 Tertiam
2464 5283 2789 5356 [Thraciam]
2835 5285 3162 5352 constitutis,
3212 5287 3324 5340 suis
3355 5286 3788 5356 subscriptioni-

2183 5365 2284 5420 bus
2327 5369 2444 5422 haec
2493 5386 2614 5439 qua;
2669 5381 2966 5441 sequuntur
3009 5373 3200 5428 misit:
3239 5394 3262 5424 α
3312 5375 3538 5428 Tantam
3585 5375 3787 5430 saeculi

2177 5461 2475 5524 potestates
2504 5456 2652 5512 circa
2699 5460 3098 5516 sacerdotalem
3127 5461 3373 5517 ordinem
3403 5461 3784 5516 reverentiam
