4056 6178
504 220 609 274 595

1101 345 1324 402 CAPUT
1352 345 1505 400 XXI.

515 449 664 517 Quod
681 449 879 506 deinde
905 451 1076 506 semel
1097 468 1160 507 ac
1183 452 1390 507 iterum
1411 451 1604 506 eadem
1632 451 1697 506 de
1738 468 1800 506 re
1846 451 2096 507 monitus

575 520 791 576 obedire
821 524 1175 593 contempsit,
1207 522 1504 578 etconcilii
1539 522 1874 578 Antiochem'
1921 538 2094 578 cano-

576 606 710 646 ncm
739 591 1054 648 indiscrete
1097 593 1349 664 exponit.
1543 597 1551 606 '

565 695 758 750 Postea
796 710 858 750 III
894 697 1078 751 Nonas
1099 696 1223 751 Maii
1243 696 1386 752 venit
1433 697 1502 752 ad
1532 713 1620 753 me
1651 697 1884 754 clericus
1933 715 2089 767 suus,

505 791 722 848 nomine
751 791 1102 860 Teutlandus,
1147 795 1392 865 quadam
1439 794 1574 848 mihi
1614 795 1683 850 de
1747 802 1900 866 parte
1949 795 2094 850 illius

501 880 766 948 referens,
792 897 914 954 quae
943 881 1032 937 hic
1061 897 1229 938 causa
1257 883 1536 939 brevitatis
1567 883 1774 938 omitto.
1798 882 1994 938 Etdixi
2019 883 2087 948 ei,

496 977 554 1024 ut
585 969 841 1041 episcopo
873 987 972 1025 suo
1001 970 1226 1038 diceret,
1252 980 1516 1043 quatenus
1547 971 1684 1026 sicut
1716 979 1767 1026 et
1798 971 1990 1026 litteris
2040 979 2092 1027 et

497 1057 682 1114 verbis
695 1058 812 1127 jam
841 1057 919 1112 illi
947 1060 1351 1125 mandaveram,
1368 1060 1576 1114 litteras
1606 1059 1689 1114 sui
1711 1074 2014 1114 consensus
2035 1059 2090 1113 in

499 1146 1054 1202 excommunicatione
1082 1147 1404 1218 complicum
1437 1147 1786 1202 Carlomanni
1813 1146 1946 1202 mihi
1965 1147 2092 1201 mit-

499 1240 614 1288 tere
641 1235 842 1290 diutius
873 1250 984 1290 non
1030 1234 1276 1290 differret
1308 1252 1322 1288 :
1372 1234 1517 1289 unde
1561 1242 1686 1290 tunc
1730 1233 1912 1306 quinta
1971 1235 2089 1290 vice

494 1337 618 1377 eum
648 1323 1081 1378 commonebam.
1117 1323 1314 1378 Postea
1343 1329 1494 1376 sexta
1523 1322 1641 1378 vice
1683 1322 1893 1391 litteris,
1946 1337 2086 1393 qua-

491 1425 611 1464 rum
639 1409 916 1480 exemplar
933 1409 1108 1465 habeo
1127 1411 1264 1478 (non
1279 1410 1558 1480 exstant),
1583 1410 1732 1464 illum
1751 1410 2084 1478 commonui,

491 1503 758 1568 quatenus
788 1511 1088 1552 consensus
1117 1497 1200 1552 sui
1230 1498 1439 1552 litteras
1457 1497 2084 1554 in'excommunicatione

491 1584 754 1640 canonica
782 1585 1106 1654 complicum
1135 1585 1476 1640 Carlomanni
1517 1586 1650 1640 mihi
1695 1586 1912 1641 mittere
1957 1586 2083 1642 diu-

487 1671 595 1726 tius
625 1687 734 1726 non
767 1670 1024 1738 differret,
1051 1672 1142 1743 qui
1171 1672 1394 1728 obedire
1423 1673 1554 1727 mihi
1583 1689 1736 1729 more
1776 1689 1874 1728 suo
1923 1673 2082 1729 dedi-

485 1765 684 1831 gnatus
714 1758 830 1814 fuit.
865 1759 1095 1830 Insuper
1121 1759 1178 1814 in
1219 1767 1524 1816 memorata
1568 1761 1745 1816 rotula
1793 1776 1894 1815 sua
1941 1761 2083 1816 inter

484 1846 591 1902 alia
618 1847 744 1903 hinc
773 1847 904 1902 mihi
933 1848 1214 1918 rescripsit
1249 1867 1262 1904 :
1302 1871 1324 1900 α
1350 1849 1514 1917 Cujus
1543 1849 1686 1904 couti
1709 1849 2082 1921 dedignamini

487 1933 740 2001 concilio,
764 1942 954 2006 petere
989 1951 1096 1990 non
1137 1951 1320 2007 operae
1356 1936 1590 2007 pretium
1615 1936 1828 1990 habetis
1850 1951 2084 1992 consen-

481 2037 621 2078 sum.
640 2023 707 2078 Et
723 2023 894 2079 miror
905 2039 1000 2079 cur
1017 2023 1074 2079 in
1093 2025 1197 2081 hoc
1211 2040 1395 2080 meum
1415 2024 1695 2096 requiritis
1727 2039 2077 2090 consensum,

484 2111 640 2180 cujus
669 2127 780 2166 non
809 2112 1116 2184 quaesistis;
1148 2113 1257 2168 imo
1287 2113 1570 2184 sprevistis
1597 2113 1904 2169 consilium.
1939 2114 2082 2167 Dum

483 2199 878 2256 Antiochenum
909 2201 1168 2257 decernat
1196 2201 1488 2256 concilium
1519 2219 1532 2255 :
1564 2217 1668 2256 nec
1711 2200 2079 2270 archiepisco-

476 2303 582 2359 pus
610 2287 728 2342 sine
757 2295 1078 2343 czeterorum
1106 2296 1234 2360 agat
1262 2289 1489 2344 consilio
1519 2289 1860 2344 sacerdotum
1895 2305 1906 2343 :
1935 2289 2080 2360 quod

477 2375 688 2430 nullum
716 2374 950 2430 excludit
980 2376 1384 2446 coepiscOpum.
1423 2396 1445 2426 ι

547 2463 673 2518 Non
700 2463 985 2518 attendens
1015 2478 1174 2535 quam
1202 2463 1496 2520 indiscrete
1537 2463 1858 2518 sententiam
1907 2463 2078 2535 ipsius

483 2559 718 2621 exponat
747 2551 993 2618 concilii;
1027 2567 1191 2623 quam
1221 2553 1456 2610 discreta
1479 2551 1624 2608 idem
1646 2552 1888 2608 decrevit
1903 2552 2079 2607 conci-

480 2637 632 2708 lium,
663 2638 852 2694 dicens
882 2639 1033 2710 (can.
1067 2641 1122 2706 9)
1159 2658 1172 2694 :
1213 2662 1233 2690 σι
1268 2639 1474 2695 Placuit
1492 2645 1689 2711 praeter
1707 2639 2076 2710 metropolita-

477 2742 608 2781 num
628 2736 854 2784 caeteros
875 2727 1164 2799 episcOpos
1182 2727 1311 2782 nihil
1333 2728 1564 2799 amplius
1585 2744 1755 2801 agere
1773 2729 2075 2784 secundum

471 2815 747 2886 antiquam
776 2830 810 2871 a
837 2816 1081 2886 patribus
1110 2816 1308 2872 nostris
1339 2818 1584 2888 regulam
1635 2817 2001 2882 constitutam,
2045 2837 2068 2867 ι

472 2911 526 2958 et
553 2903 786 2974 reliqua.
827 2903 962 2971 Quae
992 2904 1058 2958 sit
1087 2911 1266 2959 autem
1297 2905 1515 2975 antiqua
1545 2905 1738 2977 regula
1790 2920 1824 2959 a
1871 2905 2072 2960 nostris

473 2990 716 3061 patribus
745 2992 1049 3058 constituta,
1084 2999 1270 3048 sancta
1297 2993 1522 3047 Nicaeus.
1553 2993 1792 3062 synodus
1822 2999 2072 3063 patenter

475 3078 712 3134 ostendit
737 3078 886 3148 (can.
923 3081 974 3145 6,
1009 3081 1084 3134 at.
1121 3080 1196 3148 8),
1221 3079 1540 3144 decernens,
1571 3087 1630 3133 ut
1659 3080 1912 3150 quoniam
1951 3080 2072 3151 pri—

471 3173 652 3220 matus
679 3173 733 3220 et
759 3165 1067 3222 sollicitudo
1097 3167 1336 3222 omnium
1367 3167 1738 3222 Ecclesiarum
1775 3169 1830 3222 in
1875 3168 2075 3238 princi-

468 3261 597 3326 patu
628 3253 771 3309 beati
801 3255 946 3309 Petri
976 3255 1180 3310 domini
1241 3270 1335 3310 ore
1389 3259 1668 3326 percepto,
1728 3255 1958 3327 pertinet
2008 3256 2074 3310 ad

475 3342 667 3414 primae
725 3349 779 3398 et
833 3350 1036 3398 sanctae
1091 3343 1352 3399 Romanae
1410 3344 1555 3399 sedis
1611 3343 1948 3414 pontificem,
2015 3352 2073 3399 ut

466 3430 864 3486 Alexandrinus
909 3430 1199 3502 episcopus
1243 3432 1486 3486 omnium
1517 3431 1620 3486 sibi
1651 3433 2071 3488 commissorum

460 3517 659 3573 habeat
677 3526 1000 3588 potestatem
1022 3519 1167 3590 (vide
1199 3521 1290 3575 lib.
1342 3535 1433 3590 ιν,
1466 3537 1590 3592 cap.
1624 3521 1701 3592 4).
1743 3521 2004 3576 Similiter
2023 3526 2075 3576 et

463 3606 608 3676 apud
635 3605 997 3674 Antiochiam,
1049 3616 1382 3679 caeterasque
1407 3608 1714 3679 provincias
1745 3625 1846 3663 sua
1899 3609 2072 3679 privi—

463 3692 612 3765 legia
639 3701 921 3749 serventur
939 3695 1225 3751 Ecclesiis.
1260 3697 1342 3750 De
1372 3696 1570 3767 quibus
1595 3703 1776 3752 autem
1805 3697 2072 3752 Ecclesiis

465 3779 626 3847 dicat,
649 3788 702 3836 et
733 3797 873 3852 quae,
905 3789 958 3836 et
985 3783 1224 3854 qualiter
1251 3783 1539 3855 privilegia
1569 3783 1672 3838 illis
1719 3783 1928 3838 servari
1978 3784 2074 3838 de-

460 3867 640 3936 beant,
665 3869 950 3938 praefatum
993 3871 1389 3925 Antiochenum
1417 3871 1752 3926 demonstrat
1781 3871 2072 3926 concilium

463 3956 616 4024 (can.
649 3957 680 4008 6
703 3957 832 4024 cit.)
866 3973 878 4009 :
908 3977 930 4006 κ
985 3957 1088 4010 Per
1135 3957 1401 4027 singulas,
1437 3957 1629 4028 inquit,
1663 3959 1921 4030 regiones
1947 3959 2068 4029 epi-

465 4055 662 4110 scopos
693 4043 947 4097 convenit
976 4057 1157 4112 nosse,
1219 4045 1692 4116 metropolitanum
1751 4045 2066 4116 episcopum

470 4127 891 4184 sollicitudinem
918 4129 1081 4185 totius
1105 4130 1402 4201 provinciae
1421 4147 1616 4204 gerere
1642 4151 1655 4187 :
1675 4141 1902 4204 prOpter
1923 4135 2068 4205 quod

467 4217 539 4272 ad
567 4217 914 4288 metropolim
944 4234 1134 4274 omnes
1165 4219 1404 4290 undique
1435 4221 1526 4292 qui
1553 4223 1775 4292 negotia
1815 4221 2068 4277 videntur

461 4304 685 4372 habere,
709 4315 1052 4362 concurrant.
1093 4327 1114 4356 υ
1148 4309 1216 4362 Ει
1237 4307 1550 4364 Africanum
1579 4309 1868 4365 concilium
1901 4309 2066 4382 (con-

1427 221 1768 280 HINCMABI
1815 219 2216 279 RHEMENSIS
2282 223 2833 282 ARCHIEPISCOPI.

2099 3040 2148 3103 C

3689 235 3787 287 596

2121 345 2176 406 A
2205 346 2456 416 dicimus,
2485 357 2543 403 ut
2571 348 2814 406 advertat
2843 349 3074 404 charitas
3105 357 3216 417 tua,
3245 349 3384 406 adeo
3403 366 3504 407 nos
3523 366 3789 410 canonum

2198 443 2473 507 precepta
2501 452 2743 502 servare,
2777 446 2836 492 ut
2865 437 2934 492 ita
2977 438 3287 494 constitutio
3335 454 3554 512 quoque
3601 449 3787 497 nostra

2199 523 2444 589 diﬂiniat,
2477 532 2742 596 quatenus
2773 525 3174 597 metropolitani
3203 526 3287 582 sui
3303 543 3643 600 unaquaeque
3659 546 3786 600 pro-

2197 611 2374 667 vincia
2403 612 2458 668 in
2488 613 2740 668 omnibus
2777 613 2940 669 rebus
2986 614 3384 670 ordinationem
3427 631 3647 686 semper
3683 633 3782 672 ex-

2197 707 2422 770 spectet.
2491 722 2513 750 »
2576 701 2840 757 Distincte
2877 703 3042 775 igitur
3098 703 3491 758 Antiochenum
3548 704 3788 760 decrevit

2195 789 2502 856 concilium,
2531 796 2590 843 ut
2621 810 2643 840 σε
2679 797 2878 860 praeter
2916 791 3393 862 metropolitanum
3441 792 3620 847 caeteri
3666 793 3786 864 epi-

2195 877 2347 947 scopi
2375 876 2508 930 nihil
2537 877 2766 948 amplius
2803 886 2986 950 agant,
3035 879 3140 934 nisi
3190 895 3254 934 ea
3297 887 3500 934 tantum
3545 896 3668 952 qua:
3721 882 3787 936 ad

2194 980 2347 1018 suam
2393 965 2672 1020 dioecesim
2713 966 3004 1036 pertinent,
3056 965 3542 1038 possessionesque
3607 968 3788 1036 subje-

2193 1059 2330 1108 ctas.
2381 1072 2402 1102 n
2437 1053 2537 1108 Hic
2566 1052 2821 1108 dioecesis
2867 1069 2968 1124 pro
3009 1054 3285 1125 parochia,
3339 1056 3476 1110 sicut
3531 1063 3586 1110 et
3639 1055 3783 1122 alibi,

2191 1139 2426 1210 ponitur.
2481 1140 2549 1194 Et
2585 1149 2709 1212 post
2751 1141 3024 1212 aliquanta
3057 1159 3070 1197 :
3110 1163 3132 1192 ι
3183 1143 3298 1198 Nec
3340 1143 3786 1214 metropolitanus

2191 1227 2308 1282 sine
2339 1235 2656 1284 ceterorum
2689 1237 2844 1301 gerat
2873 1229 3102 1286 consilio
3132 1230 3495 1286 sacerdotum.
3534 1252 3555 1280 ι
3591 1231 3660 1286 Et
3677 1247 3786 1286 non

2189 1316 2396 1370 addidit
2422 1315 2478 1371 in
2507 1317 2613 1372 hac
2643 1318 2927 1384 sententia,
2963 1318 3109 1389 quod
3148 1317 3204 1374 in
3251 1318 3584 1390 praecedenti
3637 1335 3784 1390 prae—

2186 1404 2368 1475 posuit
2402 1421 2414 1459 :
2446 1405 2579 1459 nihil
2608 1406 2842 1477 amplius
2873 1405 2990 1461 sine
3017 1413 3339 1462 ceterorum
3369 1415 3524 1479 gerat
3553 1407 3784 1462 consilio

2188 1491 2528 1546 sacerdotum
2562 1510 2576 1547 :
2611 1493 2866 1564 quoniam
2895 1508 3110 1549 sacrum
3156 1494 3442 1550 Nicaeuum
3493 1494 3783 1550 concilium

2186 1579 2336 1650 (can.
2371 1579 2426 1648 6)
2457 1589 2683 1636 noverat
2715 1581 3046 1648 decrevisse,
3079 1589 3138 1636 ut
3169 1582 3214 1636 si
3245 1581 3352 1637 duo
3383 1590 3474 1638 aut
3511 1590 3624 1638 tres
3658 1598 3788 1653 pro-

2109 1693 2164 1753 B
2183 1665 2446 1723 vinciales
2476 1667 2718 1740 episcopi
2744 1677 2966 1740 propter
2987 1670 3362 1726 contentiones
3382 1670 3630 1742 proprias
3653 1686 3785 1726 con-

2185 1753 2473 1826 tradicunt,
2494 1756 2732 1811 obtineat
2757 1757 3026 1812 sententia
3063 1757 3438 1828 plurimorum.

2253 1843 2431 1898 Claret
2477 1843 2643 1916 igitur
2692 1843 2920 1900 fratrem
2975 1845 3328 1902 Hincmarum
3387 1845 3548 1901 aliter
3621 1863 3781 1919 quam

2181 1931 2462 2001 debuerat,
2522 1933 2592 1986 ad
2643 1949 2804 1987 suum
2849 1949 3069 1988 sensum
3115 1934 3392 1990 inﬂexisse
3453 1935 3782 1990 sententiam

2180 2019 2504 2075 Antiocheni
2535 2019 2772 2087 concilii,
2817 2037 2980 2092 quam
3028 2021 3176 2076 idem
3222 2022 3530 2091 concilium,
3583 2023 3686 2078 sed
3735 2031 3784 2078 et

2181 2115 2402 2162 sanctus
2445 2108 2756 2164 Bonifacius
2803 2124 2943 2180 papa
2997 2109 3397 2178 intellexerunt,
3459 2112 3784 2166 sententiam

2181 2196 2326 2251 sacri
2357 2196 2566 2251 Nicaeni
2596 2197 2811 2252 concilii
2846 2213 2860 2252 ε
2894 2215 3018 2253 cum
3048 2199 3194 2253 idem
3224 2207 3442 2254 sanctus
3469 2199 3783 2255 Bonifacius

2180 2283 2236 2338 in
2264 2284 2459 2339 eodem
2491 2285 2721 2340 concilio
2751 2287 3200 2356 promulgaverit,
3237 2308 3260 2337 α
3293 2294 3560 2358 quatenus
3575 2295 3784 2343 metro-

2178 2371 2404 2443 politani
2435 2371 2518 2426 sui
2548 2388 2886 2444 unaquaeque
2916 2375 3201 2444 provincia
3223 2374 3280 2428 in
3321 2375 3572 2430 omnibus
3617 2376 3784 2431 rebus

2178 2459 2576 2514 ordinationem
2597 2476 2814 2530 semper
2843 2469 3136 2531 exspectet.
3175 2483 3196 2510 η
3248 2462 3318 2516 Et
3359 2477 3468 2516 non
3515 2462 3780 2529 decrevit,

2177 2547 2300 2618 quia
2329 2562 2442 2602 non
2463 2548 2667 2614 debuit,
2702 2556 2892 2604 contra
2933 2549 3215 2604 Nicaenum
3271 2557 3324 2604 et
3379 2551 3784 2606 Antiochenum

2177 2635 2486 2704 concilium,
2519 2643 2576 2690 ut
2605 2636 2660 2689 in
2689 2636 2940 2690 omnibus
2971 2637 3136 2692 rebus
3173 2638 3625 2708 metropolitanus
3657 2654 3784 2695 om-

2175 2723 2322 2777 nium
2385 2723 2832 2794 coepiscoporum
2879 2724 3174 2794 provincias
3215 2725 3500 2780 consilium
3561 2743 3786 2798 semper

2175 2818 2495 2882 exspectet:
2543 2812 2798 2882 quoniam
2859 2813 2927 2867 de
2973 2813 3214 2868 omnium
3263 2814 3516 2886 negotiis,
3567 2816 3666 2886 qui
3715 2815 3784 2872 de

2171 2899 2454 2970 provincia
2506 2899 2577 2954 ad
2629 2899 3104 2972 metropolitanum
3151 2901 3391 2973 undique
3421 2913 3779 2970 concurrunt,

2173 3001 2392 3057 semper
2419 2987 2660 3042 omnium
2681 2989 3129 3060 coepiscoporum
3175 2989 3464 3046 consilium
3520 2999 3782 3062 expetere

2177 3075 2262 3130 vel
2293 3084 2610 3146 exspectare
2639 3078 3086 3147 metropolitanus
3116 3093 3226 3134 non
3239 3087 3438 3150 potest,
3462 3096 3656 3135 verum
3673 3096 3782 3137 nec

2175 3162 2357 3218 debet.
2383 3164 2492 3220 Sed
2521 3165 2658 3220 sicut
2679 3173 2896 3221 sanctus
2925 3166 3034 3221 Leo
3063 3167 3130 3220 ad
3159 3167 3502 3222 Anastasium
3533 3169 3780 3224 Thessa-

2175 3251 2516 3308 lonicensem
2563 3253 2810 3309 scribens
2839 3253 2998 3326 (epis.
3044 3257 3173 3326 85):
3215 3279 3236 3303 «
3284 3256 3592 3311 Secundum
3639 3272 3782 3312 san-

2175 3347 2388 3395 ctorum
2407 3341 2623 3395 Patrum
2645 3356 2882 3396 canones
2903 3341 3106 3414 Spiritu
3125 3343 3226 3398 Dei
3245 3344 3512 3410 conditos,
3537 3353 3588 3399 et
3609 3345 3780 3402 totius

2174 3429 2364 3483 mundi
2397 3431 2702 3485 reverentia
2744 3438 3106 3497 consecratos,
3141 3432 3552 3503 metropolitano
3571 3434 3780 3507 singu-

2173 3517 2760 3587 larumprovinciarum
2779 3518 3068 3590 episcopos
3077 3521 3166 3588 jus
3207 3521 3420 3576 traditze
3467 3521 3572 3576 sibi
3623 3523 3779 3577 anti-

2175 3593 2355 3676 quitus
2369 3605 2646 3676 dignitatis
2665 3606 3042 3662 intemeratum
3055 3609 3262 3663 habere
3283 3609 3546 3676 decrevit,
3567 3609 3648 3664 ita
3668 3618 3732 3666 ut
3747 3626 3780 3665 a

2173 3691 2380 3764 regulis
2413 3695 2727 3763 praestitutis
2773 3695 2920 3749 nulla
2965 3704 3056 3750 aut
3105 3697 3440 3769 negligentia
3484 3705 3577 3751 aut
3621 3713 3780 3769 pre-

2172 3781 2481 3851 sumptione
2507 3782 2808 3837 discedant.
2850 3803 2871 3832 n
2893 3784 3240 3856 Privilegium
3263 3801 3376 3841 suae
3395 3786 3544 3840 sedis
3565 3795 3782 3842 metro-

2171 3868 2439 3938 politanus
2469 3885 2535 3924 eo
2564 3871 2726 3926 modo
2755 3871 2916 3926 debet
2955 3887 3230 3938 exercere,
3288 3883 3344 3928 ut
3403 3890 3466 3929 ea
3521 3875 3774 3946 singulis

2170 3957 2374 4011 servari
2403 3958 2717 4028 prmoipiat;
2753 3957 2890 4014 acut
2919 3959 3049 4015 item
3077 3961 3187 4016 Leo
3215 3961 3282 4016 ad
3311 3962 3580 4016 Hilarium
3619 3964 3778 4018 Nar-

2171 4044 2470 4099 bonensem
2501 4046 2816 4117 episcopum
2847 4048 3030 4104 scribit
3059 4047 3167 4120 (ep.
3201 4051 3290 4114 92,
3347 4051 3419 4104 ad
3471 4053 3780 4107 Rusticum

2168 4132 2432 4200 Narbon.)
2467 4153 2485 4188 :
2511 4155 2532 4184 ι
2570 4133 2703 4202 Quae
2734 4134 2930 4207 [Quod]
2961 4151 3061 4190 nec
3089 4136 3380 4206 praeceptis
3426 4139 3776 4210 evangelicis

2168 4220 2517 4288 contrarium,
2577 4237 2680 4277 nec
2755 4223 2990 4278 decretis
3072 4231 3378 4280 sanctorum
3461 4225 3779 4281 inveniatur

2167 4307 2473 4363 adversum.
2511 4329 2534 4359 »
2567 4310 2636 4364 Et
2661 4311 2766 4365 hoc
2795 4319 2876 4365 est
2903 4325 2936 4364 a
2989 4311 3302 4382 praestitutis
3359 4313 3566 4385 regulis
3621 4315 3780 4369 nulla

463 4394 558 4449 cil.
587 4395 788 4465 Afric.,
823 4411 870 4450 c.
909 4398 1028 4463 105,
1053 4400 1110 4451 et
1125 4397 1244 4452 cod.
1265 4399 1557 4453 can.Eccl.
1583 4399 1726 4468 Afr.,
1749 4415 1868 4454 can.
1897 4401 2050 4470 l38):
2085 4389 2138 4450 D
2164 4403 2258 4449 aut
2285 4395 2634 4466 negligentia,
2669 4406 2760 4452 aut
2789 4399 3211 4470 prmsumptione
3240 4401 3522 4457 discedere
3575 4418 3590 4455 ε
3615 4403 3782 4458 vide-

539 4503 562 4531 α
595 4483 845 4549 Decreta,
872 4483 1062 4554 inquit,
1096 4485 1318 4540 Nicsena
1366 4485 1481 4542 sive
1537 4485 1808 4541 inferioris
1862 4488 2062 4558 gradus

467 4567 720 4635 clericos,
769 4570 885 4624 sive
931 4570 1220 4642 episcopos
1269 4573 1417 4642 ipsos
1465 4573 1578 4627 suis
1631 4575 2063 4644 metropolitanis

466 4657 808 4727 apertissime
861 4657 1268 4725 commiserunt,
1308 4680 1330 4708 υ
1367 4667 1416 4714 et
1447 4659 1669 4731 reliqua.
1723 4663 1792 4716 Et
1841 4669 2062 4718 sanctus

463 4744 774 4800 Bonifacius
805 4744 992 4800 scribit
1021 4745 1210 4817 (epist.
1231 4751 1285 4816 3)
1319 4765 1331 4800 :
1371 4768 1393 4796 α
1427 4748 1688 4803 Convenit
1718 4764 1817 4804 nos
1871 4757 2062 4820 pater-

461 4846 655 4886 narum
684 4834 1028 4888 sanctionum
1059 4833 1351 4906 diligentes
1405 4851 1528 4890 esse
1578 4837 1859 4891 custodes.
1913 4837 2061 4892 Nulli

457 4918 660 4974 etenim
687 4920 902 4976 videtur
929 4922 1202 4993 incognita
1233 4923 1426 4993 synodi
1456 4923 1769 4980 constitutio
1797 4925 2060 4996 Nicaznze,

459 5022 580 5078 quae
606 5006 682 5062 ita
710 5007 900 5078 incipit
933 5009 1052 5080 [al.,
1113 5010 1397 5083 praecipit],
1457 5012 1534 5080 (ut
1590 5011 1780 5067 eadem
1840 5015 2061 5084 proprie

459 5095 627 5150 verba
657 5097 966 5166 ponamus).
1003 5098 1106 5152 Per
1137 5115 1573 5172 unamquamque
1603 5101 1945 5172 provinciam
1971 5102 2060 5170 jus

457 5184 908 5255 metropolitanos
938 5185 1183 5264 singulos
1205 5187 1410 5242 habere
1427 5188 1625 5244 debere
1650 5207 1664 5254 ;
1688 5205 1789 5244 nec
1807 5189 2060 5261 cuiquam

457 5271 594 5326 duas
625 5287 748 5327 esse
779 5273 1069 5342 subjectus.
1104 5273 1261 5342 Quod
1288 5275 1364 5329 illi
1390 5275 1540 5347 (quia
1553 5277 1711 5331 aliter
1728 5277 2059 5332 credendum

457 5373 568 5412 non
597 5359 702 5430 est)
737 5361 1063 5416 servandum
1093 5370 1284 5416 sancto
1318 5363 1520 5432 Spiritu
1553 5373 1903 5436 suggerente,
1929 5366 2060 5420 sibi—

461 5453 572 5500 met
609 5455 956 5503 censuerunt.
995 5468 1017 5496 ι
1052 5449 1120 5504 Et
1147 5449 1310 5522 paulo
1348 5457 1466 5521 post
1503 5469 1517 5506 :
1555 5472 1578 5502 ε
1641 5452 1800 5521 Quod
1853 5453 2058 5510 idcirco

2162 4483 2289 4538 licet
2318 4490 2377 4537 ut
2406 4485 2704 4554 prazstituta
2731 4501 2831 4556 pro
2854 4487 3062 4541 viribus
3089 4489 3314 4558 exsequi
3355 4490 3778 4560 metropolitani

2161 4587 2272 4624 non
2299 4571 2599 4642 negligant,
2623 4588 2798 4644 neque
2819 4575 3240 4645 praesumptione
3268 4577 3598 4633 convellant.
3629 4577 3778 4647 Quae

2161 4667 2338 4714 autem
2387 4661 2685 4715 secundum
2731 4662 3057 4730 praestitutas
3103 4663 3325 4734 regulas
3372 4665 3606 4736 singulis
3669 4683 3778 4738 pro

2161 4748 2395 4819 negotiis
2425 4749 2870 4804 convenientibus
2915 4751 3254 4821 praecipiens,
3307 4769 3776 4827 quorumcunque

2160 4835 2508 4890 rebellionem
2540 4837 2628 4891 vel
2655 4838 3136 4908 praesumptionem
3163 4855 3274 4894 non
3303 4841 3541 4910 potuerit
3585 4845 3776 4898 corri-

2161 4939 2314 4995 gere,
2349 4939 2446 4979 sua
2475 4925 2838 4995 praeceptione
2868 4925 3030 4980 debet
3058 4935 3152 4981 aut
3195 4943 3292 4997 per
3340 4929 3556 4997 judices
3611 4947 3644 4983 a
3709 4947 3774 4987 se

2162 5012 2335 5078 datos,
2367 5019 2456 5066 aut
2485 5028 2552 5066 ex
2580 5027 2850 5068 consensu
2879 5014 3112 5084 partium
3141 5014 3363 5092 electos,
3424 5017 3722 5088 corrigere
3757 5038 3772 5074 :

2161 5107 2254 5154 aut
2309 5100 2364 5153 in
2419 5100 2858 5170 comprovinciali
2913 5103 3140 5173 synodo,
3199 5104 3496 5160 secundum
3571 5122 3774 5162 sacras

2159 5187 2397 5260 regulas,
2431 5205 2552 5260 quas
2599 5187 2848 5261 neglecta
2904 5191 2991 5244 vel
3047 5199 3374 5263 przesumpta
3429 5201 3574 5260 sunt,
3637 5212 3776 5251 cum

2159 5276 2387 5330 consilio
2417 5277 2796 5347 episcoporum
2825 5277 3122 5348 provinciae
3152 5281 3463 5336 emendare.

2232 5369 2376 5437 Quas
2404 5371 2700 5427 sententias
2729 5387 3012 5428 sacrorum
3053 5389 3320 5430 canonum
3371 5377 3438 5430 ab
3495 5379 3774 5436 omnibus

2158 5457 2398 5513 omnium
2429 5458 2831 5530 provinciarum
2862 5461 3155 5534 episcopis,
3179 5471 3379 5534 praeter
3399 5481 3542 5535 cum,
3561 5466 3620 5521 in
3641 5467 3772 5524 istis
