4020 6178
238 220 347 275 597

910 213 1152 272 OPUSC.
1197 212 1290 270 ET
1329 212 1556 271 EPIST.
1613 212 1688 269 IN
1738 208 1966 268 CAUSA
2014 210 2358 270 HINCMARI
2413 213 2720 271 LAUDUN.

3437 217 3541 271 598

248 340 573 415 regionibus
610 338 951 405 observatas,
983 345 1109 393 ante
1148 338 1348 413 mentis
1387 336 1578 394 oculos
1613 336 1843 402 habens,
1874 334 1933 395 A
1953 335 2154 408 quibus
2184 337 2801 394 excommunicationem
2831 336 3216 405 intentaverat,
3248 338 3346 394 sed
3375 338 3550 395 adhuc

245 447 357 487 non
388 447 537 501 sape
570 436 928 485 memoratam
969 426 1583 483 excommunicationem
1627 424 1856 482 canoni-

246 534 371 575 cam
402 518 459 573 in
489 516 833 573 Carlomanni
877 516 1196 587 complices,
1239 516 1359 572 sine
1392 522 1718 579 caterorum
1764 513 1857 585 qui

251 605 569 674 adfuerunt,
610 613 664 660 et
694 605 891 660 adesse
939 603 1252 672 voluerunt,
1298 601 1385 659 vel
1426 603 1621 658 adesse
1658 609 1854 673 potue-

252 700 374 748 runt
416 693 647 749 consilio
699 692 787 748 vel
816 707 1088 748 consensu
1137 690 1358 756 exerui;
1393 698 1443 747 et
1492 690 1723 745 aliorum
1763 687 1856 760 qui

246 790 376 836 tunc
408 781 608 836 adesse
638 795 751 835 non
777 787 1087 851 potuerunt,
1121 795 1453 835 consensum
1482 785 1535 833 et
1564 777 1855 834 consilium

251 868 538 940 requisivi,
571 876 626 923 et
672 868 996 923 obedienter
1032 867 1100 921 ab
1140 866 1246 921 illis
1291 867 1498 933 datum,
1531 874 1585 921 et
1628 865 1854 919 missum

252 955 460 1027 recepi.
507 955 593 1010 Ab
637 970 705 1011 eo
739 962 921 1009 autem
963 955 1055 1026 qui
1100 954 1296 1009 adesse
1341 953 1535 1024 potuit,
1580 960 1634 1008 et
1660 952 1855 1009 adesse

253 1059 364 1098 non
392 1042 584 1109 voluit,
618 1042 819 1114 quique
850 1043 920 1097 de
950 1049 1181 1097 tractatu
1223 1058 1290 1097 ex
1320 1057 1487 1098 causa
1518 1040 1856 1096 Carlomanni

250 1138 301 1186 et
331 1130 663 1201 complicum
706 1129 823 1198 ejus
866 1128 984 1185 sine
1030 1128 1365 1185 conscientia
1413 1143 1537 1184 mea
1582 1128 1851 1193 discessit,

250 1234 583 1274 consensum
641 1216 902 1289 requisivi
944 1234 957 1271 :
994 1224 1044 1272 et
1102 1216 1240 1272 sicut
1293 1216 1360 1270 ab
1416 1215 1856 1271 antecessoribus

251 1312 303 1360 et
335 1304 753 1361 successoribus
801 1304 918 1373 ejus
946 1304 1003 1358 in
1044 1304 1384 1360 ordinatione
1432 1303 1661 1369 obtinui,
1708 1302 1855 1373 apud

250 1392 397 1447 illius
426 1392 829 1449 contumaciam
858 1392 1121 1447 hactenus
1148 1391 1395 1447 obtinere
1426 1406 1535 1446 non
1564 1390 1733 1462 potui.

845 1510 1073 1566 CAPUT
1102 1510 1281 1564 XXII.

254 1599 487 1670 Quodin
526 1598 859 1670 quibusdam
878 1598 1243 1670 Rhemensem
1281 1598 1470 1670 ipsum
1497 1597 1647 1670 male
1674 1612 1854 1668 repre-

392 1668 618 1738 hendit,
641 1673 695 1724 et
716 1669 783 1724 de
810 1684 977 1738 pana
1006 1668 1353 1723 inobedien’ti
1376 1668 1705 1739 irroganda.

318 1755 556 1828 Scripsit
598 1756 762 1810 etiam
805 1755 936 1809 mihi
978 1771 1039 1809 se
1075 1754 1327 1809 miratum
1379 1754 1540 1811 valde
1585 1754 1777 1821 fuisse,
1811 1754 1857 1808 si

252 1860 377 1900 eum
396 1860 505 1915 per
533 1859 691 1899 suum
710 1842 973 1899 clericum
1006 1858 1356 1898 commonere
1376 1843 1697 1913 potuissem.
1731 1842 1857 1898 Non

251 1931 544 1988 attendens
574 1930 700 2002 quia
729 1930 775 1985 si
796 1929 968 2002 ipsius
992 1930 1445 2001 metropolitanus
1471 1937 1554 1986 est
1582 1929 1674 2002 qui
1704 1929 1857 1986 sedet

249 2019 303 2075 in
329 2020 670 2076 Rhemorum
711 2017 1014 2089 metropoli,
1047 2026 1101 2074 et
1126 2016 1310 2074 clerici
1352 2018 1435 2072 sui
1465 2025 1548 2073 est
1574 2024 1857 2089 metropo-

248 2106 471 2175 litanus,
504 2107 575 2161 ad
606 2121 769 2178 quem
815 2105 1116 2161 secundum
1163 2120 1352 2161 sacros
1397 2121 1655 2175 canones,
1692 2104 1856 2161 totius

247 2194 552 2266 provincia
578 2194 782 2249 debent
807 2194 1098 2249 convenire
1128 2207 1319 2249 omnes
1349 2193 1441 2264 qui
1469 2192 1725 2249 videntur
1753 2193 1856 2248 ha-

248 2282 381 2339 bere
408 2280 631 2353 negotia
657 2296 670 2337 :
695 2288 750 2336 et
777 2280 897 2351 ipse
922 2279 1221 2352 pracipere
1254 2280 1505 2354 singulis,
1537 2288 1592 2336 et
1620 2281 1677 2336 in
1706 2296 1857 2337 com-

250 2386 414 2426 mune
454 2369 712 2425 omnibus
742 2384 866 2439 qua
889 2383 993 2425 nec
1035 2369 1319 2441 praeceptis
1357 2368 1691 2440 evangelicis
1718 2384 1856 2425 con-

250 2458 438 2523 traria,
472 2472 581 2513 nec
609 2455 842 2513 decretis
869 2464 1177 2513 sanctorum
1207 2456 1552 2513 inveniantur
1581 2457 1816 2513 adversa
1840 2474 1856 2525 ;

252 2553 303 2600 et
321 2544 609 2615 corrigere
630 2543 687 2599 in
728 2543 955 2616 singulis
994 2543 1209 2616 singula
1225 2544 1270 2598 si
1287 2560 1408 2616 qua
1418 2543 1677 2600 fortassis
1689 2560 1864 2600 emer-

1956 439 2093 490 eam,
2128 425 2267 480 sicut
2296 433 2349 481 et
2380 426 2496 497 ipse
2525 425 2731 495 scribit,
2766 425 2823 480 in
2844 425 2984 481 illios
3012 442 3121 484 non
3152 426 3466 497 protulerat,
3500 434 3554 481 et

1956 512 2046 583 qui
2073 529 2132 569 se
2156 512 2546 584 profitebantur
2576 514 2713 569 velle
2745 514 3044 587 corrigere,
3080 514 3134 568 in
3166 529 3262 568 sua
3292 513 3548 586 parochia

1954 600 2168 670 publice
2199 602 2317 656 sine
2339 617 2437 656 suo
2457 617 2749 667 consensu,
2778 601 3212 657 benedictionem
3239 601 3548 674 petentibus

1956 688 2103 742 dedi.
2124 688 2263 743 Dicit
2294 689 2362 743 de
2395 688 2713 761 quibusdam
2746 688 3048 760 Scriptura:
3073 691 3400 745 Docuerunt
3432 690 3549 745 lin-

1954 791 2125 846 guam
2142 793 2305 831 suam
2324 777 2472 848 loqui
2483 776 2847 832 mendacium
2865 797 2882 832 :
2901 781 2966 833 ut
2986 778 3179 850 inique
3194 781 3445 848 agerent,
3469 778 3552 833 la-

1955 863 2295 934 boraverunt
2320 864 2476 934 (Jer.,
2495 878 2574 931 rx,
2596 864 2652 935 5)
2671 884 2689 931 ;
2707 864 2803 920 sed
2832 866 2985 921 labor
3012 866 3288 921 labiorum
3321 865 3555 921 illorum

1954 952 2165 1023 aperiet
2196 966 2284 1007 eos
2312 950 2802 1023 (Ps.cxxx1x,10).
2839 951 3068 1021 Quando
3098 951 3289 1008 ﬁdeles
3319 952 3553 1008 senioris

1954 1036 2127 1093 nostri
2139 1038 2232 1109 qui
2249 1038 2602 1094 convenimus
2630 1047 2741 1094 tam
2765 1040 3007 1112 episcOpi
3032 1055 3198 1111 quam
3230 1039 3479 1108 abbates,
3502 1047 3554 1095 et

1954 1125 2201 1195 comites,
2216 1133 2269 1181 et
2286 1126 2470 1182 cateri
2489 1127 2606 1195 ejus
2624 1125 2814 1182 ﬁdeles
2828 1128 2897 1182 ad
2914 1128 3335 1184 collocutionem
3354 1127 3550 1183 Carlo-

1952 1212 2159 1279 manni,
2190 1222 2353 1286 atque
2370 1229 2613 1281 suorum,
2637 1221 2690 1268 et
2714 1215 3083 1285 persuasimus
3110 1215 3208 1284 eis,
3252 1222 3310 1271 ut
3338 1215 3475 1270 datis
3499 1223 3554 1270 et

1954 1301 2193 1372 acceptis
2208 1302 2460 1374 utrinque
2480 1301 2817 1369 obsidibus,a
2832 1302 2992 1357 malis
3022 1319 3143 1374 qua
3169 1302 3555 1375 perpetrabant

1952 1387 2009 1442 in
2045 1403 2221 1461 regno
2247 1388 2477 1445 senioris
2511 1389 2707 1460 nostri,
2742 1390 3103 1463 quiescerent,
3130 1398 3184 1446 et
3216 1389 3443 1462 pacifice
3478 1390 3556 1446 ibi

1953 1475 2235 1548 degerent,
2265 1493 2550 1549 quousque
2581 1478 2650 1532 ad
2684 1477 2917 1533 senioris
2944 1478 3118 1533 nostri
3156 1477 3551 1550 indulgentiam

1951 1563 2301 1634 pervenirent
2324 1583 2337 1619 :
2374 1581 2498 1619 cum
2520 1565 2782 1622 solvenda
2804 1573 2921 1621 erat
2953 1565 3266 1632 collocutio,
3286 1574 3338 1622 et
3357 1566 3555 1638 quique

1881 1677 1935 1737 Β
1953 1659 2201 1707 nostrum
2230 1652 2301 1706 ad
2323 1668 2422 1707 sua
2452 1653 2634 1709 redire
2675 1660 2952 1723 pararent,
2984 1660 3091 1708 tam
3112 1653 3345 1710 senioris
3386 1654 3559 1709 nostri

1960 1737 2171 1806 ﬁdeles,
2204 1754 2365 1811 quam
2396 1747 2449 1794 et
2495 1739 2883 1796 Carlomannus
2926 1748 2981 1797 et
3010 1740 3111 1810 sui,
3144 1740 3463 1813 profitentes
3490 1742 3561 1798 de

1958 1824 2297 1883 correctione
2343 1843 2457 1892 sua,
2501 1827 2938 1883 benedictionem
2978 1829 3084 1883 sibi
3111 1828 3231 1884 dari
3260 1846 3294 1885 a
3323 1846 3431 1898 me,
3465 1830 3566 1886 sed

1960 1921 2012 1970 et
2061 1914 2132 1969 ab
2179 1914 2299 1969 aliis
2346 1915 2437 1986 qui
2483 1914 2766 1971 adfuerunt
2813 1916 3107 1988 episcopis,
3160 1917 3448 1988 petierunt.
3493 1918 3565 1973 Et

1957 2003 2244 2074 pramissa
2275 2003 2537 2058 sententia
2570 2002 2807 2071 Domini,
2841 2020 2946 2075 qua
2974 2005 3232 2076 pracepit
3277 2005 3562 2077 discipulis

1962 2090 2095 2157 suis,
2110 2090 2298 2147 dicens
2314 2108 2326 2144 :
2343 2092 2406 2146 In
2421 2107 2810 2165 quamcunque
2833 2091 3059 2148 domum
3073 2094 3451 2163 intraveritis,
3470 2094 3558 2149 di-

1958 2180 2071 2235 cite
2093 2198 2111 2234 :
2140 2180 2266 2234 Pax
2296 2177 2426 2233 huic
2464 2179 2764 2247 domui;et
2792 2182 2843 2236 si
2871 2179 2949 2235 ibi
2984 2182 3167 2252 fuerit
3190 2180 3346 2250 ﬁlius
3372 2182 3555 2253 pacis,

1959 2267 2271 2338 requiescet
2299 2282 2471 2339 super
2500 2282 2631 2322 eum
2656 2284 2777 2339 pax
2804 2270 2991 2324 vestra
3024 2284 3036 2322 :
3066 2270 3159 2325 sin
3189 2274 3405 2335 autem,
3431 2285 3555 2341 pax

1957 2357 2147 2409 vestra
2176 2352 2248 2408 ad
2269 2370 2360 2410 vos
2382 2357 2697 2410 revertetur
2726 2355 2879 2424 (Luc.
2900 2355 2965 2424 Χ)
2990 2373 3004 2422 ;
3036 2355 3265 2425 orando,
3288 2362 3347 2410 ut
3364 2354 3560 2411 contir-

1958 2448 2133 2497 maret
2174 2441 2281 2496 hoc
2327 2441 2494 2508 Deus,
2540 2441 2685 2514 quod
2733 2450 2989 2514 Operatus
3036 2450 3151 2499 erat
3194 2443 3250 2498 in
3294 2443 3474 2511 nobis,
3505 2450 3560 2499 et

1958 2545 2059 2600 per
2086 2544 2189 2584 nos
2217 2528 2272 2582 in
2299 2528 2406 2583 illis
2443 2546 2458 2583 :
2487 2529 2945 2597 benedictionem,
2978 2537 3035 2585 ut
3066 2530 3337 2597 fidelibus,
3372 2538 3423 2585 et
3452 2546 3555 2587 vo-

257 2631 449 2687 serint.
491 2630 709 2700 Quibus
772 2638 989 2687 constat
1033 2631 1195 2686 etiam
1234 2647 1332 2702 per
1398 2630 1661 2687 clericum
1705 2646 1866 2687 suum
1959 2616 2217 2671 luntatem
2247 2631 2312 2672 ac
2341 2617 2684 2673 devotionem
2731 2617 3006 2673 ﬁdelitatis
3036 2618 3239 2674 habere
3289 2617 3556 2689 profiten-

250 2718 707 2792 metropolitanus
748 2735 872 2773 eum
918 2718 1174 2789 praevalet
1216 2734 1583 2786 commonere,
1631 2725 1685 2774 et
1711 2719 1855 2789 apud

252 2823 436 2880 quem,
480 2807 637 2877 juxta
676 2806 1135 2878 Carthaginenses
1184 2822 1439 2875 canones,
1486 2806 1533 2860 si
1579 2813 1663 2862 est
1702 2806 1854 2877 utile,

248 2895 409 2951 debet
438 2902 496 2951 et
512 2894 772 2966 pravalet
800 2894 1149 2967 provincialis
1171 2894 1461 2966 episcopus
1492 2894 1761 2951 accusari.
1786 2895 1855 2949 Et

249 2982 589 3055 presbyteri,
622 2990 674 3038 et
701 2982 935 3052 diaconi,
968 2990 1020 3038 et
1056 2982 1236 3038 catcri
1266 2981 1556 3038 inferiores
1585 2981 1771 3039 clerici
1800 2981 1856 3036 in

249 3071 432 3128 causis
478 3062 614 3143 quas
660 3069 969 3137 habuerint,
1010 3070 1056 3125 si
1098 3069 1168 3126 de
1207 3069 1428 3139 judiciis
1474 3070 1854 3142 episcoporum

250 3175 477 3215 suorum
512 3158 688 3230 questi
715 3157 931 3223 fuerint,
964 3165 1018 3213 et
1048 3158 1119 3213 ab
1148 3157 1227 3213 eis
1255 3164 1419 3229 atque
1446 3173 1479 3212 a
1510 3157 1703 3213 vicinis
1733 3157 1855 3228 epi-

249 3248 435 3319 sc0pis
497 3247 565 3301 ad
610 3245 895 3318 primatem
940 3244 1233 3318 provincia
1279 3245 1688 3317 appellaverint,
1738 3246 1857 3314 ejus

246 3334 573 3391 auctoritate
615 3350 745 3390 suos
793 3334 1080 3405 epis00pos
1136 3332 1464 3406 regulariter
1508 3348 1856 3389 commonere

246 3423 530 3479 valebunt.
567 3423 708 3478 Nam
746 3430 800 3479 et
837 3422 1146 3494 coepiscopi
1190 3422 1517 3478 Rhemensis
1560 3422 1857 3492 provincia

242 3511 297 3565 in
342 3509 825 3583 longinquioribus
868 3509 1114 3580 partibus
1161 3507 1458 3575 constituti,
1503 3524 1569 3563 ex
1610 3508 1855 3579 antiquo,

245 3596 684 3668 metropolitanis
732 3595 922 3651 litteris
968 3612 1069 3667 per
1125 3595 1431 3652 vicinorum
1477 3594 1857 3666 episcOporum

243 3686 448 3741 missos
478 3684 550 3739 ad
580 3683 846 3756 synodum
877 3682 962 3738 vel
1001 3683 1396 3738 ordinationem
1440 3682 1772 3756 regulariter
1804 3690 1858 3737 et

243 3769 388 3839 jure,
421 3767 526 3823 sed
553 3774 607 3822 et
634 3767 701 3822 de
731 3766 853 3821 allis
881 3766 1187 3838 quibusque
1216 3774 1524 3822 monentur.

314 3857 384 3913 Et
404 3855 757 3927 subsequitur
776 3855 914 3925 (non
926 3858 1123 3910 exstat
1143 3854 1258 3911 hac
1278 3856 1516 3927 epistola
1534 3854 1853 3925 Lamiam):

251 3966 274 3994 ι
313 3943 485 4013 Quod
529 3951 712 3998 tamen
741 3942 991 4014 synodali
1038 3942 1313 4014 agendum
1355 3949 1473 3997 erat
1511 3950 1772 4013 tempore,
1806 3949 1859 3997 et

233 4033 467 4102 judicio,
504 4031 550 4085 si
580 4038 725 4086 esset
754 4030 920 4103 digna
942 4030 1086 4085 ratio
1115 4030 1258 4085 unde
1289 4037 1681 4086 commoneret.
1716 4030 1858 4085 Nam

242 4119 361 4176 ista
391 4120 538 4175 tales
568 4126 768 4174 vestra
810 4117 1207 4189 praceptiones
1236 4133 1346 4174 non
1376 4116 1671 4172 illiusmodi
1702 4132 1857 4173 com-

242 4208 583 4263 monitiones
610 4214 731 4261 sunt
757 4223 769 4259 :
794 4222 970 4278 neque
1010 4204 1146 4260 mihi
1175 4211 1263 4261 aut
1294 4205 1460 4261 alicui
1491 4205 1748 4276 episcopo
1762 4221 1861 4277 per

240 4294 361 4351 loca
391 4297 633 4362 diversa,
668 4310 789 4365 qua
816 4308 918 4365 pro
959 4301 1148 4349 vestra
1194 4293 1573 4348 commoditate
1603 4293 1780 4357 aditis,
1815 4293 1860 4347 si

1884 3021 1934 3085 C

1958 2704 2121 2770 tibus,
2168 2703 2434 2758 dedimus.
2483 2705 2725 2760 Docente
2769 2714 2960 2762 sancto
2990 2705 3259 2779 Gregorio
3299 2722 3367 2761 ex
3392 2706 3557 2779 legali

1958 2790 2228 2847 sententia
2257 2792 2377 2862 (lib.
2409 2806 2511 2857 xu,
2536 2808 2621 2864 ep.
2655 2792 2764 2847 ult.
2789 2793 3135 2866 interrog.9)
3157 2802 3215 2848 ut
3246 2817 3267 2841 «
3290 2810 3391 2865 per
3420 2794 3553 2849 alie-

1957 2894 2087 2934 nam
2130 2894 2368 2934 messem
2425 2880 2712 2947 transiens,
2757 2895 2924 2935 manu
2985 2881 3165 2952 spicas
3212 2889 3457 2938 conterat
3504 2888 3559 2937 et

1958 2967 2246 3023 manducet
2287 2985 2302 3034 ;
2350 2974 2408 3021 ut
2451 2967 2520 3023 de
2565 2975 2753 3039 segete
2799 2984 2919 3040 qua
2965 2969 3124 3025 alteri
3170 2969 3384 3026 videtur
3428 2984 3556 3025 esse

1956 3055 2219 3124 subjecta,
2242 3071 2341 3126 per
2361 3055 2609 3111 effectum
2622 3055 2751 3111 boni
2767 3056 2969 3128 operis,
2985 3056 3255 3113 frumenta
3271 3057 3556 3115 Dominica

1954 3142 2208 3198 vitiorum
2228 3158 2452 3197 suorum
2472 3142 2647 3214 paleis
2664 3142 2997 3214 exspolietur
3023 3144 3342 3218 [exspoliet]
3364 3146 3551 3215 (Deut.

1953 3232 2141 3301 χχιιι),
2175 3237 2229 3285 et
2256 3230 2313 3284 in
2346 3230 2593 3286 ecclesia
2637 3246 2837 3302 corpus
2881 3232 3175 3298 monendo,
3218 3240 3272 3287 et
3318 3248 3555 3304 persua-

1955 3318 2154 3382 dendo,
2215 3317 2367 3388 quasi
2424 3317 2733 3373 mandendo
2790 3325 3087 3374 convertat.
3133 3340 3155 3371 ι
3193 3319 3264 3374 Et
3316 3335 3554 3377 canones

1955 3405 2097 3460 sacri
2126 3403 2313 3460 dicunt
2341 3404 2567 3475 (concil.
2599 3404 2885 3471 Antioch.,
2910 3420 3033 3460 can.
3064 3410 3169 3474 22;
3196 3407 3319 3462 vide
3348 3409 3550 3464 Anton.

1955 3494 2207 3565 August.,
2242 3493 2335 3547 lib.
2369 3500 2427 3546 Iv
2446 3493 2567 3547 Jur.
2608 3493 2843 3564 ponti/1,
2880 3492 2958 3547 tit.
3011 3494 3124 3565 50),
3155 3501 3213 3548 ut
3254 3493 3546 3567 episcopus

1956 3579 2191 3634 alienam
2230 3578 2501 3635 civitatem
2545 3595 2665 3650 qua
2714 3594 2824 3634 non
2873 3587 2957 3635 est
3004 3580 3080 3635 illi
3128 3580 3392 3650 subjecta,
3440 3598 3553 3639 non

1955 3667 2135 3733 adeat,
2168 3682 2271 3722 nec
2296 3667 2366 3721 ad
2413 3665 2819 3737 possessionem
2866 3668 3107 3737 accedat,
3150 3685 3270 3741 qua
3310 3670 3380 3726 ad
3427 3686 3552 3725 eum

1954 3770 2065 3811 non
2116 3754 2348 3826 pertinet
2396 3770 2560 3827 super
2606 3754 2945 3811 ordinatione
2991 3757 3359 3829 cujusquam;
3406 3759 3554 3830 quod

1956 3856 2060 3899 nec
2087 3858 2175 3899 me
2202 3842 2400 3898 fecisse
2447 3841 2729 3914 intelligo;
2760 3859 2885 3902 cum
2914 3843 3079 3900 iidem
3129 3844 3271 3901 sacri
3313 3861 3552 3902 canones

1956 3931 2184 3988 dicant:
2218 3932 2319 3986 Per
2365 3931 2609 4004 singulas
2658 3932 2915 4005 regiones
2964 3934 3253 4005 episcOpos
3300 3934 3555 3991 convenit

1957 4034 2141 4085 nosse,
2167 4018 2641 4090 metropolitanum
2675 4020 2993 4093 episcopum
3022 4021 3444 4079 sollicitudinem
3464 4029 3554 4079 to-

1957 4108 2062 4162 tius
2088 4107 2383 4178 provincia
2420 4122 2633 4179 gerere.
2667 4107 2823 4165 Unde
2850 4107 2907 4163 in
2937 4126 3253 4182 quacunque
3298 4111 3558 4184 parochia

1958 4199 2122 4250 totius
2149 4194 2443 4266 provincia
2491 4196 2668 4251 visum
2695 4196 2828 4251 mihi
2864 4197 3040 4263 fuerit,
3072 4198 3212 4255 sicut
3241 4207 3294 4254 et
3323 4199 3379 4254 in
3408 4200 3553 4255 Lau-

1958 4282 2188 4338 dunensi
2220 4282 2476 4353 parochia
2503 4299 2647 4354 sape
2684 4284 2796 4352 jam
2827 4284 2934 4355 egi,
2986 4286 3284 4340 secundum
3317 4284 3551 4344 Chalce-

238 4382 505 4455 impctiar
523 4381 964 4452 respondendum
1017 4389 1118 4451 est,
1139 4381 1240 4437 sed
1260 4381 1315 4435 in
1336 4381 1565 4452 synodo.
1590 4400 1613 4430 ι
1637 4381 1761 4436 Non
1783 4379 1866 4436 vi-
1890 4369 1943 4429 D
1963 4372 2236 4426 donenses
2264 4385 2503 4426 canones
2532 4379 2583 4425 et
2612 4370 2831 4426 decreta
2860 4371 3006 4425 sedis
3051 4373 3306 4429 Romana
3334 4374 3552 4444 pontiﬁ-

240 4472 401 4538 dens,
436 4470 528 4525 vel
566 4470 747 4541 potius
793 4469 1104 4543 arrogantia
1146 4485 1323 4525 cacus
1364 4468 1550 4525 videre
1593 4484 1699 4524 non
1747 4484 1848 4524 va-

238 4559 382 4625 lens,
417 4558 547 4631 quia
577 4557 723 4613 aliud
753 4564 855 4626 est,
888 4557 999 4613 si'a
1030 4572 1304 4630 quoquam
1334 4557 1608 4628 impetitur
1636 4556 1724 4612 vel
1752 4572 1849 4613 ac-

240 4656 507 4713 cusatur;
537 4653 593 4701 et
633 4645 777 4701 aliud
823 4653 926 4711 est,
968 4645 1015 4701 si
1043 4661 1145 4716 pro
1192 4644 1572 4701 reclamatione
1620 4644 1848 4714 alicujus

238 4751 306 4791 ex
337 4751 446 4790 sua
477 4733 743 4804 parochia
771 4748 805 4787 a
824 4732 1241 4803 metrOpolitano
1274 4739 1664 4798 commonetur,
1698 4739 1753 4786 ut
1784 4748 1850 4787 ea

238 4840 364 4895 qua
378 4837 621 4894 propere
638 4820 956 4893 [legendum
975 4821 1195 4876 videtur
1209 4819 1462 4891 perpere]
1484 4819 1614 4891 egit,
1635 4818 1851 4890 provin-

237 4910 394 4966 cialis
426 4910 717 4981 episcopus
763 4908 1053 4963 emendare
1097 4915 1368 4974 monetur,
1403 4915 1494 4962 aut
1520 4914 1638 4979 ‘pro
1668 4906 1848 4963 causis

237 4997 582 5055 necessariis
639 5011 942 5052 consensus
997 4995 1141 5050 illius
1203 4994 1513 5066 requiritur.
1562 4995 1701 5049 Nam
1746 5010 1847 5065 pro

236 5086 502 5142 omnibus
529 5084 771 5140 omnium
799 5082 1054 5157 negotiis,
1115 5082 1205 5155 qui
1233 5082 1472 5154 undique
1496 5083 1647 5151 juxta
1675 5096 1846 5138 cano-

234 5191 339 5231 nes
369 5174 445 5229 ad
474 5171 822 5243 metropolim
852 5187 1004 5226 suam
1050 5170 1397 5235 conveniunt,
1439 5170 1507 5225 ad
1538 5186 1662 5225 eum
1691 5184 1845 5226 com-

234 5261 582 5319 monendum
607 5276 717 5316 non
756 5259 938 5324 debet,
963 5274 1067 5315 nec
1092 5258 1237 5315 valet
1279 5257 1719 5329 metropolitanus
1749 5273 1845 5329 sy-

236 5350 454 5405 nodum
485 5363 805 5405 convocare.

308 5436 689 5510 Reprehendit
719 5434 883 5491 etiam
920 5451 1027 5503 me,
1061 5433 1184 5508 quia
1212 5432 1596 5504 Carlomanno,
1630 5440 1683 5488 et
1709 5431 1842 5500 suis,

1958 4474 2101 4527 cum,
2134 4458 2303 4513 libere
2318 4473 2537 4528 possum
2564 4458 2831 4528 synodum
2852 4473 3175 4525 convocare,
3203 4468 3253 4515 et
3273 4461 3549 4533 corrigere

1951 4546 2181 4619 singula,
2239 4546 2285 4599 si
2339 4562 2460 4618 qua
2516 4544 2764 4602 fortassis
2832 4547 3172 4603 emerserint.
3218 4549 3353 4613 ,Non
3412 4565 3549 4622 ergo

1952 4634 2181 4689 alienam
2209 4632 2499 4704 civitatem,
2545 4651 2667 4707 qua
2694 4650 2803 4692 non
2834 4643 2915 4691 est
2945 4635 3074 4690 mihi
3120 4634 3353 4703 subdita,
3386 4636 3494 4691 adii
3528 4656 3543 4705 ;

1950 4736 2054 4779 nec
2080 4722 2148 4776 ad
2172 4723 2577 4793 possessionem
2611 4740 2732 4796 qua
2761 4724 2830 4780 ad
2860 4740 2948 4779 me
2975 4739 3084 4779 non
3112 4724 3349 4795 pertinet
3380 4741 3548 4796 super

1958 4809 2298 4866 ordinatione
2346 4812 2668 4882 cujusquam
2714 4812 2941 4867 accessi.
3000 4811 3134 4880 Qua
3179 4812 3282 4866 etsi
3325 4812 3545 4868 Laudul

1959 4897 2145 4953 nensis
2180 4898 2441 4969 parochia
2482 4899 2613 4953 mihi
2666 4899 2722 4954 in
2776 4897 3064 4971 privilegio
3122 4900 3546 4972 metropolitana

1960 4985 2107 5040 sedis
2137 5001 2247 5040 non
2276 4993 2420 5041 esset
2450 4986 2686 5054 subjecta
2709 5005 2722 5052 ;
2742 4986 2810 5041 de
2839 4994 3028 5057 segete
3056 5003 3175 5059 qua
3204 4988 3358 5044 alteri
3387 4988 3545 5044 vide-

1954 5072 2111 5128 batur
2136 5089 2258 5127 esse
2285 5073 2596 5140 commissa,
2626 5089 2726 5143 per
2756 5071 3007 5129 eﬁ'ectum
3056 5074 3185 5130 boni
3214 5076 3398 5147 operis
3427 5075 3546 5130 fru-

1951 5168 2135 5216 menta
2163 5160 2434 5216 dominica
2475 5160 2730 5216 vitiorum
2758 5176 2980 5217 suorum
3009 5162 3184 5234 paleis
3213 5163 3539 5233 exspoliare,

1948 5256 2001 5303 et
2046 5248 2104 5302 in
2158 5247 2420 5303 Ecclesia
2475 5263 2678 5319 corpus
2732 5250 3006 5305 monendo
3035 5257 3087 5304 et
3130 5250 3537 5321 persuadendo,

1947 5334 2100 5409 quasi
2130 5334 2456 5402 mandendo,
2486 5334 2660 5393 libere
2688 5353 2910 5408 possem
2936 5345 3275 5394 convertere.

2016 5430 2123 5486 Sed
2153 5438 2207 5487 et
2234 5431 2380 5504 quod
2419 5431 2734 5503 scripsimus
2763 5433 2817 5488 in
2861 5433 3093 5505 epistola
3120 5434 3191 5491 de
3218 5449 3541 5493 excommu-
