4020 6178
477 233 580 287 599

1434 229 1775 286 HINCMARI
1805 225 2206 285 RHEMENSIS
2233 189 2786 284 Aacnmprscom.

3683 234 3778 286 600

479 353 750 411 nicatione
789 353 1115 426 complicum
1165 353 1525 420 Carlomanni,
1558 370 1658 425 per
1704 353 1950 410 diversos
1979 369 2072 407 ar-
2103 354 2258 414 Ater
2286 361 2337 407 et
2367 352 2546 423 ipsum
2577 353 2772 408 solum.
2813 353 3110 424 Utrumque
3147 349 3294 406 enim
3321 351 3632 408 faciendum
3677 363 3776 421 est,

483 442 864 513 cbiepiscOpos
921 441 1229 514 dirigenda,
1290 443 1582 498 dicentes:
1622 463 1643 492 ι
1691 443 1773 496 Ea
1829 440 2082 496 videlicet

485 530 818 594 conditione,
865 537 922 584 ut
969 531 1267 584 secundum
1323 528 1554 584 formam
1611 529 1828 599 mystici
1873 528 2082 583 Nicaeni

487 617 721 686 concilii,
747 625 798 671 et
814 617 1014 694 Africae
1033 617 1328 687 provinciae
1344 631 1638 684 canonum,
1657 619 1918 687 juxtaque
1949 631 2083 686 apo-

486 705 693 761 stolicae
721 705 867 760 sedis
909 705 1133 760 decreta
1169 704 1486 775 pontificum
1527 705 1726 770 Siricii,
1761 703 2081 770 Innocentii,

487 793 783 858 leestini,
835 793 1051 858 Leonis,
1099 792 1411 863 ubicunque
1457 793 1676 858 fuerint,
1727 792 1917 847 ultima
1962 808 2084 862 pce-

487 879 730 945 nitentia,
765 888 818 934 et
847 881 1143 935 necessarii
1191 880 1374 936 viatici
1420 881 1730 938 communio
1775 879 2085 950 petentibus

488 983 598 1023 non
629 975 875 1040 negetur.
903 989 926 1018 »
963 969 1274 1023 Secundum
1315 985 1468 1023 suam
1497 968 1830 1040 singularem
1865 967 2085 1037 sapien-

485 1055 616 1110 tiam
654 1056 896 1128 corrigit,
948 1057 1196 1112 scribens
1225 1057 1283 1110 in
1312 1072 1412 1110 sua
1441 1057 1616 1111 rotula
1649 1074 1661 1110 :
1700 1076 1722 1106 ε
1761 1057 1841 1110 De
1889 1055 2086 1110 viatico

487 1151 667 1198 autem
695 1143 802 1198 illis
841 1144 1216 1209 concedendo,
1247 1159 1358 1198 non
1387 1143 1493 1197 nisi
1519 1159 1618 1213 per
1661 1143 2081 1213 professionem,

485 1231 696 1286 etiamsi
727 1230 784 1284 in
813 1231 1001 1286 ultimo
1047 1231 1154 1284 sint
1197 1231 1379 1301 positi,
1430 1231 1680 1286 videlicet
1719 1239 1776 1285 ut
1806 1231 1852 1285 si
1899 1238 2088 1301 postea

489 1319 849 1385 convaluerit,
882 1319 1130 1389 quisquis
1163 1334 1352 1374 eorum
1373 1319 1663 1375 vitiaticum
1693 1319 1749 1372 in
1779 1316 2085 1372 infirmitate

487 1407 698 1477 positus
745 1406 981 1475 petierit,
1033 1405 1352 1476 profiteatur
1407 1422 1517 1461 non
1572 1405 1801 1461 ulterius
1849 1422 1910 1461 se
1962 1406 2089 1459 talia

487 1503 752 1558 acturum,
787 1509 965 1563 neque
1007 1493 1144 1548 talia
1189 1494 1477 1564 agentibus
1507 1510 1566 1548 se
1615 1493 2084 1564 participaturum.

491 1580 765 1648 Quoniam
791 1581 846 1634 in
879 1581 991 1634 suis
1021 1581 1096 1634 ita
1123 1588 1342 1636 sanctus
1384 1597 1528 1652 papa
1559 1582 1811 1636 Gelasius
1859 1581 2090 1635 instituit

488 1667 794 1724 constitutis
834 1689 852 1734 ,-
903 1669 1166 1724 sententia
1213 1667 1534 1739 praefigitur,
1598 1670 1683 1723 vel
1731 1668 1952 1738 praeﬁxa
2010 1675 2090 1722 est

493 1771 710 1826 semper
748 1756 940 1810 errori.
974 1755 1109 1824 Quae
1158 1757 1423 1810 sententia
1457 1756 1580 1811 huic
1609 1757 1782 1812 errori
1828 1755 2086 1826 praefixa,

493 1859 772 1915 nunquam
811 1844 1030 1898 omnino
1082 1844 1400 1899 resolvetur.
1439 1865 1461 1893 ι
1500 1844 1621 1911 Qua
1643 1845 1712 1898 de
1759 1861 1819 1898 re
1851 1844 1980 1914 quid
2012 1850 2094 1897 est

498 1931 656 1988 nobis
685 1933 977 2002 agendum,
1012 1931 1136 1986 misi
1175 1932 1439 1986 intremus
1470 1932 1616 2002 apud
1645 1932 1794 1986 illum
1840 1932 1896 1984 in
1925 1931 2092 1986 scho-

495 2019 622 2085 lam,
657 2027 708 2075 et
737 2035 836 2074 nos
885 2019 1189 2092 magistrali
1234 2020 1406 2074 ferula
1451 2020 1664 2086 doceat,
1717 2020 1861 2091 quod
1909 2021 2093 2073 Patres

498 2108 590 2178 qui
617 2107 672 2161 in
706 2107 984 2162 Nictenum
1023 2107 1310 2163 concilium
1359 2115 1751 2173 convenerunt,
1780 2117 1830 2162 et
1859 2122 2093 2162 canones

497 2195 688 2266 spiritu
731 2195 834 2250 Dei
876 2195 1144 2264 conditos,
1195 2211 1596 2266 mansurasque
1641 2211 1816 2266 usque
1843 2196 1901 2249 in
1932 2194 2093 2249 finem

497 2283 684 2338 saeculi
731 2283 885 2354 leges
921 2281 1264 2352 praefuerunt
1295 2285 1322 2337 Ῥ
1365 2283 1472 2337 Sed
1522 2290 1573 2336 et
1619 2283 1858 2352 episcopi
1901 2281 2095 2337 Africae

496 2369 814 2440 provincia,
848 2371 986 2424 inter
1035 2386 1172 2442 quos
1203 2378 1254 2426 et
1283 2369 1684 2425 famosissimus
1735 2369 2090 2442 Augustinus,

499 2472 609 2512 non
637 2472 806 2527 parva
835 2457 1031 2511 Christi
1057 2459 1251 2528 portio,
1287 2466 1338 2512 et
1358 2457 1620 2513 Ecclesia:
1641 2458 1917 2512 catholicae
1937 2458 2095 2511 insti-

499 2545 656 2611 tutio,
689 2553 850 2616 atque
876 2544 1140 2612 defensio,
1190 2546 1408 2612 exstitit,
1452 2546 1777 2614 nescierunt,
1829 2545 1914 2600 vel
1946 2545 2097 2599 obliti

499 2631 763 2688 fuerunt?
794 2633 904 2688 Sed
933 2641 986 2688 et
1029 2633 1277 2702 Siricius,
1327 2633 1692 2700 Innocentius,
1750 2632 2093 2695 Coelestinus,

503 2728 557 2776 et
586 2721 695 2777 Leo
724 2721 1006 2792 percipere
1034 2737 1142 2776 non
1173 2722 1508 2792 potuerunt?
1539 2722 1922 2776 Verumtamen
1972 2721 2100 2792 quia

505 2809 665 2864 nobis
695 2808 764 2864 de
791 2810 895 2863 hac
924 2823 1094 2864 causa
1135 2809 1330 2864 sufﬁcit
1371 2817 1665 2876 tantorum,
1708 2825 1934 2879 quorum
1983 2807 2098 2863 for-

506 2911 652 2950 mam
696 2895 1077 2965 praemisimus,
1130 2897 1395 2951 catholica
1422 2903 1474 2950 et
1515 2896 1764 2949 salutaris
1805 2896 2096 2960 doctrina;

502 2982 590 3038 cui
620 2998 684 3036 ex
716 2983 1011 3051 superﬂuo,
1061 2982 1148 3037 vel
1177 2983 1354 3052 potius
1403 3000 1468 3037 ex
1520 2983 1770 3052 angustia
1819 2983 2096 3053 quiddam,

509 3069 665 3140 quasi
693 3069 1108 3138 dissimulando,
1143 3071 1513 3140 superaddere
1543 3070 1710 3125 voluit
1737 3087 1798 3125 ac
1830 3087 2100 3140 praesum-
2132 3042 2180 3102 C‘

507 3157 654 3229 psit;
687 3157 942 3228 quoniam
973 3173 1098 3212 eum
1136 3158 1487 3228 repercussit,
1521 3165 1704 3214 contra
1735 3175 1894 3228 quam
1922 3158 1978 3212 in
2007 3174 2102 3212 sua

507 3245 818 3317 perniciosa
847 3247 1400 3302 excommunicatione
1445 3262 1614 3319 agere
1643 3262 1752 3300 non
1779 3247 2052 3318 pertimuit
2087 3264 2100 3300 :

511 3342 565 3390 et
592 3334 716 3390 ideo
758 3335 843 3389 sui
888 3349 1198 3402 consensus
1236 3333 1442 3390 litteras
1471 3335 1527 3389 in
1552 3335 1884 3406 praescriptis
1931 3349 2102 3390 cano-

509 3437 642 3478 num
671 3429 724 3477 et
752 3422 1094 3478 decretorum
1137 3423 1450 3493 apostolica
1477 3423 1621 3478 sedis
1648 3421 1964 3493 pontiﬁcum
1995 3421 2103 3476 dif-

514 3508 849 3566 ﬁnitionibus
877 3513 1090 3566 mittere
1136 3511 1270 3566 mihi
1298 3525 1461 3566 ausus
1502 3527 1611 3566 non
1643 3510 1757 3564 fuit.
1792 3513 1860 3565 Et
1909 3511 2106 3565 accidit

512 3597 648 3654 illud
679 3599 823 3672 quod
867 3599 1128 3670 scriptum
1173 3607 1290 3655 est:
1325 3598 1430 3667 Qui
1459 3599 1658 3672 fugerit
1703 3614 1857 3653 arma
1902 3599 2102 3665 ferrea,

511 3686 678 3742 irruet
707 3687 761 3742 in
791 3702 978 3743 arcum
1005 3704 1232 3744 aereum.
1273 3689 1414 3742 Dum
1443 3687 1588 3742 enim
1620 3688 1788 3743 vitare
1817 3687 2004 3753 voluit,
2037 3701 2105 3740 ne

516 3783 704 3832 contra
735 3792 846 3830 suae
875 3775 1194 3846 perniciosae
1233 3775 1805 3830 excommunicationis
1833 3790 2104 3844 praesum-

514 3863 758 3932 ptionem
789 3863 844 3916 in
872 3878 1144 3918 consensu
1190 3862 1292 3916 sibi
1330 3863 1586 3918 mandato
1616 3877 1648 3916 a
1679 3878 1784 3927 me,
1821 3862 2103 3931 scriberet,

514 3958 568 4004 et
597 3951 665 4004 de
691 3950 813 4020 ipsa
840 3950 1264 4020 praesumptione
1287 3950 1484 4004 illicitae
1516 3949 2101 4014 excommunicationis,

519 4043 572 4090 et
615 4035 684 4092 de
730 4044 1038 4106 contempto
1079 4037 1368 4110 privilegio
1417 4053 1530 4092 sum
1569 4037 1905 4108 metropolis,
1949 4045 2000 4092 et
2038 4037 2106 4091 de

517 4123 888 4179 inobedientia
923 4132 1108 4180 contra
1146 4141 1302 4180 suam
1340 4125 1734 4195 professionem
1772 4133 1825 4180 et
1861 4125 2106 4180 subscri—

512 4213 773 4283 ptionem,
805 4213 861 4268 in
885 4213 1146 4282 judicium
1187 4229 1470 4270 sacrarum
1504 4215 1708 4286 legum,
1749 4221 1802 4268 et
1839 4228 2106 4269 canonum

517 4309 571 4357 et
599 4301 938 4358 decretorum
961 4302 1270 4372 apostolica:
1312 4303 1458 4357 sedis
1487 4301 1803 4372 pontificum
1831 4301 2003 4356 irruit.
2038 4302 2108 4355 Et

2184 441 2319 496 sicut
2361 440 2686 495 infirmitatis
2745 439 3032 494 diversitas
3083 439 3336 496 admonet
3381 457 3591 509 eorum,
3645 457 3780 514 quos

2183 529 2370 600 utique
2399 545 2508 583 non
2539 529 2868 598 perdendos,
2893 529 2990 582 sed
3021 529 3378 600 corrigendos
3400 530 3780 601 curandosque

2185 617 2550 686 suscepimus.
2597 638 2618 664 υ
2656 616 2791 684 Quae
2821 617 2990 672 verba
3023 617 3313 670 testimonii
3343 633 3376 671 a
3404 633 3464 671 se
3493 617 3548 670 in
3582 617 3780 688 scripto

2187 719 2286 758 suo
2315 705 2476 774 positi
2506 705 2552 758 si
2581 705 2904 772 attenderet,
2948 705 3099 758 illam
3140 705 3504 775 perniciosam
3555 721 3780 760 excom-

2185 792 2605 846 municationem
2631 793 2698 846 ad
2728 793 3090 862 perditionem
3131 793 3442 854 multorum,
3493 808 3632 864 quos
3677 809 3782 848 non

2184 880 2515 950 perdendos,
2563 880 2660 934 sed
2700 880 3056 950 corrigendos
3099 881 3476 950 curandosque
3521 882 3779 951 suscepit,

2187 968 2452 1022 intentare
2497 984 2839 1039 nequaquam
2883 977 3254 1038 praesumeret.
3291 968 3410 1036 Quo
3459 977 3652 1023 contra
3689 969 3783 1023 Sa-

2187 1055 2373 1111 lomon
2402 1055 2560 1110 dicit:
2583 1057 2740 1112 Sicut
2771 1058 2938 1126 spina
2965 1059 3028 1110 in
3050 1073 3230 1111 manu
3261 1059 3604 1112 temulenti:
3627 1059 3716 1112 sic
3737 1062 3785 1112 et

2187 1147 2252 1199 in
2271 1160 2363 1199 ore
2383 1145 2550 1199 stulti
2565 1145 2830 1215 parabole
2861 1145 3042 1210 (Prov.
3069 1147 3170 1214 rx).
3207 1145 3274 1199 Ut
3295 1145 3436 1198 enim
3459 1145 3785 1199 temulentus

2189 1232 2403 1302 spinam
2433 1231 2486 1284 in
2526 1247 2692 1286 manu
2731 1248 2927 1304 gerens
2979 1232 3218 1302 seipsum
3256 1233 3504 1287 vulnerat
3535 1252 3550 1296 ;
3585 1234 3662 1286 ita
3703 1233 3786 1304 qui

2189 1319 2436 1375 incautus
2479 1327 2562 1373 est
2607 1320 2676 1373 ad
2705 1319 3058 1390 loquendum,
3105 1319 3370 1374 sententia
3417 1335 3516 1374 sua
3565 1337 3626 1375 se
3657 1336 3786 1390 per-

2190 1407 2337 1462 cutit.
2363 1408 2430 1462 Et
2449 1407 2580 1462 item
2599 1407 2652 1460 in
2674 1409 2868 1462 eodem
2898 1407 3206 1462 testimonio
3229 1408 3418 1463 beatus
3450 1409 3788 1480 Augustinus

2189 1495 2364 1549 dicit:
2403 1515 2425 1544 (
2471 1496 2546 1548 Ita
2597 1495 2761 1549 etiam
2806 1502 2888 1548 est
2934 1495 3068 1549 ratio
3113 1495 3508 1562 dissimulandi,
3559 1505 3614 1550 et
3659 1496 3787 1550 tole-

2189 1581 2342 1635 randi
2379 1581 2551 1636 malos
2589 1582 2645 1634 in
2683 1582 2965 1636 Ecclesia:
3001 1590 3054 1636 et
3085 1590 3167 1637 est
3204 1600 3393 1637 rursus
3436 1583 3578 1636 ratio
3618 1583 3784 1638 casti-

2117 1697 2170 1756 Β
2193 1668 2378 1740 gandi,
2404 1669 2734 1741 corrigendi,
2760 1685 2866 1723 non
2890 1669 3229 1734 admittendi,
3252 1669 3387 1724 vela
3407 1671 3787 1725 communione

2193 1756 2526 1810 removendi.
2587 1758 2783 1810 Errant
2829 1764 3008 1811 autem
3062 1757 3308 1812 homines
3357 1774 3466 1812 non
3511 1767 3788 1813 servantes

2191 1844 2453 1910 modum;
2485 1853 2538 1898 et
2569 1858 2690 1899 cum
2721 1845 2776 1898 in
2814 1860 2980 1900 unam
3009 1853 3218 1915 partem
3261 1845 3534 1915 proclives
3563 1845 3646 1900 ire
3679 1863 3787 1902 cce-

2191 1931 2389 2002 perint,
2421 1947 2532 1986 non
2556 1931 2856 2002 respiciunt
2899 1933 3096 1986 divinae
3134 1933 3467 1988 auctoritatis
3498 1934 3608 1988 alia
3637 1935 3787 1988 testi-

2192 2021 2390 2085 monia,
2435 2020 2629 2090 quibus
2671 2028 2898 2090 possunt
2937 2021 3002 2073 ab
3047 2021 3140 2074 illa
3183 2021 3478 2075 intentione
3519 2022 3783 2090 revocari,

2193 2116 2245 2162 et
2277 2107 2330 2160 in
2361 2124 2422 2162 ea
2453 2125 2572 2178 quae
2595 2123 2662 2162 ex
2701 2108 2948 2178 utrisque
2987 2115 3284 2178 temperata
3323 2117 3424 2175 est,
3473 2109 3704 2163 veritate
3741 2117 3787 2163 et

2197 2196 2568 2250 moderatione
2616 2195 2935 2250 consistere.
2961 2215 2982 2246 ν
3019 2197 3086 2249 Et
3134 2196 3177 2250 si
3217 2197 3357 2251 hanc
3404 2197 3784 2252 discretionem

2195 2283 2528 2352 corripiendi
2559 2291 2611 2336 et
2641 2283 3165 2350 excommunicandi,
3202 2291 3292 2338 aut
3329 2284 3713 2338 dissimulandi
3741 2293 3788 2339 et

2195 2370 2462 2424 tolerandi
2491 2371 2664 2424 malos
2691 2371 2746 2424 in
2767 2371 3029 2436 Ecclesia,
3055 2387 3216 2442 quam
3249 2373 3438 2424 beatus
3459 2373 3788 2444 Augustinus

2197 2457 2346 2522 dixit,
2391 2467 2443 2511 et
2492 2473 2555 2512 ex
2613 2458 2797 2512 verbis
2855 2459 2994 2513 sacri
3051 2459 3252 2529 eloquii
3308 2459 3642 2513 ratissimam
3693 2461 3786 2514 de-

2198 2545 2536 2610 monstravit,
2569 2545 2737 2600 frater
2777 2546 3102 2600 Hincmarus
3138 2547 3424 2601 attendens
3453 2564 3484 2600 a
3513 2555 3788 2618 metropo-

2197 2632 2362 2686 litano
2392 2649 2493 2688 suo
2525 2634 2692 2687 semel
2725 2641 2776 2687 et
2809 2634 3047 2688 secundo
3086 2651 3152 2688 ex
3190 2635 3508 2707 evangelica
3547 2636 3786 2700 veritate,

2200 2729 2252 2774 et
2278 2721 2576 2790 apostolica
2619 2729 2779 2793 atque
2809 2723 3072 2777 canonica
3109 2724 3446 2791 auctoritate,
3481 2731 3534 2777 et
3563 2723 3788 2778 decretis

2199 2809 2510 2878 apostolicae
2549 2810 2695 2863 sedis
2738 2811 3114 2880 commonitus,
3147 2819 3204 2864 ut
3232 2812 3478 2866 eamdem
3519 2811 3788 2882 pernicio-

2202 2913 2316 2951 sam
2376 2898 2984 2953 excommunicationem
3041 2898 3362 2964 resolveret,
3421 2900 3476 2952 in
3533 2899 3789 2969 pertinaci

2203 2985 2540 3040 contumacia
2573 3001 2672 3039 sua
2701 2986 2754 3040 in
2785 3002 2940 3040 suum
2981 2987 3282 3056 periculum
3311 3003 3420 3041 non
3455 2987 3786 3057 persisteret.

2273 3073 2472 3127 Contra
2503 3074 2654 3140 cujus
2683 3073 3122 3144 inobedientiam,
3166 3075 3256 3145 qui
3283 3075 3435 3143 mihi,
3471 3091 3572 3130 suo
3603 3083 3792 3129 metro-

2202 3161 2462 3231 politano,
2497 3162 2700 3215 litteras
2741 3161 2824 3216 sui
2853 3179 2918 3216 ex
2947 3164 3050 3217 hac
3079 3177 3242 3217 causa
3279 3179 3584 3218 consensus
3613 3173 3792 3220 contu-

2203 3249 2431 3303 maciter
2451 3249 2664 3304 mittere
2697 3249 2983 3319 recusavit,
3008 3251 3133 3320 quid
3151 3267 3319 3306 sacrae
3347 3251 3500 3323 leges
3521 3260 3573 3306 et
3597 3251 3793 3323 regula

2205 3338 2406 3402 dicant,
2455 3338 2776 3409 subjungam
2801 3355 2812 3392 :
2836 3339 3106 3393 Honorius
3145 3347 3198 3394 et
3235 3340 3573 3395 Theodosius
3616 3343 3788 3412 Augg.

2204 3426 2260 3479 in
2303 3425 2464 3495 legali
2514 3426 2657 3479 edito
2705 3442 2822 3492 suo,
2873 3427 3080 3481 directo
3124 3427 3339 3482 Aurelio
3380 3427 3792 3498 Carthaginensi

2207 3511 2636 3582 archiepiSCOpo,
2663 3513 3043 3578 decreverunt,
3104 3514 3384 3568 dicentes:
3425 3515 3673 3588 «Religio
3695 3516 3792 3568 ita-

2207 3617 2311 3672 que
2341 3608 2430 3653 tua
2458 3601 2888 3670 competentibus
2931 3602 3158 3670 scriptos
3197 3603 3484 3656 universos
3514 3603 3792 3672 episcopos

2207 3688 2368 3742 faciat
2398 3688 2695 3756 admoneri,
2732 3689 2958 3744 scituros
2998 3687 3314 3744 diﬂinitione
3357 3691 3688 3744 sanctimonii
3719 3690 3794 3743 tui

2206 3777 2347 3830 hanc
2376 3776 2478 3830 sibi
2519 3777 2892 3830 diﬁinitionem
2937 3793 3060 3831 esse
3098 3777 3449 3848 procriptam,
3479 3785 3536 3832 ut
3565 3778 3792 3848 quicun-

2209 3880 2314 3934 que
2371 3864 2701 3918 damnationi
2747 3880 2911 3934 supra
2965 3874 3409 3932 memoratorum,
3472 3883 3575 3937 quo
3619 3873 3792 3936 pateat

2207 3967 2362 4006 mens
2390 3967 2544 4022 pura,
2577 3953 2912 4006 subscribere
2951 3952 3117 4022 impia
3146 3954 3508 4008 obstinatione
3535 3953 3791 4026 neglexe-

2209 4039 2332 4106 rint,
2395 4039 2736 4109 episcopatus
2779 4039 3072 4102 amissione
3121 4041 3346 4110 multati,
3411 4041 3690 4096 interdicta
3739 4041 3793 4094 in

2206 4135 2550 4196 perpetuum,
2585 4127 2796 4196 expulsi
2824 4127 3148 4196 civitatibus,
3175 4129 3554 4184 communione
3581 4129 3794 4200 priven-

2207 4223 2307 4268 tur.
2348 4232 2368 4262 »δ
2401 4215 2470 4267 Et
2505 4214 2666 4284 paulo
2705 4221 2826 4284 post
2860 4233 2872 4268 :
2911 4237 2934 4264 (ι
2959 4215 3074 4270 Una
3115 4216 3260 4270 enim
3303 4217 3600 4287 eademque
3637 4217 3794 4286 culpa

2213 4310 2295 4357 est
2335 4317 2524 4356 eorum
2564 4303 2655 4373 qui
2704 4311 2793 4356 aut
2837 4302 3229 4357 dissimulando
3275 4304 3652 4370 cohibentiam,
3701 4312 3794 4358 aut

511 4396 568 4446 ut
598 4397 852 4447 statueret
893 4405 1046 4445 suam
1093 4391 1434 4459 sententiam,
1476 4391 1654 4461 posuit
1692 4391 1746 4444 in
1777 4391 1971 4445 eodem
2009 4405 2107 4445 suo
2135 4386 2186 4444 D
2209 4407 2318 4446 non
2355 4391 2662 4444 damnando
2707 4390 2946 4445 favorem
2989 4391 3210 4445 noxium
3251 4393 3632 4461 prmstiterunt.
3669 4413 3690 4441 ι
3727 4392 3794 4446 Et

513 4478 714 4549 scripto
761 4479 1129 4534 testimonium
1173 4487 1362 4534 contra
1393 4496 1452 4534 se
1501 4479 1643 4533 beati
1704 4479 1989 4551 Augustini
2042 4495 2109 4533 ex

511 4566 654 4622 libro
683 4567 754 4623 de
785 4565 892 4622 fide
919 4575 972 4622 et
1001 4567 1273 4636 operibus,
1298 4569 1369 4622 de
1398 4567 1722 4622 discretione
1749 4567 2109 4637 correptionis

515 4664 568 4712 et
626 4653 1196 4712 excommunicationis
1237 4673 1252 4721 ;
1298 4663 1350 4710 et
1405 4655 1560 4724 quasi
1617 4655 1830 4724 fugiens
1887 4671 1920 4709 α
1973 4654 2108 4710 facie

513 4743 709 4808 leonis,
755 4743 908 4799 irruit
953 4759 1136 4797 ursum
1185 4761 1198 4806 ;
1240 4750 1292 4796 et
1330 4743 1386 4796 in
1427 4742 1588 4796 domo
1637 4742 1846 4796 innisus
1891 4743 2106 4812 parieti,

517 4831 810 4886 momordit
839 4847 964 4886 eum
995 4829 1240 4886 coluber.
1277 4830 1336 4883 Id
1365 4837 1466 4894 est,
1515 4829 1879 4884 testimonium
1922 4838 2109 4884 contra

517 4934 576 4972 se
607 4933 640 4972 a
679 4934 739 4972 se
783 4918 902 4988 ipso
935 4919 991 4972 in
1040 4918 1244 4988 scripto
1291 4933 1390 4972 suo
1434 4917 1670 4988 positum
1722 4933 1786 4971 ex
1829 4917 2108 4987 scripturis

514 5005 682 5072 illius,
715 5005 807 5076 qui
837 5005 1096 5060 exaltatus
1137 5015 1190 5060 et
1219 5006 1272 5060 in
1303 5021 1486 5072 cruce,
1539 5006 1680 5060 sicut
1715 5006 1929 5076 Moyses
1957 5005 2108 5058 exal-

515 5093 647 5151 tavit
684 5100 995 5163 serpentem
1033 5093 1089 5146 in
1131 5093 1366 5148 deserto.
1408 5115 1430 5143 α
1473 5095 1595 5148 Non
1641 5101 1740 5158 est,
1783 5093 1956 5163 inquit
1993 5097 2108 5148 Au-

517 5183 768 5256 gustinus
797 5181 852 5236 in
896 5180 1204 5236 testimonio
1243 5182 1312 5235 ab
1353 5181 1637 5236 Hincmaro
1679 5181 1854 5250 posito
1900 5182 2015 5250 (lib.
2045 5180 2111 5235 de

517 5272 647 5326 Fide
669 5275 724 5325 et
753 5267 1052 5342 operibus),
1087 5269 1389 5323 contrarius
1411 5269 1688 5338 apostolus
1709 5269 1958 5338 Domino,
1984 5268 2112 5339 quia

517 5357 650 5411 dixit
683 5374 696 5409 :
730 5358 1026 5413 Peccantes
1058 5372 1244 5412 coram
1274 5356 1522 5411 omnibus
1552 5373 1741 5427 argue,
1767 5364 1822 5410 ut
1853 5365 1902 5411 et
1933 5356 2112 5412 caeteri

515 5453 764 5508 timorem
795 5455 1030 5510 habeant
1071 5471 1083 5509 :
1119 5469 1242 5510 cum
1279 5453 1370 5510 ille
1401 5453 1564 5520 dicat,
1597 5453 1814 5523 corripe
1856 5469 1981 5508 eum
2021 5453 2110 5507 in-

2206 4477 2332 4533 hinc
2351 4479 2405 4532 S.
2443 4477 2745 4549 Gregorius
2774 4479 2841 4531 ad
2875 4479 3110 4542 Felicem
3148 4479 3468 4550 episcopum
3501 4481 3554 4534 in
3575 4479 3790 4534 Serdica

2207 4567 2326 4636 (lib.
2361 4582 2435 4632 IV,
2469 4567 2632 4636 epist.
2658 4565 2749 4634 7):
2780 4586 2802 4614 ι
2835 4565 3094 4632 Qualiter,
3129 4566 3321 4636 inquit,
3355 4568 3674 4633 obedientia,
3705 4565 3794 4620 vel

2208 4654 2276 4708 sit
2301 4652 2605 4708 reverentia
2634 4653 2936 4722 praepositis
2979 4654 3304 4722 exhibenda,
3341 4671 3404 4709 ex
3437 4657 3540 4709 tuis
3583 4669 3790 4726 quoque

2208 4742 2462 4809 subjectis
2492 4741 2608 4810 ipse
2629 4757 2738 4794 non
2765 4740 3016 4813 ambigis.
3051 4743 3110 4794 In
3128 4757 3230 4812 qua
3259 4759 3320 4796 re
3353 4743 3514 4798 valde
3541 4751 3616 4797 est
3643 4742 3788 4808 utile,

2208 4829 2254 4883 si
2284 4829 2338 4882 id
2367 4829 2508 4898 quod
2547 4828 2847 4898 disciplinae
2889 4829 3046 4899 vigor
3089 4829 3335 4898 imponit,
3379 4832 3526 4886 nullo
3571 4837 3791 4901 cOgente

2207 4915 2480 4970 humilitas
2510 4917 2782 4970 laudanda
2818 4917 3136 4971 servaverit.
3172 4918 3422 4972 Pervenit
3451 4919 3519 4972 ad
3549 4934 3641 4972 nos
3681 4917 3786 4969 ita-

2208 5021 2312 5076 que
2344 5004 2488 5074 quod
2517 5003 2820 5058 fraternitas
2851 5013 2940 5057 tua
2959 5005 3152 5059 Joanni
3183 5004 3340 5058 fratri
3369 5015 3574 5071 nostro,
3605 5005 3790 5074 prima

2207 5092 2521 5146 Justinianae
2561 5093 2818 5162 episcopo
2863 5093 3158 5146 secundum
3203 5107 3412 5148 morem
3461 5093 3790 5149 constitutum

2210 5181 2306 5253 [aL
2341 5182 2494 5236 abest
2524 5181 2892 5252 constitutum]
2937 5195 3135 5250 parere
3173 5181 3456 5250 despiciat,
3490 5190 3540 5236 et
3567 5196 3658 5235 nec
3683 5179 3790 5233 de-

2211 5277 2361 5324 creto
2391 5269 2526 5337 ejus,
2559 5284 2660 5322 nec
2701 5267 2957 5322 relatione
2989 5267 3110 5338 [al.,
3137 5268 3381 5324 relationi
3411 5286 3566 5340 quam
3593 5268 3654 5322 ad
3683 5282 3791 5320 nos

2210 5355 2424 5426 direxit]
2449 5357 2598 5424 juxta
2636 5355 3104 5425 consuetudinem,
3145 5357 3404 5411 voluisset
3433 5354 3786 5410 subscribere.

2213 5453 2370 5522 Quod
2401 5453 2447 5508 si
2477 5453 2544 5507 ita
2575 5461 2674 5523 est,
2717 5452 3113 5520 contristamur,
3165 5454 3292 5525 quia
3341 5454 3598 5525 superbiae
3636 5451 3698 5504 de
3733 5459 3786 5506 te
