4020 6178
239 269 352 322 601

964 259 1209 317 OPUSC.
1265 258 1357 315 ET
1408 258 1626 315 EPIST.
1686 257 1762 314 IN
1814 256 2043 315 CAUSA
2086 257 2430 317 HINCMARI
2476 260 2780 319 LAUDUN.

3429 268 3532 323 602

241 387 543 446 manifeste
571 385 788 458 prabes
832 383 1087 440 indicium
1122 400 1135 438 :
1169 383 1315 456 quod
1362 398 1527 455 quam
1574 382 1661 448 sit,
1708 398 1850 453 prae
1876 381 1932 443 A
1951 381 2126 439 nectis
2155 383 2384 451 venerit,
2415 384 2559 440 habe
2586 385 2725 441 tales
2757 384 3009 442 homines
3053 394 3306 444 strenuos
3348 401 3417 445 ac
3440 403 3545 460 pe-

245 476 446 532 sertim
497 475 553 530 in
599 472 920 537 sacerdote,
971 470 1268 543 culpabile,
1322 470 1517 527 divina
1565 470 1851 527 clementia

243 561 569 620 monitionis
599 561 871 633 eloquitur
900 560 1020 631 [al.,
1070 559 1266 614 divina
1309 558 1691 614 admonitionis
1733 557 1849 614 cla-

244 658 406 707 mant
431 648 689 722 eloquia].
734 650 1025 718 Propterea
1068 648 1374 713 hortamur,
1421 653 1480 700 ut
1520 646 1718 701 mentis
1760 652 1851 700 tu-

245 754 408 794 more
438 736 706 808 deposito,
743 734 1015 791 antedicto
1044 733 1195 789 fratri
1226 741 1281 789 et
1306 734 1632 805 coepiscopo
1661 740 1851 788 nostro

247 826 518 881 humilem
545 832 599 879 te
629 823 905 889 exhibeas,
952 830 1005 878 et
1045 837 1242 893 parere
1273 836 1381 877 non
1413 821 1629 876 desinas
1661 838 1675 876 :
1711 834 1851 892 qua-

246 920 415 969 tenus
444 921 500 968 et
527 913 675 967 Deus
702 911 937 983 gaudeat
965 909 1021 964 in
1067 908 1422 965 fraternitatis
1469 916 1666 965 vestra
1715 922 1851 964 con-

246 1001 462 1065 cordia,
523 1007 577 1055 et
622 998 715 1055 alii
761 999 830 1054 de
877 1005 928 1054 te
974 1004 1189 1052 sumant
1229 996 1482 1052 bonitatis
1520 996 1849 1067 exemplum.

246 1090 393 1144 Nam
424 1088 493 1153 si,
526 1087 672 1159 quod
702 1101 812 1142 non
841 1086 1136 1151 credimus,
1187 1091 1239 1139 te
1267 1084 1322 1139 in
1349 1084 1604 1156 superbia
1630 1099 1853 1154 perma-

248 1192 389 1232 nere
418 1174 731 1247 contigerit,
760 1174 1058 1229 districtam
1088 1172 1514 1243 canonicamque
1553 1170 1855 1243 disciplina

250 1264 657 1321 correctionem
687 1261 1041 1318 contumacia
1070 1268 1172 1315 tua
1203 1261 1339 1316 scito
1384 1275 1574 1315 sacros
1616 1273 1855 1315 canones

250 1352 591 1409 ulciscenter
617 1350 900 1421 imponere
921 1348 1041 1421 [al.,
1066 1364 1168 1403 nos
1188 1348 1324 1405 scito
1341 1348 1669 1403 ulciscenter
1682 1347 1855 1417 impo-

250 1440 433 1512 nere].
467 1440 614 1493 Bene
644 1453 778 1510 ergo
806 1437 941 1493 facis
969 1437 1133 1491 talem
1161 1444 1213 1490 te
1247 1443 1439 1506 sponte
1472 1434 1672 1489 salubri
1717 1449 1853 1490 con-

249 1528 590 1584 sideratione
619 1525 887 1597 prabere,
935 1524 1112 1595 qualis
1163 1539 1288 1579 esse
1331 1523 1592 1578 canonica
1640 1521 1854 1578 coerci-

250 1616 402 1671 tione
433 1614 557 1686 [al.,
592 1613 897 1669 coerctione
922 1610 1197 1684 exigente]
1217 1609 1577 1681 compelleris.
1600 1611 1738 1665 Nam
1754 1626 1855 1665 nec

250 1703 348 1759 tibi
377 1702 565 1757 denuo
594 1708 719 1772 post
747 1702 889 1756 hanc
916 1707 1155 1754 nostram
1200 1698 1624 1754 admonitionem
1671 1697 1854 1753 licebit

251 1791 321 1845 ad
353 1798 467 1845 tua
494 1788 784 1844 voluntatis
821 1786 1117 1856 arbitrium,
1170 1794 1364 1842 contra
1405 1799 1635 1854 morem,
1682 1785 1855 1853 majo-

251 1879 405 1933 ribus
456 1877 565 1931 tuis
609 1875 1012 1930 inobedientem
1058 1874 1291 1930 existere
1341 1892 1355 1928 :
1404 1888 1508 1928 nec
1549 1888 1651 1928 nos
1696 1880 1856 1927 tanta

251 1963 745 2035 indisciplinationi
775 1961 1202 2018 ecclesiasticam
1246 1976 1549 2033 cognoscas
1597 1960 1856 2015 dissimu-

253 2055 373 2109 lare
399 2053 495 2107 vel
523 2050 745 2106 differre
774 2051 1083 2106 vindictam.
1126 2070 1149 2099 ι
1195 2050 1349 2105 Unde
1396 2049 1738 2107 attendentes
1763 2048 1856 2116 ju-

256 2142 384 2197 dicii
420 2139 900 2196 comminationem
926 2138 1067 2193 beati
1117 2137 1390 2209 Gregorii,
1436 2145 1623 2193 contra
1671 2136 1860 2191 inobe-

256 2229 525 2286 dientiam
554 2227 969 2297 archiepiscopo
991 2241 1110 2294 suo,
1139 2242 1244 2297 qua
1260 2225 1391 2281 dicit
1422 2243 1435 2278 :
1474 2246 1497 2275 ι
1531 2225 1722 2279 Denuo
1736 2232 1861 2295 post

256 2319 402 2373 hanc
432 2323 681 2371 nostram
712 2314 1130 2368 admonitionem
1165 2329 1267 2368 nec
1296 2312 1392 2367 tibi
1421 2311 1603 2368 licebit
1649 2312 1717 2367 ad
1755 2318 1860 2368 tua

255 2405 555 2462 voluntatis
584 2402 882 2467 arbitrium,
915 2410 1102 2457 contra
1129 2416 1360 2465 morem,
1407 2398 1707 2469 majoribus
1753 2400 1859 2455 tuis

253 2492 667 2548 inobedientem
698 2490 932 2545 existere
966 2507 980 2543 :
1012 2504 1115 2545 nec
1144 2503 1244 2544 nos
1273 2496 1436 2543 tanta
1478 2486 1858 2558 indisciplina-

255 2581 392 2636 tioni
422 2578 854 2635 ecclesiasticam
883 2591 1191 2650 cognoscas
1221 2576 1585 2643 dissimulare,
1631 2575 1718 2631 vel
1749 2575 1858 2630 dif-

257 2671 407 2725 ferre
437 2667 754 2724 vindictam.
790 2686 814 2716 ι
850 2665 1151 2721 Discernite
1184 2673 1358 2719 utrum
1405 2665 1551 2735 quod
1596 2664 1652 2717 in
1701 2664 1859 2717 terris

258 2752 594 2817 consistens,
625 2758 677 2805 et
704 2749 1122 2805 conversatione
1150 2748 1206 2801 in
1233 2747 1388 2804 calis
1416 2747 1668 2801 habitans
1688 2746 1861 2801 inten-

259 2841 431 2906 tavit;
478 2846 533 2895 et
579 2838 757 2893 adhuc
802 2837 1085 2892 nobiscum
1127 2835 1182 2889 in
1232 2835 1344 2889 suis
1390 2834 1860 2890 constitutionibus

257 2929 476 2991 vivens,
527 2926 595 2980 de
643 2924 783 2981 calo
830 2925 884 2978 in
933 2923 1241 2993 hujusmodi
1290 2923 1528 2978 creditur
1572 2922 1856 2991 intentare,

256 3022 385 3087 post
432 3022 511 3069 tot
555 3012 1038 3081 commonitiones,
1083 3011 1377 3066 vindictam
1425 3017 1585 3065 tanta
1628 3010 1858 3066 indisci-

257 3102 545 3175 plinationi
571 3101 728 3156 istius
750 3100 1059 3171 regularum
1079 3098 1471 3170 contemptoris
1490 3098 1852 3162 dissimulare,

256 3192 344 3247 vel
376 3189 599 3245 differre
625 3189 828 3243 diutius
858 3189 1174 3253 debeamus,
1208 3202 1309 3242 nos
1338 3186 1431 3259 qui
1457 3202 1559 3258 per
1593 3186 1694 3241 Dei
1723 3201 1856 3258 gra-

257 3281 395 3337 tiam
424 3279 497 3335 ad
527 3277 769 3334 coelestia
798 3277 1154 3347 suspiramus.

831 3383 1055 3437 CAPUT
1093 3380 1295 3436 XXIII.

262 3474 419 3543 Quod
448 3475 751 3529 Hincmaro
774 3472 953 3527 eidem
977 3471 1274 3543 Rhemensi
1296 3467 1620 3543 traditioni:
1640 3467 1858 3523 crimen

673 3559 777 3616 per
804 3542 1157 3597 calumniam
1187 3541 1448 3611 imponit.

333 3635 467 3687 Post
496 3638 672 3686 tantas
701 3629 958 3700 denique,
992 3636 1044 3683 et
1071 3627 1203 3682 alias
1234 3626 1441 3698 plures,
1476 3640 1613 3697 quas
1639 3624 1859 3680 vitando

259 3720 632 3793 prolixitatem
662 3725 950 3789 pratereo,
982 3715 1431 3771 commonitiones
1459 3721 1511 3769 et
1544 3727 1734 3770 saeras
1763 3728 1860 3768 au-

259 3808 547 3866 ctoritates
578 3822 610 3861 a
639 3821 725 3861 me
754 3805 845 3859 illi'
866 3804 1140 3875 prolatas;
1173 3803 1311 3859 sicut
1348 3802 1610 3857 Dominus
1655 3802 1723 3856 de
1770 3816 1860 3856 re-

258 3897 504 3953 bellante
523 3895 812 3949 adversum
824 3908 883 3947 se
903 3892 1103 3963 populo
1124 3891 1395 3962 queritur:
1415 3890 1746 3946 Curavimus
1766 3891 1862 3945 Ba-

261 3987 544 4057 bylonem,
565 3987 619 4038 et
634 3999 747 4039 non
763 3984 1084 4037 estsancta.
1100 3981 1165 4034 Et
1188 3997 1202 4033 :
1229 3981 1389 4036 Versa
1406 3984 1490 4035 est
1505 3979 1648 4034 mihi
1666 3978 1863 4033 domu:

262 4074 445 4130 Israel
476 4073 539 4127 in
570 4072 811 4126 :con’am
841 4070 1066 4139 (Jerem.
1099 4068 1208 4137 LI);
1243 4067 1441 4122 accidit
1488 4066 1621 4120 mihi
1647 4065 1716 4120 ab
1745 4065 1858 4133 illo,

263 4162 414 4234 quod
428 4160 687 4215 Salomon
699 4158 829 4214 dicit
843 4174 856 4212 :
873 4159 1105 4213 Acetum
1118 4158 1182 4213 in
1194 4158 1347 4211 nitro
1363 4157 1415 4210 ei
1427 4157 1521 4227 qui
1531 4158 1731 4211 cantat
1746 4170 1864 4209 car-

262 4253 429 4306 mina
459 4249 623 4306 corde
639 4248 879 4319 pessimo
897 4248 1078 4316 (Prov.
1104 4247 1183 4316 v).
1211 4266 1232 4291 α
1260 4246 1507 4311 Acetum,
1538 4243 1712 4313 inquit
1731 4242 1863 4298 Gre-

261 4339 477 4412 gorius,
510 4337 558 4392 si
586 4337 830 4390 mittatur
857 4335 913 4389 in
942 4334 1163 4401 nitrum,
1216 4331 1467 4387 fervescit
1502 4330 1701 4385 nitrum
1730 4344 1864 4401 pro-

1949 469 2104 535 ritos,
2138 470 2276 527 sicut
2304 487 2449 542 opus
2478 480 2560 527 est
2599 474 2669 528 ad
2712 473 2877 530 talem
2925 474 3158 531 bestiam
3204 476 3544 548 capiendam.

1948 558 2017 612 Et
2044 557 2116 613 ad
2147 557 2398 615 Odonem
2427 560 2752 631 complicem
2779 569 3044 629 vestrum,
3078 563 3182 630 sic,
3229 570 3288 618 ut
3330 564 3548 636 quando

1950 645 2021 698 ad
2078 646 2345 716 synodum
2392 647 2730 715 venerimus,
2780 650 2929 704 Deus
2969 650 3167 721 poterit
3208 651 3343 706 dare
3389 651 3548 707 nobis

1952 732 2081 803 quid
2110 731 2398 805 loquamur
2429 753 2442 788 :
2475 736 2783 808 usquedum
2814 737 2882 793 de
2912 737 3018 793 isto
3047 738 3366 794 indomabili
3421 739 3549 795 uni-

1951 818 2141 876 cornio
2169 829 2222 875 et
2251 821 2492 893 inquieto
2520 823 2742 878 animali
2771 839 2874 879 nos
2902 824 3176 880 liberabit.
3210 827 3340 882 Hac
3367 834 3549 882 autem

1950 906 2215 978 perﬁcere
2244 908 2500 965 laborare
2530 925 2640 966 non
2668 911 2947 979 cessastis,
2980 929 3010 966 a
3037 919 3283 984 tempore
3312 930 3421 986 quo
3451 930 3537 985 sy-

1951 995 2156 1050 nodum
2186 996 2241 1050 in
2268 996 2611 1053 Suessionica
2641 999 2854 1054 civitate
2903 1015 3003 1071 pro
3045 1000 3387 1072 depositione
3433 1002 3549 1057 Ro-

1950 1082 2123 1136 tbaldi
2152 1082 2418 1137 habuistis
2453 1103 2466 1138 :
2500 1100 2567 1140 eo
2598 1087 2744 1157 quod
2774 1086 3053 1143 renitebar
3081 1088 3329 1143 substitui
3357 1094 3550 1145 contra

1953 1185 2139 1226 sacras
2171 1170 2394 1243 regulas
2436 1171 2494 1226 in
2542 1173 2659 1242 ejus
2703 1173 2826 1229 loco
2870 1175 3208 1246 episcopum,
3257 1182 3551 1248 antequam

1952 1258 2276 1314 universalis
2303 1274 2446 1331 papa
2474 1275 2572 1331 pro
2612 1267 2765 1316 tanto
2808 1262 3206 1332 consuleretur,
3256 1271 3315 1319 ut
3354 1271 3545 1320 aucto-

1952 1345 2085 1401 ritas
2116 1362 2175 1401 se
2202 1347 2383 1416 habet,
2417 1347 2659 1418 negotio.
2693 1347 2853 1417 Quod
2878 1349 3007 1403 dum
3037 1358 3163 1405 ante
3194 1350 3405 1408 efficere
3437 1367 3549 1408 non

1951 1432 2217 1499 valuistis,
2251 1435 2380 1505 quia
2407 1436 2650 1490 nondum
2678 1443 2899 1493 venerat
2926 1438 3062 1492 hora
3089 1453 3230 1504 mea,
3259 1437 3316 1493 in
3338 1439 3551 1497 Silvaco

1952 1528 2203 1593 compote
2232 1522 2363 1577 estis
2391 1523 2547 1593 potiti
2574 1530 2721 1579 voto.
2752 1525 2822 1579 Et
2850 1525 2957 1580 hoc
2984 1539 3085 1581 vos
3131 1525 3313 1598 egisse
3357 1526 3554 1582 Rhemi

1952 1608 2085 1663 mihi
2109 1609 2349 1680 negastis
2374 1618 2407 1677 ;‘
2426 1611 2569 1683 quod
2598 1618 2778 1667 tamen
2808 1619 2936 1668 tunc
2962 1612 3118 1669 vobis
3144 1620 3332 1685 aperte
3368 1613 3555 1672 dicere

1881 1726 1934 1786 Β
1953 1696 2121 1786 nolui.
2159 1717 2182 1747 ι

2026 1785 2107 1839 De
2134 1784 2331 1856 quibus
2361 1785 2560 1841 scribo.
2594 1787 2703 1842 Lex
2751 1786 3036 1843 Justiniani
3083 1788 3231 1855 dicit,
3284 1795 3343 1844 ut
3377 1806 3398 1840 ι
3430 1803 3555 1844 me-

1955 1872 2314 1944 tropolitanus
2343 1873 2429 1929 vel
2458 1873 2661 1945 primas
2703 1874 3017 1945 provincia,
3063 1876 3134 1931 de
3183 1874 3557 1933 ecclesiastico

1950 1960 2089 2029 jure,
2124 1960 2211 2016 vel
2240 1960 2309 2015 de
2339 1960 2459 2016 aliis
2488 1960 2723 2034 negotiis
2752 1962 2896 2017 inter
2923 1963 3306 2035 conquirentes
3328 1963 3552 2019 audiat:

1957 2056 2011 2103 et
2040 2048 2183 2119 quod
2213 2048 2600 2105 ecclesiasticis
2648 2050 2948 2105 canonibus
2995 2059 3050 2105 et
3092 2050 3308 2123 legibus
3355 2051 3555 2107 nostris

1956 2144 2381 2191 consentaneum
2411 2136 2498 2205 sit,
2533 2138 2637 2192 hoc
2665 2136 2906 2204 diﬂiniat,
2935 2143 2988 2192 et
3015 2138 3164 2193 nulla
3204 2152 3333 2208 pars
3378 2138 3556 2194 valeat

1958 2224 2171 2279 calculo
2192 2224 2309 2292 ejus
2328 2224 2724 2280 contradicere.
2745 2245 2769 2275 ι
2803 2224 2870 2280 Et
2889 2225 3015 2280 hinc
3035 2225 3227 2281 beatus
3249 2225 3556 2298 Gregorius

1959 2327 2104 2382 sape
2131 2327 2358 2367 numero
2386 2311 2442 2365 in
2472 2312 2583 2366 suis
2612 2328 2679 2367 ex
2716 2313 2956 2385 Regesto
3004 2312 3238 2368 decretis
3285 2313 3553 2384 praecipit,
3590 2333 3603 2345 ·

1956 2406 2014 2453 ut
2049 2422 2070 2446 «
2108 2399 2409 2455 secundum
2438 2399 2590 2472 leges
2618 2400 2675 2455 et
2701 2414 2938 2456 canones
2966 2399 3338 2456 ecclesiastica
3352 2400 3558 2470 judicia

1958 2487 2333 2543 terminentur.
2372 2508 2395 2537 ι
2427 2488 2497 2542 Ει
2525 2502 2683 2543 sacra
2712 2486 2887 2559 leges,
2917 2503 3055 2559 quas
3082 2488 3334 2544 Ecclesia
3360 2490 3555 2545 catho-

1957 2575 2065 2630 lica
2091 2575 2302 2645 recipit,
2337 2575 2523 2630 dicunt
2557 2592 2570 2630 :
2608 2596 2631 2625 ι
2667 2575 2935 2643 Quoniam
2962 2576 3210 2631 confiteri
3240 2576 3471 2648 quisque
3498 2576 3555 2631 in

1952 2662 2178 2731 judicio,
2230 2677 2341 2717 non
2383 2669 2589 2717 tantum
2640 2678 2741 2717 sua
2785 2677 2943 2729 voce,
2996 2663 3095 2718 sed
3137 2671 3189 2719 et
3236 2664 3449 2731 litteris,
3502 2672 3557 2719 et

1958 2764 2282 2821 quocunque
2308 2750 2474 2805 modo
2512 2757 2690 2821 potest
2725 2767 2738 2803 :
2772 2750 3022 2806 convinci
3069 2759 3251 2806 autem
3292 2766 3402 2806 non
3449 2752 3557 2807 nisi

1958 2838 2242 2909 Scriptura
2268 2846 2362 2892 aut
2392 2837 2621 2893 testibus
2666 2845 2866 2908 potest.
2905 2859 2927 2888 ι
2982 2840 3051 2894 Et
3096 2840 3165 2894 de
3213 2838 3448 2906 clericis,
3498 2839 3556 2894 in

1957 2926 2245 2997 posteriori
2277 2925 2401 2997 lege
2431 2925 2713 2994 Majoriani
2732 2926 3057 2999 abrogatum
3077 2926 3469 2993 demonstrant,
3497 2934 3559 2982 ut

1960 3015 2158 3070 clerici
2181 3030 2285 3087 per
2314 3015 2704 3087 compromissi
2731 3015 3028 3070 vinculum
3047 3031 3163 3071 non
3184 3015 3394 3071 adeant
3414 3017 3559 3087 cpis-

1958 3104 2150 3175 copale
2174 3101 2457 3170 judicium.
2481 3102 2550 3156 Et
2572 3101 2700 3157 item
2717 3101 2870 3174 leges
2892 3117 3061 3158 sacra
3084 3102 3289 3169 dicunt,
3307 3110 3363 3157 ut
3382 3102 3439 3157 in
3458 3103 3560 3158 cri-

1957 3189 2248 3245 minalibus
2281 3190 2461 3246 causis
2489 3206 2591 3245 nec
2638 3199 2940 3256 accusator,
2987 3205 3090 3245 nec
3135 3198 3425 3246 accusatus
3456 3206 3559 3261 per

1957 3286 2384 3349 procuratorem,
2419 3284 2512 3331 aut
2542 3277 2702 3331 aliam
2730 3291 3026 3347 personam
3048 3276 3339 3333 defensare
3359 3294 3419 3333 se
3437 3294 3560 3347 per-

1957 3367 2255 3434 mittantur,
2288 3364 2393 3418 nisi
2420 3365 2693 3435 ingratum
2723 3364 2979 3419 libertum
3012 3371 3270 3435 patronus
3313 3372 3553 3421 accuset.

1957 3454 2026 3507 Et
2054 3453 2110 3507 in
2139 3467 2304 3508 causa
2334 3452 2546 3522 capitali
2576 3467 2738 3506 nemo
2781 3451 3088 3515 damnatur,
3138 3467 3317 3523 neque
3356 3452 3557 3507 absens

1958 3556 2060 3612 per
2087 3539 2253 3595 alium
2283 3553 2545 3596 accusare
2574 3547 2667 3593 aut
2703 3540 2952 3595 accusari
2996 3546 3215 3610 potest;
3266 3539 3372 3594 nisi
3416 3539 3557 3596 forte

1960 3636 2245 3684 accusatus
2273 3627 2519 3699 legaliter
2547 3642 2613 3683 ac
2641 3626 2968 3699 regulariter
2997 3634 3257 3682 evocatus
3285 3627 3454 3698 (quia,
3500 3635 3560 3682 ut

1961 3716 2150 3772 scribit
2170 3714 2422 3771 Gelasius
2455 3733 2468 3769 :
2506 3738 2528 3763 α
2552 3715 2633 3769 Ita
2651 3721 2874 3771 vocatur
2888 3715 2954 3769 ad
2965 3714 3229 3784 judicium
3246 3722 3397 3771 certa
3417 3731 3559 3786 qua-

1962 3820 2175 3875 cunque
2205 3818 2459 3874 persona,
2490 3810 2549 3857 ut
2576 3809 2668 3857 aut
2699 3801 2934 3858 fateatur
2962 3802 3189 3871 objecta,
3223 3809 3314 3857 aut
3341 3802 3560 3858 convin-

1962 3901 2117 3948 catur
2138 3890 2363 3960 objectis
2385 3892 2435 3961 κ)
2457 3891 2529 3946 ad
2545 3891 2891 3962 purgandum
2912 3904 2992 3958 se,
3017 3897 3206 3946 contra
3225 3889 3559 3947 evocationis

1962 3979 2214 4053 regulam
2243 3980 2433 4035 venire
2463 3979 2753 4046 distulerit,
2785 3986 2843 4034 ut
2872 3977 3174 4035 secundum
3201 3978 3375 4050 leges,
3399 3986 3453 4035 et
3471 3978 3562 4035 de-

1963 4076 2113 4124 creta
2142 4067 2415 4139 Gregorii,
2448 4067 2503 4122 in
2534 4084 2679 4137 eum,
2712 4067 2867 4140 quasi
2913 4066 2971 4121 in
3015 4068 3391 4123 contumacem
3434 4081 3561 4138 pro-

1962 4156 2169 4212 feratur
2199 4156 2485 4211 sententia.
2518 4156 2585 4211 Et
2610 4154 2912 4211 secundum
2938 4153 3095 4226 leges
3123 4162 3175 4210 et
3205 4169 3465 4225 canones,
3504 4163 3563 4211 ut

1964 4243 2094 4299 dicit
2122 4243 2289 4307 Felix,
2327 4266 2348 4289 u
2384 4242 2720 4312 respondere
2766 4241 3036 4306 diﬁidens,
3087 4240 3304 4309 objecta
3352 4241 3559 4298 conﬁr-

1965 4337 2077 4385 mat
2109 4348 2121 4383 :
2160 4354 2181 4378 »
2217 4337 2484 4401 quatenus
2514 4337 2572 4383 ut
2598 4327 2901 4382 Bonifacius
2921 4342 3065 4397 papa
3084 4327 3348 4395 decrevit,
3378 4351 3401 4376 α
3429 4329 3561 4384 dila-

259 4429 431 4493 tinus,
484 4433 538 4482 et
584 4423 773 4479 ebullit
818 4440 830 4476 :
881 4430 934 4476 et
980 4436 1238 4493 perversa
1281 4435 1439 4474 mens
1494 4418 1710 4490 quando
1765 4433 1865 4488 per
1892 4414 2169 4473 Dtionem
2199 4416 2480 4471 sententia
2513 4415 2582 4469 de
2625 4414 2873 4468 absentia
2918 4429 3027 4468 non
3071 4413 3333 4470 lucretur.
3371 4435 3395 4466 ι
3447 4416 3560 4471 Cu-

261 4514 697 4585 increpationem
731 4510 1038 4581 corripitur,
1070 4524 1173 4565 nec
1199 4523 1303 4579 per
1324 4506 1720 4579 pradicationis
1745 4505 1865 4560 dul-

262 4604 520 4660 cedinem
545 4601 616 4656 ad
646 4601 787 4655 bona
818 4598 1092 4663 suadetur,
1126 4604 1179 4651 et
1211 4595 1557 4665 correptione
1602 4593 1661 4647 ﬁt
1708 4593 1865 4649 dete-

264 4692 400 4756 rior,
435 4698 490 4745 et
517 4690 646 4745 inde
676 4688 729 4743 in
773 4685 1213 4742 murmurationis
1260 4684 1594 4755 iniquitatem
1632 4696 1865 4737 succen-

263 4780 439 4846 ditur,
471 4779 618 4833 unde
646 4776 835 4832 debuit
865 4774 932 4829 ab
980 4772 1262 4845 iniquitate
1302 4771 1596 4842 compesci.
1635 4790 1657 4819 »
1712 4769 1866 4825 Unde

266 4867 623 4938 subsequitur
647 4866 705 4919 in
733 4863 906 4919 rotula
936 4877 1108 4933 nuper
1138 4875 1191 4915 tv
1219 4858 1342 4915 Kal.
1374 4859 1543 4915 Julias
1572 4857 1866 4930 ~prasentis

266 4956 584 5012 indictionis
616 4956 648 5008 4
676 4952 806 5007 mihi
837 4952 1065 5007 directa.

347 5068 370 5096 ι
395 5044 580 5108 Nulla,
601 5042 872 5114 inquiens,
891 5038 1381 5112 consanguinitatis
1396 5037 1592 5108 pietate
1611 5036 1863 5104 restricti,

268 5133 370 5189 sed
398 5148 580 5204 neque
610 5131 792 5202 aliqua
840 5126 1417 5199 archiepiSCOpalitatis
1464 5125 1869 5197 prastabilitate

264 5231 361 5277 aut
388 5221 677 5292 probitate,
707 5219 775 5273 ab
805 5218 955 5290 orgis
985 5218 1052 5288 (f.
1086 5218 1239 5298 ὀργῆ)
1283 5214 1539 5283 justitiam
1580 5229 1689 5268 non
1732 5228 1863 5284 ope-

265 5323 429 5371 rante
460 5312 676 5382 retenti,
718 5312 1028 5376 suadentes,
1082 5324 1148 5367 ac
1194 5310 1302 5364 imo
1349 5307 1738 5378 compellentes
1780 5322 1868 5362 me

263 5402 563 5467 tradendo,
595 5407 653 5455 ut
682 5416 710 5454 a
742 5400 895 5473 regis
922 5405 1189 5470 potestate
1218 5397 1561 5467 manciparer
1585 5395 1865 5461 custodia,

269 5491 581 5548 scribentes
609 5489 803 5545 litteris
831 5487 1027 5544 vestris
1052 5487 1118 5542 ad
1150 5501 1275 5542 eum
1306 5487 1377 5541 ita
1412 5503 1425 5540 :
1454 5484 1522 5541 Et
1549 5499 1671 5541 cum
1701 5482 1872 5539 Silva-

1959 4504 2200 4575 jusmodi
2222 4502 2426 4571 judicio
2446 4509 2499 4556 et
2519 4509 2808 4558 accusator
2828 4500 3131 4557 secundum
3148 4500 3301 4572 leges
3322 4509 3375 4557 et
3394 4516 3560 4558 cano-

1964 4608 2063 4648 nes
2095 4589 2414 4661 subjacebit,
2457 4589 2503 4643 si
2546 4589 2950 4646 accusationem
2996 4603 3148 4645 suam
3190 4588 3446 4660 legalem,
3493 4603 3561 4646 ac

1965 4679 2276 4753 regularem
2304 4686 2626 4749 prosecutus
2654 4693 2765 4733 non
2791 4676 2983 4744 fuerit;
3015 4685 3074 4732 ut
3100 4684 3191 4732 aut
3237 4692 3359 4748 qua
3399 4677 3557 4746 obje-

1965 4768 2054 4833 cit,
2088 4767 2338 4840 legaliter
2365 4783 2429 4823 ac
2457 4766 2782 4840 regulariter
2808 4766 3146 4837 comprobet,
3178 4772 3267 4819 aut
3310 4764 3560 4821 falsitatis

1966 4873 2091 4913 reus
2120 4855 2321 4925 judicio
2350 4855 2511 4928 legali
2559 4869 2625 4911 ac
2674 4852 2910 4927 regulari
2958 4852 3257 4921 subjaceat.
3311 4853 3460 4910 Sicut
3504 4853 3561 4908 in

1968 4945 2107 5018 legis
2137 4943 2531 5000 Theodosiana
2557 4941 2653 4997 lib.
2687 4956 2768 5011 rx,
2802 4956 2851 4996 c.
2879 4944 2947 4997 26
2978 4947 3029 4995 et
3057 4943 3146 5007 2’1,
3179 4941 3235 4996 in
3268 4940 3559 5012 Carthagi-

1966 5032 2153 5090 nensis
2183 5030 2398 5088 concilii
2429 5046 2479 5087 c.
2514 5033 2602 5095 t9,
2637 5037 2689 5084 et
2717 5027 2957 5084 Africani
2986 5028 3202 5085 concilii
3253 5046 3303 5085 c.
3334 5032 3423 5095 2’7,
3448 5028 3560 5084 evi-

1966 5122 2160 5177 denter
2189 5118 2509 5175 ostenditur.
2555 5115 2661 5171 Sed
2704 5124 2755 5172 et
2796 5116 3120 5187 conspirans
3170 5132 3292 5172 cum
3339 5114 3561 5187 propria

1968 5209 2148 5281 plebe,
2183 5216 2237 5262 et
2265 5219 2651 5275 nonnunquam
2679 5211 2906 5260 vocatus
2937 5204 3008 5259 ad
3043 5203 3329 5260 concilium
3374 5202 3559 5258 venire

1966 5297 2297 5364 detractans,
2328 5301 2525 5365 putans
2554 5292 2770 5348 sibimet
2796 5292 3010 5364 plebem
3041 5307 3196 5347 suam
3226 5305 3390 5363 posse
3418 5289 3562 5346 suﬁi—

1966 5401 2114 5450 cere,
2172 5383 2411 5438 fraterna
2466 5379 2754 5437 dilectione
2800 5387 3153 5451 contempta;
3196 5394 3308 5435 non
3346 5386 3558 5435 tantum

1965 5479 2246 5540 dioecesim
2277 5478 2548 5546 amittere,
2582 5492 2774 5537 verum
2802 5483 2856 5533 et
2883 5475 3204 5535 auctoritate
3241 5474 3461 5553 publica
3488 5474 3559 5533 ab
