4056 6178
525 243 631 298 603

1589 233 1928 291 HINCMARI
1965 228 2363 289 RHEMENSIS
2399 229 2950 289 ARCHIEPISCOPI.

3705 235 3804 290 604

525 363 648 436 ipsa
673 361 958 435 principali
986 361 1241 419 cathedra
1267 359 1556 428 removeri,
1582 365 1634 414 et
1652 357 1886 430 propriis
1905 370 2114 420 carere,
2145 354 2204 416 Α
2222 354 2548 424 appetitione
2577 355 2790 410 terreri.
2823 355 2964 410 Data
2993 369 3055 410 In
3083 354 3204 410 Kal.
3238 355 3361 410 Jun.
3401 354 3726 410 Merobaude
3757 363 3808 410 et

526 461 586 509 ut
613 451 856 518 rebellis,
903 450 1210 522 praecipitur
1241 467 1256 504 :
1287 450 1426 505 sicut
1469 448 1526 502 in
1573 447 1836 520 vigesimo
1883 444 2118 516 capitulo

527 539 772 596 Africani
797 538 1010 594 concilii
1041 538 1363 594 continetur.

599 628 885 694 Caeterum,
920 625 1044 698 quia
1071 625 1396 698 gravissima
1423 639 1490 678 ex
1519 624 1622 678 hoc
1647 622 1872 678 crimine
1913 619 2120 689 judicia

527 724 584 771 et
607 716 664 770 in
691 715 906 786 legibus
936 715 1126 782 sacris,
1158 721 1212 770 et
1241 714 1298 767 in
1335 709 1720 768 ecclesiasticis
1767 709 1968 780 regulis
2015 708 2117 762 de-

527 809 914 868 monstrantur,
949 809 1058 856 tam
1089 801 1144 854 in
1182 808 1514 864 accusatum,
1564 813 1725 870 quam
1775 798 1828 850 in
1873 812 1973 866 per
2019 810 2116 850 ca-

529 889 788 945 lumniam
815 897 1180 954 accusantem,
1213 897 1266 944 et
1293 903 1402 943 non
1430 887 1784 958 probantem;
1816 884 1930 938 sive
1975 899 2118 953 pra:-

525 993 653 1032 sens
679 976 734 1030 iu
757 976 964 1045 judicio
993 975 1314 1031 Hincmarus
1347 989 1380 1029 a
1409 990 1468 1029 se
1489 974 1702 1042 objecta
1723 977 2114 1042 prosequatur;

525 1064 612 1120 vel
641 1064 866 1132 objectis
897 1064 1000 1118 sibi
1029 1063 1389 1134 respondeat;
1427 1061 1542 1116 sive
1572 1059 1771 1130 saepius
1797 1057 2118 1128 regulariter

525 1159 780 1208 evocatus
809 1153 1006 1206 adesse
1033 1150 1336 1222 neglexerit
1365 1167 1378 1203 :
1409 1163 1638 1204 necesse
1665 1147 1768 1200 erit
1788 1161 1854 1200 ex
1875 1145 2116 1216 utrisque

523 1240 769 1312 partibus
798 1237 1323 1308 veritateminquiri,
1372 1243 1425 1291 et
1471 1251 1592 1307 quae
1633 1235 1852 1288 inventa
1897 1233 2113 1298 fuerint,

521 1329 668 1399 juste
699 1336 752 1384 et
781 1325 1180 1383 rationabiliter
1209 1323 1445 1380 diﬁiniri.
1491 1321 1632 1378 Dicit
1677 1338 1914 1393 namque
1957 1337 2115 1376 suum

521 1433 610 1473 me
641 1416 970 1482 traditorem,
1005 1414 1060 1468 id
1089 1421 1172 1468 est
1196 1412 1549 1484 proditorem,
1595 1410 1848 1466 videlicet
1895 1409 2113 1480 episco-

523 1521 652 1576 pum
683 1502 924 1573 episcopi
955 1501 1273 1556 delatorem.
1324 1501 1390 1554 Et
1418 1499 1678 1564 historiae,
1733 1513 1800 1552 ac
1841 1496 2115 1552 chronicas

521 1589 905 1648 ecclesiastica:
931 1588 1240 1654 adstruunt,
1257 1586 1533 1658 praecipue
1565 1585 1822 1641 chronica
1841 1584 2112 1655 Prosperi,

521 1677 808 1732 Caeciliano
836 1676 1100 1732 Ecclesiae
1131 1674 1577 1746 Carthaginensis
1608 1673 1863 1744 episcopo
1907 1673 2115 1741 objecta
2133 1695 2188 1755 Β

520 1763 751 1821 crimina
779 1779 890 1820 non
915 1763 1146 1834 probata
1173 1762 1343 1818 fuisse
1367 1780 1382 1829 ;
1411 1761 1648 1816 maxime
1679 1760 1822 1831 quod
1849 1775 1880 1813 a
1899 1759 2114 1814 tradito-

519 1851 671 1906 ribus
699 1851 1003 1907 divinarum
1047 1850 1442 1921 Scripturarum
1485 1849 1645 1903 fuerit
1694 1847 1997 1902 ordinatus.
2049 1847 2117 1900 Et

517 1954 628 1995 non
655 1939 776 1996 leve
805 1938 1012 1994 crimen
1042 1945 1141 2002 est,
1175 1937 1222 1992 si
1251 1953 1357 2010 ego
1402 1936 1794 2008 qualiscunque
1841 1934 2116 2004 archiepi—

519 2042 718 2098 scopus
749 2043 845 2098 per
874 2042 960 2080 me
997 2025 1230 2081 Domino
1259 2033 1638 2080 consecratum
1669 2024 1987 2094 episcopum
2007 2030 2116 2077 tra-

522 2114 654 2170 didi.
713 2114 867 2170 Unde
919 2121 974 2168 et
1029 2113 1186 2184 signa
1242 2113 1543 2168 litterarum
1597 2126 1861 2176 mearum,
1921 2111 2116 2181 quibus

516 2217 974 2274 recognoscerem
1003 2217 1092 2256 me
1123 2217 1282 2254 suum
1309 2199 1632 2254 traditorem
1661 2199 1794 2252 mihi
1811 2198 1986 2252 isdem
2015 2197 2118 2252 fra-

431 2331 434 2334 .
517 2297 600 2346 ter
627 2297 812 2344 noster
840 2290 910 2344 ad
939 2288 1438 2358 comprobationem
1467 2287 1770 2357 producere
1809 2285 1984 2357 [deest
2011 2286 2113 2339 de-

517 2376 650 2448 bet].
693 2376 842 2432 Si0ut
889 2383 942 2430 et
980 2376 1048 2430 de
1091 2375 1348 2430 traditore
1390 2374 1596 2429 domini
1639 2373 1807 2428 nostri
1854 2374 2112 2443 scriptum

517 2471 602 2520 est
634 2479 647 2518 :
681 2463 806 2535 quia
836 2463 1062 2518 traditor
1099 2462 1200 2528 eis,
1245 2462 1440 2533 quibus
1485 2477 1610 2516 eum
1657 2461 1916 2526 tradebat,
1966 2461 2116 2516 dedit

517 2551 756 2623 signum,
813 2559 873 2606 ut
913 2565 1290 2622 quemcunque
1338 2549 1614 2605 osculatus
1673 2549 1884 2614 fuisset,
1935 2549 2114 2618 ipsum

465 2687 468 2692 .
515 2646 762 2696 tenerent
789 2639 1008 2705 (Matth.
1042 2637 1227 2709 xxvx).
1271 2639 1350 2692 De
1397 2652 1501 2708 quo
1545 2636 1690 2692 idem
1733 2635 2000 2690 Dominus
2043 2636 2114 2690 ad

511 2727 740 2782 Pilatum
758 2727 886 2782 dicit
919 2741 934 2782 :
974 2728 1076 2795 Qui
1096 2725 1333 2781 tradidit
1353 2741 1442 2780 me
1465 2726 1584 2790 tibi,
1605 2727 1793 2796 majus
1815 2728 2114 2796 peccatum

515 2815 680 2871 habet
702 2815 883 2884 (Joan.
905 2814 1051 2884 xxx).
1079 2815 1322 2868 Duarum
1349 2827 1566 2884 quoque
1595 2811 1950 2882 epistolarum
1969 2826 2112 2866 mea-

511 2918 630 2956 rum
659 2902 827 2957 verba
857 2901 1141 2964 mendose,
1177 2913 1243 2955 ac
1273 2900 1318 2952 si
1349 2899 1485 2954 duos
1517 2907 1684 2954 testes
1715 2899 2002 2953 adversum
2024 2915 2110 2953 me

513 2989 572 3043 in
601 2988 968 3042 testimonium
997 2987 1218 3057 protulit
1253 3004 1265 3041 :
1298 2994 1356 3040 ut
1380 2994 1432 3042 et
1456 2987 1510 3040 in
1543 2986 1881 3042 accusatione
1913 2986 2108 3040 summi

2221 443 2510 498 Saturnino
2540 444 2733 498 Conss.
2764 467 2786 492 η
2821 443 2990 498 Iidem
3017 443 3248 514 Augusti
3269 443 3562 498 Menandro
3589 443 3806 498 Vicario

2219 530 2365 586 Asia:
2397 547 2410 584 :
2449 554 2470 578 ιι
2507 531 2723 586 Nostris
2755 539 2806 586 et
2834 538 3116 601 parentum
3146 539 3452 586 nostrorum
3483 531 3806 586 constitutio-

2219 617 2377 672 nibus
2406 619 2860 688 comprebensum
2890 625 2990 684 est,
3027 634 3123 673 eos
3151 618 3242 689 qui
3263 617 3660 674 accusationem
3679 618 3808 673 alie-

2219 700 2304 754 nis
2335 700 2646 754 nominibus
2692 701 3189 771 prmsumpsissent,
3241 701 3540 756 delatorum
3583 717 3808 756 numero

2219 803 2342 842 esse
2373 787 2671 843 ducendos.
2705 793 2879 859 Atque
2907 787 3032 842 ideo
3063 787 3610 843 calumniosissimum
3647 795 3808 858 caput

2220 883 2272 930 et
2301 891 2598 945 personam
2639 875 2825 944 judico
2869 875 3030 930 irritte
3073 875 3360 930 delationis
3403 875 3660 930 infamem
3709 876 3807 929 de-

2217 963 2448 1033 portatio
2478 971 2734 1034 sequatur
2767 981 2780 1016 :
2815 979 2924 1034 quo
2955 965 3180 1034 posthac
3217 963 3418 1036 singuli
3461 963 3808 1034 universique

2218 1059 2572 1121 cognoscant,
2604 1067 2714 1106 non
2743 1051 2908 1106 licere
2935 1050 2990 1104 in
3023 1067 3088 1106 eo
3106 1051 3410 1122 principum
3431 1051 3640 1106 animos
3661 1067 3808 1106 com-

2215 1138 2446 1208 moveri,
2481 1139 2627 1210 quod
2659 1153 2767 1194 non
2795 1137 2968 1208 possit
2999 1139 3230 1194 ostendi.
3273 1139 3414 1194 Data
3458 1139 3584 1193 Idus
3622 1139 3806 1206 Maias,

2216 1225 2456 1281 Arcadio
2494 1234 2548 1281 et
2577 1227 2815 1286 Bautone
2844 1226 3044 1281 Conss.
3091 1247 3113 1276 ιο
3163 1227 3230 1281 Ει
3277 1227 3404 1281 item
3447 1227 3713 1282 Arcadius
3763 1235 3812 1281 et

2217 1313 2492 1369 Honorius
2529 1315 2643 1368 AA.
2691 1314 2907 1369 Victuro
2941 1313 3256 1384 proconsuli
3303 1313 3498 1370 Africae
3531 1332 3544 1368 :
3584 1332 3604 1365 ι
3641 1316 3808 1369 Inno-

2216 1409 2402 1457 centes
2433 1401 2534 1456 sub
2565 1401 2748 1471 specie
2787 1399 2938 1456 falsae
2985 1401 3374 1458 criminationis
3419 1417 3530 1456 non
3573 1401 3812 1472 patimur

2216 1488 2538 1545 callidorum
2558 1489 2967 1562 impugnatione
2989 1489 3226 1544 subverti
3251 1507 3264 1542 :
3290 1489 3380 1560 qui
3399 1489 3444 1543 si
3465 1489 3808 1552 tentaverint,

2215 1577 2520 1648 intelligant
2549 1577 2764 1632 sibimet
2793 1577 3139 1632 severitatem
3167 1576 3352 1649 legum
3379 1592 3478 1647 pro
3505 1575 3812 1632 commissis

2217 1663 2550 1720 facinoribus
2577 1664 2912 1720 incumbere.
2943 1665 3076 1719 Data
3107 1680 3164 1718 ιν
3191 1664 3272 1718 Id.
3301 1665 3456 1718 Mart.
3487 1663 3807 1719 Mediolano.

2217 1752 2454 1808 Honorio
2483 1754 2714 1824 August.
2749 1767 2808 1806 tu
2842 1760 2895 1806 et
2923 1751 3262 1822 Eutychiano
3293 1752 3486 1806 Conss.
3522 1771 3544 1800 υ
3587 1752 3656 1805 Ει
3683 1751 3812 1805 item

2215 1839 2292 1894 ibi
2321 1847 2443 1910 post
2472 1839 2580 1894 alia
2615 1857 2628 1894 :
2666 1861 2688 1889 α
2723 1839 3149 1894 Calumniatores
3181 1839 3343 1895 etiam
3371 1847 3515 1908 sunt,
3555 1838 3646 1909 qui
3675 1838 3813 1892 falsa

2215 1927 2526 1982 deferentes
2582 1935 2768 1982 contra
2826 1927 3088 1998 cujusque
3135 1927 3438 1982 innocentis
3485 1942 3810 1996 personam,

2214 2015 2524 2086 principum
2550 2015 2760 2070 animos
2790 2015 2857 2070 ad
2889 2015 3224 2070 iracundiam
3275 2030 3618 2070 commovere
3661 2031 3810 2084 prae-

2215 2111 2470 2168 sumunt;
2505 2103 2596 2174 qui
2626 2118 2816 2158 omnes
2847 2102 3076 2158 infames
3108 2101 3306 2168 effecti,
3331 2101 3384 2156 in
3407 2102 3596 2157 exsilio
3625 2102 3812 2156 detru-

2213 2191 2426 2246 dentur.
2467 2211 2489 2240 ι
2525 2192 2592 2244 Et
2621 2191 2676 2244 in
2705 2191 2800 2244 lib.
2833 2206 2891 2258 x,
2926 2207 2977 2244 c.
3011 2193 3064 2256 ὅ,
3097 2190 3166 2244 de
3191 2189 3519 2245 delatoribus
3561 2189 3648 2244 lex
3675 2205 3812 2260 pro-

2212 2278 2392 2344 mitur,
2445 2293 2606 2350 quam
2651 2277 2797 2333 idem
2845 2276 3014 2332 frater
3065 2277 3120 2332 in
3163 2277 3274 2332 suis
3321 2277 3623 2348 compilatis
3672 2293 3811 2347 qua—

2213 2365 2567 2421 terniunculis
2616 2365 2826 2436 synodo
2885 2365 3030 2436 apud
3086 2365 3412 2422 Attiniacum
3469 2365 3814 2435 praesentatis

2213 2453 2552 2524 subscripsit,
2588 2461 2640 2508 et
2669 2453 2938 2508 subscribi
2985 2469 3018 2508 a
3067 2452 3178 2506 suis
3229 2452 3441 2508 clericis
3487 2451 3632 2508 fecit.
3676 2451 3810 2520 Qua:

2213 2541 2336 2612 quia
2367 2539 2748 2596 ecclesiasticis
2769 2540 2986 2609 judiciis
3038 2540 3106 2594 de
3135 2539 3394 2594 ministris
3426 2539 3810 2596 ecclesiasticis

2211 2645 2321 2684 non
2351 2628 2623 2694 convenit,
2656 2627 2744 2684 hic
2773 2643 2896 2684 eam
2927 2627 3138 2683 mittere
3169 2628 3475 2700 supersedi.

2777 2795 3000 2850 CAPUT
3037 2795 3239 2850 XXIV.

2297 2893 2406 2947 Illa
2435 2893 2730 2964 calumnia
2763 2891 2968 2964 tabulis
3002 2893 3341 2964 testibusque
3366 2891 3660 2963 productis
3685 2907 3726 2945 a

2660 2961 2960 3016 Rha-mensi
2990 2961 3325 3034 dissipatur.

511 3075 703 3147 capitis
733 3075 906 3130 nostri
933 3037 1132 3130 facrtum
1160 3073 1328 3130 fuisse
1373 3073 1626 3144 legimus.
1679 3097 1700 3120 «
1739 3073 1964 3141 Omnes,
2015 3074 2104 3128 in-
2137 3037 2185 3100 Ο
2277 3075 2413 3144 (Lib.
2443 3090 2535 3140 LV,
2567 3091 2690 3147 cap.
2727 3075 2838 3142 40.)
2885 3076 2954 3129 Et
2996 3074 3124 3146 quia
3169 3075 3318 3140 dixit,
3357 3097 3379 3126 α
3414 3075 3694 3140 suadente,
3749 3090 3812 3130 ac

513 3163 628 3235 quit
658 3161 972 3233 Gregorius,
1009 3161 1186 3230 electi,
1219 3161 1348 3233 quia
1385 3160 1580 3215 summi
1627 3161 1815 3230 capitis
1859 3161 2102 3216 membra

511 3258 657 3317 sunt,
689 3257 852 3321 caput
883 3265 1100 3321 quoque
1129 3266 1288 3304 suum
1315 3249 1372 3303 in
1399 3249 1657 3320 passione
1685 3257 2002 3328 sequuntur,
2045 3257 2104 3302 ut

507 3339 660 3410 ipsos
689 3337 1038 3392 adversarios
1065 3338 1120 3392 in
1151 3353 1250 3392 sua
1279 3345 1454 3392 morte
1483 3337 1736 3404 sentiant,
1771 3337 1840 3392 de
1871 3352 2100 3407 quorum

507 3427 615 3482 vita
642 3425 1044 3498 praesumebant
1068 3444 1083 3492 ;
1113 3432 1166 3480 et
1195 3433 1342 3480 tanto
1371 3425 1452 3480 eis
1483 3433 1696 3480 crescat
1723 3440 1934 3480 merces
1963 3440 2100 3494 ope-

507 3514 603 3583 ris,
637 3522 856 3587 quanto.
869 3514 948 3568 eis
979 3513 1188 3568 virtutis
1215 3513 1426 3570 lucrum
1453 3512 1668 3583 proﬁcit
1699 3521 1751 3567 et
1799 3529 1866 3568 ex
1911 3512 2101 3568 aliena:

507 3601 706 3656 damno
735 3601 1031 3656 charitatis.
1069 3625 1091 3650 »

578 3689 810 3744 Sanctus
852 3698 1030 3744 autem
1074 3689 1320 3744 Zosimus
1353 3704 1491 3758 papa
1523 3689 1590 3742 ad
1621 3687 1918 3755 Aurelium,
1951 3696 2003 3743 et
2031 3689 2100 3742 ad

505 3775 792 3832 universos
818 3776 1105 3848 episcopos
1130 3793 1229 3846 per
1249 3775 1496 3830 diversas
1517 3775 1824 3845 provincias
1845 3776 2100 3830 constitu-

503 3871 590 3920 tos
619 3865 862 3919 scribens
891 3865 1078 3934 (epist.
1113 3863 1188 3933 6),
1223 3863 1458 3917 ostendit
1501 3871 1758 3933 quantum
1807 3863 1984 3918 scelus
2031 3864 2100 3918 sit

503 3950 830 4016 traditionis,
864 3950 1052 4004 dicens
1087 3965 1098 4004 :
1136 3971 1158 4000 ι
1193 3950 1432 4004 Lazarus
1462 3949 1666 4003 dudum
1697 3949 1750 4004 in
1781 3950 2098 4005 Taurinensi

505 4037 734 4092 concilio
763 4036 1174 4106 praemissorum
1203 4035 1323 4108 [al.,
1361 4035 1830 4109 gravissimorum]
1879 4037 2097 4108 episco-

505 4139 700 4194 porum
727 4123 1008 4178 sententiis
1037 4139 1138 4194 pro
1182 4123 1567 4180 calumniatore
1615 4125 1922 4193 damnatus,
1975 4142 2098 4181 cum

507 4211 702 4268 Briccii
729 4209 852 4282 [al.,
884 4209 1072 4282 Brissi]
1100 4211 1402 4266 innocentis
1446 4211 1688 4282 episcOpi
1737 4213 1902 4267 vitam
1949 4213 2098 4268 falsis

507 4299 900 4370 objectionibus
956 4298 1270 4370 appetisset.
1333 4299 1459 4354 Post
1504 4316 1634 4356 vero
1683 4300 1920 4355 indebite
1972 4301 2093 4372 [al.,

504 4386 825 4458 indebitum]
855 4387 924 4440 ab
957 4386 1150 4442 eodem
1176 4387 1424 4456 Proculo,
1458 4387 1549 4458 qui
1585 4387 1726 4442 inter
1773 4396 2003 4444 caeteros
2049 4389 2104 4442 in
2132 4381 2183 4440 D
2208 4385 2378 4440 simus
2417 4385 2570 4457 regi,
2632 4393 2884 4456 tanquam
2925 4385 3275 4455 praecellenti,
3325 4409 3345 4432 ιι

504 4474 714 4546 synodo
771 4474 1104 4529 damnationi
1159 4475 1274 4543 ejus
1329 4483 1644 4530 assenserat
1703 4475 1824 4548 [al.,
1893 4475 2102 4546 synodo

502 4562 867 4618 damnationis
899 4563 1016 4630 ejus
1047 4563 1400 4634 accesserat],
1433 4563 1800 4618 sacerdotium
1831 4579 2100 4620 consecu-

506 4659 590 4706 tus
617 4659 718 4717 est,
753 4666 786 4706 a
827 4666 934 4721 quo
983 4666 1042 4705 se
1081 4651 1200 4720 ipse
1248 4651 1374 4706 vitae
1421 4667 1532 4705 sua:
1579 4652 1914 4707 conscientia
1959 4653 2102 4707 datis

503 4738 698 4794 litteris
745 4737 801 4792 in
847 4737 1192 4794 abdicatione
1241 4737 1362 4810 [al.,
1414 4739 1827 4811 abdicationem]
1876 4740 1956 4794 sui
2006 4757 2104 4795 sua

507 4833 700 4895 sponte
730 4825 1021 4880 submovit.
1051 4847 1072 4876 ι
1101 4827 1167 4880 Et
1193 4825 1246 4880 in
1277 4826 1372 4880 lib.
1399 4842 1496 4882 vm
1525 4827 1918 4883 Theodosianae
1937 4828 2098 4900 legis,

505 4928 554 4966 c.
587 4915 676 4980 29,
709 4911 778 4967 de
825 4913 1305 4969 calumniatoribus
1352 4914 1616 4986 scripturn
1660 4923 1742 4970 est
1777 4933 1789 4968 :
1826 4938 1846 4962 «
1885 4915 2102 4970 Gratia-

503 5015 606 5054 nus
629 5041 644 5066 ,
705 4999 1112 5057 Valentinianus
1135 5043 1148 5070 ,
1209 5003 1547 5058 Theodosius
1611 5005 1771 5058 AAA.
1837 5004 2102 5060 Hellibico

504 5087 710 5156 comiti,
743 5095 796 5144 et
823 5089 1071 5144 ministro
1107 5090 1390 5162 utriusque
1419 5091 1641 5146 militiae.
1681 5092 1806 5146 Non
1853 5100 1936 5147 est
1965 5092 2102 5146 ratio

505 5192 614 5248 qua
667 5175 938 5232 manifesti
984 5177 1391 5232 calumniatoris
1433 5179 1757 5250 supplicium
1801 5178 2097 5236 differatur.

505 5264 630 5319 Non
661 5265 806 5320 enim
833 5265 1070 5336 patimur
1089 5263 1404 5338 frequenter
1431 5267 1636 5334 iterari,
1663 5284 1784 5338 qua:
1804 5269 2101 5324 consistere

505 5351 684 5421 prima
713 5354 1056 5410 accusatione
1085 5369 1196 5410 non
1226 5354 1530 5425 quiverint;
1563 5363 1724 5428 atque
1753 5357 1982 5412 alienam
2011 5355 2100 5412 in-

505 5447 816 5510 nocentiam
841 5449 1294 5522 securitatemque
1339 5450 1456 5508 sine
1503 5451 1752 5522 crimine,
1805 5453 2102 5510 damnabili

2205 3163 2314 3218 imo
2346 3163 2705 3232 compellente
2737 3179 2824 3217 me
2856 3163 3144 3230 tradendo,
3177 3171 3233 3216 ut
3271 3177 3304 3217 a
3345 3163 3498 3235 regia
3539 3171 3810 3234 potestate

2204 3250 2614 3320 manciparetur
2644 3251 2927 3316 custodias,
2960 3273 2981 3299 »ι
3023 3251 3256 3305 domnus
3303 3267 3398 3306 rex
3445 3267 3712 3321 presens,
3765 3251 3810 3305 si

2204 3339 2460 3410 dignatus
2490 3337 2670 3406 fuerit,
2705 3337 2986 3394 veritatem
3037 3355 3219 3394 coram
3265 3337 3420 3394 vobis
3465 3339 3590 3393 hinc
3621 3339 3810 3394 dicere

2201 3433 2398 3497 potest,
2435 3425 2561 3497 quia
2589 3425 2768 3479 nullus
2797 3441 2862 3480 eo
2895 3425 3090 3480 melius
3123 3425 3239 3491 scit,
3291 3426 3336 3479 si
3375 3425 3552 3495 ipsum
3579 3425 3810 3480 fratrem

2201 3521 2448 3568 nostrum
2477 3512 2696 3578 tradidi,
2747 3521 2800 3566 et
2829 3513 2878 3568 ei
2907 3513 3076 3578 suasi,
3109 3513 3196 3567 vel
3227 3513 3514 3568 consilium
3544 3513 3624 3566 illi
3654 3513 3804 3578 dedi,

2202 3597 2316 3652 sive
2349 3611 2677 3652 consensum
2707 3596 2939 3666 prmbui,
2970 3604 3024 3650 ut
3053 3611 3176 3650 eum
3207 3597 3362 3668 regia
3381 3603 3622 3666 potestas
3645 3612 3810 3649 man-

2202 3685 2409 3754 ciparet
2437 3683 2716 3739 custodiae.
2734 3684 2874 3738 Nam
2898 3683 3114 3756 quando
3137 3683 3250 3737 suis
3267 3683 3604 3752 jussionibus
3625 3683 3810 3738 resul-

2199 3773 2370 3838 tabat,
2399 3780 2451 3826 et
2481 3773 2744 3828 adversus
2775 3789 2898 3826 eum
2933 3771 3251 3836 rebellabat,
3286 3772 3486 3826 domno
3507 3771 3628 3843 regi
3657 3771 3810 3825 misit

2199 3860 2408 3914 litteras
2439 3875 2581 3926 suas,
2618 3875 2754 3930 quas
2781 3860 2912 3914 mihi
2939 3859 3238 3914 dominatio
3269 3875 3368 3912 sua
3397 3859 3608 3924 direxit,
3645 3875 3808 3913 man-

2201 3947 2335 4002 dans
2365 3956 2422 4000 ut
2451 3947 2590 4018 apud
2621 3947 2896 4004 Silvacum
2944 3947 3009 4001 ad
3055 3963 3180 4002 eum
3225 3947 3508 4012 venirem;
3541 3954 3596 4001 et
3643 3955 3806 4002 ante-

2201 4051 2362 4106 quam
2417 4034 2544 4090 illuc
2589 4035 2850 4104 venirem,
2907 4035 3223 4090 litterariam
3269 4033 3687 4105 responsionem
3741 4035 3812 4090 de

2197 4122 2394 4177 litteris
2451 4123 2726 4176 Hincmari
2775 4123 3173 4177 remandarem.
3239 4123 3305 4176 Et
3354 4121 3614 4192 quoniam
3671 4122 3808 4175 mihi

2199 4217 2390 4266 contra
2457 4208 2638 4278 fidem,
2712 4218 2764 4264 et
2827 4210 3002 4264 bonos
3067 4225 3250 4264 mores
3314 4209 3444 4263 nihil
3501 4209 3804 4274 mandavit,

2200 4305 2252 4352 et
2291 4297 2591 4368 apostolica
2629 4297 2818 4368 regula
2869 4297 3026 4352 nobis
3070 4297 3314 4368 praecipit
3340 4340 3352 4363 ,
3393 4305 3452 4351 ut
3507 4319 3528 4344 α
3574 4297 3810 4367 subjecti

3401 4384 3504 4439 feci
3560 4385 3630 4440 de
3679 4385 3807 4454 jus-

2204 4472 2357 4528 sione
2397 4473 2538 4526 illius
2577 4481 2633 4527 ut
2669 4473 2818 4543 potui
2843 4515 2856 4540 ,
2917 4481 2969 4528 et
3019 4473 3324 4528 istiusmodi
3364 4473 3570 4526 litteras
3607 4471 3808 4528 exinde

2201 4561 2280 4615 illi
2311 4559 2505 4614 direxi.

2279 4669 2300 4697 ι
2337 4647 2568 4702 Domino
2595 4647 2856 4720 glorioso,
2890 4655 2993 4703 etc.
3029 4647 3363 4702 Charissima
3393 4655 3446 4702 et
3467 4647 3808 4703 reverentis—

2203 4735 2338 4790 sima
2368 4735 2660 4790 dominatio
2689 4743 2890 4802 vestra,
2929 4757 2949 4784 ιο
2987 4743 3091 4791 etc.
3116 4737 3271 4792 Hanc
3295 4737 3432 4792 item
3457 4736 3626 4791 habes
3651 4738 3812 4791 inter

2203 4825 2470 4896 epistolas
2499 4825 2794 4880 Hincmari
2823 4825 3026 4880 nostri.

2271 4921 2391 4992 Ego
2421 4919 2496 4974 ita
2525 4921 2661 4975 sicut
2689 4921 2778 4976 hic
2799 4920 2976 4992 posui,
3001 4937 3089 4976 me
3113 4919 3400 4990 scripsisse
3421 4936 3534 4975 non
3562 4921 3782 4993 denego

2201 5006 2322 5075 Quo
2353 5017 2538 5064 contra
2567 5009 2684 5080 ipse
2711 5009 2918 5078 scribit,
2969 5025 3057 5064 me
3101 5009 3386 5079 scripsisse
3435 5009 3639 5064 domno
3685 5007 3810 5082 regi

2201 5111 2324 5152 cum
2353 5096 2676 5152 Silvanectis
2703 5097 2931 5163 venerit,
2967 5097 3168 5152 habere
3201 5096 3337 5150 tales
3369 5096 3620 5152 homines
3659 5105 3810 5151 stre-

2199 5201 2336 5239 nuos
2368 5193 2420 5239 et
2451 5185 2676 5256 peritos,
2713 5185 2850 5241 sicut
2881 5201 3016 5256 opus
3045 5193 3127 5240 est
3153 5185 3224 5239 ad
3255 5183 3416 5238 talem
3449 5184 3684 5238 bestiam
3703 5200 3806 5239 ca-

2199 5273 2471 5343 piendam.
2507 5275 2574 5328 Et
2601 5273 2874 5346 quomodo
2901 5273 2968 5327 ad
3000 5273 3320 5328 tradendum
3351 5288 3476 5327 eum
3523 5273 3808 5343 Scriptura

2199 5375 2322 5416 mea
2351 5361 2658 5428 conveniat,
2693 5379 2814 5434 qua:
2845 5361 3076 5416 salutem
3107 5361 3269 5424 illius,
3304 5368 3358 5415 et
3393 5376 3502 5414 non
3547 5359 3804 5416 traditio-

2199 5464 2322 5506 nem
2355 5449 2649 5524 quaesivit?
2679 5465 2777 5506 vos
2799 5449 3058 5522 judicate.
3083 5451 3150 5505 Et
3179 5448 3406 5505 alteram
3435 5448 3640 5504 domno
3675 5449 3806 5524 regi
