4020 6178
224 261 334 315 ωε

977 253 1226 312 OPUSC.
1288 253 1379 310 ET
1430 253 1654 311 EPIST.
1720 254 1794 310 IN
1847 253 2074 313 CAUSA
2129 252 2475 312 HINCMARI
2529 255 2841 321 LAUDUNo

3429 262 3535 317 606

228 397 297 437 ex
327 393 398 436 eo
425 378 600 436 direxi
628 376 893 451 prolixam
921 377 1225 449 epistolam,
1257 379 1411 449 cujus
1431 377 1710 450 exemplar
1737 377 1827 435 hic
1852 380 1911 442 Α
1928 377 2243 435 incendium
2289 378 2487 436 furoris
2534 380 2809 436 exstinxit.
2830 401 2854 431 ι
2903 381 2976 436 Ει
3003 380 3210 437 utinam
3228 380 3320 438 hic
3345 380 3533 438 rhino-

229 469 446 535 habeo;
481 467 537 522 in
570 482 680 539 qua
709 466 1013 524 continetur
1038 466 1110 522 ad
1137 465 1320 523 locum
1351 483 1366 521 :

303 577 328 608 ι
366 557 490 627 Ego
517 562 697 610 autem
745 554 825 611 sic
864 555 982 610 hac
1037 570 1157 626 qua
1204 562 1327 610 acta
1371 561 1515 621 sunt,
1570 554 1833 627 progredi

228 644 414 710 ιὶιηεο,
448 651 506 699 et
529 643 610 700 sic
636 641 833 709 doleo;
864 642 990 699 licet
1035 642 1213 699 isdem
1240 641 1561 699 Hincmarus
1594 641 1730 698 sicut
1762 641 1832 696 ad

226 748 314 787 me
344 745 450 803 pro
468 738 620 787 certo
647 746 747 802 per
773 744 869 786 eos
896 730 988 802 qui
1017 730 1083 785 ab
1111 729 1232 800 ipso
1273 730 1578 795 audierunt,
1613 738 1668 785 et
1713 729 1832 798 ejus

230 818 551 874 frendentes
585 825 766 874 motus
793 832 917 874 cum
960 817 1032 873 de
1060 834 1149 873 me
1175 817 1429 889 loquitur,
1462 818 1664 883 vident,
1698 832 1831 888 per-

230 915 459 964 ventum
489 914 593 975 est,
623 906 758 961 mihi
790 907 895 961 hoc
933 912 1102 961 totum
1122 912 1357 977 reputat,
1391 905 1538 978 quod
1566 919 1667 962 vos
1685 920 1716 959 a
1742 920 1832 960 me

228 993 533 1067 provocati,
568 993 829 1067 quidquid
858 1000 1047 1049 contra
1076 1008 1200 1049 eum
1230 992 1422 1066 egistis
1456 1001 1509 1049 et
1534 992 1716 1066 agitis,
1751 991 1834 1049 di-

227 1099 362 1139 cens
420 1082 571 1155 quod
623 1084 741 1138 hac
784 1081 966 1137 omnia
1008 1096 1135 1137 meo
1196 1081 1426 1138 consilio
1476 1089 1530 1137 et
1575 1080 1833 1138 instinctu

229 1170 428 1243 agatis.
462 1169 622 1239 Quod
651 1185 763 1224 non
795 1185 919 1224 esse
943 1184 1158 1237 verum,
1189 1169 1387 1225 melius
1436 1168 1540 1240 ipsi
1596 1168 1767 1225 scitis.
1804 1189 1827 1219 ι

226 1260 296 1314 Et
327 1260 463 1314 item
495 1258 563 1313 ad
591 1256 772 1313 locum
813 1257 870 1311 in
901 1255 1093 1313 eadem
1141 1256 1369 1328 epistola
1402 1274 1415 1311 :
1451 1255 1611 1326 Quod
1653 1264 1832 1312 autem

219 1345 465 1416 jussistis
511 1352 570 1400 ut
624 1344 913 1401 consilium
941 1343 1172 1416 qualiter
1222 1351 1412 1400 contra
1439 1344 1831 1401 contumaciam

227 1431 511 1490 Hincmari
539 1432 697 1488 vobis
730 1432 1001 1503 agendum
1060 1431 1126 1486 sit
1172 1431 1494 1488 remandare
1521 1446 1828 1504 procurem,

229 1535 353 1578 cum
384 1520 550 1577 venia
571 1528 771 1576 vestra
790 1518 1174 1576 dominationis
1201 1518 1532 1591 respondeo,
1564 1520 1672 1575 hoc
1697 1519 1833 1575 mihi

227 1624 338 1665 non
365 1608 535 1665 modo
563 1606 800 1674 difﬁcile,
831 1623 1020 1664 verum
1050 1607 1216 1663 etiam
1236 1608 1368 1663 mihi
1386 1607 1601 1664 videtur
1622 1607 1830 1679 impos-

1933 482 2094 523 ceros
2121 474 2308 525 noster
2335 468 2554 541 signum
2583 469 2765 526 crucis
2795 468 2959 525 fronti
2987 476 3042 524 et
3077 469 3231 525 cordi
3256 468 3535 540 imprime-

1933 562 2034 622 ret,
2084 563 2138 612 et
2187 572 2217 612 e
2264 572 2379 612 sua
2437 557 2795 614 contumacia
2855 556 3137 614 ferocitate
3183 557 3536 628 semetipsum

1933 642 2383 716 exstingueret,et
2403 660 2463 701 se
2490 644 2723 700 alterum
2752 644 2954 702 faceret
2987 662 3001 700 :
3033 654 3092 701 ut
3121 660 3248 702 cum
3274 644 3537 717 Apostolo

1933 730 2119 786 dicere
2143 732 2316 802 possit
2339 750 2352 786 :
2383 732 2505 790 Vivo
2520 749 2637 805 ego,
2648 735 2780 805 jam
2800 749 2918 790 non
2938 749 3066 806 ego;
3090 735 3230 790 vivit
3258 737 3454 791 autem
3470 735 3536 790 in

1932 834 2023 873 me
2056 819 2311 876 Christus
2335 820 2548 891 (Galat.
2582 822 2667 891 ιι).
2700 820 2858 878 Unde
2880 820 3220 893 Gregorius:
3257 842 3281 872 ι
3314 820 3537 877 Exstin-

1933 912 2054 961 ctus
2070 906 2270 977 quippe
2299 906 2474 963 fuerat
2503 924 2680 965 savus
2720 908 2816 965 ille
2872 917 3215 980 persecutor,
3266 916 3317 964 et
3346 908 3535 965 vivere

1933 1001 2176 1064 caperet
2217 994 2341 1065 pius
2378 995 2724 1066 pradicator.
2763 1016 2786 1046 ι
2837 994 3043 1052 Aﬁ‘erat
3087 1004 3266 1052 autem
3323 995 3530 1051 litteras

1932 1097 2087 1137 meas
2113 1082 2184 1137 de
2214 1082 2411 1153 quibus
2454 1082 2541 1138 hic
2583 1083 2820 1154 scripsit,
2872 1092 2925 1140 et
2971 1083 3215 1155 proferat
3261 1100 3389 1140 eum
3436 1083 3530 1155 qui

1932 1183 2028 1225 eas
2064 1169 2142 1224 illi
2199 1170 2367 1235 dedit,
2420 1178 2474 1225 et
2532 1179 2892 1242 cognoscatur
2943 1172 3070 1228 inde
3114 1171 3337 1229 veritas.
3388 1172 3533 1227 Nam

1933 1257 2079 1328 quod
2105 1257 2253 1324 dicit,
2300 1257 2434 1313 mihi
2462 1258 2728 1314 restitisse
2749 1259 2820 1314 de
2848 1260 3132 1315 Rothado:
3167 1258 3530 1331 subscriptio-

1931 1360 2031 1399 nes
2067 1360 2264 1400 manus
2310 1362 2444 1413 sua,
2498 1362 2633 1418 quas
2679 1346 2875 1413 habeo,
2917 1347 3045 1402 inde
3090 1346 3361 1404 mendacii
3406 1362 3531 1404 eum

1930 1432 2284 1505 redarguunt,
2317 1433 2691 1501 ostendentes,
2725 1434 2851 1506 quia
2882 1433 3018 1490 nihil
3056 1435 3126 1489 de
3154 1434 3403 1491 Rothado
3422 1435 3527 1492 de-

1930 1519 2099 1589 crevi,
2133 1519 2224 1576 val
2251 1521 2321 1575 de
2350 1521 2657 1578 ordinando
2698 1522 2866 1578 alium
2910 1522 2966 1577 in
3012 1522 3192 1578 locum
3238 1522 3359 1592 ejus
3403 1522 3532 1589 feci,

1932 1607 2080 1679 quod
2107 1624 2320 1664 mecum
2350 1608 2470 1679 ipse
2498 1625 2611 1665 non
2653 1608 2846 1666 fecerit
2895 1627 2910 1665 :
2960 1609 3100 1667 sicut
3146 1617 3201 1665 et
3245 1608 3534 1681 synodalia

225 1696 404 1752 sibile.
442 1715 469 1746 ι
502 1696 573 1751 Et
611 1695 775 1767 paulo
829 1701 953 1766 post
986 1712 999 1749 :
1036 1717 1069 1784 κΔ
1097 1695 1249 1751 Sicut
1290 1694 1448 1751 vobis
1495 1694 1830 1784 sufﬁcienter
1854 1724 1909 1784 Β
1929 1703 2086 1784 gesta
2113 1696 2436 1767 apostolica
2465 1697 2583 1753 sedi
2611 1697 2835 1765 directa,
2903 1698 3102 1770 quibus
3130 1698 3249 1770 ipse
3280 1697 3529 1755 subscri-

224 1793 305 1839 est
333 1784 641 1857 cognitum,
683 1798 872 1840 sacros
908 1782 1211 1854 pracipere
1256 1796 1497 1839 canones
1535 1783 1604 1838 de
1659 1798 1826 1840 causa
1855 1782 1897 1784 _
1925 1783 2053 1854 psit,
2085 1791 2331 1854 patenter
2357 1785 2672 1840 ostendunt.

226 1872 495 1943 episcOpi,
522 1872 757 1929 maxime
784 1870 932 1926 unde
961 1871 1111 1942 regia
1138 1876 1324 1927 vestra
1366 1878 1608 1942 potestas
1636 1870 1824 1927 lasam

226 1977 283 2016 se
325 1960 613 2033 queritur:
648 1968 701 2015 et
730 1959 1043 2031 apostolica
1084 1958 1233 2015 sedis
1260 1960 1553 2015 auctoritas
1592 1966 1822 2015 conten-

225 2048 380 2113 tiose,
441 2048 583 2104 sicut
636 2047 769 2102 mihi
818 2047 1049 2103 relatum
1098 2055 1199 2116 est,
1260 2047 1317 2103 in
1370 2047 1611 2103 medium
1653 2047 1824 2103 devoo

225 2145 400 2204 catur,
436 2136 558 2193 sine
586 2136 1035 2207 coepiscoporum
1064 2143 1295 2192 tractatu
1340 2143 1504 2207 atque
1550 2151 1824 2193 consensu

225 2224 511 2280 sententia
566 2222 855 2280 consilium
884 2223 1038 2291 dare,
1063 2223 1149 2280 vel
1177 2223 1433 2296 quiddam
1454 2222 1685 2279 diﬂinire
1713 2238 1824 2279 non

224 2314 402 2370 valeo.
441 2333 465 2363 ι

293 2400 479 2457 Odoni
508 2407 690 2456 autem
720 2398 1008 2470 epistolam
1036 2415 1136 2471 pro
1165 2414 1252 2467 eo,
1283 2399 1428 2467 misi,
1463 2399 1823 2473 interroganti

221 2488 347 2561 quid
393 2488 611 2555 vellem,
658 2496 718 2543 ut
762 2488 1056 2544 Hincmaro
1104 2488 1260 2544 daret
1311 2488 1646 2544 consilium:
1678 2488 1822 2545 unde

220 2576 298 2631 illi
325 2576 573 2648 prolixas
626 2574 837 2631 litteras
872 2575 1015 2630 ‘misi
1069 2575 1208 2647 (non
1263 2581 1543 2648 exstant),
1589 2591 1823 2649 quarum

221 2664 504 2735 exemplar
519 2664 608 2720 hic
626 2663 803 2719 habeo
821 2663 1051 2718 alteram
1077 2672 1259 2720 autem
1276 2664 1453 2720 eidem
1469 2664 1622 2719 fratri
1643 2664 1823 2720 Odoni

219 2767 317 2824 pro
345 2752 650 2809 Hincmaro
677 2751 802 2807 misi
831 2751 1138 2822 epistolam,
1171 2752 1326 2821 cujus
1356 2751 1634 2823 exemplar
1652 2758 1705 2808 et
1732 2752 1823 2809 hic

218 2840 414 2911 habeo,
448 2840 507 2894 in
528 2855 637 2912 qua
665 2839 970 2895 continetur
1000 2857 1015 2895 :
1043 2862 1065 2887 α
1102 2838 1372 2909 Quantum
1398 2848 1552 2911 potes
1580 2840 1821 2895 animum

219 2928 404 2983 domni
438 2928 592 3000 regis
637 2926 909 2994 modifica,
945 2948 969 2978 ι
1017 2934 1123 2984 etc.
1165 2929 1397 3001 Reliqua
1456 2929 1620 2984 habes
1666 2930 1823 2985 inter

220 3016 445 3073 easdem
464 3017 755 3087 epistolas.

1996 1871 2265 1926 Caterum
2293 1871 2419 1927 veni
2446 1872 2518 1927 ad
2546 1872 2806 1927 domuum
2835 1888 3025 1945 regem
3051 1873 3122 1928 ad
3153 1872 3429 1936 Solarium
3468 1873 3525 1929 in

1925 1958 2154 2030 Cippido
2183 1959 2468 2034 (Suyppe),
2502 1968 2555 2015 et
2590 1960 2641 2016 ei
2676 1960 2976 2017 litterarum
3005 1960 3424 2031 responsionem
3460 1961 3530 2017 de

1925 2045 2038 2101 suis
2071 2054 2125 2102 et
2144 2047 2424 2104 Hincmari
2452 2047 2648 2103 litteris
2675 2047 2864 2103 detuli.
2897 2048 3073 2117 Quam
3112 2048 3532 2120 responsionem

1923 2148 2106 2191 coram
2127 2150 2237 2201 me,
2269 2143 2324 2191 et
2351 2134 2543 2192 Odone
2564 2136 2844 2208 episcopo,
2877 2144 2931 2192 et
2962 2135 3190 2204 Ottulfo,
3222 2142 3387 2208 atque
3405 2135 3527 2191 Hil-

1922 2222 2160 2278 deboldo
2181 2230 2307 2278 tunc
2326 2224 2682 2296 presbyteris,
2706 2224 2803 2280 sed
2823 2231 2879 2281 et
2898 2239 3084 2281 coram
3100 2223 3283 2281 Eirico
3301 2222 3520 2291 comite,

1924 2318 1979 2366 et
2006 2326 2118 2366 non
2145 2311 2405 2367 recordor
2433 2312 2667 2368 aliorum
2693 2312 2914 2368 nomina
2951 2312 3045 2385 qui
3080 2312 3285 2368 ibidem
3328 2311 3520 2368 adfue-

1923 2406 2066 2465 runt,
2099 2398 2393 2455 Hincmaro
2414 2399 2583 2470 dedit,
2616 2408 2671 2456 et
2687 2400 2870 2457 locum
2890 2417 3055 2472 super
3082 2408 3300 2458 noctem
3337 2399 3404 2473 [Ῑ.
3425 2414 3526 2456 no-

1922 2494 2067 2543 ctem
2091 2502 2260 2559 super
2287 2487 2489 2561 locum]
2519 2488 2895 2562 adlegendum
2911 2489 3202 2546 concessit.
3226 2487 3524 2544 Etincras-

1924 2574 2038 2631 tina
2084 2575 2154 2630 ad
2186 2592 2377 2648 regem
2413 2592 2690 2643 reversus,
2737 2577 2862 2649 quia
2890 2577 2948 2632 in
2984 2576 3145 2633 solita
3187 2575 3529 2633 contumacia

1921 2662 2274 2734 pertinaciter
2316 2664 2572 2735 perstitit,
2604 2672 2663 2718 ut
2690 2680 2795 2721 nec
2842 2679 2969 2737 ego,
3010 2679 3116 2720 nec
3161 2663 3336 2720 frater
3361 2662 3504 2729 Odo,

1920 2766 2025 2806 nec
2044 2750 2208 2806 etiam
2237 2751 2329 2823 qui
2348 2750 2639 2806 adfuerunt
2656 2750 2748 2806 alii
2776 2751 3035 2824 quiddam
3052 2750 3300 2818 rationis,
3316 2750 3407 2808 vel
3419 2751 3519 2806 hu-

1920 2837 2184 2905 militatis,
2216 2847 2308 2894 aut
2327 2838 2657 2910 episcopalis
2672 2838 2953 2911 gravitatis
2963 2838 3211 2895 obtinere
3232 2839 3382 2911 apud
3395 2854 3521 2895 eum

1919 2926 2198 2997 potuimus
2230 2944 2244 2982 :
2274 2926 2547 2982 licentiam
2568 2927 2714 2998 apud
2728 2927 2992 2983 domuum
3020 2943 3213 2998 regem
3258 2927 3391 2999 petii
3422 2943 3436 2982 :
3469 2934 3525 2983 et

1922 3014 2052 3086 quia
2083 3013 2215 3069 satis
2255 3013 2505 3070 inﬁrmus
2534 3030 2707 3081 eram,
2749 3015 2821 3071 ad
2847 3016 3189 3072 mansionem
3209 3014 3438 3073 secessi.
3471 3014 3530 3072 Si

285 3073 531 3161 Tertiam
589 3118 805 3177 quoque
844 3103 1022 3160 eidem
1050 3103 1199 3159 fratri
1227 3118 1330 3175 pro
1360 3118 1427 3159 eo
1454 3102 1579 3159 misi
1608 3103 1816 3175 episto-
1850 3073 1899 3136 Ο
1921 3073 2105 3157 autem
2139 3102 2399 3173 quiddam
2427 3102 2498 3157 de
2528 3073 2817 3159 traditione
2846 3103 3010 3173 illius,
3051 3103 3140 3161 vel
3169 3104 3238 3160 de
3268 3103 3530 3161 custodia

216 3192 343 3259 lam,
393 3193 554 3262 cujus
604 3191 881 3263 exemplar
937 3192 1027 3249 hic
1070 3192 1266 3261 habeo,
1321 3191 1378 3246 in
1401 3207 1511 3264 qua
1564 3192 1818 3248 contine-

216 3288 345 3336 tur:
384 3302 407 3332 ι
444 3278 671 3336 Multum
722 3280 890 3336 timeo
925 3293 990 3337 ac
1043 3279 1222 3348 doleo,
1261 3299 1285 3328 ι
1349 3286 1455 3335 etc.
1542 3280 1666 3337 Vide
1712 3281 1819 3336 ubi

215 3385 406 3442 supra.

281 3458 407 3530 Ego
447 3454 532 3513 sic
555 3455 769 3529 scripsi.
816 3456 884 3510 Et
911 3455 1232 3511 Hincmarus
1253 3454 1385 3511 dicit
1424 3469 1513 3510 me
1560 3454 1631 3508 ad
1660 3470 1817 3510 com-

211 3545 409 3617 plicem
464 3560 650 3601 meum
679 3543 929 3599 Odonem
987 3543 1292 3614 scripsisse,
1323 3551 1381 3597 ut
1437 3563 1460 3593 ι
1498 3542 1717 3613 quando
1748 3543 1817 3597 ad

212 3634 491 3705 synodum
531 3632 863 3702 venerimus,
896 3633 1043 3687 Deus
1073 3631 1273 3702 poterit
1318 3630 1478 3686 nobis
1506 3630 1640 3686 dare
1686 3630 1818 3702 quid

211 3721 525 3795 loquamur,
556 3736 727 3793 usque
757 3720 885 3775 dum
918 3720 985 3776 de
1013 3719 1120 3775 isto
1155 3718 1475 3775 indomabili
1507 3719 1811 3786 unicornio,

208 3818 259 3866 et
287 3810 559 3881 iniquieto
589 3807 812 3864 animali
841 3822 941 3864 nos
978 3807 1246 3864 liberabit.
1286 3828 1309 3858 a
1345 3806 1482 3876 Qua
1523 3807 1817 3879 Scriptura

213 3906 476 3969 quantum
505 3897 649 3952 inter
668 3912 728 3951 se
749 3896 1076 3962 discordant,
1124 3895 1262 3952 ratio
1284 3895 1567 3951 manifesta
1594 3896 1819 3952 demon-

209 3993 362 4041 strat.
395 3986 544 4040 Nam
573 3985 675 4039 etsi
731 3984 823 4051 ita,
872 3991 931 4039 ut
966 3983 1096 4040 dicit
1136 3983 1481 4050 Hincmarus,
1543 3984 1612 4039 ad
1661 3983 1816 4040 Odo-

210 4090 331 4129 nem
377 4072 733 4143 scripsissem
768 4090 783 4127 :
813 4087 921 4129 non
979 4080 1157 4127 tamen
1195 4072 1270 4126 ibi
1302 4071 1562 4145 colligere
1606 4078 1817 4143 poterat

210 4160 355 4216 illius
385 4160 716 4217 traditorem
736 4176 824 4216 me
853 4160 971 4216 fore
1008 4178 1021 4214 :
1052 4174 1173 4217 cum
1205 4160 1368 4216 etiam
1398 4161 1454 4214 in
1480 4159 1674 4216 litteris
1704 4158 1817 4215 suis

210 4265 294 4305 me
323 4249 479 4306 dicat
499 4248 702 4304 dixisse
726 4266 740 4304 :
764 4272 785 4297 α
824 4248 1054 4318 Quando
1083 4249 1153 4304 ad
1185 4247 1457 4320 synodum
1482 4248 1812 4316 venerimus,

212 4338 357 4393 Deus
405 4336 611 4410 poterit
650 4338 808 4393 nobis
837 4338 967 4393 dare
997 4337 1129 4410 quid
1176 4336 1484 4410 loquamur.
1523 4358 1545 4388 ι
1578 4336 1814 4406 Quasivi

1918 3189 2322 3260 mancipatione
2352 3204 2474 3245 cum
2504 3190 2708 3246 domno
2736 3207 2871 3263 rege
2925 3190 3131 3262 aliquid
3170 3191 3384 3247 locutus
3425 3190 3523 3260 fui,

1917 3293 2028 3332 non
2060 3277 2238 3331 solum
2270 3278 2502 3332 domnus
2532 3293 2626 3332 rex
2653 3279 2759 3333 hoc
2795 3278 2993 3333 melius
3028 3278 3171 3348 sapit
3202 3296 3219 3333 :
3248 3295 3443 3334 verum
3471 3286 3528 3334 et

1917 3364 2006 3418 isti
2029 3364 2273 3437 religiosi
2302 3364 2547 3435 episcopi
2576 3364 2717 3433 Odo,
2750 3372 2803 3420 et
2834 3363 3090 3432 Ottulfus,
3135 3372 3190 3421 et
3236 3365 3519 3422 Hildebol-

1918 3451 2040 3518 dus,
2076 3450 2362 3509 veritatem
2390 3452 2550 3507 nobis
2579 3467 2680 3522 pro
2703 3467 2893 3507 amore
2913 3452 3088 3523 ipsius
3109 3452 3357 3509 veritatis
3383 3465 3522 3524 pos-

1917 3546 2043 3594 sunt
2071 3539 2309 3609 edicere,
2358 3546 2410 3594 et
2454 3554 2542 3595 me
2589 3546 2680 3594 aut
2724 3539 2966 3606 noxium,
3002 3548 3096 3595 aut
3132 3539 3412 3596 innoxium
3453 3541 3524 3598 de

1915 3627 2022 3683 hac
2043 3625 2318 3683 calumnia
2362 3626 2737 3697 pronuntiare.
2788 3627 3064 3698 Scriptum
3101 3634 3187 3683 est
3212 3627 3361 3683 enim
3394 3643 3410 3685 :
3451 3629 3520 3685 In

1916 3730 2011 3771 ore
2040 3715 2281 3771 duorum
2310 3719 2413 3771 aut
2430 3717 2609 3771 trium
2626 3715 2863 3771 testium
2891 3716 3065 3772 stabit
3092 3730 3257 3771 omne
3290 3716 3521 3773 verbum

1917 3802 2139 3875 (Matth.
2171 3818 2309 3870 xvi;
2342 3804 2372 3859 Ι
2402 3806 2541 3860 Tim.
2576 3804 2657 3876 5).
2696 3805 2768 3859 Et
2789 3804 3083 3875 Apostolus
3110 3803 3514 3860 accusationem

1918 3891 2022 3946 sub
2052 3891 2285 3960 duobus,
2307 3892 2396 3947 vel
2415 3892 2588 3947 tribus
2608 3892 2838 3948 testibus
2866 3891 3130 3949 adversus
3144 3892 3518 3964 presbyteros,

1918 3979 2089 4051 recipi
2100 3994 2264 4051 posse
2291 3980 2550 4036 ostendit.
2569 3982 2638 4036 Et
2657 3981 2940 4038 Nicanum
2956 3980 3247 4037 concilium
3267 3980 3419 4053 (can.
3437 3981 3519 4053 2),

1918 4068 2264 4140 Neaphytum
2294 4068 2613 4140 episcopum
2633 4084 2664 4123 a
2692 4068 2909 4126 duobus
2938 4069 3026 4126 vel
3072 4069 3244 4127 tribus
3291 4068 3520 4127 testibus

1918 4156 2295 4229 redargutum,
2342 4156 2619 4213 abstinere
2650 4171 2684 4213 a
2721 4157 2872 4214 clero
2912 4157 3180 4230 pracipit,
3214 4157 3260 4213 si
3305 4157 3524 4231 aliquod

1918 4243 2176 4300 delictum
2224 4243 2420 4300 anima
2462 4243 2607 4300 circa
2637 4259 2931 4314 personam
2979 4245 3285 4316 reperiatur
3324 4246 3521 4315 hujus-

1917 4331 2085 4386 modi.
2119 4331 2228 4388 Sed
2256 4339 2310 4388 et
2340 4330 2486 4404 quia,
2521 4339 2579 4386 ut
2608 4347 2777 4402 supra
2794 4332 2973 4402 posui,
3008 4347 3182 4389 sacra
3226 4332 3382 4404 leges
3428 4333 3518 4388 di-

210 4427 355 4482 enim
384 4426 536 4482 inter
564 4426 900 4498 exemplaria
928 4426 1227 4482 litterarum
1249 4424 1530 4497 exemplar
1569 4424 1812 4496 epistola
1839 4419 1892 4481 D
1911 4427 2059 4485 cunt,
2108 4419 2235 4491 quia
2283 4418 2532 4474 convinci
2574 4432 2737 4474 nemo
2764 4426 2964 4490 potest,
3002 4418 3109 4474 nisi
3128 4418 3401 4490 scriptura
3430 4420 3518 4475 vel

206 4513 261 4568 in
291 4530 401 4586 qua
431 4514 554 4570 hac
581 4514 748 4570 verba
768 4529 891 4585 qua
916 4514 1065 4581 dicit,
1098 4514 1492 4579 contineantur,
1526 4513 1624 4569 sed
1652 4512 1804 4569 inve-

208 4606 323 4659 nire
371 4617 492 4658 non
534 4602 702 4674 potui.
748 4604 817 4657 Et
844 4601 970 4659 licet
1028 4618 1152 4659 eum
1205 4602 1544 4671 unicornem,
1603 4600 1813 4658 scilicet

207 4689 603 4747 indomabilem
639 4690 870 4746 bestiam
915 4691 972 4745 in
1018 4691 1156 4746 meis
1215 4689 1408 4747 litteris
1457 4690 1810 4762 appellarem,

205 4793 315 4835 non
376 4778 736 4836 criminaliter
774 4786 1059 4850 peccatum
1103 4779 1517 4835 committerem.
1566 4779 1701 4833 Cum
1748 4779 1808 4833 B.

208 4867 517 4940 Gregorius
536 4882 815 4939 exponens
835 4867 1155 4923 sententiam
1185 4867 1481 4923 Dominiad
1502 4868 1606 4923 Job
1627 4867 1813 4924 dicen-

206 4956 274 5012 tis
309 4974 324 5011 :
358 4956 631 5029 Nunquid
660 4957 918 5028 alligabis
963 4956 1376 5013 rhinocerotem
1424 4957 1498 5013 ad
1531 4957 1815 5014 arandum

210 5046 327 5103 loro
347 5050 448 5101 tuo
463 5049 488 5100 1'
506 5044 623 5114 (Job
642 5047 876 5115 xxxrx.)
900 5044 968 5100 de
985 5059 1087 5101 suo
1098 5045 1425 5116 imperatore
1441 5045 1588 5102 dicat
1611 5064 1625 5101 :
1653 5068 1676 5098 ι
1708 5046 1816 5103 Sa-

206 5148 295 5204 pe,
320 5132 600 5205 inquiens,
649 5132 851 5188 vidisse
866 5148 953 5188 me
973 5132 1196 5188 memini
1226 5134 1373 5205 quod
1402 5149 1527 5190 cum
1549 5150 1608 5189 se
1636 5134 1708 5189 ad
1728 5133 1814 5190 fe-

205 5220 465 5276 riendum
486 5220 725 5293 graviter
738 5220 826 5277 hic
851 5221 1171 5278 rhinoceros
1190 5222 1819 5295 accenderet,quasiele-

206 5317 334 5364 vato
366 5325 547 5365 cornu
572 5309 815 5365 bestiolis
847 5309 1082 5365 minimis
1111 5310 1304 5366 mortis
1336 5310 1545 5377 exsilia,
1580 5311 1814 5367 damna-

208 5397 530 5467 tionemque
558 5397 815 5466 subjectis
843 5397 1126 5455 immensis
1155 5398 1459 5455 terroribus
1502 5398 1812 5470 intentaret,

205 5492 439 5558 repente
482 5483 648 5541 fronti
698 5485 857 5560 signo
899 5486 1080 5545 crucis
1126 5487 1417 5562 impresso,
1460 5503 1624 5546 omne
1664 5488 1721 5545 in
1753 5504 1813 5545 se

1915 4507 2152 4564 testibus
2183 4506 2445 4562 :audistis
2475 4506 2770 4579 scripturas
2814 4515 2868 4563 et
2915 4521 3063 4574 suas,
3114 4515 3169 4563 et
3221 4522 3398 4573 meas,
3448 4507 3518 4563 de

1912 4611 2140 4668 quarum
2196 4595 2520 4652 certitudine
2554 4609 2679 4653 cum
2734 4596 2921 4653 domui
2961 4596 3134 4669 regis,
3192 4603 3247 4652 et
3287 4594 3515 4651 istorum

1909 4684 2294 4756 episcoporum
2322 4685 2664 4741 attestatione
2688 4684 2947 4759 legaliter
2975 4700 3038 4741 ac
3068 4683 3392 4757 regulariter
3422 4699 3519 4754 po-

1911 4773 2062 4829 testis
2092 4773 2425 4841 discernere,
2456 4781 2619 4847 atque
2639 4773 2961 4843 decernere,
2995 4772 3042 4827 si
3057 4771 3284 4844 prafata
3307 4770 3516 4841 judicia

1909 4862 2111 4933 legum,
2146 4870 2199 4918 et
2228 4862 2448 4932 Zosimi,
2480 4862 2536 4917 in
2564 4878 2691 4918 eum
2717 4862 2808 4933 qui
2832 4877 2921 4917 me
2943 4859 3083 4916 falso
3103 4867 3188 4917 est
3216 4859 3515 4917 calumnia-

1912 4957 2016 5018 tus,
2051 4951 2298 5008 recidere
2326 4951 2599 5018 debeant;
2651 4965 2773 5022 qua
2824 4950 2880 5004 in
2906 4965 2996 5006 me
3032 4948 3417 5021 procederent,
3467 4947 3515 5003 si

1911 5055 2002 5095 me
2019 5056 2123 5111 per
2163 5039 2488 5096 calumniam
2542 5037 2848 5095 delatorem
2904 5054 3064 5094 suum
3119 5038 3360 5111 probare
3414 5050 3515 5092 va-

1919 5127 2078 5184 leret.

1988 5225 2144 5295 Qua,
2175 5232 2230 5281 et
2257 5224 2384 5293 alia,
2415 5225 2484 5281 de
2510 5223 2631 5280 aliis
2659 5224 2791 5280 mihi
2809 5225 2882 5281 ab
2913 5240 2980 5282 eo
3003 5224 3192 5291 illatis,
3212 5238 3323 5280 non
3350 5235 3512 5280 causa

1914 5328 2159 5370 mearum
2193 5313 2514 5383 injuriarum
2541 5313 2666 5371 dico
2705 5331 2722 5368 :
2753 5314 2852 5370 sed
2881 5314 2999 5371 zelo
3027 5312 3127 5368 Dei
3157 5320 3212 5368 et
3252 5311 3515 5368 ecclesia-

1918 5402 2171 5458 sticarum
2200 5401 2531 5475 regularum,
2554 5410 2718 5475 atque
2749 5401 2948 5459 divina
2992 5400 3374 5471 ordinationis,
3414 5415 3510 5455 se-

1915 5490 2150 5547 cundum
2192 5497 2446 5569 paternas
2475 5490 2925 5553 constitutiones:
2964 5505 3035 5548 ne
3079 5505 3182 5571 pro
3237 5487 3343 5547 loci
3401 5487 3512 5553 mei

3089 5708 3097 5737 Ι
