4056 6178
525 265 630 319 607

1450 255 1794 312 HINCMARI
1849 251 2250 313 RHEMENSIS
2276 252 2836 310 ARCHIEPISCOPI.

3708 262 3818 314 608

522 385 704 442 ofﬁcio
749 383 998 439 damnari
1026 399 1091 439 ex
1143 380 1481 454 negligentia
1526 380 1792 444 debeam;
1827 378 1944 447 sed,
1977 376 2117 433 sicut
2144 376 2200 437 A
2220 391 2568 432 consensum.
2601 402 2622 425 »
2655 378 2724 433 Et
2752 377 3088 434 Antiochena
3117 379 3358 450 synodus
3386 379 3535 449 (can.
3554 382 3665 451 20),
3698 398 3826 452 per-

521 475 580 529 B.
618 473 921 544 Gregorius
948 472 1005 527 in
1033 470 1223 544 regula
1252 469 1510 541 pastorali
1550 469 1909 535 demonstrat,
1961 482 2118 521 eum-

522 561 647 617 dem
678 560 853 617 zelum
882 560 1245 632 postmodum,
1276 558 1420 613 inter
1459 573 1546 613 me
1593 565 1646 613 et
1690 557 1861 622 illum,
1922 554 2120 610 fortem

520 649 878 705 munitionem
906 648 1157 714 habeam,
1190 662 1260 700 ne
1290 655 1418 701 tunc
1449 646 1520 700 ad
1548 645 1846 700 vindictam
1891 644 1994 698 sim
2023 643 2119 697 de-

523 737 758 804 stitutus,
807 736 852 791 si
882 749 1025 791 nunc
1070 735 1128 789 in
1183 735 1555 791 correctiones
1599 733 1753 787 fuero
1800 732 2114 787 dissolutus.

521 826 637 880 Nec
657 840 767 880 non
794 831 852 878 ut
881 832 934 878 et
962 824 1031 879 de
1060 839 1147 879 me
1177 824 1397 888 veritas,
1434 830 1487 877 et
1515 822 1818 876 litterarum
1848 820 1992 873 illius
2014 818 2118 872 fal-

525 912 677 979 sitas,
701 912 909 967 cunctis
937 911 1054 980 ejus
1084 911 1464 967 accusationes
1484 917 1537 965 et
1554 924 1708 963 meas
1741 906 2120 964 excusationes

520 998 833 1072 legentibus
862 999 1084 1070 liqueat.
1118 1000 1187 1054 Et
1217 1000 1263 1053 si
1302 998 1554 1053 fortassis
1583 998 1729 1052 idem
1760 996 1929 1050 frater
1948 995 2117 1049 Hinc-

516 1102 705 1143 marus
734 1088 859 1142 ideo
889 1086 1237 1158 subscripsit,
1270 1095 1322 1141 et
1344 1085 1615 1141 subscribi
1637 1086 1706 1139 ab
1724 1082 2119 1139 ecclesiasticis

518 1175 782 1231 Ecclesiae
803 1191 917 1231 suae
937 1175 1198 1230 ministris
1230 1174 1375 1243 fecit,
1411 1183 1469 1227 ut
1498 1173 1743 1237 delatori,
1772 1173 1924 1241 juxta
1938 1171 2122 1225 foren-

522 1279 613 1318 ses
630 1263 807 1336 leges,
832 1271 925 1318 aut
943 1263 1132 1335 lingua
1160 1262 1459 1333 capuletur,
1492 1269 1582 1315 aut
1610 1268 1770 1331 caput
1790 1266 2119 1330 amputetur,

519 1360 787 1423 quatenus
816 1351 871 1405 in
898 1367 1008 1417 me,
1041 1366 1202 1421 quem
1230 1365 1387 1404 suum
1417 1349 1717 1404 delatorem
1760 1356 1952 1418 postea
1986 1347 2120 1402 scri-

520 1439 647 1509 psit,
680 1440 798 1494 hazc
837 1437 1076 1493 vindicta
1111 1437 1472 1508 procederet:
1507 1437 1619 1509 egit
1667 1451 2032 1507 praepmpere,
2068 1443 2121 1490 et

525 1533 715 1580 contra
741 1525 1167 1580 ecclesiasticam
1196 1524 1554 1595 disciplinam,
1602 1532 1661 1578 ut
1715 1531 2004 1594 antequam
2032 1538 2121 1577 me

524 1611 855 1675 confessum.
888 1612 976 1668 vel
996 1613 1185 1668 ordine
1224 1613 1463 1683 regulari
1511 1612 1819 1668 convictum
1874 1610 2118 1668 videret:

2218 465 2420 520 fectum
2449 466 2584 521 illud
2612 483 2734 522 esse
2764 466 3072 536 concilium,
3104 468 3195 521 ubi
3224 467 3526 523 interfuerit
3551 477 3828 540 metropo-

2218 553 2420 607 litanus
2462 553 2708 609 antistes.
2756 556 2824 610 Et
2870 555 3117 610 Zosimus
3170 571 3308 627 papa
3364 556 3421 610 in
3476 557 3698 626 epistola
3744 558 3824 611 ad

2218 640 2503 696 universos
2553 642 2842 713 episcopos
2874 659 2974 713 per
3001 643 3247 697 diversas
3274 644 3582 714 provincias
3609 645 3824 700 consti-

2219 735 2383 798 tutos,
2440 729 2831 799 provincialem
2878 729 3287 786 Gallicanorum
3315 731 3691 802 episcoporum
3720 749 3822 803 sy-

2219 817 2423 872 nodum
2452 818 2737 888 approbat,
2773 818 2959 874 dicens
2993 836 3006 872 :
3045 840 3068 868 «
3104 819 3356 887 Lazarus,
3391 819 3581 890 inquit,
3613 820 3823 874 dudum

2218 904 2273 958 in
2305 905 2625 960 Taurinensi
2667 906 2897 961 concilio
2947 906 3397 976 gravissimorum
3436 908 3824 979 episcoporum

2219 993 2500 1047 sententiis
2543 1010 2644 1064 pro
2691 994 3079 1049 calumniatore
3124 995 3428 1063 damnatus,
3468 1011 3593 1049 cum
3622 996 3825 1051 Briccii

2218 1079 2522 1136 innocentis
2568 1082 2807 1152 episcopi
2838 1082 3004 1136 vitam
3034 1081 3183 1136 falsis
3222 1082 3620 1151 objectionibus
3645 1099 3823 1154 appe-

2220 1168 2392 1224 tisset.
2423 1190 2445 1220 »
2478 1171 2545 1224 Et
2578 1169 2776 1225 Africae
2804 1170 3099 1240 provinciae
3129 1158 3575 1241 canones'(conc.
3609 1171 3731 1240 Afr.
3766 1187 3823 1226 c.

2221 1259 2309 1323 97,
2345 1257 2469 1314 Cod.
2500 1275 2626 1314 can.
2661 1259 2811 1313 Eccl.
2844 1258 3044 1329 Afric.,
3077 1273 3197 1313 can.
3234 1259 3360 1327 130)
3394 1274 3406 1313 :
3447 1281 3468 1305 α
3497 1258 3709 1327 Causae,
3739 1259 3827 1313 in-

2220 1344 2429 1415 quiunt,
2462 1362 2582 1416 quae
2610 1360 2928 1401 communes
2976 1360 3086 1399 non
3117 1353 3263 1408 sunt,
3296 1345 3351 1398 in
3382 1345 3494 1399 suis
3525 1346 3827 1415 provinciis

2215 1432 2543 1501 judicentur.
2582 1453 2606 1484 ι
2658 1434 2727 1488 Et
2764 1433 3073 1488 Africanum
3119 1433 3405 1489 concilium
3461 1433 3723 1500 decrevit,
3768 1442 3828 1488 ut

2225 1542 2248 1571 α
2284 1522 2711 1592 quotiescunque
2751 1520 2980 1589 clericis,
3036 1536 3161 1576 cum
3220 1520 3414 1592 quibus
3470 1528 3524 1575 et
3581 1521 3829 1592 episcopi

2220 1616 2594 1675 numerantur,
2646 1610 2715 1662 ab
2761 1609 3171 1664 accusatoribus
3213 1608 3379 1663 multa
3424 1608 3652 1664 crimina
3680 1609 3827 1677 obji-

518 1699 765 1769 judiciali
795 1717 883 1756 me
913 1701 1197 1766 sententia,
1234 1708 1286 1755 et
1334 1701 1423 1754 illa
1466 1700 1721 1765 maxime,
1786 1715 1952 1771 quam
2010 1715 2119 1755 non
2148 1696 2460 1781 Bciuntur,
2522 1704 2575 1750 et
2630 1712 2796 1751 unum
2843 1712 2910 1751 ex
2954 1696 3107 1767 ipsis,
3161 1697 3227 1751 de
3273 1712 3380 1768 quo
3426 1696 3578 1766 prius
3625 1697 3825 1768 egerit,

524 1787 729 1859 recepit
760 1803 994 1845 censura
1022 1788 1410 1858 ecclesiastica,
1441 1788 1851 1844 condemnaret.

1092 1895 1316 1950 CAPUT
1374 1895 1550 1949 XXV.

525 1981 711 2037 Aliam
730 1983 948 2054 nepotis
977 1983 1333 2037 calumniam
1355 1984 1420 2054 de
1453 1986 1785 2053 contemptu
1812 1980 2125 2053 pontiﬁcio:

696 2053 1306 2109 excbmmunicationis
1347 2053 1585 2124 dissipat
1616 2054 1953 2107 avunculus.

595 2139 770 2195 Aliam
800 2155 1016 2212 quoque
1045 2141 1275 2195 rotulam
1326 2139 1488 2194 nimis
1532 2138 1803 2210 prolixam
1848 2138 2125 2210 praeterito

527 2243 690 2295 anno,
723 2228 907 2282 Idibus
936 2228 1285 2295 Novembris,
1319 2230 1350 2282 4
1397 2227 1725 2293 indictionis,
1766 2242 1866 2297 per
1895 2226 2124 2282 Claren-

526 2315 659 2371 tium
688 2316 1065 2386 presbyterum
1096 2332 1253 2369 suum
1302 2314 1518 2381 direxit,
1570 2315 1627 2367 in
1680 2330 1784 2385 qua
1814 2322 2000 2369 contra
2038 2330 2126 2369 me

528 2402 786 2472 scriptum
841 2403 1092 2457 habetur.
1128 2423 1150 2453 ι
1184 2403 1306 2457 Non
1337 2402 1487 2471 mihi,
1549 2402 1722 2473 inquit
1778 2402 2121 2468 Hincmarus,

525 2491 739 2546 videtur
758 2490 983 2563 dignum
1030 2490 1355 2546 excellentia
1386 2498 1564 2546 vestra
1595 2490 1782 2557 fuisse,
1816 2498 1874 2544 ut
1919 2491 2123 2545 dicere-

526 2578 596 2633 tis
612 2578 894 2634 Berthario
915 2578 1061 2649 quod
1075 2578 1208 2632 mihi
1226 2578 1551 2634 renuntiavit
1574 2595 1672 2634 vos
1693 2579 1896 2633 dixisse
1918 2596 1930 2631 :
1952 2579 2008 2634 Si
2030 2595 2124 2633 eos

526 2667 891 2738 praesignatos
935 2682 1090 2721 meos
1135 2666 1694 2722 excommunicassem
1739 2666 2008 2736 homines,
2035 2666 2126 2736 qui

525 2754 652 2809 talia
682 2762 930 2827 agerent,
956 2762 1010 2809 et
1040 2755 1218 2810 adhuc
1237 2763 1424 2827 agunt,
1460 2771 1570 2809 non
1616 2770 1711 2809 eos
1757 2755 2128 2810 excommuni-

528 2843 739 2897 catione
796 2843 988 2905 teneri,
1036 2842 1286 2896 videlicet
1334 2843 1690 2897 anathematis
1744 2843 1962 2897 vinculo
2018 2857 2129 2896 non

528 2928 709 2999 ligari.
747 2929 855 2983 Sed
886 2944 996 2982 non
1026 2935 1109 2983 est
1136 2929 1351 2994 mirum,
1385 2929 1430 2983 si
1453 2929 1730 2999 parvitatis
1757 2945 1878 2984 mea
1909 2945 2125 2983 excom-

530 3015 950 3070 municationem
979 3016 1385 3086 parvipenditis,
1420 3031 1484 3071 ac
1514 3016 1652 3071 forte
1698 3016 2125 3070 irrationabilem

524 3102 804 3172 judicatis,
825 3103 1045 3173 quando
1074 3103 1385 3174 apostolica:
1428 3104 1574 3158 sedis
1612 3103 2126 3158 excommunicatio—

533 3206 663 3246 nem
693 3199 745 3246 et
759 3206 861 3262 pro
890 3191 1058 3245 nihilo
1114 3190 1330 3258 ducitis,
1363 3198 1415 3246 et
1455 3206 1557 3262 pro
1595 3190 1763 3246 nihilo
1799 3191 2124 3260 ducendam,

530 3286 589 3334 ut
606 3286 734 3350 pote
762 3279 1071 3345 absurdam,
1099 3278 1372 3347 judicatis.
1417 3302 1438 3326 »

605 3369 686 3423 De
716 3384 821 3439 qua
849 3367 1119 3422 calumnia
1150 3366 1281 3421 mihi
1324 3366 1489 3435 illata,
1532 3365 1660 3437 quia
1708 3366 1765 3420 S.
1826 3364 2128 3437 Gregorius

470 3508 479 3515 .
532 3456 590 3510 in
614 3455 757 3511 libro
785 3471 851 3511 ex
882 3457 1121 3528 Regesto
1158 3454 1593 3525 frequentissime
1642 3453 1793 3519 dicit,
1827 3453 2128 3509 secundum

532 3543 687 3616 leges
716 3551 766 3598 et
783 3559 1040 3610 canones,
1070 3557 1266 3598 causas
1295 3542 1613 3614 investigari
1640 3541 1863 3606 debere,
1896 3549 1949 3595 et
1984 3540 2131 3610 judi-

535 3631 619 3688 cia
671 3631 966 3697 terminari,
1012 3631 1265 3702 legantur
1301 3630 1458 3702 leges
1505 3638 1558 3684 et
1612 3645 1870 3685 canones.
1932 3630 2128 3684 Dicunt

536 3718 680 3775 enim
710 3719 1053 3791 antiquorum
1071 3720 1293 3774 Patrum
1321 3726 1631 3773 nostrorum
1672 3717 1879 3789 regulae
1900 3718 2125 3786 (concil.

540 3809 711 3864 Tolet.
736 3822 816 3874 ιιι,
856 3823 905 3863 c.
930 3811 982 3872 9,
1025 3824 1079 3877 q.
1125 3809 1369 3878 Dignum
1391 3806 1537 3877 est):
1576 3826 1598 3855 α
1638 3805 1877 3875 Dignum
1917 3812 2019 3871 est,
2072 3812 2129 3858 ut

533 3894 646 3952 vita
671 3894 974 3950 innocentis
1002 3894 1150 3948 nulla
1177 3893 1478 3948 maculetur
1504 3892 1744 3963 pernicie
1775 3891 2125 3948 accusatoris.

535 3982 666 4037 Ideo
694 3980 940 4053 quisquis
970 3997 1003 4035 a
1032 3980 1273 4051 quolibet
1302 3980 1642 4045 criminetur,
1677 3995 1787 4035 non
1815 3988 1940 4034 ante
1970 3995 2129 4035 accu-

537 4076 687 4124 satus
717 4068 982 4140 supplicio
1011 4069 1188 4134 detur,
1222 4084 1381 4140 quam
1420 4075 1704 4123 accusator
1749 4075 2125 4139 prasentetur,

538 4165 704 4228 atque
750 4157 934 4230 legum
986 4165 1038 4212 et
1084 4172 1356 4213 canonum
1420 4156 1700 4211 sententiae
1756 4156 2126 4227 exquirantur.

542 4245 701 4314 Quod
730 4245 776 4300 si
796 4244 1022 4318 indigna
1050 4245 1122 4300 ad
1154 4244 1519 4302 accusandum
1561 4260 1797 4315 persona
1836 4244 2126 4309 invenitur,

539 4334 610 4390 ad
643 4333 759 4402 ejus
791 4333 1194 4390 accusationem
1239 4349 1350 4389 non
1379 4332 1711 4389 admittatur.
1764 4333 1851 4399 Et,
1909 4332 2055 4404 quod
2085 4333 2131 4386 si

2155 3068 2203 3130 C

2226 1784 2459 1855 probare
2489 1799 2600 1839 non
2627 1784 2917 1850 valuerint,
2951 1784 3020 1837 ad
3042 1791 3237 1839 caetera
3257 1799 3366 1838 non
3395 1783 3766 1838 admittantur.
3796 1803 3820 1832 ι

2224 1873 2295 1927 Et
2340 1887 2509 1927 sacra:
2546 1873 2700 1945 leges
2746 1872 2952 1938 dicunt,
3013 1871 3144 1942 quia
3197 1886 3358 1926 nemo
3416 1872 3665 1926 convinci
3720 1871 3829 1925 nisi

2228 1962 2489 2031 scriptura
2535 1968 2628 2015 aut
2672 1960 2901 2015 testibus
2946 1966 3144 2030 potest.
3177 1960 3246 2014 Et
3291 1959 3543 2014 Gelasius
3571 1960 3626 2014 in
3656 1960 3827 2014 Com-

2226 2049 2516 2104 monitorio
2560 2050 2756 2103 Fausto
2802 2048 3074 2121 legatione
3124 2047 3372 2120 fungenti
3416 2048 3563 2116 dato,
3607 2047 3674 2102 de
3704 2049 3828 2118 epi-

2226 2136 2407 2207 scopis
2435 2136 2947 2207 praavaricatoribus
2981 2153 2994 2189 :
3031 2158 3053 2184 α
3090 2134 3228 2203 Quid
3260 2142 3439 2190 tamen
3485 2134 3749 2199 dicerent,
3780 2136 3831 2191 si

2223 2240 2333 2279 non
2365 2225 2567 2280 chartis
2597 2224 2707 2278 suis
2737 2224 2790 2277 in
2820 2223 3072 2278 omnibus
3103 2222 3491 2279 vincerentur?
3525 2243 3547 2271 ι
3580 2223 3649 2277 Et
3677 2222 3829 2276 Afri-

2226 2328 2420 2370 canum
2467 2313 2597 2368 dicit
2641 2312 2932 2368 concilium
2982 2313 3130 2379 (can.
3164 2314 3288 2381 131)
3320 2326 3333 2365 :
3370 2331 3391 2361 α
3425 2312 3615 2365 Testes
3643 2310 3713 2364 ad
3743 2318 3830 2365 te-

2226 2402 2536 2456 stimonium
2559 2417 2667 2455 non
2689 2400 3076 2465 admittendos,
3105 2400 3194 2470 qui
3211 2414 3313 2454 nec
3334 2399 3404 2453 ad
3425 2399 3830 2454 accusationem

2227 2489 2438 2544 admitti
2467 2487 2724 2559 praecepti
2741 2495 2894 2541 sunt:
2923 2487 3009 2541 vel
3043 2487 3206 2542 etiam
3235 2502 3372 2557 quos
3403 2486 3519 2555 ipse
3546 2494 3831 2541 accusator

2226 2578 2295 2631 de
2329 2577 2492 2631 domo
2523 2591 2620 2630 sua
2671 2574 3009 2645 produxerit.
3049 2594 3071 2624 ι
3110 2576 3178 2628 Ει
3207 2574 3332 2629 item
3364 2589 3536 2628 sacra:
3564 2574 3720 2643 leges
3745 2574 3831 2627 di-

2226 2673 2354 2721 cunt
2389 2682 2401 2717 :
2435 2664 2605 2719 Unius
2672 2662 3056 2727 testimonium,
3106 2661 3404 2733 quamlibet
3444 2660 3737 2731 splendida
3784 2668 3830 2715 et

2226 2753 2421 2808 idonea
2478 2752 2726 2808 videatur
2773 2766 2896 2805 esse
2942 2765 3200 2820 persona,
3247 2749 3552 2804 nullatenus
3595 2748 3829 2803 audien-

2226 2842 2377 2895 dum.

2298 2929 2455 2983 Unde
2498 2929 2625 2999 quia
2685 2929 2957 2998 scriptura
2997 2943 3158 2999 quam
3186 2926 3351 2981 frater
3380 2926 3705 2981 Hincmarus
3738 2941 3821 2981 ca-

2225 3010 2517 3069 lumniatus
2548 3023 2631 3070 est
2660 3015 3149 3086 impraesentiarum
3191 3014 3423 3068 habetur
3450 3031 3463 3067 :
3496 3021 3587 3067 aut
3617 3014 3831 3084 produ-

2231 3111 2419 3158 cantur
2442 3103 2509 3156 ab
2534 3111 2855 3159 accusatore
2877 3104 3166 3157 adversum
3199 3118 3284 3156 me
3313 3101 3520 3174 legales
3540 3108 3593 3155 et
3614 3100 3830 3173 regula-

2228 3207 2316 3246 res
2359 3199 2547 3257 testes,
2597 3192 2684 3246 vel
2732 3193 3015 3262 scriptura,
3050 3207 3155 3262 qua
3195 3206 3283 3245 me
3313 3190 3381 3243 de
3410 3190 3514 3244 hac
3542 3187 3829 3254 calumnia,

2230 3295 2338 3350 qua
2393 3280 2521 3335 dicit
2570 3278 3186 3334 excommunicationem
3236 3276 3550 3348 apostolicae
3587 3276 3737 3330 sedis
3782 3284 3835 3330 et

2230 3383 2330 3438 pro
2359 3368 2526 3421 nihilo
2576 3383 2662 3422 me
2707 3367 2930 3433 dueere,
2965 3374 3018 3420 et
3048 3382 3150 3436 pro
3180 3365 3349 3420 nihilo
3380 3364 3708 3429 ducendam,
3738 3371 3829 3417 ut-

2230 3463 2357 3526 pote
2388 3455 2702 3519 absurdam,
2733 3454 3053 3524 prmdicare.
3086 3452 3244 3522 Quod
3275 3453 3321 3507 si
3351 3452 3439 3524 agi
3467 3452 3535 3505 ab
3566 3467 3652 3516 eo,
3687 3451 3768 3505 vel
3801 3467 3837 3504 a

2231 3558 2501 3613 quoquam
2529 3543 2829 3613 nequiverit
2852 3559 2864 3594 :
2889 3542 3044 3613 leges
3063 3549 3116 3595 et
3136 3540 3338 3613 regula:
3359 3541 3427 3594 de
3446 3539 3831 3595 calumniatore

2231 3630 2553 3684 sententiam
2608 3629 2904 3701 proferent.
2960 3630 3027 3683 Et
3074 3628 3254 3683 veniet
3300 3626 3468 3682 frater
3521 3625 3835 3681 Bertharius

2231 3718 2517 3785 diaconus,
2542 3719 2596 3770 in
2641 3717 2988 3787 prmsentiam
3037 3724 3287 3783 vestram,
3340 3730 3502 3786 quem
3534 3714 3636 3768 sibi
3664 3714 3833 3768 Hinc-

2229 3821 2417 3861 marus
2473 3806 2817 3861 renuntiasse
2871 3805 3021 3869 dixit,
3083 3820 3169 3859 me
3216 3803 3293 3857 illi
3340 3802 3564 3867 dixisse,
3615 3801 3755 3873 quod
3779 3800 3832 3854 si

2229 3894 2590 3967 praesignatos
2649 3909 2777 3948 suos
2829 3892 3078 3948 homines
3135 3889 3678 3954 excommunicasset,
3738 3888 3833 3959 qui

2230 3982 2359 4037 talia
2388 3982 2616 4038 scillicet
2658 3989 2843 4037 contra
2872 3981 3027 4054 leges
3054 3978 3457 4036 ecclesiasticas
3502 3984 3746 4050 egerunt,
3779 3990 3836 4035 et

2232 4071 2413 4126 adhuc
2453 4078 2639 4141 agunt,
2672 4086 2782 4125 non
2811 4085 2907 4125 eos
2937 4066 3494 4125 excommunicatione
3531 4065 3717 4130 teneri,
3746 4062 3831 4118 vi-

2231 4158 2427 4213 delicet
2468 4157 2823 4213 anathematis
2872 4156 3086 4211 vinculo
3133 4155 3315 4229 ligari.
3346 4155 3416 4209 Et
3447 4153 3575 4224 quia
3604 4152 3831 4207 discreta

2234 4254 2316 4301 est
2345 4246 2452 4301 ista
2482 4246 2757 4302 Hincmari
2786 4246 2841 4300 in
2869 4244 3141 4315 scriptura
3170 4259 3268 4297 sua
3296 4242 3581 4306 sententia,
3615 4239 3738 4312 quia
3766 4238 3835 4292 de

2232 4350 2333 4390 sua
2362 4333 2921 4390 excommunicatione
2942 4348 2974 4387 a
2996 4349 3083 4387 me
3105 4330 3386 4386 annullata
3407 4331 3479 4385 ad
3497 4327 3833 4384 Bertharium

541 4422 830 4495 episcOpus
850 4422 1086 4494 aliquem
1108 4423 1176 4478 de
1194 4421 1420 4478 crimine
1431 4429 1580 4493 putat
1601 4437 1723 4476 esse
1744 4421 2133 4490 damnandum,
2165 4414 2217 4474 D
2240 4439 2300 4478 se
2331 4423 2593 4479 reclamat
2620 4423 2739 4491 (lib.
2763 4437 2834 4475 Lv
2854 4439 3001 4493 cap.,
3026 4436 3075 4476 c.
3096 4419 3210 4490 29),
3240 4418 3403 4475 liceat
3431 4417 3563 4472 mihi
3589 4415 3838 4489 legaliter

541 4510 871 4567 accusatoris
901 4510 1019 4567 vice
1050 4511 1450 4566 discutiendum
1488 4526 1548 4565 se
1578 4510 1733 4565 sciat.
1758 4510 1859 4564 Fas
1890 4516 1973 4564 est
1992 4509 2137 4563 enim

538 4608 617 4666 ut,
642 4616 763 4671 quae
789 4598 882 4654 uni
902 4599 1222 4670 probantur,
1242 4599 1541 4669 probentur
1560 4605 1613 4653 et
1628 4598 1900 4653 omnibus.
1939 4618 1961 4648 ι
1988 4596 2138 4666 Quos

540 4702 781 4743 canones
810 4688 878 4755 si,
911 4695 969 4743 ut
998 4687 1137 4743 solet
1167 4702 1231 4742 ea
1262 4702 1384 4758 quae
1414 4682 1600 4742 contra
1626 4686 1777 4742 illum
1793 4685 2016 4751 faciunt,
2050 4702 2138 4741 re-

539 4773 714 4832 futare
743 4775 994 4846 voluerit,
1036 4774 1236 4845 audiat,
1271 4775 1400 4846 quid
1442 4774 1571 4829 hinc
1599 4775 1708 4830 Leo
1724 4790 1865 4845 papa
1895 4773 1966 4829 ad
1981 4773 2141 4828 Maxi-

541 4877 693 4917 mum
746 4864 1145 4920 Antiochenum
1202 4864 1517 4934 episcopum
1566 4862 1708 4918 dicat
1745 4862 1935 4934 (epist.
1997 4862 2133 4932 62):

546 4970 569 5000 ι
606 4947 895 5022 Quidquid,
928 4952 1197 5025 inquiens,
1250 4960 1475 5024 propter
1507 4950 1629 5024 [al.,
1662 4950 1876 5023 praeter]
1935 4950 2141 5021 specia-

542 5037 625 5094 les
682 5053 879 5094 causas
934 5042 1274 5113 sydonalium
1356 5040 1709 5099 conciliorum
1768 5040 1837 5095 ad
1913 5055 2142 5095 examen

544 5127 852 5200 episcopale
906 5129 1165 5198 defertur,
1244 5138 1428 5202 potest
1487 5130 1724 5202 aliquam
1805 5128 2141 5198 dijudicandi

543 5216 752 5272 habere
781 5217 1062 5285 rationem,
1096 5219 1142 5273 si
1170 5218 1305 5274 nihil
1332 5220 1400 5275 de
1428 5234 1494 5274 eo
1514 5227 1598 5274 est
1626 5217 1876 5273 asanctis
1893 5217 2140 5272 Patribus

546 5305 693 5373 apud
710 5305 950 5363 Nicaeam
964 5306 1271 5363 difﬁnitum.
1296 5308 1436 5362 Nam
1453 5307 1599 5379 quod
1615 5306 1682 5360 ab
1700 5305 1917 5361 illorum
1937 5304 2142 5377 regulis

549 5397 602 5443 et
630 5394 1098 5452 constitutionibus
1152 5396 1254 5469 (al.
1288 5394 1810 5467 constitutionisque]
1842 5394 2137 5458 discordat,

548 5480 859 5548 apostolica:
879 5483 1025 5539 sedis
1045 5499 1325 5557 nunquam
1349 5484 1545 5557 poterit
1564 5483 1813 5539 obtinere
1832 5481 2142 5557 [obtinebit]

2237 4527 2301 4567 ac
2348 4511 2674 4583 regulariter
2721 4511 2776 4564 in
2821 4508 3113 4580 praesentia
3152 4515 3336 4563 vestra
3382 4505 3677 4576 conﬂigere
3714 4516 3833 4558 cum

2238 4599 2433 4656 eodem
2462 4598 2763 4655 Berthario.

2807 4721 3030 4777 CAPUT
3068 4720 3269 4776 XXVI.

2238 4814 2477 4869 Sensum
2506 4827 2673 4867 suum
2702 4811 3045 4867 catholicum
3074 4809 3139 4863 de
3171 4824 3395 4862 summa
3437 4805 3582 4861 sedis
3611 4806 3828 4876 aposto-

2313 4885 2436 4938 lica:
2474 4885 2536 4941 in
2594 4882 2850 4937 solvendo
2910 4881 3238 4952 ligandoquc
3281 4879 3559 4951 potestate
3614 4873 3834 4947 publice

2310 4953 2611 5026 proﬁtetur
2641 4953 2977 5008 Hincmarus
2990 4991 3003 5004 .
3878 4978 3883 4981 -

2311 5042 2391 5096 De
2413 5056 2481 5097 eo
2505 5048 2688 5096 autem
2736 5039 2883 5111 quod
2925 5037 3053 5093 dicit
3090 5037 3237 5093 idem
3266 5035 3587 5090 Hincmarus
3620 5049 3632 5086 :
3668 5051 3689 5080 ι
3725 5027 3831 5084 Sed

2240 5145 2350 5184 non
2365 5137 2449 5184 est
2467 5129 2685 5195 mirum,
2712 5128 2757 5182 si
2776 5124 3052 5198 parvitatis
3074 5140 3211 5180 mea;
3232 5119 3834 5180 exeommunicationem

2241 5217 2631 5289 parvipenditis
2656 5260 2668 5282 ,
2728 5231 2794 5272 ac
2865 5214 3005 5271 forte
3077 5211 3504 5268 irrationabilem
3549 5204 3791 5279 judicatis
3821 5243 3838 5271 ,

2243 5306 2463 5377 quando
2493 5304 2805 5376 apostolicae
2833 5302 2980 5358 sedis
3013 5299 3627 5358 excommunicationem
3654 5302 3702 5350 et
3727 5306 3831 5377 pro

2241 5394 2410 5450 nihilo
2454 5394 2780 5462 ducendam,
2831 5398 3013 5463 utpote
3059 5389 3372 5455 absurdam,
3431 5382 3766 5459 praedicatis;
3808 5402 3832 5425 ιι

2243 5499 2368 5542 cum
2396 5499 2463 5540 eo
2490 5482 2759 5557 legaliter,
2785 5496 2851 5538 ac
2879 5479 3206 5553 regulariter
3234 5485 3318 5537 est
3346 5476 3499 5543 mihi,
3532 5469 3749 5531 consilio
3773 5475 3841 5522 et
