4056 6178
243 258 352 311 609

924 253 1167 309 OPUSC.
1230 253 1322 307 ET
1378 249 1596 307 EPIST.
1657 247 1732 303 IN
1788 244 2015 302 CAUSA
2070 243 2417 299 HINCMARI
2473 242 2782 300 LAUDUN.

3448 250 3552 302 610

249 377 455 434 auxilio
484 384 666 434 vestro
696 377 992 449 agendum.
1026 376 1271 445 Qualiter
1301 383 1484 430 autem
1511 373 1581 429 de
1602 369 1851 442 apostoli—
1870 370 1926 430 A
1955 366 2170 434 iterum,
2203 382 2269 423 ac
2297 365 2478 435 tertio,
2507 366 2609 422 sed
2629 381 2741 422 non
2765 365 3062 438 panitente
3090 367 3280 435 fratre,
3337 385 3548 440 prace-

247 481 331 522 ca
361 465 531 531 sedis,
566 481 687 536 qua
710 472 795 520 est
817 465 1061 521 omnium
1090 464 1468 520 Ecclesiarum
1493 462 1549 517 in
1580 468 1693 516 toto
1723 458 1854 514 orbe

244 562 523 608 terrarum
550 560 729 607 mater
755 560 808 607 et
837 553 1116 623 magistra,
1149 559 1201 607 et
1231 551 1382 620 cujus
1440 547 1700 620 pontifex,
1750 561 1854 617 pa-

248 640 490 696 triarcha
547 648 629 695 est
684 640 1138 711 patriarcharum,
1196 624 1252 694 ἒῐ
1304 638 1512 709 primas
1566 636 1855 706 primatum

247 737 570 784 cunctarum
618 728 1039 799 provinciarum,
1075 727 1337 799 ligatione
1380 733 1544 796 atque
1586 722 1855 779 solutione

247 816 481 870 sentiam
509 824 669 887 atque
697 822 931 880 teneam,
966 822 1025 869 ut
1053 814 1233 869 sciatis
1250 812 1585 868 mandaciter
1605 811 1732 865 hinc
1765 825 1855 864 me

250 903 324 958 ab
383 903 671 959 Hincmaro
728 902 1151 969 calumniatum;
1219 915 1526 973 quanquam
1596 899 1856 954 decernat

250 990 565 1046 Africanum
625 990 932 1055 concilium,
970 1013 991 1039 α
1052 998 1109 1043 ut
1162 989 1587 1060 quotiescunque
1645 984 1855 1042 clericis

249 1079 325 1133 ab
355 1078 763 1134 accusatoribus
785 1077 957 1132 multa
976 1077 1200 1134 crimina
1229 1076 1574 1145 objiciuntur,
1610 1082 1663 1129 et
1691 1088 1856 1127 unum

254 1182 325 1220 ex
353 1165 511 1235 ipsis,
545 1165 613 1219 de
642 1181 752 1236 quo
780 1165 936 1235 prius
967 1164 1163 1236 egerit,
1193 1163 1425 1234 probare
1445 1178 1554 1217 non
1566 1159 1852 1225 valuerint,

253 1252 329 1307 ad
359 1261 561 1308 caetera
584 1252 698 1320 jam
725 1267 834 1306 non
862 1251 1191 1306 admitantur
1221 1268 1235 1305 :
1273 1271 1295 1300 »
1328 1265 1516 1306 coram
1562 1248 1720 1305 vobi's
1764 1262 1857 1302 ex-

251 1354 422 1411 pono,
456 1339 593 1394 sicut
618 1340 782 1395 corde
803 1339 970 1395 credo
992 1338 1059 1405 ad
1074 1338 1355 1407 justitiam,
1372 1345 1425 1392 et
1453 1353 1546 1393 ore
1594 1333 1858 1391 conﬁteor

251 1427 322 1482 ad
354 1427 605 1483 salutem.
1543 1467 1559 1477 .

324 1517 395 1570 Et
423 1514 563 1570 sicut
589 1530 655 1570 ex
684 1514 924 1571 doctrina
954 1514 1098 1569 beati
1136 1513 1346 1579 Leonis,
1378 1512 1625 1582 ejusdem
1655 1518 1859 1567 sancta

252 1611 305 1658 et
334 1603 530 1674 prima
561 1603 708 1658 sedis
736 1601 1009 1673 pontiﬁcis
1039 1602 1220 1669 didici,
1257 1602 1348 1673 qui
1378 1602 1432 1655 in
1472 1615 1726 1656 sermone
1775 1598 1859 1655 sui

250 1690 452 1745 natalis
482 1692 675 1763 (δεῖ-φη.
708 1691 783 1760 3),
816 1690 957 1745 inter
987 1698 1182 1746 catera
1212 1689 1342 1745 dicit
1375 1706 1388 1743 :
1424 1710 1447 1740 α
1483 1688 1642 1757 Quod
1661 1687 1859 1743 dicitur

250 1778 577 1833 beatissimo
599 1780 788 1833 Petro:
822 1778 940 1832 Tibi
969 1778 1112 1833 dabo
1143 1778 1326 1834 claves
1356 1776 1513 1849 regni
1569 1775 1855 1843 calorum,

255 1874 309 1921 et
341 1882 686 1938 quacunque
714 1865 977 1939 ligaveris
1007 1882 1173 1937 super
1214 1873 1434 1930 terram,
1485 1871 1644 1919 erunt
1693 1863 1863 1934 ligata

252 1961 307 2009 et
333 1954 395 2008 in
425 1954 602 2020 caelis,
654 1962 708 2008 et
754 1970 1094 2025 quacunque
1141 1952 1373 2008 solveris
1422 1968 1589 2023 super
1636 1959 1858 2019 terram,

252 2049 419 2097 erunt
446 2042 625 2096 soluta
652 2049 706 2096 et
734 2040 788 2095 in
820 2041 1009 2108 caelis;
1039 2040 1289 2095 transivit
1330 2040 1548 2111 quidem
1596 2039 1761 2094 etiam
1805 2038 1861 2093 in

250 2129 390 2185 alios
424 2129 702 2201 apostolos
724 2129 814 2198 jus
840 2128 997 2183 istius
1028 2128 1334 2199 potestatis,
1369 2135 1422 2182 et
1448 2126 1504 2181 in
1532 2143 1724 2182 omnes
1762 2127 1866 2182 Ec-

251 2216 441 2274 clesia
465 2218 746 2288 principes
765 2216 969 2272 decreti
988 2216 1151 2285 hujus
1167 2214 1479 2271 constitutio
1497 2213 1824 2271 commeavit
1845 2231 1858 2267 :

253 2305 354 2360 sed
385 2321 498 2359 non
527 2304 724 2359 frustra
779 2305 874 2359 uni
925 2304 1356 2369 commendatur,
1398 2295 1558 2374 ‘quod
1610 2301 1862 2357 omnibus

252 2392 554 2449 intimatur.
575 2393 729 2447 Petro
752 2392 895 2448 enim
925 2392 1048 2447 ideo
1078 2392 1182 2447 hoc
1221 2389 1572 2461 singulariter
1606 2389 1858 2459 creditur,

251 2479 384 2550 quia
411 2478 625 2534 cunctis
651 2479 913 2535 Ecclesia
942 2478 1247 2533 rectoribus
1287 2478 1430 2533 Petri
1460 2476 1638 2531 forma
1658 2492 1862 2548 propo-

254 2566 422 2621 nitur.
461 2588 484 2617 ι
533 2567 711 2622 Manet
766 2582 899 2639 ergo
954 2566 1101 2622 Petri
1148 2564 1519 2638 privilegium,
1554 2564 1861 2635 ubicunque

258 2670 326 2710 ex
352 2654 530 2726 ipsius
559 2654 730 2709 fertur
757 2654 1011 2726 aquitate
1033 2654 1340 2723 judicium:
1392 2669 1496 2709 nec
1556 2652 1725 2708 nimia
1780 2659 1863 2707 est

256 2742 346 2798 vel
377 2741 646 2797 severitas
674 2742 761 2797 vel
799 2741 1075 2809 remissio,
1135 2742 1228 2796 ubi
1285 2740 1421 2796 nihil
1477 2748 1561 2796 est
1612 2740 1858 2811 ligatum,

258 2830 395 2884 nihil
426 2828 682 2895 solutum,
713 2829 819 2884 nisi
849 2831 997 2901 quod
1033 2831 1092 2884 B.
1142 2831 1337 2885 Petrus
1382 2836 1474 2905 aut
1520 2827 1720 2899 ligarit,
1771 2835 1863 2883 aut

260 2917 492 2973 solverit
522 2933 537 2971 :
570 2918 662 2988 qui
690 2932 877 2989 regem
906 2917 1169 2973 calorum
1198 2925 1257 2972 ut
1284 2916 1618 2990 Augustinus
1658 2923 1712 2971 et
1756 2930 1861 2971 ca-

260 3006 362 3060 teri
380 3006 638 3060 doctores
656 3013 950 3076 exponunt,
970 3006 1174 3074 majore
1204 3022 1317 3075 pra
1345 3004 1556 3060 cateris
1572 3003 1861 3061 devotione

264 3091 556 3147 confessus
584 3100 701 3160 est;
731 3093 924 3149 merito
951 3110 1066 3165 pra
1094 3093 1307 3149 cateris
1336 3093 1453 3169 ipse
1497 3091 1708 3148 collatis
1756 3091 1871 3147 cla-

264 3178 429 3235 vibus
458 3180 616 3251 regni
644 3180 884 3236 calestis
905 3197 1127 3237 munere
1157 3182 1387 3236 donatus
1417 3186 1500 3235 est
1531 3197 1546 3235 :
1578 3188 1638 3234 ut
1665 3186 1875 3236 consta-

262 3275 346 3323 ret
375 3268 653 3335 omnibus,
700 3268 823 3340 quia
870 3269 1074 3341 absque
1120 3284 1184 3324 ea
1240 3267 1586 3325 confessione
1634 3284 1699 3323 ac
1766 3267 1873 3322 ﬁde

263 3371 499 3428 regnum
525 3356 786 3412 calorum
811 3357 994 3411 nullus
1024 3357 1199 3427 possit
1241 3356 1464 3412 intrare.
1518 3356 1712 3412 Claves
1768 3371 1873 3410 au-

262 3444 566 3517 temregni
607 3444 893 3510 calorum,
943 3444 1117 3515 ipsam
1166 3444 1522 3501 discernendi
1568 3443 1869 3509 scientiam,

264 3532 675 3604 potentiamque
699 3532 999 3602 judiciaria
1026 3532 1312 3603 potestatis
1342 3532 1605 3598 nominat,
1639 3548 1744 3603 qua
1793 3531 1875 3586 di-

265 3635 409 3693 gnos
437 3620 685 3690 recipere
713 3620 769 3674 in
801 3636 1053 3693 regnum,
1085 3621 1342 3693 indignos
1361 3620 1646 3676 secludere
1663 3618 1874 3675 debeta

263 3706 463 3780 regno.
486 3709 643 3764 Unde
658 3708 921 3763 Dominus
940 3708 1228 3764 manifeste
1257 3708 1562 3778 subjunxit:
1600 3711 1672 3764 Et
1698 3707 1873 3780 quod-

268 3811 491 3869 cunque
513 3797 772 3866 ligaveris
790 3813 961 3869 super
978 3801 1213 3864 terram,
1266 3798 1378 3854 erit
1434 3797 1674 3868 ligatum
1721 3799 1777 3852 et
1809 3796 1873 3851 in

268 3884 424 3939 catis
456 3883 679 3953 (Matth.
724 3884 867 3956 xvr).

337 3969 476 4040 Qua
504 3970 753 4028 solvendi
781 3988 845 4029 ac
871 3972 1080 4045 ligandi
1131 3980 1394 4044 potestas,
1461 3972 1711 4045 quamvis
1770 3972 1874 4029 soli

270 4059 434 4115 Petro
462 4059 592 4115 data
617 4061 864 4117 videatur
891 4077 922 4115 a
950 4061 1219 4129 Domino;
1263 4062 1468 4133 absque
1526 4062 1638 4117 ulla
1693 4069 1876 4117 tamen

272 4147 552 4204 dubietate
581 4150 919 4204 noscendum
946 4158 1047 4217 est,
1073 4150 1199 4221 quia
1230 4160 1283 4206 et
1340 4149 1553 4206 cateris
1612 4148 1874 4220 apostolis

270 4236 452 4304 datur,
476 4235 597 4307 ipso
616 4244 774 4306 teste,
799 4238 891 4309 qui
906 4246 1030 4309 post
1052 4237 1322 4309 passionis
1349 4236 1875 4308 resurrectionisque

272 4339 385 4380 sua
415 4324 752 4395 triumphum
771 4340 1042 4397 apparens
1074 4325 1155 4381 eis
1172 4327 1493 4398 insufﬂauit
1514 4330 1570 4381 et
1591 4326 1747 4381 dixit
1765 4340 1877 4381 om-

1956 455 2031 526 pit
2062 456 2251 511 dicens
2284 457 2370 512 :Si
2389 460 2584 512 autem
2606 456 2919 511 Ecclesiam
2930 472 3045 512 non
3058 457 3327 524 audierit,
3358 459 3431 514 sit
3453 458 3555 513 tibi

1955 545 2104 599 sicut
2122 544 2404 611 ethnicus,
2440 549 2499 600 et
2516 543 2854 616 publicanus
2892 542 3115 613 (Matth.
3156 544 3341 616 xvm).
3379 546 3447 600 Et
3483 561 3553 600 ne

1955 630 2078 685 leve
2098 631 2332 702 quisque
2348 639 2564 702 putaret
2579 629 2845 685 Ecclesia
2865 646 2925 685 se
2938 631 3145 699 judicio
3173 632 3550 702 condemnari,

1954 733 2083 773 mox
2110 719 2425 774 terribiliter
2444 717 2689 788 adjunxit
2740 735 2754 771 :
2785 739 2807 767 α
2844 720 3015 773 Amen
3034 720 3157 775 dico
3176 721 3331 777 vobis
3356 739 3369 775 :
3394 720 3557 790 Qua-

1956 822 2171 876 cunque
2199 806 2550 878 alligaveritis
2579 820 2743 876 super
2773 812 2995 873 terram,
3028 815 3183 863 erunt
3212 807 3381 880 ligata
3411 815 3464 863 et
3501 808 3557 863 in

1958 893 2098 947 calo
2132 910 2145 946 :
2175 901 2227 947 et
2258 910 2594 965 quacunque
2651 891 2918 947 solveritis
2949 911 3116 965 super
3144 903 3361 962 terram,
3398 903 3558 951 erunt

1958 980 2132 1035 soluta
2162 988 2213 1035 et
2242 981 2298 1034 in
2326 982 2466 1037 calo
2499 980 2720 1053 (Matth.
2756 984 2937 1055 xvm).
2979 1003 3001 1032 ιι
3038 983 3199 1040 Omni
3255 983 3421 1054 igitur
3449 984 3562 1038 ele-

1954 1076 2168 1123 ctorum
2196 1068 2478 1136 Ecclesia,
2505 1071 2659 1139 juxta
2685 1073 2911 1129 modum
2940 1072 3244 1143 culparum,
3270 1070 3358 1126 vel
3385 1071 3561 1142 poeni-

1956 1154 2158 1223 tentia,
2204 1155 2414 1227 ligandi
2459 1173 2519 1212 ac
2564 1159 2811 1215 solvendi
2857 1161 3019 1214 datur
3062 1158 3372 1214 auctoritas.
3450 1157 3560 1213 Sed

1957 1242 2104 1297 idem
2132 1242 2326 1298 beatus
2356 1244 2569 1314 Petrus,
2605 1247 2696 1317 qui
2718 1248 2990 1302 Christum
3021 1263 3153 1302 vera
3181 1245 3289 1301 ﬁde
3338 1244 3559 1301 confes-

1961 1346 2071 1395 sus,
2129 1345 2262 1385 vero
2309 1339 2392 1385 est
2445 1348 2632 1389 amore
2699 1343 2933 1400 secutus,
3003 1334 3312 1404 specialiter
3374 1334 3559 1390 claves

1961 1417 2120 1488 regni
2151 1418 2435 1486 caelorum,
2498 1428 2552 1476 et
2604 1422 2900 1493 primatum
2934 1421 3233 1491 judiciaria
3254 1421 3558 1492 potestatis,

1960 1513 2013 1561 et
2042 1521 2226 1562 curam
2255 1509 2651 1577 pascendarum
2681 1511 2866 1567 ovium
2897 1509 3165 1565 Dominici
3193 1509 3351 1564 ovilia
3399 1525 3562 1565 acce-

1958 1594 2074 1664 pit;
2107 1595 2241 1648 etin
2269 1595 2503 1665 primatu
2524 1597 2668 1652 illius
2712 1614 3065 1654 successores
3112 1597 3282 1669 ipsius
3330 1597 3387 1651 in
3433 1596 3564 1652 sede

1887 1712 1941 1770 B
1962 1682 2078 1750 ejus
2106 1692 2439 1753 acceperunt
2468 1701 2481 1739 :
2512 1693 2569 1739 ut
2599 1702 2790 1741 omnes
2813 1703 2914 1758 per
2943 1686 3134 1742 orbem
3166 1686 3454 1741 credentes
3483 1685 3566 1739 in-

1961 1769 2222 1840 telligant,
2258 1771 2384 1842 quia
2416 1773 2725 1846 quicunque
2755 1775 2823 1829 ab
2853 1775 3055 1829 unitate
3085 1773 3232 1841 ﬁdei,
3264 1774 3355 1829 vel
3382 1773 3566 1829 socie-

1960 1858 2083 1911 tatis
2111 1857 2256 1912 illius
2285 1860 2527 1931 quolibet
2540 1863 2704 1919 modo
2735 1863 3058 1934 semetipsos
3083 1870 3401 1935 segregant,
3422 1861 3563 1918 tales

1960 1960 2063 2000 nec
2092 1945 2324 2002 vinculis
2351 1957 2705 2018 peccatorum
2762 1950 2996 2020 absolvi,
3056 1966 3159 2006 nec
3180 1951 3405 2020 januam
3437 1965 3566 2017 pos-

1963 2041 2087 2088 sunt
2116 2034 2274 2105 regni
2304 2036 2545 2092 caelestis
2575 2038 2815 2111 ingredi.

2034 2117 2115 2171 De
2142 2132 2250 2188 qua
2280 2118 2614 2191 obligatione
2644 2123 2734 2177 vel
2759 2121 3028 2178 solutione
3061 2120 3380 2193 episcopali,
3417 2119 3564 2192 quod

1960 2204 2120 2258 nobis
2151 2207 2466 2277 apostolica
2498 2209 2645 2265 sedis
2674 2209 2801 2266 ﬁliis
2829 2226 2894 2266 ac
2923 2210 3226 2280 discipulis,
3270 2209 3402 2264 satis
3447 2215 3532 2263 tre

1960 2292 2240 2359 mendum,
2276 2304 2328 2350 et
2357 2298 2679 2363 cavendum,
2712 2305 2875 2369 atque
2904 2298 3309 2353 observandum
3355 2304 3458 2364 est,
3506 2297 3563 2352 S.

1963 2380 2266 2453 Gregorius
2295 2382 2351 2437 in
2380 2384 2605 2440 homilia
2632 2385 2923 2458 Evangelii
2981 2385 3153 2442 dicit:
3212 2407 3234 2435 α
3293 2386 3450 2456 Sape
3507 2384 3565 2439 in

1960 2466 2198 2538 ligandis
2226 2486 2290 2525 ac
2319 2471 2595 2528 solvendis
2628 2474 2859 2529 subditis
2888 2481 3076 2545 pastor
3119 2489 3233 2529 sua
3279 2472 3569 2530 voluntatis

1960 2562 2159 2627 motus,
2193 2573 2303 2613 non
2332 2568 2512 2616 autem
2541 2577 2834 2617 causarum
2862 2561 3058 2617 merita
3099 2561 3362 2633 sequitur.
3414 2561 3571 2617 Unde

1961 2640 2038 2709 ﬁt,
2071 2651 2130 2697 ut
2157 2644 2278 2715 ipsa
2306 2647 2410 2703 hac
2438 2648 2645 2719 ligandi
2676 2657 2729 2703 et
2758 2648 3006 2703 solvendi
3033 2656 3301 2719 potestate
3348 2663 3408 2703 se
3450 2646 3567 2718 pri-

1962 2737 2069 2796 vet,
2104 2732 2195 2802 qui
2225 2734 2362 2789 hanc
2388 2751 2491 2806 pro
2518 2736 2629 2791 suis
2657 2736 3051 2803 voluntatibus,
3083 2744 3136 2791 et
3167 2751 3277 2791 non
3305 2751 3407 2807 pro
3436 2735 3568 2789 sub-

1955 2817 2221 2886 jectorum
2251 2823 2494 2879 moribus
2525 2832 2760 2880 exercet.
2774 2824 2930 2881 Unde
2948 2831 3097 2880 recte
3112 2840 3213 2894 per
3240 2824 3564 2895 prophetam

1963 2905 2158 2961 dicitur
2181 2924 2195 2963 :
2216 2912 2627 2980 Mortiﬁcabant
2644 2914 2890 2978 animas,
2916 2930 3038 2985 qua
3059 2929 3175 2969 non
3196 2914 3526 2969 moriuntur
3549 2928 3563 2965 :

1962 2996 2020 3047 et
2038 2996 2650 3067 viviﬁcabantanimas,
2669 3017 2791 3073 quae
2806 3018 2921 3058 non
2934 3001 3131 3055 vivunt
3143 2998 3519 3071 (Ezechnuu).
3530 3020 3554 3051 α
3626 3054 3629 3055 ν

1969 3080 2095 3136 Non
2125 3085 2447 3141 morientem
2478 3088 2679 3159 quippe
2705 3086 3015 3154 mortiﬁcat,
3049 3087 3143 3159 qui
3166 3087 3373 3156 justum
3411 3087 3571 3142 dam-

1974 3180 2103 3239 nat;
2132 3180 2185 3228 et
2232 3190 2342 3228 non
2387 3174 2658 3231 victurum
2704 3174 2982 3232 viviﬁcare
3024 3175 3232 3241 nititur,
3284 3175 3377 3247 qui
3416 3191 3572 3231 reum

1976 3260 2243 3330 supplicio
2275 3262 2561 3318 absolvere
2589 3270 2817 3318 conatur
2843 3280 2857 3316 :
2890 3278 2956 3318 ac
2986 3278 3132 3333 sape
3163 3262 3360 3333 agitur,
3395 3269 3455 3316 ut
3483 3262 3572 3317 vel

1972 3346 2193 3403 damnet
2233 3348 2549 3414 immeritos,
2610 3349 2698 3405 vel
2754 3349 2891 3404 alios
2945 3349 3065 3420 ipse
3118 3349 3315 3420 ligatos
3372 3348 3568 3405 solvat.

1974 3434 2160 3491 Causa
2190 3452 2323 3509 ergo
2350 3437 2646 3507 pensanda
2676 3445 2820 3504 sunt,
2854 3445 2905 3493 et
2961 3445 3091 3493 tunc
3142 3436 3352 3509 ligandi
3405 3444 3565 3509 atque

1974 3524 2220 3580 solvendi
2245 3533 2485 3595 potestas
2517 3524 2841 3582 exercenda.

2045 3622 2312 3677 Caterum
2341 3622 2480 3678 sicut
2506 3624 2566 3677 B.
2625 3622 2983 3695 Augustinus,
3017 3630 3070 3678 et
3097 3622 3283 3678 cateri
3305 3622 3558 3679 catholici

1973 3710 2222 3766 doctores
2251 3709 2455 3778 dicunt,
2488 3726 2599 3765 non
2629 3718 2755 3765 sunt
2799 3710 3095 3782 ligamenta
3143 3711 3232 3766 vel
3273 3709 3572 3767 solutiones

1973 3806 2175 3854 sancta
2216 3798 2498 3866 Ecclesia,
2547 3815 2669 3870 qua
2707 3806 2900 3855 contra
2961 3806 3210 3855 sanctam
3266 3797 3575 3855 Ecclesiam

1975 3886 2146 3953 ﬁunt;
2178 3887 2264 3942 vel
2293 3887 2364 3942 ab
2392 3888 2476 3941 his
2506 3885 2659 3953 ﬁunt,
2693 3887 2784 3958 qui
2805 3893 2995 3942 contra
3012 3886 3275 3960 dogmata
3293 3886 3574 3943 catholica

1971 3975 2233 4032 Ecclesia
2264 3976 2577 4043 sentientes,
2611 3976 2879 4032 contraria
2910 3975 3015 4046 ipsi
3051 3974 3318 4032 Ecclesia
3382 3974 3574 4049 ligant,

1972 4064 2061 4118 vel
2092 4064 2324 4120 solvunt.
2358 4064 2553 4120 Sancta
2583 4064 2785 4135 quippe
2813 4063 3059 4119 Ecclesia
3086 4063 3219 4119 dicit
3252 4079 3266 4117 :
3301 4064 3424 4120 Non
3456 4063 3576 4119 sedi

1974 4169 2099 4208 cum
2115 4154 2357 4210 concilio
2377 4154 2672 4218 vanitatis,
2698 4156 2754 4208 et
2770 4168 2901 4208 cum
2919 4152 3118 4223 iniqua
3127 4153 3449 4223 gerentibus
3460 4167 3578 4209 non

1972 4242 2233 4297 introibo.
2262 4241 2418 4297 Ovidi
2439 4243 2543 4297 Ecc
2551 4241 2750 4296 lesiam
2764 4241 3233 4310 malignantium,
3259 4244 3319 4295 et
3331 4257 3462 4296 cum
3476 4242 3584 4296 im-

1971 4329 2081 4400 pii:
2102 4345 2218 4384 non
2228 4329 2441 4385 sedebo.
2461 4329 2670 4383 Lavaba
2681 4328 2744 4382 in
2751 4330 2839 4382 ter
2852 4329 3185 4383 innocente:
3197 4343 3405 4382 manus
3417 4343 3574 4382 meas

269 4412 430 4470 nibus
456 4430 472 4466 :
502 4413 753 4484 Accipite
769 4415 1046 4483 Spiritum
1060 4418 1328 4471 sanctum
1352 4430 1364 4469 :
1385 4430 1622 4487 quorum
1638 4414 1874 4469 remise-
1904 4408 1959 4468 D
1980 4418 2154 4488 (Psal.
2178 4415 2340 4487 xxv).
2365 4417 2426 4470 In
2456 4415 2611 4484 cujus
2633 4414 2802 4470 solius
2820 4414 3105 4470 catholica
3129 4413 3393 4470 Ecclesia
3444 4413 3571 4468 uni-

271 4502 405 4556 ritis
416 4504 670 4571 peccata,
684 4502 1065 4558 remittuntur
1080 4503 1181 4570 eis;
1202 4507 1258 4558 et
1273 4519 1508 4574 quorum
1520 4503 1673 4558 retin
1680 4502 1879 4557 ueritis

272 4592 504 4645 retenta
530 4593 672 4645 sunt
701 4590 884 4659 (Joan.
908 4590 1033 4661 xx).
1066 4591 1205 4645 Nam
1233 4590 1373 4647 sicut
1405 4590 1753 4663 interrogatis
1782 4606 1879 4662 ge-

265 4676 530 4731 neraliter
553 4676 828 4747 omnibus,
854 4678 1045 4734 Petrus
1074 4678 1354 4750 respondit
1394 4695 1533 4733 unus
1561 4693 1663 4749 pro
1703 4677 1879 4734 omni-

268 4764 407 4830 bus;
440 4764 517 4819 ita
548 4772 601 4819 et
630 4765 775 4837 quod
806 4767 969 4821 Petro
999 4767 1265 4822 Dominus
1294 4766 1597 4838 respondit,
1628 4766 1683 4821 in
1710 4767 1876 4822 Petro

266 4852 526 4906 omnibus
541 4853 852 4924 respondit:
870 4854 1099 4911 Necnon
1122 4856 1426 4911 etiamnunc
1454 4855 1509 4909 in
1526 4854 1800 4927 episcopis
1812 4870 1877 4912 ac

265 4941 610 5010 presbyteris
630 4942 780 4997 omni
790 4942 1052 4999 Ecclesia
1070 4942 1309 4999 ofﬁcium
1329 4944 1476 4999 idem
1497 4944 1871 5013 committitur,

267 5036 332 5081 ut
362 5027 619 5085 videlicet
643 5030 844 5102 agnitis
873 5032 1216 5101 peccantium
1264 5032 1467 5097 causis,
1518 5048 1875 5105 quoscunque

266 5115 509 5171 humiles
529 5131 596 5172 ac
623 5133 755 5172 vere
798 5118 1125 5189 panitentes
1164 5120 1485 5190 respexerit,
1540 5121 1643 5175 hos
1679 5120 1796 5190 jam
1843 5136 1874 5175 a

263 5202 467 5259 timore
492 5212 770 5275 perpetua
813 5207 1007 5262 mortis
1055 5207 1323 5263 miserans
1382 5208 1673 5264 absolvat:
1736 5224 1873 5280 quos

264 5305 406 5346 vero
432 5292 491 5346 in
516 5293 760 5363 peccatis
790 5311 913 5366 qua
944 5303 1178 5369 egerunt
1206 5295 1504 5367 persistere
1532 5298 1869 5369 cognoverit,

262 5378 397 5434 illos
422 5396 525 5452 per
554 5379 734 5454 [deest
763 5383 904 5456 eam]
933 5384 1186 5440 omnibus
1216 5385 1497 5456 suppliciis
1543 5384 1871 5456 obligandos

263 5475 530 5533 insinuet.
565 5477 724 5535 Unde
751 5478 883 5536 alias
910 5481 1198 5549 Dominus,
1230 5481 1300 5538 de
1328 5489 1583 5554 correpto
1615 5481 1785 5539 semel
1817 5491 1871 5539 et

1974 4511 2101 4570 tate,
2125 4521 2247 4575 qua
2266 4519 2368 4574 per
2387 4504 2626 4559 hareses
2646 4510 2698 4557 et
2721 4501 3018 4557 schismata
3058 4517 3169 4558 non
3202 4508 3286 4557 est
3305 4501 3497 4571 divisa,
3518 4509 3577 4556 ut

1976 4608 2106 4648 vera
2126 4600 2251 4647 sunt
2271 4599 2627 4658 sacramenta,
2664 4591 2738 4646 ita
2775 4606 2910 4648 vera
2944 4597 3069 4645 sunt
3096 4589 3391 4663 ligamenta
3411 4597 3575 4662 atque

1977 4680 2273 4737 solutiones
2298 4700 2313 4750 ;
2335 4697 2455 4752 qua
2501 4678 2762 4736 adiﬁcata
2806 4687 2891 4735 est
2939 4695 3103 4750 super
3142 4686 3393 4750 petram:
3453 4693 3575 4750 qua

1975 4769 2135 4826 unica
2155 4769 2404 4826 columba
2424 4769 2759 4840 appellatur:
2785 4786 2906 4840 qua
2944 4783 3148 4839 sponsa
3180 4766 3406 4838 pulchra
3457 4766 3578 4821 sine

1974 4858 2188 4915 macula
2209 4866 2263 4913 et
2278 4874 2447 4931 ruga:
2472 4866 2523 4913 et
2561 4858 2754 4913 hortus
2788 4856 3098 4923 conclusus,
3142 4855 3266 4911 fons
3304 4854 3572 4928 signatus,

1972 4955 2168 5018 puteus
2187 4963 2343 5019 aqua
2356 4946 2512 5015 viva,
2536 4945 2823 5017 paradisus
2857 4960 2980 5000 cum
3020 4943 3197 5000 fructu
3249 4959 3564 5015 pomorum,

1973 5034 2128 5092 locus
2142 5052 2313 5107 penes
2333 5036 2508 5091 Deum
2526 5033 2583 5088 in
2602 5049 2710 5105 quo
2732 5033 2905 5088 solide
2919 5040 3109 5100 statur,
3126 5040 3180 5088 et
3201 5032 3357 5089 locus
3368 5048 3501 5087 auro
3520 5032 3578 5087 in

1972 5139 2079 5195 quo
2094 5124 2355 5180 conﬂetur
2377 5142 2393 5190 ;
2418 5129 2469 5178 et
2489 5123 2682 5178 domus
2703 5121 2803 5176 Dei
2823 5137 2944 5193 qua
2980 5121 3165 5179 claves
3203 5121 3364 5194 regni
3400 5120 3575 5178 coelo-

1972 5229 2096 5267 rum
2110 5213 2337 5282 accepit,
2361 5226 2427 5267 ac
2442 5217 2763 5282 potestatem
2783 5209 2989 5281 ligandi
3012 5218 3066 5265 et
3106 5209 3376 5266 solvendi.
3424 5210 3577 5265 Hanc

1972 5300 2194 5355 domum
2214 5299 2261 5353 si
2282 5298 2404 5370 quis
2423 5297 2787 5371 corrigentem
2813 5297 3309 5370 corripientemque
3344 5304 3580 5353 contem—

1969 5387 2157 5459 pserit,
2179 5385 2494 5458 pracipitur
2521 5402 2552 5440 a
2580 5386 2813 5442 Domino
2842 5394 2899 5443 ut
2914 5386 2991 5442 sit
3034 5387 3184 5442 sicut
3226 5386 3490 5442 ethnicus
3520 5388 3577 5441 et

1968 5476 2307 5549 publicanus
2335 5475 2553 5545 (Matth.
2584 5475 2770 5547 xvm).
