4056 6178
460 255 558 308 611

1351 251 1694 308 HINCMARI
1729 249 2132 307 RHEMENSIS
2179 250 2730 310 ARCHIEPISCOPI.

3651 259 3749 313 612

523 377 604 432 Ita
649 376 718 431 de
759 374 1022 448 ligatione
1069 383 1123 430 et
1167 373 1436 430 solutione
1507 382 1707 431 sanctae
1773 374 2056 430 catholica:
2075 375 2131 436 A
2156 375 2398 446 epistolae
2427 377 2504 431 illi
2533 377 2827 450 legendum
2853 376 3000 433 dedi.
3033 377 3094 432 In
3122 375 3360 433 indiculo
3389 383 3566 434 autem
3597 393 3632 433 a
3661 395 3750 436 me

449 463 732 531 Ecclesia,
767 471 819 519 et
849 463 1162 534 apostolicae
1192 463 1339 519 sedis
1371 461 1661 533 pontiﬁcis,
1697 463 1794 518 sed
1835 469 1888 517 et
1934 462 2060 516 sub-

447 552 720 621 jectorum
749 551 852 606 sibi
899 552 1278 622 episc0porum
1333 567 1398 605 ex
1446 550 1692 618 ejusdem
1746 550 2062 620 apostolicae

453 639 602 696 sedis
631 639 877 695 doctrina
907 639 1261 706 credendum,
1296 646 1348 694 et
1401 638 1714 705 tenendum,
1761 645 1924 710 atque
1974 653 2061 692 se-

454 729 728 800 quendum
757 727 986 798 accepi:
1021 735 1074 782 et
1133 727 1208 781 ita
1263 727 1450 792 credo,
1493 735 1690 792 .teneo,
1756 733 1808 780 et
1839 741 2057 797 sequor.

451 817 522 872 Et
551 816 643 889 qui
673 816 830 872 aliter
857 816 925 870 de
954 831 1042 870 me
1073 815 1213 869 dixit
1243 822 1406 886 atque
1437 815 1650 880 dixerit,
1701 813 1954 868 ostendet
2001 827 2062 869 se

453 921 576 960 esse
605 903 940 970 malivolum,
973 909 1026 956 et
1052 917 1140 956 me
1170 901 1402 973 probare
1429 917 1538 956 non
1567 900 1767 972 poterit
1795 915 1906 954 non
1936 916 2060 955 esse

453 993 775 1049 catholicum
807 1009 820 1046 :
854 1007 914 1046 se
943 998 1127 1045 autem
1156 989 1537 1060 comprobabit
1571 987 1899 1044 mendacem
1945 988 2058 1044 cri-

453 1081 798 1145 minatorem,
831 1087 884 1134 et
913 1094 1024 1134 non
1053 1077 1296 1132 criminis
1325 1093 1448 1131 esse
1477 1092 1566 1131 me
1595 1091 1768 1130 reum.
1803 1074 1940 1144 Quae
1967 1091 2060 1130 au-

447 1177 560 1224 tem
587 1169 720 1223 mihi
748 1167 1008 1223 discenda
1037 1173 1182 1231 sunt,
1230 1173 1280 1219 et
1309 1165 1538 1219 libenter
1565 1171 1617 1218 et
1638 1163 1960 1218 obedienter
1989 1164 2059 1218 ab

447 1257 590 1312 illius
619 1271 846 1312 summae
875 1253 1023 1309 sedis
1055 1251 1324 1308 catholica
1372 1251 1623 1306 doctrina
1667 1259 1890 1322 paratus
1937 1267 2059 1306 sum

451 1345 684 1412 discere,
719 1351 924 1408 tenere,
959 1348 1012 1395 et
1041 1339 1224 1410 loqui;
1278 1355 1400 1409 quae
1421 1339 1476 1392 in
1505 1339 1742 1408 primatu
1785 1340 1844 1392 B.
1891 1338 2055 1406 Petri,

450 1433 536 1489 cui
565 1431 830 1488 Dominus
857 1428 1006 1483 trina
1035 1426 1354 1498 repetitione
1401 1427 1710 1496 pascendas
1757 1442 1883 1481 suas
1925 1442 2058 1482 oves

447 1519 720 1577 commisit
745 1519 926 1588 (Joan.
961 1515 1108 1585 xxx),
1142 1523 1196 1570 et
1226 1522 1284 1569 ut
1315 1512 1671 1570 confirmaret
1703 1513 1904 1570 fratres
1925 1531 2056 1570 suos

449 1605 706 1680 praecepit
733 1606 890 1674 (Luc.
925 1605 1093 1674 xm),
1126 1601 1470 1674 privilegium
1500 1603 1766 1672 primatus
1812 1603 2056 1658 omnium

455 1694 829 1752 Ecclesiarum
857 1693 914 1748 in
941 1700 1054 1748 toto
1082 1692 1216 1748 orbe
1245 1699 1517 1746 terrarum
1547 1691 1778 1764 accepit.

982 1797 1208 1854 CAPUT
1283 1797 1511 1852 XXVII.

455 1889 607 1959 Quod
621 1889 789 1962 plura
807 1889 955 1960 falso
976 1889 1180 1941 narrat
1200 1885 1267 1940 de
1288 1885 1843 1962 litterisapostolici:
1865 1900 2056 1941 secum

951 1973 1068 2012 non
1097 1957 1556 2011 communicatis.

521 2049 700 2104 Isdem
731 2046 891 2102 etiam
915 2043 1076 2100 frater
1105 2051 1291 2099 noster
1312 2043 1661 2110 Hincmarus,
1694 2042 1828 2098 mihi
1865 2041 2055 2097 litteris

453 2136 573 2192 suis
602 2133 830 2207 impegit
856 2148 1056 2188 noxam
1087 2147 1196 2186 non
1243 2131 1420 2186 levem
1455 2148 1470 2185 :
1514 2131 1560 2185 si
1607 2146 1796 2186 verum
1828 2129 2051 2196 diceret,

451 2241 539 2281 me
565 2222 908 2282 commisisse
941 2227 1129 2276 contra
1159 2219 1406 2274 eamdem
1438 2226 1680 2273 sanctam
1710 2225 1764 2272 et
1792 2217 2054 2288 apostoli-

451 2328 570 2370 cam
599 2311 808 2376 sedem,
843 2309 1032 2364 dicens
1065 2324 1080 2359 :
1118 2327 1141 2356 ε
1175 2305 1426 2361 Vocastis
1489 2321 1577 2360 me
1619 2305 1810 2359 litteris
1861 2313 2056 2360 vestra:

449 2397 781 2456 auctoritatis
799 2395 1122 2452 Attiniacum
1138 2393 1206 2447 ad
1227 2393 1514 2464 synodum,
1559 2392 1868 2447 intimantes
1927 2393 2056 2464 quia

449 2488 644 2543 litterae
693 2483 880 2540 domni
911 2480 1200 2553 apostolici
1226 2480 1428 2536 domno
1449 2480 1569 2552 regi
1587 2480 1802 2547 Carolo,
1823 2487 1875 2536 et
1896 2479 2056 2552 regni

447 2574 620 2648 ipsius
641 2570 913 2645 episcopis
930 2571 1151 2626 directae
1171 2567 1410 2635 fuerunt,
1447 2568 1516 2622 de
1546 2569 1747 2639 quibus
1781 2567 1899 2622 sine
1958 2585 2055 2640 sy-

447 2661 631 2718 nodali
653 2659 906 2717 consultu
926 2656 1248 2729 responderi
1285 2671 1396 2712 non
1415 2662 1651 2726 poterat.
1679 2653 1939 2723 Quamvis
1957 2655 2056 2709 has

445 2751 656 2808 litteras
685 2749 742 2803 in
762 2745 1020 2803 Gundulﬁ
1049 2745 1178 2802 villa
1208 2743 1619 2815 (Houdt’lcourt)
1651 2743 2052 2814 suscepissetis,

451 2839 546 2894 ubi
574 2845 627 2893 et
657 2851 900 2908 praesens
929 2833 1078 2888 adfui
1107 2851 1120 2886 :
1151 2848 1290 2903 quas
1317 2832 1451 2886 mihi
1500 2832 1704 2887 ibidem
1749 2831 2056 2886 nullatenus

453 2923 788 2982 ostendistis.
813 2923 948 2977 Cum
1003 2927 1187 2976 autem
1240 2919 1570 2974 Attiniacum
1625 2919 1768 2984 veni,
1829 2918 2056 2973 dedistis

451 3011 586 3070 mihi
612 3009 768 3082 quasi
794 3007 1070 3078 exemplar
1099 3006 1436 3072 earumdem,
1485 3005 1674 3078 legere
1716 3022 1806 3061 me
1851 3021 2056 3076 rogan-

451 3109 551 3168 tes,
585 3106 640 3155 et
667 3097 748 3153 sic
775 3095 953 3150 statim
983 3093 1110 3148 inde
1137 3110 1226 3148 me
1275 3093 1632 3165 respondere,
1682 3101 1734 3148 et
1779 3101 1836 3147 ut
1877 3093 2060 3164 perle-

451 3204 591 3263 gens
632 3185 870 3256 1dipsum
915 3182 1194 3253 exemplar
1241 3181 1397 3238 vobis
1443 3181 1693 3252 protinus
1739 3181 2051 3248 redderem,

455 3273 806 3349 praecepistis.
859 3271 1008 3328 Sicut
1052 3277 1230 3326 autem
1284 3277 1476 3341 postea
1521 3285 1620 3340 per
1663 3268 1808 3324 aliud
1875 3268 2056 3326 dedici

457 3362 756 3436 exemplar,
798 3361 952 3433 plura
998 3357 1239 3415 indiculo
1287 3365 1472 3414 vestro
1517 3357 1650 3412 mihi
1686 3365 1906 3413 ostenso
1952 3357 2054 3413 de-

449 3455 690 3510 fuerunt.
727 3471 749 3503 1

519 3541 653 3612 Quae
694 3539 837 3594 dicta
883 3535 1028 3592 illius
1076 3549 1185 3591 non
1235 3541 1363 3590 sunt
1407 3549 1561 3590 vera.
1609 3533 1754 3590 Nam
1802 3531 1920 3604 ipsa
1964 3532 2054 3589 die

449 3629 664 3703 quando
689 3625 846 3682 missi
891 3623 1078 3682 domni
1133 3621 1438 3694 apostolici,
1497 3621 1556 3676 in
1611 3619 1870 3677 Gundulﬁ
1925 3620 2054 3676 villa

449 3720 565 3789 ejus
593 3715 854 3788 epistolas
881 3713 938 3768 in
969 3711 1258 3783 praesentia
1289 3710 1440 3783 regis
1469 3717 1524 3765 et
1553 3709 1955 3780 episcoporum,
1999 3715 2054 3763 et

448 3816 768 3864 ceterorum
797 3801 1038 3857 fidelium
1069 3800 1163 3870 qui
1192 3798 1269 3853 ibi
1295 3798 1535 3862 aderant,
1567 3796 1700 3850 mihi
1731 3797 1997 3852 dederunt
2035 3811 2050 3849 :

449 3896 589 3951 sicut
619 3901 672 3948 et
701 3892 934 3946 domnus
963 3903 1060 3943 rex
1089 3886 1211 3954 scit,
1264 3893 1316 3940 et
1357 3883 1620 3954 episcopi,
1668 3899 1733 3938 ac
1775 3882 1958 3938 caeteri
1995 3882 2054 3937 in

449 3995 680 4056 quorum
711 3975 1005 4050 praesentia
1045 3971 1304 4045 epistolas
1343 3971 1465 4026 illas
1507 3971 1714 4041 accepi,
1764 3977 2051 4044 antequam

448 4071 520 4126 de
547 4069 668 4138 ipsa
696 4067 860 4120 domo
889 4061 1116 4130 exirem,
1152 4059 1404 4116 audiente
1435 4073 1588 4131 rege,
1621 4066 1672 4114 et
1704 4057 2051 4115 audientibus

451 4153 744 4230 episcOpis,
779 4161 832 4208 et
863 4149 1074 4208 caeteris
1095 4147 1188 4220 qui
1205 4147 1406 4202 ibidem
1435 4147 1673 4214 fuerunt,
1707 4162 1802 4202 eas
1853 4147 2045 4220 relegi.

449 4247 518 4302 Et
549 4244 596 4299 si
625 4242 951 4298 Hincmarus
981 4237 1054 4292 ibi
1077 4237 1194 4304 fuit,
1225 4244 1278 4292 et
1305 4235 1495 4292 audire
1543 4252 1639 4291 eas
1687 4235 1876 4302 voluit,
1910 4235 2050 4291 sicut

447 4343 499 4392 et
530 4330 714 4391 ceteri
747 4345 842 4386 eas
871 4327 1180 4393 audierunt,
1218 4325 1407 4382 audire
1442 4324 1620 4381 modis
1652 4324 1902 4380 omnibus
1939 4339 2045 4395 po-

2088 3059 2138 3123 Ο

2163 463 2411 533 collecto,
2447 473 2500 519 et
2545 465 2789 538 regibus,
2841 473 2893 521 et
2941 465 3210 538 episcopis
3253 465 3460 521 relecto
3501 473 3554 520 et
3601 467 3748 534 dato,

2161 561 2418 623 quantum
2447 553 2515 607 de
2544 552 2664 623 ipsa
2693 553 2941 624 epistola,
2975 553 3073 609 sed
3103 561 3154 608 et
3185 553 3252 607 de
3281 553 3376 608 illa
3402 567 3568 624 quam
3597 553 3752 609 dom-

2161 656 2262 694 nus
2283 639 2614 712 apostolicus
2632 641 2778 695 misit
2797 643 2968 712 (m‘hil
2984 643 3224 697 istorum
3244 641 3479 712 exstat),
3503 657 3756 698 necessa-

2161 727 2298 782 rium
2345 727 2734 782 admittendum
2777 729 2906 798 vidi,
2955 729 3098 796 misi,
3151 737 3204 783 et
3249 729 3536 798 exemplar
3585 728 3755 799 ipsius

2159 814 2382 871 indiculi
2410 816 2610 871 domno
2639 817 2937 886 apostolico
2967 833 3034 871 ex
3064 815 3292 888 epistola
3320 831 3444 872 mea
3476 815 3667 871 direxi.
3692 817 3759 871 Et

2159 902 2332 973 ipsam
2361 903 2644 974 epistolam
2671 905 2856 958 domni
2885 904 3186 974 apostolici,
3221 903 3319 958 sed
3369 911 3422 959 et
3473 919 3755 959 memora-

2159 999 2272 1045 tum
2297 991 2613 1058 indiculum,
2661 992 2760 1048 sed
2799 1000 2853 1048 et
2893 991 3094 1063 scripta
3133 991 3302 1062 ipsius
3357 991 3538 1048 fratris
3585 992 3756 1047 Hinc-

2159 1079 2315 1144 mari,
2349 1079 2439 1134 hic
2465 1079 2640 1134 habeo
2672 1095 2688 1134 :
2718 1080 2911 1150 quibus
2937 1079 3157 1150 probari
3185 1086 3364 1150 potest
3420 1095 3508 1135 me
3565 1095 3754 1135 verum

2160 1166 2362 1236 dicere,
2399 1174 2452 1222 et
2479 1167 2630 1221 illum
2658 1183 2690 1222 a
2719 1183 2851 1222 vero
2880 1167 3118 1224 deviare.

2691 1272 2914 1328 CAPUT
2969 1273 3221 1328 XXVIII.

2166 1360 2316 1428 Quod
2343 1375 2486 1416 vane
2535 1361 2834 1432 gloriatur,
2906 1362 3556 1416 cxcommunicationcm
3607 1377 3644 1416 α
3699 1377 3757 1416 se

2338 1434 2556 1500 factam
2584 1448 2618 1486 a
2637 1432 2762 1486 sede
2793 1433 3102 1502 apostolica
3127 1432 3422 1502 probatum
3453 1433 3549 1486 iri.

2229 1517 2430 1573 Scribit
2459 1518 2624 1573 etiam
2653 1517 2708 1572 in
2741 1518 2915 1574 rotula
2944 1533 3106 1590 quam
3135 1535 3232 1590 per
3261 1517 3592 1574 Clarentium
3633 1534 3758 1588 pre-

2157 1606 2438 1676 sbyterum
2471 1621 2632 1661 suum
2661 1605 2792 1661 mihi
2821 1606 3116 1661 transmisit
3161 1607 3265 1662 hoc
3305 1606 3469 1662 modo
3502 1623 3515 1660 :
3551 1627 3574 1656 ι
3627 1606 3760 1660 Tam

2083 1717 2137 1778 B
2158 1693 2470 1749 intentative
2501 1695 2558 1749 in
2585 1694 2852 1750 Attiniaco
2881 1695 2950 1750 de
2980 1693 3541 1750 excommunicatione
3589 1707 3624 1748 a
3669 1709 3761 1749 me

2158 1781 2214 1836 in
2238 1781 2502 1852 parochia
2537 1797 2662 1838 mea
2709 1781 2854 1838 facta
2901 1782 3263 1853 interrogatus
3305 1798 3443 1837 sum.
3495 1782 3760 1836 Tantum-

2157 1869 2320 1925 modo
2347 1870 2452 1926 hoc
2485 1869 2694 1925 interea
2740 1871 2942 1941 pando,
2991 1885 3056 1925 eo
3107 1869 3250 1940 quod
3297 1885 3396 1924 vos
3455 1869 3758 1924 inauditam

2157 1957 2328 2026 illam,
2361 1973 2426 2014 ac
2453 1965 2644 2014 contra
2673 1957 3022 2028 apostolicam
3081 1957 3400 2024 doctrinam,
3457 1965 3511 2012 et
3569 1964 3760 2012 contra

2158 2045 2584 2102 ecclesiasticam
2639 2046 2926 2102 veritatem
2979 2044 3148 2100 fuisse
3213 2045 3468 2100 asseratis
3533 2044 3754 2100 factam.

2155 2135 2278 2190 Non
2304 2135 2469 2189 aliam
2497 2134 2647 2189 illam
2674 2133 2798 2200 feci,
2833 2150 2993 2204 quam
3021 2149 3052 2187 a
3079 2141 3263 2188 vestra
3290 2133 3428 2188 vivae
3457 2132 3610 2188 vocis
3659 2132 3758 2188 do-

2155 2221 2332 2276 ctrina
2359 2221 2661 2277 faciendam
2690 2220 2876 2287 didici,
2905 2228 2958 2276 et
2985 2235 3081 2276 vos
3111 2235 3174 2275 ea
3203 2237 3325 2291 qua)
3367 2221 3492 2288 jure
3535 2220 3758 2274 destru-

2155 2309 2327 2374 xistis,
2361 2309 2430 2363 ab
2459 2325 2520 2364 re
2549 2308 2818 2364 aedificare
2847 2325 2957 2363 non
2986 2307 3213 2363 debetis.
3251 2309 3364 2362 Imo
3395 2315 3448 2362 et
3487 2323 3652 2380 quam
3703 2307 3760 2361 in

2155 2398 2396 2453 Romana
2425 2397 2556 2452 sede
2583 2397 2882 2468 apostolica
2911 2395 3230 2450 auctoritate
3259 2395 3494 2466 cognovi
3549 2395 3760 2465 prasin-

2155 2484 2340 2552 ditam,
2372 2492 2426 2540 et
2453 2484 2522 2538 de
2555 2501 2660 2556 qua
2689 2484 2940 2539 eamdem
2967 2483 3098 2538 mihi
3127 2483 3315 2538 sedem
3343 2481 3594 2538 declamo
3641 2481 3760 2536 fore

2156 2571 2453 2628 auctricem
2486 2589 2502 2626 :
2533 2571 2688 2640 cujus
2743 2571 2972 2626 interest
3012 2579 3066 2626 et
3119 2570 3187 2625 de
3243 2569 3334 2624 illa
3381 2585 3416 2624 a
3468 2585 3556 2624 me
3615 2568 3761 2624 facta

2156 2659 2715 2716 excommunicatione
2738 2659 3006 2727 judicare,
3040 2665 3094 2714 et
3124 2658 3192 2714 de
3222 2665 3404 2713 vestra
3419 2655 3760 2712 resolutione

2156 2747 2472 2804 decernere.
2511 2767 2534 2798 ι

2226 2836 2310 2891 Ad
2339 2853 2461 2908 quae
2488 2833 2996 2903 rescribo.Majores
3015 2834 3084 2889 ad
3103 2833 3358 2890 doctores
3383 2831 3554 2888 nostri
3589 2833 3754 2888 dixe-

2155 2923 2560 2994 runt,quaedam
2593 2939 2716 2978 esse
2747 2923 2984 2990 nomina,
3023 2937 3144 2992 quas
3183 2921 3238 2975 in
3259 2921 3576 2977 femininum
3607 2921 3758 2976 ﬂecti

2155 3027 2266 3066 non
2293 3019 2540 3081 possunt,
2572 3019 2632 3066 ut
2659 3018 2866 3079 auctor,
2901 3025 3113 3066 cursor.
3147 3005 3214 3064 Et
3271 3009 3374 3064 iste
3431 3025 3605 3064 novus
3655 3009 3758 3063 do-

2157 3107 2294 3167 ctor,
2327 3099 2418 3170 qui
2455 3099 2664 3154 noviter
2714 3099 2988 3154 adinvenit
3043 3097 3191 3169 quod
3249 3097 3456 3153 diceret
3505 3097 3574 3152 de
3633 3097 3760 3166 ipsa

2155 3187 2729 3252 excommunicatione,
2762 3185 3121 3257 apostolicam
3151 3185 3338 3240 sedem
3376 3201 3437 3240 se
3483 3184 3756 3240 reclamat

2154 3275 2272 3332 fore
2301 3277 2631 3332 auctricem.
2667 3275 2774 3330 Sed
2802 3291 2890 3330 me
2920 3281 3200 3330 auctorem
3215 3289 3327 3328 non
3341 3271 3580 3338 habebit,
3606 3287 3670 3326 se
3691 3287 3760 3327 eo

2155 3363 2302 3435 quod
2333 3379 2499 3435 super
2525 3379 2614 3418 me
2641 3361 2788 3428 dicit,
2826 3384 2848 3412 ι
2875 3362 3000 3433 quia
3029 3377 3138 3418 non
3165 3360 3324 3416 aliam
3353 3359 3502 3416 illam
3529 3375 3760 3416 excom-

2153 3451 2572 3508 municationem
2601 3449 2858 3522 parochia
2886 3465 2986 3504 sua
3013 3449 3160 3516 fecit,
3195 3463 3361 3520 quam
3389 3465 3423 3504 a
3447 3463 3572 3504 mea
3615 3447 3762 3504 vivae

2153 3540 2303 3596 vocis
2353 3539 2600 3596 doctrina
2658 3537 2967 3594 faciendam
3014 3537 3219 3594 didicit.
3257 3557 3280 3587 ι
3303 3537 3374 3591 Et
3415 3536 3560 3607 quod
3627 3551 3763 3591 mox

2151 3627 2498 3698 subsequitur
2529 3644 2544 3681 :
2582 3647 2605 3677 α
2639 3625 2902 3694 Quoniam
2933 3641 2998 3681 ea
3027 3641 3150 3697 quae
3171 3626 3296 3694 jure
3311 3622 3580 3690 dextruxi,
3606 3623 3762 3677 abre

2151 3715 2426 3771 aediﬁcare
2453 3731 2565 3770 non
2593 3713 2789 3780 debeo,
2827 3735 2848 3764 ιι
2881 3729 3070 3770 verum
3097 3729 3221 3768 esse
3278 3711 3560 3768 confirmo.
3609 3711 3762 3765 Nam

2151 3819 2253 3874 per
2281 3802 2657 3876 evangelicum
2686 3802 2990 3870 veritatem,
3013 3809 3068 3856 et
3087 3799 3442 3872 apostolicam
3470 3807 3634 3871 atque
3669 3814 3764 3854 ca-

2152 3890 2410 3946 nonicam
2443 3889 2854 3956 auctoritatem;
2887 3904 3100 3945 necnon
3133 3895 3186 3943 et
3213 3904 3316 3959 per
3329 3886 3648 3958 apostolicae
3671 3902 3766 3941 se-

2152 3978 2242 4035 dis
2285 3977 2589 4035 doctrinam
2645 3985 2807 4049 atque
2853 3977 3096 4044 decreta,
3167 3990 3323 4030 suam
3385 3974 3761 4046 perniciosam

2151 4065 2769 4123 excommunicationem
2799 4063 3041 4120 destruxi
3074 4079 3087 4118 :
3121 4079 3280 4136 quam
3306 4063 3376 4117 ab
3397 4079 3458 4118 re
3475 4061 3758 4117 aediﬁcare

2149 4171 2261 4211 non
2289 4154 2485 4220 debeo,
2517 4169 2620 4209 nec
2649 4153 2793 4218 volo,
2831 4168 2933 4208 nec
2969 4151 3144 4208 valeo.

2219 4245 2281 4297 In
2309 4257 2376 4297 eo
2405 4257 2537 4297 vero
2566 4241 2710 4313 quod
2730 4239 2877 4306 dicit,
2902 4239 3028 4311 quia
3047 4253 3158 4296 non
3177 4237 3340 4294 aliam
3355 4237 3504 4292 illam
3529 4252 3760 4293 excom-

2149 4329 2571 4386 municationem
2598 4328 2742 4396 fecit,
2778 4350 2800 4380 ι
2836 4343 3000 4399 quam
3031 4327 3085 4381 in
3123 4327 3368 4382 Romana
3425 4325 3556 4381 sede
3609 4339 3761 4396 apo-

445 4423 566 4479 tuit.
596 4419 754 4490 Quod
781 4418 927 4484 dicit,
981 4415 1240 4488 quoniam
1290 4413 1448 4486 quasi
1503 4413 1782 4484 exemplar
1837 4407 2114 4468 earum-D
2147 4419 2340 4475 stolica
2393 4416 2708 4474 auctoritate
2763 4415 3018 4487 cognovit
3069 4414 3433 4488 praeiuditam,
3471 4434 3493 4463 ι
3553 4411 3612 4467 id
3674 4420 3764 4467 est

444 4513 592 4578 dem,
626 4507 843 4582 quando
881 4505 1210 4562 Attiniacum
1251 4503 1418 4572 venit,
1465 4501 1544 4556 illi
1585 4500 1730 4570 dedi,
1779 4509 1833 4558 et
1861 4500 2048 4574 legere

447 4599 656 4674 rogavi,
687 4605 742 4653 et
771 4597 850 4652 sic
881 4595 1062 4650 statim
1091 4592 1450 4664 respondere,
1505 4605 1614 4646 non
1659 4589 1790 4646 dicit
1833 4606 2042 4646 verum.

447 4687 740 4760 Exemplar
766 4683 1066 4740 secundum
1097 4689 1338 4737 tenorem
1385 4678 1756 4735 authenticum
1805 4679 2048 4748 epistolae

447 4777 526 4832 illi
556 4777 625 4831 ad
653 4773 948 4846 legendum
977 4770 1124 4840 dedi,
1173 4769 1309 4826 sicut
1343 4775 1394 4824 et
1421 4767 1631 4823 Erardo
1681 4766 2042 4838 [Turonensi],

447 4873 500 4920 et
529 4862 810 4919 Waniloni
839 4856 1332 4934 [Rothomagensi],
1365 4863 1418 4912 et
1446 4855 1680 4912 Vulfado
1728 4853 2046 4926 [Bituricen-

447 4953 535 5026 si],
569 4959 620 5008 et
649 4949 864 5008 caneris
892 4945 1316 5019 archiepiscopis
1345 4943 1532 5000 domui
1547 4941 1725 4998 Caroli
1743 4957 1810 4997 ex
1831 4941 2046 5013 integro

443 5041 587 5108 misi,
621 5047 675 5096 et
707 5037 957 5094 eamdem
983 5035 1269 5108 epistolam
1299 5033 1354 5088 in
1383 5031 1592 5104 synodo
1622 5029 1766 5101 apud
1810 5028 2046 5084 Attinia-

446 5147 570 5188 cum
599 5127 790 5200 relegi.
816 5125 975 5196 Quod
1003 5124 1153 5192 dicit,
1185 5139 1273 5179 me
1307 5120 1538 5192 jussisse
1579 5118 1732 5174 illum
1768 5125 1826 5172 ut
1867 5117 2047 5172 statim

447 5218 806 5290 responderet
840 5231 854 5272 :
885 5229 993 5272 non
1036 5213 1114 5269 sic
1164 5211 1318 5266 dixi:
1381 5207 1478 5266 sed
1531 5214 1592 5263 ut
1647 5206 1860 5279 legeret
1913 5205 2048 5260 illud

448 5307 744 5379 exemplar,
775 5313 830 5362 et
857 5303 1068 5360 videret
1094 5299 1226 5374 quid
1277 5298 1404 5353 inde
1451 5295 1830 5368 responderet.
1887 5293 2050 5363 Quod

448 5394 599 5460 dicit,
633 5394 758 5466 quia
785 5409 886 5464 per
913 5391 1060 5447 aliud
1087 5385 1363 5458 exemplar
1389 5385 1578 5442 didicit
1605 5383 1760 5455 plura
1805 5382 1862 5438 in
1909 5383 2050 5438 indi-

450 5489 576 5548 culo
605 5505 728 5546 meo
760 5489 866 5544 sibi
898 5495 1116 5544 ostensa
1159 5483 1402 5541 defuisse
1429 5500 1444 5538 :
1467 5480 1746 5552 integrum
1775 5479 2052 5550 exemplar

2146 4515 2269 4563 ante
2325 4505 2605 4571 insertam,
2665 4511 2788 4559 ante
2845 4503 3170 4574 impositam,
3229 4509 3352 4557 ante
3407 4499 3762 4554 immissam:

2146 4595 2308 4650 nimis
2337 4595 2596 4650 audacter
2621 4593 2804 4664 posuit
2831 4591 2888 4647 in
2916 4591 3116 4648 caelum
3161 4606 3224 4645 os
3271 4605 3446 4644 suum.
3505 4588 3574 4642 Et
3623 4587 3762 4642 ideo

2147 4699 2257 4740 non
2285 4690 2369 4739 est
2397 4683 2596 4738 mirum
2627 4681 2672 4736 si
2701 4680 2888 4752 lingua
2916 4679 3035 4749 ejus
3065 4677 3311 4734 transivit
3331 4679 3388 4730 in
3407 4685 3635 4742 terram,
3697 4683 3762 4729 ut

2146 4773 2216 4828 de
2243 4789 2330 4827 me
2357 4779 2647 4842 peccatore
2677 4769 2883 4825 diceret
2918 4784 2930 4823 :
2968 4790 2990 4816 ιι
3034 4767 3159 4822 Non
3208 4765 3370 4820 aliam
3425 4763 3578 4818 illam
3623 4761 3760 4832 feci,

2146 4877 2310 4933 quam
2338 4877 2369 4915 a
2389 4867 2568 4916 vestra
2599 4857 2736 4914 vivae
2765 4856 2916 4913 vocis
2960 4855 3210 4912 doctrina
3253 4851 3558 4909 faciendam
3601 4849 3764 4904 didi-

2147 4949 2216 5006 ci.
2255 4968 2278 4998 ι
2309 4947 2418 5003 Sed
2447 4946 2585 5002 sicut
2612 4945 2915 5017 apostolica
2944 4943 3106 4998 sedes
3136 4959 3166 4996 a
3199 4941 3358 4996 nobis
3379 4938 3624 4996 accusari
3645 4953 3768 4994 non

2145 5037 2326 5102 debet,
2347 5049 2449 5090 nec
2469 5033 2649 5091 valet:
2680 5033 2752 5088 ita
2799 5030 3146 5088 excusatione
3189 5036 3390 5084 nostra;
3431 5025 3766 5081 humilitatis

2145 5141 2256 5182 non
2277 5123 2504 5196 indiget.
2535 5123 2928 5178 Verumtamen
2957 5120 3104 5191 quod
3131 5133 3242 5174 non
3261 5118 3329 5172 ab
3355 5113 3576 5171 incertis
3607 5113 3778 5168 rela-

2145 5213 2354 5268 toribus
2379 5210 2506 5266 inde
2535 5209 2859 5278 audivimus,
2891 5223 3014 5264 cum
3037 5206 3198 5264 venia
3221 5205 3390 5276 ipsius
3411 5201 3558 5258 sedis
3579 5200 3764 5256 libere

2147 5301 2332 5357 dicere
2373 5315 2686 5372 possumus.
2727 5295 3047 5354 Audivimus
3088 5309 3344 5365 namque,
3379 5289 3500 5362 quia
3547 5297 3768 5344 sanctae

2149 5389 2428 5446 memoriae
2454 5387 2712 5446 Nicolaus
2741 5401 2902 5458 papa,
2929 5391 3117 5441 sancta
3145 5383 3390 5439 Romana
3417 5375 3680 5434 Ecclesia
3703 5377 3768 5431 in

2150 5477 2440 5535 afﬂictione
2477 5476 2672 5548 posita,
2709 5475 3028 5532 auctoritate
3083 5471 3295 5528 Veteris
3315 5477 3370 5524 et
3399 5465 3540 5524 Novi
3565 5465 3770 5521 Testa-
