4020 6178
200 284 311 341 613

925 282 1170 341 OPUSC.
1209 281 1299 339 ET
1353 279 1571 338 EPIST.
1622 278 1698 336 IN
1750 273 1975 335 CAUSA
2028 274 2373 333 HINCMARI
2408 271 2717 332 LAUDUN.

3404 271 3509 333 614

204 408 406 477 menti,
439 406 496 463 in
517 406 745 477 jejunio,
774 414 828 464 et
854 406 1004 475 ﬂetu,
1055 423 1119 463 ac
1150 406 1386 478 planctu,
1418 405 1473 460 in
1518 404 1702 461 cinere
1761 401 1883 463 etA
1911 400 2248 472 baptizandis
2267 398 2482 466 infudit,
2517 398 2658 455 sicut
2712 397 2769 453 in
2813 411 2970 455 sacra
2996 397 3222 455 historia
3277 396 3502 472 legitur.

209 496 399 552 cilicio
437 495 653 550 litanias
708 494 982 551 indixerit.
1044 496 1153 550 Sed
1207 511 1237 548 a
1286 494 1437 550 nullo
1482 492 1811 558 audivimus,

207 583 339 654 quia
370 598 540 639 causa
570 598 792 638 suarum
814 582 1136 651 injuriarum
1161 590 1214 638 et
1258 581 1430 652 ipsius
1470 580 1618 637 sedis
1674 594 1814 649 apo-

206 670 439 740 stolicae,
473 671 730 741 parvulos
761 671 818 724 in
848 670 1158 726 discrimine
1189 669 1381 725 mortis
1402 668 1609 740 positos
1640 667 1817 737 bapti-

208 758 344 828 zari,
380 767 435 814 et
464 758 793 814 obeuntibus
814 765 976 829 atque
1006 758 1312 829 petentibus
1344 756 1591 812 ultimam
1641 755 1817 827 paeni-

207 847 462 913 tentiam,
497 855 551 901 et
579 846 763 902 viatici
793 846 1036 901 muneris
1067 846 1525 910 communionem,
1557 851 1609 899 et
1660 858 1814 898 mor-

208 934 316 989 tuis
362 934 702 1005 sepulturam
748 934 943 1006 negari
986 933 1337 1005 praeceperit.
1395 934 1465 987 Et
1520 931 1669 1003 quod
1724 930 1816 985 illa

207 1022 774 1077 excommunicatione
805 1021 1112 1092 perniciosa
1145 1037 1304 1093 quam
1358 1020 1506 1088 fecit,
1568 1018 1815 1074 eamdem

206 1109 313 1165 sibi
344 1109 540 1164 sedem
566 1112 712 1180 fore,
745 1124 999 1164 sermone
1028 1108 1244 1174 vitioso,
1278 1115 1440 1179 atque
1470 1106 1811 1163 calumnioso

206 1196 343 1251 dicit
371 1197 706 1261 auctriccm,
743 1211 853 1249 non
884 1195 1179 1252 credimus.
1213 1195 1367 1249 Absit
1399 1193 1543 1248 enim
1573 1201 1651 1263 ut,
1678 1193 1816 1249 sicut

208 1282 297 1338 hic
327 1282 504 1338 frater
548 1282 872 1338 Hincmarus
888 1282 946 1336 in
972 1281 1282 1353 pernicioso
1313 1281 1517 1352 scripto
1564 1296 1665 1336 suo
1706 1280 1814 1334 im-

204 1370 434 1442 proprie
455 1371 644 1425 dicens
674 1370 965 1436 declamat,
998 1386 1111 1424 sua:
1141 1368 1581 1442 colligationibus
1622 1368 1817 1439 impie-

206 1459 334 1514 tatis
363 1458 664 1529 apostolica
694 1457 855 1515 sedes
883 1457 1181 1514 consentiat
1211 1456 1464 1523 ;minime
1493 1463 1673 1511 autem
1720 1473 1817 1512 au-

209 1547 374 1603 ctrix
405 1546 621 1601 existat.
653 1545 789 1615 Quae
802 1561 900 1616 per
926 1545 986 1600 B.
1007 1544 1355 1600 Coelestinum
1375 1544 1633 1599 universo
1660 1559 1816 1598 mun-

205 1629 278 1684 do
306 1627 612 1699 apostolice
646 1629 890 1683 intonat:
921 1652 942 1675 u
1005 1627 1478 1697 Obsecrationum,
1537 1627 1812 1698 inquiens,

1914 488 2174 546 Similiter
2201 495 2253 544 et
2280 489 2350 543 de
2376 487 2463 542 his
2483 486 2574 559 qui
2603 486 2846 541 ultimam
2876 486 3269 558 pcenitentiam,
3315 495 3369 543 et
3395 488 3505 543 via-

1912 577 2006 632 tici
2033 576 2275 632 muneris
2296 575 2736 632 communionem
2763 575 3055 646 petierunt,
3107 583 3161 631 et
3216 575 3505 647 impetrare

1914 680 2011 735 pro
2031 681 2127 719 sua
2169 664 2548 720 interdictione
2606 679 2716 719 non
2761 671 3077 735 potuerunt,
3131 663 3307 735 gratia
3362 664 3507 734 ejus,

1914 752 2001 808 cui
2021 753 2089 806 ab
2109 751 2414 807 omnifideli
2434 751 2632 807 dicitur
2653 769 2665 805 :
2696 752 2947 808 Gemitus
2962 767 3122 807 meus
3151 769 3186 806 a
3220 755 3272 807 te
3288 768 3403 809 non
3420 755 3514 808 est

1915 843 2274 896 absconditus
2296 838 2473 910 (Psal.
2497 839 2729 910 xxxvn)
2750 857 2763 893 :
2784 846 2836 895 et
2850 840 3049 911 quibus
3062 838 3294 911 singulis
3313 838 3506 895 Domi-

1914 944 2017 982 nus
2045 927 2176 982 dicit
2209 945 2222 981 :
2256 928 2380 982 Mox
2410 936 2467 982 ut
2498 927 2851 998 ingemueris,
2877 927 3060 983 salvus
3090 927 3219 995 eris,
3253 927 3321 981 ad
3353 927 3507 982 salu-

1915 1023 2024 1071 tem
2054 1015 2315 1086 prodesse
2336 1014 2578 1071 valuerit.
2614 1017 2736 1086 Ipse
2767 1023 2949 1070 tamen
2977 1014 3046 1069 de
3077 1030 3266 1069 eorum
3312 1015 3505 1085 perdi-

1916 1102 2061 1158 tione
2084 1118 2311 1158 securus
2341 1118 2464 1157 esse
2484 1118 2595 1157 non
2624 1109 2822 1172 potest,
2855 1102 2900 1156 si
2928 1101 3094 1173 aliqui
3120 1102 3238 1157 sine
3296 1101 3505 1158 eisdem

1916 1190 2274 1247 sacramentis
2302 1205 2401 1261 per
2430 1205 2584 1244 suam
2604 1189 2904 1258 jussionem
2961 1189 3232 1257 abierunt,
3282 1196 3342 1244 ut
3392 1205 3504 1246 non

1914 1277 2151 1334 districte
2181 1277 2307 1332 inde
2330 1277 2622 1346 judicetur.

1984 1366 2055 1420 Et
2086 1365 2133 1420 si
2161 1364 2275 1420 vult
2302 1365 2488 1420 dicere
2503 1366 2572 1420 de
2602 1362 3152 1420 excommunicatione
3207 1364 3504 1420 Nortman-

1914 1452 1989 1519 ni,
2021 1469 2180 1525 quam
2209 1453 2547 1508 mendaciter
2573 1468 2676 1524 per
2704 1451 3108 1522 subreptionem
3137 1467 3168 1505 a
3204 1451 3335 1508 sede
3372 1468 3505 1524 apo-

1915 1540 2104 1596 stolica
2133 1540 2333 1607 elicuit,
2358 1555 2662 1613 suggerens
2682 1540 3076 1595 Nortmannum
3106 1555 3196 1594 res
3256 1555 3370 1595 sum
3424 1555 3509 1597 ec-

1915 1628 2096 1683 clesiae
2121 1628 2412 1695 invasisse,
2446 1644 2581 1700 quas
2610 1627 2728 1698 ipse
2756 1635 2849 1682 aut
2877 1626 3018 1698 regi,
3051 1634 3141 1681 aut
3166 1626 3507 1683 Nortmanno

209 1716 641 1772 sacerdotalium
670 1722 1007 1772 sacramenta
1025 1716 1403 1786 respiciamus,
1438 1730 1558 1786 quae
1588 1714 1657 1768 ab
1687 1728 1815 1785 apo-
1839 1744 1893 1805 B
1914 1713 2316 1772 beneﬁciandas
2346 1714 2635 1784 concessit,
2661 1723 2753 1770 aut
2783 1713 2894 1769 ﬁlio
2920 1713 3247 1770 Nortmanni
3302 1713 3509 1771 beneﬁ-

208 1804 368 1860 stolis
401 1804 617 1870 tradita,
651 1811 704 1859 et
730 1804 786 1858 in
814 1811 929 1859 toto
958 1803 1180 1872 mundo,
1226 1810 1391 1874 atque
1419 1802 1475 1856 in
1518 1802 1665 1857 omni
1722 1817 1812 1858 ca-

205 1891 413 1947 tholica
441 1890 690 1947 Ecclesia
718 1890 1062 1946 uniformiter
1087 1890 1431 1947 celebrantur
1463 1907 1477 1944 :
1520 1897 1579 1944 ut
1633 1889 1811 1961 legem

207 1978 493 2043 credendi,
527 1978 612 2035 lex
646 1986 844 2033 statuat
861 1978 1224 2050 supplicandi.
1248 1978 1380 2033 Cum
1410 1977 1555 2033 enim
1593 1985 1811 2032 sancta-

208 2083 328 2121 rum
355 2066 606 2137 plebium
644 2065 904 2136 prwsules
957 2065 1212 2121 mandata
1265 2065 1481 2119 sibimet
1535 2064 1811 2137 legatione

205 2152 535 2227 funguntur,
568 2154 712 2224 apud
742 2152 978 2209 divinam
1023 2152 1365 2209 clementiam
1395 2152 1614 2207 humani
1635 2164 1810 2224 gene-

204 2241 279 2297 ris
306 2249 486 2312 agunt
515 2256 737 2298 causam
768 2258 784 2308 ;
816 2249 870 2296 et
886 2248 993 2297 tota
1023 2256 1209 2297 secum
1240 2240 1490 2296 Ecclesia
1519 2239 1810 2313 congemi-

206 2337 397 2385 scente
428 2328 709 2400 postulant
739 2335 792 2383 et
820 2336 1133 2400 precantur,
1156 2336 1215 2383 ut
1243 2328 1553 2383 inﬁdelibus
1576 2328 1812 2384 donetur

209 2414 370 2471 ﬁdes.
396 2438 419 2467 ι
439 2417 511 2471 Ει
532 2416 613 2472 sic
632 2432 734 2487 pro
751 2416 1002 2472 omnibus
1033 2431 1261 2472 exorare
1296 2415 1587 2472 Dominum
1616 2416 1809 2471 catho-

199 2504 367 2560 licam
395 2503 707 2559 Ecclesium
761 2504 966 2560 debere
993 2504 1355 2572 demonstrat,
1388 2510 1448 2558 ut
1498 2510 1680 2559 erutos
1740 2503 1809 2559 de

203 2599 478 2662 potestate
503 2591 850 2647 tenebrarum
878 2590 1166 2647 transferat
1194 2591 1251 2646 in
1278 2606 1506 2662 regnum
1536 2589 1633 2644 ﬁlii
1683 2590 1811 2645 cha-

204 2679 383 2735 ritatis
412 2695 531 2736 sua:
560 2680 707 2749 (Col.
746 2680 787 2749 ι)
813 2697 827 2733 :
860 2686 915 2735 et
942 2695 1008 2734 ex
1036 2678 1184 2735 vasis
1204 2679 1321 2746 irae,
1365 2678 1529 2735 faciat
1542 2694 1672 2734 vasa
1700 2677 1809 2733 mi-

205 2767 526 2823 sericordias
545 2767 724 2837 (Rom.
747 2768 832 2838 ιχ)
864 2784 879 2820 :
912 2766 1004 2839 qui
1022 2782 1132 2823 non
1160 2766 1276 2823 vult
1301 2773 1532 2823 mortem
1548 2773 1808 2837 peccato-

204 2854 298 2923 ris,
322 2854 426 2910 sed
457 2862 519 2910 ut
545 2860 894 2910 convertatur
922 2861 976 2909 et
1004 2853 1152 2910 vivat
1177 2854 1400 2926 (Bacch.
1461 2855 1673 2925 χχχιιι)
1708 2870 1721 2907 :
1755 2860 1809 2909 et

209 2942 302 3014 qui
330 2942 454 2999 vult
480 2957 675 2998 omnes
689 2942 938 2997 homines
964 2941 1145 2997 salvos
1165 2941 1303 3011 ﬁeri,
1319 2941 1439 2997 etin
1473 2941 1807 3014 agnitionem

203 3030 456 3086 veritatis
486 3029 674 3085 venire
706 3048 721 3097 ;
755 3029 1095 3086 etneminem
1111 3029 1225 3085 vult
1252 3029 1433 3100 perire
1451 3030 1526 3100 (II
1558 3032 1696 3087 Tim.
1716 3029 1800 3100 ιι).

203 3117 383 3186 Absit,
426 3117 675 3189 inquam,
697 3125 758 3174 ut
785 3125 973 3174 auctor
1000 3117 1070 3172 sit
1098 3124 1286 3173 sancta
1314 3116 1477 3173 sedes
1506 3117 1809 3189 apostolica

198 3204 358 3261 istius
410 3205 719 3276 pertinacis
777 3204 1113 3261 crudelitatis
1166 3212 1446 3260 tantorum
1500 3205 1803 3274 hominum,

202 3293 298 3367 qui
326 3309 436 3365 per
465 3293 817 3365 baptismum,
850 3293 937 3350 vel
966 3309 1066 3365 per
1110 3291 1468 3350 sacerdotalis
1521 3293 1810 3350 ministerii

198 3381 713 3438 reconciliationem
772 3380 990 3451 salvari,
1052 3387 1107 3438 et
1152 3397 1253 3452 per
1308 3381 1489 3437 viatici
1558 3381 1807 3437 muneris

197 3469 653 3526 communionem
680 3469 752 3524 ab
781 3477 987 3527 aeterno
1015 3476 1270 3541 poterant
1296 3468 1525 3525 liberari
1581 3469 1808 3525 interitu

196 3558 470 3615 mortibus
498 3572 593 3614 reo
622 3557 862 3631 (aliquid
891 3558 1068 3628 deest)
1100 3574 1117 3625 ;
1149 3557 1278 3630 quia
1308 3573 1420 3613 non
1446 3564 1662 3629 poterat
1688 3556 1808 3613 ﬁeri

198 3650 258 3697 ut
277 3643 338 3698 in
364 3649 485 3696 tam
505 3641 688 3713 ampla
704 3641 985 3713 parochia,
1018 3641 1157 3697 sicut
1185 3641 1277 3697 illa
1297 3649 1399 3709 est,
1432 3657 1555 3713 quae
1586 3640 1807 3713 specia-

196 3728 322 3786 liter
351 3729 605 3798 subjacet
631 3728 877 3785 Lauduni
903 3728 1223 3801 municipio,
1256 3745 1358 3801 per
1408 3729 1649 3801 quinque
1699 3728 1807 3785 cir-

199 3816 341 3873 citer
369 3817 519 3884 dies,
551 3816 751 3889 quibus
799 3832 865 3872 eo
894 3817 1078 3885 modo,
1131 3816 1270 3873 sicut
1322 3817 1580 3889 praemisi,
1627 3817 1808 3874 fuerat

201 3905 490 3977 colligata,
506 3904 636 3976 quia
660 3920 781 3960 eam
805 3912 969 3962 antea
982 3904 1401 3976 metropolitana
1417 3904 1804 3974 sollicitudine,

199 3993 550 4066 evangelica,
583 4000 636 4047 et
663 3992 983 4064 apostolica,
1017 3999 1177 4067 atque
1211 3993 1494 4060 canonica,
1510 4001 1565 4049 et
1592 4001 1807 4065 aposto-

196 4079 318 4138 lica
338 4080 500 4137 sedis
537 4080 856 4137 auctoritate
884 4081 1173 4138 absolvere
1200 4096 1312 4137 non
1340 4080 1577 4149 cucurri,
1619 4082 1806 4153 plures

199 4168 318 4225 sine
348 4168 650 4240 baptismo,
682 4177 734 4224 et
762 4169 970 4241 absque
994 4169 1394 4226 communionis
1451 4170 1644 4242 gratia,
1694 4185 1807 4225 non

197 4257 440 4313 obierint
474 4274 491 4311 :
522 4257 593 4312 de
622 4256 819 4329 quibus
846 4257 1155 4330 quicunque
1184 4256 1382 4313 salvati
1410 4266 1553 4325 sunt,
1594 4257 1808 4315 salvan.

194 4343 262 4401 tis
289 4352 386 4401 est
408 4344 660 4412 donum;
690 4343 781 4416 qui
822 4352 1001 4401 autem
1038 4344 1344 4418 perierunt,
1404 4344 1702 4417 perditoris
1751 4353 1804 4402 et

193 4431 553 4503 pereuntium
580 4430 681 4487 fuit
694 4432 947 4488 meritum
957 4473 970 4488 .

266 4531 533 4585 Attamen
560 4528 707 4598 licet,
739 4528 887 4585 velut
924 4535 1149 4585 sanctus
1202 4528 1525 4586 Ambrosius
1576 4527 1637 4584 in
1677 4526 1805 4585 ﬁdei

193 4616 501 4675 devotione
557 4615 923 4673 Valentiniani
954 4618 1075 4687 (lib.
1102 4617 1169 4673 dc
1197 4619 1350 4674 obitu
1393 4617 1721 4689 Valentin.),
1753 4624 1807 4673 et

194 4704 398 4762 beatus
427 4703 770 4775 Augustinus
798 4703 1129 4777 disputando
1158 4705 1516 4773 demonstrat,
1549 4713 1609 4760 ut
1666 4704 1807 4762 sicut

191 4793 249 4849 in
269 4794 371 4849 illo
400 4792 619 4849 latrone
649 4807 771 4849 cum
800 4793 1034 4850 Domino
1064 4792 1321 4850 cruciﬁxo
1341 4801 1395 4850 et
1442 4794 1720 4861 credente,
1753 4800 1805 4848 et

192 4880 518 4951 conﬁtente,
546 4880 692 4953 quod
709 4880 760 4936 ei
790 4897 857 4937 ex
882 4881 1139 4953 baptismi
1169 4889 1513 4939 sacramento
1532 4880 1801 4951 defuerat,

190 4968 891 5042 complevitomnipotentis
913 4969 1222 5043 benignitas
1242 4970 1347 5025 :ita
1380 4969 1520 5027 forte
1566 4969 1805 5042 parvulis

192 5058 403 5128 quibus
457 5056 792 5128 baptismum
844 5056 1112 5129 denegari
1144 5056 1323 5129 jussit,
1374 5065 1663 5129 parentum
1717 5056 1806 5114 vel

187 5153 558 5217 patronorum
589 5145 757 5201 corde
815 5145 1174 5215 credentium,
1237 5152 1291 5202 et
1348 5144 1509 5202 etiam
1564 5145 1804 5218 parvulis

188 5233 348 5289 ﬁdeli
377 5232 743 5290 confessionis
770 5233 941 5289 verbo
966 5233 1238 5305 baptisma
1264 5234 1650 5306 expetentium,
1704 5234 1805 5291 sed

187 5336 302 5378 non
324 5321 741 5394 impetrantium
757 5319 915 5389 ﬁdes,
931 5329 986 5379 et
1014 5320 1197 5379 ﬁdelis
1212 5322 1508 5395 postulatio
1535 5322 1803 5396 prodesse

187 5409 438 5480 potuerit
470 5426 485 5465 :
517 5411 754 5467 donante
782 5425 871 5478 eo,
904 5410 1059 5480 cujus
1089 5410 1333 5482 spiritus,
1365 5425 1475 5484 quo
1502 5426 1802 5483 regenera-

187 5496 265 5555 tio
297 5496 386 5572 ﬁt,
414 5498 511 5555 ubi
534 5499 651 5559 vult
667 5497 872 5571 spirat;
899 5505 953 5557 et
981 5498 1147 5557 etiam
1175 5506 1300 5556 ante
1353 5499 1686 5573 baptismum
1741 5516 1802 5557 se

1913 1803 2092 1869 ciavit,
2127 1803 2265 1859 sicut
2294 1803 2498 1874 scripta
2527 1817 2627 1857 sua
2658 1802 3034 1858 demonstrant
3092 1819 3105 1856 :
3166 1802 3508 1873 responden-

1913 1891 2043 1945 dum
2079 1891 2148 1945 ab
2178 1890 2372 1946 eadem
2401 1897 2587 1946 sancta
2613 1880 2671 1945 et
2700 1889 3095 1945 discretissima
3138 1890 3272 1947 sede
3327 1890 3510 1947 credi-

1911 1995 2069 2033 mus:
2103 1980 2231 2034 Fiat
2260 1980 2360 2034 tibi
2389 1978 2703 2035 secundum
2733 1978 2897 2047 ﬁdem
2934 1981 3096 2032 tuam
3128 1978 3349 2047 (Matth.
3398 1979 3503 2049 ιχ).

1910 2067 1979 2122 Ει
2011 2084 2024 2121 :
2051 2068 2141 2121 Ea:
2168 2066 2347 2122 verbis
2377 2067 2491 2122 tuis
2522 2065 2986 2123 condemnaberis
3017 2064 3241 2133 (Matth.
3272 2066 3398 2135 χιι).
3435 2066 3505 2121 Ει

1913 2154 2059 2224 quod
2088 2155 2147 2209 B.
2177 2153 2514 2226 Augustinus
2541 2153 2598 2207 in
2643 2168 2807 2208 serm.
2865 2154 2899 2205 '7
2954 2151 3238 2223 Evangelii
3282 2151 3506 2208 Joannis

1910 2240 2051 2297 dicit
2084 2257 2097 2296 :
2134 2262 2157 2292 κ
2191 2240 2358 2308 iuris,
2390 2239 2662 2312 inquiens,
2696 2238 2931 2296 forensis
2961 2247 3063 2306 est,
3095 2239 3260 2312 utqui
3288 2239 3345 2295 in
3371 2256 3505 2311 pre-

1909 2328 2063 2383 cibus
2118 2328 2374 2383 mentitus
2401 2327 2581 2394 fuerit,
2615 2342 2725 2384 non
2753 2327 2831 2382 illi
2860 2327 3031 2399 prosit
3058 2328 3205 2399 quod
3252 2327 3510 2399 impetra-

1910 2415 2003 2471 vit.
2037 2415 2231 2471 Dixisti
2251 2415 2398 2471 enim
2427 2415 2573 2487 quod
2590 2415 2809 2471 voluisti
2840 2431 2853 2470 :
2887 2423 2941 2470 et
2968 2414 3055 2471 cui
3081 2414 3284 2484 dixisti,
3317 2416 3503 2471 nesci-

1908 2503 1985 2558 ἧι
2015 2518 2086 2557 an
2117 2519 2311 2559 verum
2344 2503 2429 2559 sit.
2462 2502 2679 2559 Dimisit
2697 2511 2749 2558 te
2778 2502 3088 2558 adversario
3130 2509 3227 2559 tuo
3273 2503 3503 2559 convin-

1908 2590 2160 2660 cendum,
2196 2598 2253 2646 ut
2298 2591 2344 2645 si
2400 2598 2523 2646 ante
2574 2590 2817 2660 judicem
2865 2590 3151 2647 convictus
3204 2589 3373 2646 fueris
3430 2592 3501 2647 de

1905 2677 2209 2747 mendacio,
2230 2678 2359 2749 quia
2372 2694 2482 2733 non
2501 2678 2673 2749 potuit
2690 2677 2784 2733 ille
2806 2677 2912 2732 nisi
2937 2684 3217 2748 praestare,
3250 2677 3504 2735 nesciens

1907 2780 1978 2820 an
2004 2764 2171 2820 fueris
2215 2766 2490 2831 mentitus,
2540 2764 2616 2820 ibi
2672 2780 2860 2821 careas
2913 2763 3177 2821 beneﬁcio
3229 2765 3501 2837 rescripti,

1907 2869 2014 2924 quo
2029 2852 2333 2923 perduxisti
2360 2852 2705 2923 rescriptum.
2743 2877 2766 2901 ι»
2799 2853 2867 2908 Ει
2894 2852 3000 2909 hoc
3022 2853 3114 2922 jus
3158 2852 3215 2907 in
3267 2868 3502 2924 corpore

1904 2939 2029 2995 libri
2058 2940 2451 2996 Theodosianaa
2478 2939 2619 3013 legis
2648 2940 2840 2996 haberi
2893 2940 3148 3011 legimus.
3209 2940 3499 3009 Caeterum,

1907 3027 2048 3084 sicut
2062 3027 2132 3083 de
2152 3028 2269 3085 Deo
2280 3028 2673 3100 omnipotente,
2698 3043 2824 3084 cum
2851 3027 3037 3084 omnia
3072 3027 3265 3099 possit,
3297 3028 3507 3085 scilicet

1909 3131 2032 3188 quae
2061 3116 2468 3189 omnipotentiae
2486 3116 2632 3172 illius
2660 3118 3009 3182 conveniunt,
3026 3124 3171 3173 recte
3199 3116 3332 3173 dicit
3356 3119 3506 3188 Apo-

1911 3204 2083 3260 stolus
2116 3222 2131 3259 :
2160 3207 2419 3278 Seipsum
2446 3221 2653 3277 negare
2672 3221 2791 3261 non
2807 3208 2993 3277 potest
3010 3204 3091 3274 (II
3119 3206 3258 3261 Tim.
3286 3204 3350 3275 ιι)
3387 3222 3401 3259 :
3427 3204 3506 3261 ita

1911 3299 1962 3347 et
1991 3307 2093 3347 nos
2111 3292 2181 3347 de
2207 3292 2300 3347 illa
2327 3299 2518 3348 sancta
2546 3291 2679 3347 sede
2717 3290 2968 3356 dicimus,
3022 3290 3153 3362 quia
3208 3290 3315 3346 sibi
3368 3291 3497 3361 ipsi,

1908 3379 2214 3451 praesertim
2242 3380 2298 3435 in
2328 3388 2436 3435 tam
2462 3378 2921 3435 manifestissimis
2947 3385 3001 3433 et
3014 3377 3268 3433 maximis
3295 3377 3499 3447 causis,

1910 3473 1964 3522 et
1989 3467 2243 3523 humana:
2270 3466 2660 3538 redemptionis
2689 3473 2851 3540 atque
2880 3464 3071 3521 salutis
3131 3464 3502 3537 singularibus

1906 3554 2200 3626 praesidiis,
2231 3555 2503 3611 contraria
2528 3554 2677 3610 nullo
2702 3554 2868 3610 modo
2884 3569 3008 3610 esse
3033 3560 3216 3625 potest
3242 3570 3257 3608 :
3290 3560 3345 3609 et
3373 3570 3498 3625 quae

1909 3642 2209 3698 secundum
2246 3642 2615 3715 evangelicam
2668 3642 2971 3710 veritatem,
3032 3648 3087 3697 et
3141 3640 3502 3712 apostolicam

1907 3729 2268 3802 traditionem,
2300 3739 2461 3803 atque
2479 3730 2800 3788 canonicam
2826 3729 3223 3799 auctoritatem,
3254 3745 3355 3801 per
3407 3730 3498 3787 Si-

1907 3817 2122 3887 ricium,
2154 3820 2546 3891 Innocentium,
2570 3818 2942 3889 Caelestinum,
2990 3820 3230 3875 Leonem
3257 3816 3492 3874 irrefra-

1908 3906 2165 3978 gabiliter
2209 3907 2504 3975 constituit,
2553 3907 2817 3980 refragari
2863 3923 2898 3962 a
2944 3922 3219 3980 quoquam
3275 3905 3496 3978 impune

1906 3995 2054 4051 nulla
2081 3996 2290 4053 ratione
2318 3995 2563 4052 dimittet.
2618 3996 2784 4065 Cujus
2825 3995 3069 4066 interest,
3129 3994 3267 4052 sicut
3320 3994 3497 4051 isdem

1906 4081 2073 4139 frater
2100 4084 2423 4141 Hincmarus
2443 4083 2650 4151 scribit,
2682 4106 2703 4131 u
2736 4082 2808 4139 de
2836 4083 2929 4139 illa
2956 4098 2990 4139 a
3020 4099 3081 4140 se
3110 4082 3249 4140 facta
3268 4097 3501 4140 excom-

1906 4172 2275 4229 municatione
2295 4173 2563 4243 judicare,
2595 4180 2649 4228 et
2675 4172 2746 4228 de
2773 4187 2895 4227 mea
2921 4171 3256 4229 resolutione
3304 4172 3504 4230 decer-

1906 4276 2061 4316 nere.
2101 4283 2123 4309 ι)

1976 4358 2378 4423 Verumtamen,
2442 4355 2582 4411 sicut
2622 4371 2689 4411 ex
2732 4354 2949 4411 concilii
3006 4354 3348 4411 Sardicensis
3405 4370 3495 4411 ca-

1822 4433 1877 4495 D
1907 4444 2142 4501 nonibus
2169 4444 2268 4501 SS.
2301 4441 2666 4509 Innocentius,
2725 4441 3054 4509 Bonifacius,
3113 4450 3166 4499 et
3210 4443 3321 4500 Leo
3373 4458 3502 4513 pro-

1904 4532 2299 4605 mulgaverunt,
2330 4530 2482 4602 prius
2532 4530 2765 4600 majores
2819 4545 3033 4599 causas,
3092 4545 3213 4602 quae
3254 4529 3324 4584 ad
3380 4537 3497 4585 sta-

1904 4627 2015 4676 tum
2045 4619 2435 4687 Ecclesiarum,
2460 4626 2513 4675 et
2539 4620 2609 4675 ad
2637 4618 2989 4676 concordiam
3008 4618 3278 4690 pertinent
3309 4632 3496 4674 sacer-

1905 4709 2114 4780 dotum,
2144 4708 2291 4780 apud
2317 4723 2439 4776 nos,
2468 4708 2571 4764 sub
2601 4707 2793 4764 timore
2813 4707 3051 4775 Domini,
3083 4706 3336 4762 convenit
3355 4721 3495 4763 ven-

1902 4796 2043 4852 tilari
2075 4815 2090 4864 ;
2123 4804 2176 4852 et
2202 4796 2272 4852 de
2289 4796 2703 4869 componendis,
2723 4814 2845 4869 qua:
2863 4795 2999 4853 forte
3021 4801 3210 4851 nostro
3230 4793 3498 4866 nequive-

1905 4885 2010 4940 rint
2036 4885 2203 4956 s0piri
2225 4885 2431 4955 judicio
2463 4904 2479 4953 ;
2511 4894 2564 4941 et
2589 4886 2657 4941 de
2698 4884 2901 4954 judicio
2941 4890 3127 4939 nostro
3181 4881 3500 4954 compositis

1902 4982 2029 5045 post
2047 4973 2311 5044 judicium
2338 4981 2552 5045 oportet
2578 4974 2646 5028 ad
2675 4972 2864 5028 sedem
2887 4970 3239 5043 apostolicam
3276 4971 3500 5043 plenam

1905 5061 2173 5120 rationem
2196 5061 2481 5118 transmitti
2514 5077 2527 5116 :
2559 5068 2618 5116 ut
2646 5075 2713 5117 ea
2740 5076 2863 5132 quae
2883 5060 3032 5130 juxta
3061 5058 3499 5117 ecclesiasticum

1903 5165 2115 5207 morem
2138 5152 2284 5221 juste
2303 5158 2357 5206 et
2383 5147 2793 5205 rationabiliter
2814 5148 2960 5220 apud
2981 5163 3081 5206 nos
3111 5147 3310 5205 fuerint
3365 5144 3502 5202 ditii-

1901 5239 2035 5309 nita,
2067 5239 2239 5310 ipsius
2267 5236 2581 5309 apostolica
2635 5236 2784 5293 sedis
2813 5237 3079 5294 sententia
3133 5236 3486 5292 roborentur.

1905 5327 1996 5383 Sic
2024 5327 2170 5382 enim
2199 5334 2252 5381 et
2276 5333 2498 5381 sanctus
2516 5325 2834 5383 Ambrosius
2863 5324 3110 5381 scribens
3126 5323 3197 5380 ad
3225 5321 3503 5395 Theophi-

1902 5414 2017 5471 lum
2044 5414 2475 5471 Alexandrinum
2504 5414 2848 5487 episcopum,
2880 5427 3067 5469 sacras
3081 5411 3258 5485 leges,
3288 5418 3346 5468 et
3399 5425 3501 5468 ca-

1901 5518 2094 5575 nones,
2125 5509 2183 5558 ut
2208 5509 2335 5576 post
2346 5501 2615 5573 judicium
2628 5502 2698 5558 ad
2714 5502 2903 5560 sedem
2922 5500 3281 5575 apostolicam
3308 5499 3503 5559 relatio
