4020 6178
497 244 601 298 615

1503 239 1844 295 HINCMARI
1871 235 2272 294 RHEMENSIS
2301 237 2855 294 ARCHIEPISCOPI.

3687 237 3788 288 6l6

496 362 790 428 referatur,
823 369 876 418 et
897 361 987 434 qui
1015 361 1265 435 legaliter
1304 369 1578 428 evocatus,
1631 361 1837 430 judicio
1897 361 2092 416 adesse
2111 360 2169 422 A
2191 361 2324 416 mihi
2354 361 2500 432 quod
2531 361 2674 416 male
2703 361 2780 414 illi
2800 360 2868 416 de
2897 361 3000 416 hac
3029 357 3588 414 excommunicatione
3623 373 3783 428 quam

498 450 816 524 neglexerit,
843 449 1156 505 dilationem
1204 451 1485 504 sententia:
1535 448 1895 520 proferenda,
1955 447 2094 505 sicut

503 538 560 592 in
589 545 989 605 contumacem,
1013 538 1082 593 de
1112 537 1356 592 absentia
1383 552 1494 592 non
1515 535 1777 602 lucretur,
1813 553 1872 591 se
1925 536 2091 590 intel-

498 626 700 682 lexisse
729 626 1086 694 demonstrat,
1127 625 1318 680 dicens
1352 642 1366 678 :
1401 647 1424 672 α
1457 625 1590 680 Cum
1621 631 1806 679 sancta
1851 624 2093 693 synodus

501 713 827 785 cognitionis
879 713 969 781 jus
1037 712 1376 768 unanimitati
1443 719 1568 778 tum,
1639 711 1960 782 caeterisque
2028 727 2095 766 ex

498 803 729 874 Egypto
759 800 1240 858 consacerdotibus
1273 801 1471 855 nostris
1510 799 1862 866 commiserit,
1897 799 2095 854 iterum

499 899 711 960 oportet
741 889 966 944 fratrem
994 897 1242 944 nostrum
1265 887 1578 944 Flavianum
1605 887 1922 952 convenias,
1961 894 2020 940 ut
2049 885 2095 940 si

497 977 554 1031 in
583 993 650 1032 eo
677 976 1128 1048 perseveraverit,
1152 992 1257 1048 quo
1287 976 1618 1032 veniendum
1637 991 1748 1030 non
1777 981 1948 1046 putet,
1985 973 2096 1028 sal-

497 1065 580 1120 vis
607 1066 826 1120 concilii
851 1064 1080 1132 Nicaani,
1115 1065 1277 1118 etiam
1303 1063 1498 1134 synodi
1529 1063 1832 1133 Capuensis
1855 1061 2086 1131 statutis,

497 1153 703 1208 illibata
729 1169 864 1223 pace
894 1153 1276 1208 universorum
1291 1151 1365 1205 ita
1386 1151 1660 1216 consulas,
1687 1159 1744 1204 ut
1765 1167 1876 1204 non
1897 1151 2090 1205 videa-

498 1257 619 1295 mur
649 1241 928 1296 destruere
961 1239 1106 1310 quod
1135 1239 1459 1293 zediticatum
1489 1245 1590 1292 est.
1652 1237 1708 1292 Si
1763 1238 1908 1292 enim
1948 1237 2095 1308 quod

501 1327 770 1384 aedificavi
787 1326 1515 1397 destruo,praevaricatorem
1536 1341 1624 1386 me
1653 1325 1770 1396 ipse
1790 1325 2090 1390 constituo;

501 1431 566 1473 ac
595 1416 642 1470 si
691 1432 811 1487 qum
833 1415 1098 1480 destruxi,
1121 1414 1315 1468 iterum
1359 1412 1642 1468 aediﬁcem.
1687 1413 1943 1468 Servetur
1963 1429 2095 1483 ergo

499 1502 784 1574 impertita
813 1501 965 1572 pacis
995 1502 1164 1574 gratia
1201 1501 1342 1556 inter
1383 1501 1686 1566 universos,
1735 1509 1788 1556 et
1816 1500 2095 1556 nihilomi-

498 1607 604 1645 nus
631 1589 922 1645 declinatio
951 1589 1123 1660 partis
1137 1588 1358 1644 alterius
1373 1588 1672 1642 frustrandi
1703 1587 1956 1643 effectum
2004 1590 2094 1641 ha-

501 1678 629 1733 bere
661 1694 771 1732 non
811 1677 1002 1748 possit.
1057 1678 1200 1732 Sane
1249 1677 1600 1732 referendum
1652 1676 1976 1731 arbitramur
2025 1677 2095 1732 ad

503 1773 748 1822 sanctum
774 1764 1001 1820 fratrem
1029 1773 1272 1820 nostrum
1305 1767 1566 1820 Romanae
1594 1765 1939 1820 sacerdotem
1995 1766 2099 1820 Ec-

503 1853 684 1909 clesiae
718 1873 731 1920 ;
761 1853 1018 1924 quoniam
1043 1853 1426 1923 praesumimus
1485 1869 1546 1907 ea
1603 1860 1655 1906 te
1705 1852 2095 1920 judicaturum,

504 1957 626 2013 quae
655 1941 816 1996 etiam
845 1941 922 1996 illi
952 1940 1242 2011 displicere
1273 1956 1384 1996 non
1430 1947 1650 2011 queant.
1675 1941 1755 1994 Ita
1795 1940 1939 1994 enim
1969 1940 2100 1995 utile

504 2025 608 2080 erit
636 2025 949 2081 consultum
979 2025 1281 2090 sententiae,
1315 2023 1390 2078 ita
1427 2023 1578 2093 pacis
1609 2031 1662 2078 et
1690 2023 1886 2094 quietis
1943 2039 2101 2078 secu-

501 2113 648 2180 ritas,
683 2113 730 2168 si
757 2113 814 2168 id
844 2121 1028 2168 vestro
1061 2120 1328 2168 statuatur
1361 2111 1608 2177 consilio,
1659 2112 1806 2182 quod
1859 2127 2099 2166 commu-

499 2200 650 2256 nioni
680 2209 879 2256 nostrae
910 2201 1308 2256 dissensionem
1334 2216 1444 2254 non
1475 2199 1660 2254 afferat
1693 2218 1706 2265 ;
1741 2206 1800 2254 ut
1828 2214 1927 2252 nos
1959 2215 2098 2270 quo-

504 2305 610 2359 que
639 2296 862 2359 accepta
891 2296 1198 2344 vestrorum
1231 2289 1373 2342 serie
1405 2295 1749 2352 statutorum,
1783 2303 1907 2341 cum
1931 2286 1986 2340 id
2003 2303 2100 2358 ge-

504 2384 647 2431 stum
664 2392 786 2432 esse
807 2375 1250 2447 cognoverimus,
1270 2375 1418 2448 quod
1433 2374 1682 2430 Ecclesia
1693 2375 1936 2429 Romana
1957 2375 2099 2428 haud

503 2463 664 2519 dubie
691 2464 1146 2534 comprobaverit,
1178 2463 1286 2518 laeti
1316 2461 1552 2518 fructum
1593 2461 1908 2530 hujusmodi
1967 2478 2097 2517 exa-

501 2551 666 2606 minis
687 2551 1072 2623 adipiscamur.
1107 2575 1126 2598 ιι

1063 2666 1289 2722 CAPUT
1317 2665 1525 2721 XXIX.

503 2755 654 2823 Quod
707 2757 958 2811 similem
995 2756 1648 2810 excommunicationem
1688 2755 1755 2808 ab
1793 2755 1912 2824 ipso
1957 2754 2100 2810 Rhe-

717 2829 904 2882 mensi
935 2829 1154 2895 factam
1184 2842 1301 2880 esse
1331 2826 1478 2894 falso
1509 2826 1877 2879 criminatur.

571 2932 654 2984 De
683 2932 787 2986 hac
816 2930 982 2985 etiam
996 2929 1550 2985 excommunicatione
1579 2929 1712 2982 mihi
1743 2929 1797 2982 in
1835 2927 2096 2983 Gundulﬁ

502 3017 632 3072 villa
660 3033 758 3088 per
787 3017 1158 3072 venerabilem
1179 3017 1453 3097 quondam
1469 3016 1942 3088 archiepiscopum
1963 3017 2099 3071 We—
2125 3054 2174 3116 Ο

503 3105 742 3160 nilonem
761 3104 894 3158 mihi
915 3104 1188 3160 mandavit
1209 3105 1346 3160 sicut
1376 3105 1609 3159 domnus
1659 3104 1978 3170 Adventius,
2041 3112 2094 3158 et

504 3192 688 3248 caeteri
709 3193 801 3264 qui
830 3191 1116 3246 adfuerunt
1145 3191 1406 3262 episcopi,
1441 3193 1634 3258 sciunt,
1669 3192 1797 3262 quia
1826 3192 1970 3262 quod
2025 3191 2095 3246 de

501 3280 596 3336 illa
625 3280 1184 3336 excommunicatione
1215 3280 1360 3346 fecit,
1395 3296 1500 3352 ego
1550 3279 1626 3334 illi
1673 3279 1966 3346 insinuavi,
2015 3279 2098 3333 di-

500 3384 632 3425 cens
659 3385 721 3425 se
751 3369 954 3424 habere
984 3369 1279 3439 quamdam
1297 3368 1553 3424 villamin
1581 3384 1705 3422 mea
1735 3367 2014 3439 parochia,
2045 3375 2098 3422 et

501 3457 628 3528 quia
655 3457 902 3512 homines
932 3457 1178 3526 ejusdem
1194 3457 1335 3512 villa:
1365 3457 1597 3528 rogavit,
1621 3457 1692 3510 ad
1720 3456 1872 3510 illam
1922 3455 2099 3512 eccle-

502 3545 644 3600 siam
669 3545 795 3600 dare
823 3545 1043 3600 illorum
1075 3544 1361 3611 decimam,
1388 3545 1458 3599 ad
1479 3561 1642 3616 quam
1672 3561 1790 3598 eam
1821 3545 1952 3599 dare
2001 3545 2098 3598 de-

503 3633 724 3701 bebant,
757 3633 1341 3690 excommunicaverim
1373 3633 1496 3688 illos
1528 3651 1541 3687 :
1576 3633 1876 3688 ethabebat
1897 3632 2098 3688 imbre-

502 3721 695 3787 viatos,
730 3729 862 3792 quot
891 3721 1124 3776 infantes
1151 3721 1272 3776 sine
1299 3721 1652 3791 baptismate,
1687 3729 1740 3776 et
1765 3729 1894 3791 quot
1925 3720 2099 3775 homi-

503 3825 604 3863 nes
624 3809 742 3864 sine
775 3810 1157 3865 communione
1204 3809 1332 3863 inde
1379 3809 1656 3863 obierint:
1703 3825 1825 3879 quae
1881 3809 2014 3862 mihi
2043 3808 2100 3861 in

502 3897 781 3966 publicum
801 3897 1037 3964 objicere
1069 3897 1256 3961 nollet,
1289 3903 1342 3950 et
1390 3903 1580 3965 postea
1623 3895 1700 3950 illi
1757 3896 2100 3965 impropera-

503 3999 638 4052 rem.
670 3983 828 4051 Quod
857 3984 904 4037 si
933 3983 1040 4037 alia
1061 3983 1198 4037 mala
1215 3983 1283 4038 de
1312 3999 1400 4037 me
1422 3983 1604 4052 sciret,
1637 3983 1730 4036 illa
1761 3984 1924 4037 etiam
1952 3983 2099 4038 dice-

505 4078 608 4124 ret.
629 4070 783 4125 Unde
813 4070 890 4125 illi
919 4071 1102 4125 statim
1147 4087 1246 4140 per
1295 4071 1548 4126 eumdem
1609 4069 1956 4125 Wenilonem
2013 4087 2101 4126 re-

506 4157 780 4224 mandavi,
815 4157 942 4228 quia
972 4167 1024 4212 et
1051 4158 1199 4224 inde,
1231 4167 1283 4212 et
1330 4159 1398 4213 de
1447 4158 1857 4230 quibuscunque
1913 4158 2096 4224 vellet,

507 4262 630 4316 quae
656 4245 733 4299 illi
763 4245 1100 4312 viderentur,
1125 4245 1404 4314 objiceret.
1441 4247 1549 4301 Sed
1579 4247 1646 4301 de
1679 4248 1778 4302 hac
1809 4261 1972 4301 causa
1999 4263 2100 4302 ve-

503 4350 624 4388 rum
643 4349 755 4388 non
782 4333 1008 4400 diceret,
1043 4343 1096 4389 et
1128 4341 1317 4389 contra
1349 4349 1586 4390 canones
1633 4351 1692 4389 se
1741 4333 2102 4390 conﬁtebatur

2193 449 2545 520 perpetravit,
2577 447 2978 516 insinuaverim,
3039 463 3192 502 reum
3223 463 3298 502 .se
3353 445 3640 501 confessus
3679 452 3781 526 est,

2195 536 2318 608 quia
2347 537 2582 594 scienter
2599 537 2744 591 male
2775 535 2920 592 fecit.
2955 537 3035 590 Ac
3061 551 3162 606 per
3179 535 3302 601 hoc,
3330 535 3634 590 secundum
3693 533 3790 587 de-

2195 632 2344 680 creta
2371 625 2540 678 Hilari
2568 639 2746 694 papae,
2779 640 2937 678 suum
2957 631 3146 680 contra
3176 622 3394 694 regulas
3449 621 3648 678 factum
3687 621 3789 675 de-

2195 713 2346 766 beret
2373 712 2491 782 ipse
2521 712 2846 766 dissolvere.
2883 711 3044 779 Quod
3073 711 3119 765 si
3147 711 3334 778 nollet,
3365 727 3466 781 per
3497 709 3790 765 sententias

2195 815 2482 867 canonum,
2527 807 2582 854 et
2628 799 2944 870 apostolica:
2978 799 3124 853 sedis
3179 799 3416 864 decreta,
3469 815 3591 868 qua:
3645 797 3792 851 nulla

2193 895 2422 958 possunt
2467 887 2676 942 ratione
2723 887 2977 956 convelli,
3029 885 3326 942 auctoritas
3372 885 3788 956 metrOpolitana

2195 974 2329 1028 illud
2358 975 2581 1030 deberet
2629 975 2950 1030 annihilare.
3010 974 3267 1042 Tertium,
3331 973 3456 1044 quia
3499 981 3554 1027 ut
3605 989 3793 1028 secum

2195 1079 2283 1116 me
2309 1070 2498 1134 posset
2527 1062 2843 1132 illaqueare,
2878 1063 2926 1116 si
2963 1061 3119 1130 forte,
3155 1070 3212 1116 ut
3233 1061 3435 1116 assolet
3481 1061 3792 1131 improvisa:

2195 1150 2364 1204 menti
2385 1149 2657 1218 accidere,
2695 1151 2770 1203 illi
2811 1149 2992 1204 statim
3031 1150 3148 1204 haec
3205 1149 3342 1204 falsa
3396 1150 3464 1204 de
3510 1165 3600 1203 me
3653 1149 3792 1216 reji-

2196 1236 2390 1292 ciendo
2419 1237 2716 1307 imparatus
2738 1245 2792 1292 et
2819 1237 2898 1290 ira
2911 1245 3214 1292 commotus
3237 1252 3346 1292 non
3375 1236 3790 1307 responderem,

2197 1333 2248 1378 et
2281 1341 2341 1380 se
2364 1326 2574 1394 jactare
2591 1325 2816 1393 valeret,
2849 1341 2937 1379 me
2967 1325 3022 1378 in
3072 1325 3257 1396 aliquo
3317 1325 3443 1380 inde
3499 1324 3796 1380 concredi—

2197 1413 2344 1468 disse
2379 1433 2393 1480 ;
2424 1413 2728 1469 voluntarie
2759 1413 2860 1466 sibi
2891 1413 2958 1468 de
2988 1412 3081 1466 tali
3127 1411 3471 1468 confessione
3531 1411 3796 1482 laqueum

2197 1501 2400 1556 studuit
2430 1501 2674 1568 injicere.
2694 1503 2762 1554 Et
2783 1516 2883 1570 pro
2913 1500 3070 1555 bonis
3101 1501 3249 1555 mala
3296 1500 3619 1564 retribuens,
3685 1515 3796 1554 non

2197 1597 2255 1642 ut
2284 1589 2560 1660 quondam
2591 1589 2932 1659 proditorum
2963 1587 3310 1659 primicerius
3339 1587 3644 1642 simulando
3693 1603 3796 1657 pa-

2119 1702 2172 1762 B
2203 1691 2324 1732 cem
2351 1677 2560 1743 osculo,
2616 1692 2780 1746 quam
2839 1691 2948 1730 non
3005 1675 3238 1730 habebat
3279 1675 3338 1728 in
3391 1683 3636 1746 pectore,
3699 1674 3798 1730 sed

2205 1771 2387 1819 exerto
2417 1764 2618 1834 linguae
2633 1763 2814 1834 gladio
2845 1779 2934 1817 me
2956 1771 3160 1833 aperte,
3202 1778 3266 1818 ac
3311 1763 3658 1832 impudenter
3701 1762 3799 1816 de-

2200 1852 2369 1907 crevit
2395 1852 2655 1922 impetere
2688 1869 2700 1906 :
2735 1861 2788 1906 et
2815 1851 2970 1922 quasi
2999 1868 3086 1905 me
3135 1851 3490 1922 qualicunque
3541 1859 3794 1920 patrono,

2201 1955 2266 1996 ac
2296 1939 2660 2008 benefactore,
2693 1949 2855 2010 atque
2885 1939 3200 1994 ordinatore
3255 1955 3350 1994 suo
3401 1938 3620 2003 tradito,
3666 1938 3788 1991 talis

2201 2027 2562 2084 confessionis
2593 2029 2660 2082 de
2690 2028 2852 2082 tantis
2881 2027 3241 2098 impietatibus
3260 2027 3456 2098 laqueo
3485 2043 3546 2080 se
3563 2042 3796 2097 suspen-

2201 2116 2354 2171 dere.
2385 2117 2492 2170 Sed
2519 2116 2840 2171 benedictus
2863 2116 3147 2182 Dominus,
3191 2115 3282 2186 qui
3315 2115 3618 2170 secundum
3662 2127 3796 2184 pro—

2199 2203 2516 2258 missionem
2547 2219 2722 2270 suam,
2755 2219 2864 2274 qua
2892 2204 3020 2258 dixit
3060 2221 3073 2256 :
3107 2204 3147 2258 A
3180 2203 3402 2274 ﬂagello
3425 2203 3640 2274 linguae
3669 2203 3796 2257 abs-

2199 2291 2459 2348 conderis
2489 2291 2605 2362 (Job
2637 2291 3022 2362 v),1iberando
3053 2290 3284 2344 animam
3315 2306 3494 2344 meam
3544 2306 3578 2343 a
3633 2289 3790 2342 labiis

2197 2378 2418 2450 iniquis,
2443 2387 2494 2434 et
2523 2395 2556 2435 a
2583 2379 2766 2452 lingua
2796 2379 3008 2446 dolosa,
3041 2378 3247 2448 adjuvit
3267 2395 3371 2445 me,
3409 2385 3462 2432 et
3479 2377 3793 2433 consolatus

2199 2475 2282 2522 est
2309 2484 2430 2524 me:
2463 2483 2589 2522 mox
2617 2467 2783 2522 telum
2804 2467 3069 2536 falsitatis,
3103 2475 3255 2523 scuto
3284 2465 3546 2533 veritatis,
3571 2481 3797 2536 respon-

2198 2555 2378 2611 dendo
2399 2555 2584 2624 rejeci.

2269 2651 2404 2720 Quae
2429 2651 2594 2706 animi
2625 2651 2814 2707 dolore
2835 2659 3218 2723 compunctus,
3243 2665 3351 2706 non
3407 2650 3574 2706 animi
3623 2651 3794 2706 livore

2199 2739 2522 2808 stimulatus,
2554 2739 2686 2809 dixi,
2735 2739 2912 2795 sciens
2967 2741 3130 2811 capiti
3177 2755 3240 2796 ac
3293 2727 3566 2795 Salvatori
3611 2748 3794 2794 nostro

2197 2828 2532 2884 mendaciter
2558 2829 2730 2882 multa
2759 2827 2928 2883 fuisse
2960 2829 3174 2896 objecta
3213 2846 3225 2880 :
3267 2828 3364 2882 sed
3393 2835 3445 2882 et
3493 2828 3792 2898 productos

2198 2916 2460 2972 adversus
2491 2932 2614 2970 eum
2645 2915 2810 2970 falsos
2842 2924 3009 2971 testes
3039 2915 3228 2970 fuisse.
3259 2917 3400 2970 Nam
3433 2923 3489 2970 et
3533 2917 3789 2970 Romana:

2198 3004 2342 3058 sedis
2369 3003 2716 3074 pontiﬁcibus
2747 3003 3004 3068 Damaso,
3023 3003 3172 3058 Sixto
3203 3011 3256 3057 et
3287 3002 3452 3057 Leoni
3473 3003 3568 3068 III,
3606 3017 3792 3056 verum

2197 3099 2250 3146 et
2279 3091 2506 3146 aliarum
2535 3090 2832 3162 insignium
2847 3091 3218 3146 Ecclesiarum
3235 3089 3606 3161 pontificibus,
3639 3091 3795 3143 Atha-

2197 3179 2350 3233 nasio
2372 3179 2578 3233 scilicet
2607 3178 2998 3247 Alexandrino,
3051 3179 3248 3233 Joanni
3294 3177 3792 3247 Constantinopoli-

2198 3275 2344 3335 tano,
2381 3266 2670 3321 Caeciliano
2724 3265 3158 3337 Carthaginensi,
3221 3265 3502 3321 sanctitate
3559 3263 3688 3318 ﬁdei
3745 3271 3793 3318 et

2198 3353 2521 3424 operationis
2550 3361 2710 3424 atque
2739 3353 2978 3408 scientiae
3007 3353 3270 3409 doctrinae
3314 3352 3592 3423 praclaris
3625 3369 3638 3406 :
3673 3367 3793 3406 nec-

2198 3458 2310 3496 non
2339 3449 2391 3496 et
2419 3441 2829 3512 quamplurimis
2855 3441 2978 3496 aliis
3019 3441 3345 3497 venerandis
3379 3441 3672 3512 episcopis,
3723 3439 3790 3492 ab

2197 3529 2508 3586 hominibus
2539 3529 2754 3598 invidis,
2771 3538 2824 3584 et
2851 3546 3043 3585 eorum
3069 3529 3268 3595 locum,
3301 3545 3365 3585 ac
3394 3529 3552 3584 bona:
3585 3527 3790 3598 opinio-

2198 3618 2283 3672 nis
2309 3617 2524 3673 famam
2580 3617 2828 3672 obtinere
2882 3617 3189 3672 volentibus
3223 3635 3238 3683 ;
3271 3617 3370 3672 sed
3423 3633 3536 3673 non
3588 3615 3790 3670 habere

2197 3705 2452 3760 meritum
2495 3705 2710 3760 illorum
2757 3705 3118 3770 studentibus,
3165 3704 3420 3759 mortalia
3472 3713 3530 3758 et
3585 3702 3788 3758 nefaria

2200 3794 2431 3850 crimina
2455 3793 2591 3848 falso
2617 3794 2864 3864 impacta,
2899 3801 2952 3850 et
2981 3809 3155 3864 usque
3182 3793 3252 3846 ad
3280 3791 3654 3848 ecclesiastica
3699 3791 3786 3858 ju-

2200 3882 2358 3951 dicia,
2385 3891 2436 3936 et
2467 3881 2832 3953 cognitionem
2861 3879 3136 3950 publicam
3155 3879 3324 3934 fuisse
3351 3879 3619 3949 perducta
3651 3877 3788 3948 legi-

2199 3987 2341 4024 mus.
2374 3971 2509 4024 Sunt
2539 3969 2682 4023 enim
2711 3969 3020 4038 hujusmodi
3049 3967 3288 4038 vipereae
3315 3967 3574 4038 nequitiae
3617 3964 3790 4021 homi-

2201 4075 2320 4123 nes,
2354 4058 2446 4129 qui
2475 4057 2600 4112 licet
2629 4057 2782 4128 prius
2801 4072 2990 4112 eorum
3018 4063 3230 4110 mentes
3259 4054 3490 4125 propria
3519 4055 3671 4110 rodat
3701 4053 3784 4105 in-

2201 4145 2364 4214 vidia,
2390 4146 2446 4199 in
2475 4146 2579 4200 hoc
2609 4152 2787 4200 tamen
2819 4159 2947 4199 suas
2963 4151 3152 4216 tegere
3165 4159 3330 4214 posse
3351 4143 3666 4213 iniquitates
3693 4155 3788 4210 pu—

2201 4241 2336 4299 tant,
2371 4233 2418 4287 si
2447 4233 2584 4287 alios
2615 4231 2834 4287 infamia
2859 4232 3024 4287 modo
3057 4231 3300 4302 quolibet
3329 4230 3602 4286 maculare
3643 4244 3786 4284 cura-

2202 4321 2382 4376 verint
2413 4337 2425 4375 :
2461 4337 2692 4392 quorum
2721 4319 3126 4376 criminationes
3155 4319 3321 4373 iidem
3350 4319 3450 4374 viri
3481 4318 3652 4374 sancti
3707 4330 3788 4386 pa-

503 4422 822 4493 egisse,qui
853 4439 940 4478 me
971 4422 1274 4493 postposito
1303 4423 1700 4478 ordinationem
1759 4423 1985 4478 decima,
2043 4423 2100 4477 in
2129 4405 2526 4464 Dtientissime
2576 4408 2966 4474 toleraverunt,
3013 4415 3066 4461 et
3117 4406 3582 4470 constantissime,
3637 4404 3784 4470 adju-

503 4526 628 4566 mea
647 4511 912 4582 parochia
928 4510 1224 4582 usurpavit.

599 4600 669 4655 Et
699 4607 892 4670 postea
921 4598 1048 4654 inde
1076 4598 1152 4653 illi
1182 4597 1386 4668 scripto
1415 4599 1692 4668 respondi,
1741 4599 1895 4667 cujus
1921 4615 2105 4654 exem-

501 4688 620 4758 plar
647 4688 737 4744 hic
769 4687 945 4742 habeo
972 4704 984 4740 :
1009 4687 1067 4742 in
1097 4702 1205 4757 quo
1235 4685 1558 4752 continetur,
1591 4687 1694 4740 tria
1721 4702 1810 4742 me
1849 4687 2100 4743 conside-

503 4792 658 4830 rasse
678 4776 736 4830 in
755 4777 858 4832 hoc
889 4775 1034 4846 quod
1063 4775 1214 4839 dixit,
1247 4790 1336 4829 me
1367 4774 1444 4828 illi
1482 4773 1787 4829 insinuasse
1838 4775 1984 4845 quod
2029 4775 2100 4830 de

501 4863 593 4917 illa
621 4863 1174 4920 excommunicatione
1203 4862 1350 4918 fecit.
1377 4862 1619 4917 Primum
1682 4861 1922 4934 quidem,
1961 4879 2099 4934 quo-

503 4951 653 5006 niam
682 4951 728 5005 si
757 4951 894 5006 ratio
941 4952 1081 5007 inter
1135 4951 1288 5006 illum
1346 4959 1399 5006 et
1456 4951 1690 5006 clericos
1725 4951 2100 5006 Laudunensis

503 5039 769 5096 Ecclesiae
797 5039 1056 5110 agitanda
1079 5039 1240 5108 foret,
1265 5039 1335 5094 de
1369 5039 1631 5110 petitione
1662 5056 1726 5094 ex
1743 5039 1926 5095 causis
1947 5039 2004 5093 in
2034 5053 2100 5094 eo

503 5127 904 5184 continentibus
935 5128 1003 5182 ab
1035 5128 1241 5183 eisdem
1271 5127 1404 5182 mihi
1423 5135 1694 5198 porrecta,
1726 5135 1906 5182 utrum
1949 5125 2102 5182 'esset

505 5231 575 5270 an
603 5231 716 5272 non
743 5215 968 5272 veritate
999 5215 1248 5284 subnixa,
1281 5214 1486 5270 nullam
1501 5214 1855 5286 quaestionem
1876 5215 2100 5270 deberet

505 5303 770 5374 recipere,
825 5311 1118 5375 postquam
1171 5319 1286 5358 suae
1341 5303 1700 5358 confessionis
1758 5304 2100 5358 attestatione

507 5389 770 5455 firmatur.
804 5392 965 5448 Aliud
995 5407 1148 5462 vero,
1183 5391 1313 5462 quia
1340 5391 1556 5448 silentio
1585 5391 1895 5462 suppressis
1941 5391 2099 5446 bonis

509 5493 629 5548 quae
657 5477 735 5532 illi
763 5478 1054 5546 insinuavi,
1085 5487 1246 5550 atque
1289 5478 1551 5534 insinuari
1595 5477 1718 5548 feci,
1781 5479 2098 5550 imputando

2199 4504 2360 4553 vante
2381 4495 2632 4564 Domino,
2667 4495 2992 4552 revicerunt.
3027 4495 3094 4549 Et
3125 4496 3334 4564 borum,
3371 4494 3510 4549 sicut
3542 4493 3786 4562 scriptum

2202 4593 2301 4652 est,
2341 4585 2556 4640 intuens
2601 4583 2820 4649 exitum,
2872 4582 3304 4638 conversationis
3333 4580 3502 4636 fidem
3543 4580 3672 4635 mihi
3699 4593 3784 4632 ne-

2203 4689 2357 4729 cesse
2387 4681 2470 4727 est
2497 4672 2694 4736 imitari
2728 4690 2740 4725 :
2766 4679 2819 4726 et
2847 4671 2924 4726 ita
2952 4677 3284 4740 compertus,
3320 4677 3372 4724 et
3403 4670 3472 4723 de
3503 4669 3600 4723 illo
3629 4668 3676 4721 in
3704 4680 3783 4718 me

2202 4777 2427 4834 prorsus
2461 4767 2737 4830 expertus,
2772 4759 2896 4830 quia
2913 4757 3260 4829 phreneticus
3295 4773 3442 4827 saepe
3474 4757 3609 4811 nulli
3635 4753 3785 4819 majo-

2202 4866 2321 4904 rem
2349 4849 2562 4919 alapam
2593 4849 2720 4903 dare
2769 4847 2925 4912 solet,
2961 4862 3122 4918 quam
3154 4845 3258 4915 ipsi
3287 4845 3522 4910 medico,
3557 4843 3645 4914 qui
3673 4854 3782 4896 eum

2204 4953 2395 4994 curare
2437 4937 2602 4992 volet.
2638 4936 2748 4991 Sed
2805 4943 2858 4989 et
2902 4935 3130 4988 multum
3158 4949 3246 4988 me
3295 4933 3551 4987 miratum
3605 4924 3782 4997 scripsi

2202 5025 2406 5095 illi,ubi
2438 5040 2660 5080 sensum
2691 5040 2848 5078 suum
2889 5022 3096 5088 habuit,
3131 5022 3348 5093 quando
3375 5023 3446 5076 de
3495 5037 3601 5086 me,
3635 5023 3778 5073 tanta:

2205 5114 2561 5182 auctoritatis,
2596 5121 2648 5168 et
2678 5113 2977 5183 sapientiae,
3009 5119 3172 5182 atque
3188 5109 3472 5180 religionis
3501 5109 3630 5174 viro,
3654 5105 3778 5159 sicut

2205 5203 2438 5258 domnus
2469 5209 2585 5258 erat
2609 5201 2852 5266 VVenilo,
2885 5200 3036 5266 dixit,
3061 5206 3114 5254 et
3161 5199 3228 5252 ad
3285 5197 3632 5268 plurimorum
3674 5189 3780 5260 epi-

2207 5307 2499 5362 sc0porum
2514 5288 3057 5360 notitiampervenire
3073 5287 3220 5354 fecit,
3253 5285 3398 5356 quod
3431 5285 3476 5338 si
3506 5285 3558 5338 in
3589 5278 3778 5349 judicio

2205 5380 2446 5451 regulari
2477 5379 2722 5446 dixisset,
2756 5377 2994 5448 probare
3006 5381 3313 5446 nonposset
3351 5391 3364 5426 :
3397 5368 3686 5444 praesertim
3717 5379 3781 5418 se

2207 5493 2362 5534 reum
2393 5477 2460 5533 de
2489 5477 2594 5534 hoc
2619 5476 2742 5547 ipso
2767 5473 3070 5542 confessus,
3108 5481 3160 5527 et
3197 5468 3506 5527 confitendo
3553 5482 3608 5522 se
3657 5459 3780 5516 talia
