4056 6178
252 259 355 314 617

1003 256 1255 314 OPUSC.
1291 256 1383 311 ET
1412 256 1628 313 EPIST.
1662 257 1735 312 IN
1763 256 1989 315 CAUSA
2017 260 2359 319 HINCMARI
2389 265 2695 321 LAUDUN.

3445 269 3547 321 618

253 381 460 455 egisse,
492 397 615 453 qua
645 381 746 438 etsi
776 396 887 437 non
923 380 1273 437 conﬁteretur
1326 367 1695 453 perpetrasse,
1752 397 1849 438 ne-
1877 382 1933 443 A
1954 386 2046 457 qui
2074 387 2131 442 in
2160 388 2240 443 eis
2267 390 2656 460 pranuntiatus
2685 398 2737 445 et
2764 397 3018 446 ostensus
3046 399 3148 459 est,
3189 398 3244 446 et
3279 406 3379 462 per
3424 407 3547 462 qua

253 484 393 541 gare
422 485 535 525 non
569 477 776 541 posset,
834 470 1075 540 seipsum
1132 469 1459 540 illaqueasse
1508 469 1696 526 videre
1741 484 1852 525 non

260 558 457 629 potuit.
497 559 565 613 Et
594 557 717 628 quia
744 557 1090 613 mendacium
1120 565 1237 612 erat
1265 558 1410 629 quod
1438 557 1590 621 dixit,
1638 573 1727 612 me
1760 573 1854 612 ex-

258 644 701 702 communicasse
730 646 979 700 homines
1001 645 1143 700 villa
1168 645 1239 700 de
1268 645 1385 715 ipsa
1402 645 1679 700 rusticana
1699 659 1855 717 paro-

256 734 400 800 chia,
431 741 489 788 et
512 733 745 789 infantes
771 734 891 789 sine
948 733 1291 804 baptismate,
1333 740 1388 788 et
1443 732 1692 789 homines
1737 733 1856 789 sine

259 822 646 878 communione
673 822 729 876 in
759 836 827 877 ea
871 820 1429 877 excommunicatione
1457 820 1583 876 inde
1612 820 1852 886 obiisse;

261 925 390 966 mox
418 910 500 965 illi
525 909 858 978 remandavi,
892 909 1149 981 quoniam
1176 908 1309 964 nulli
1338 924 1580 980 unquam
1621 908 1678 963 in
1735 923 1859 963 mea

257 998 543 1069 parochia,
573 1004 863 1070 postqum
892 997 968 1053 fui
996 997 1275 1053 ordinatus
1315 996 1625 1068 episcopus,
1683 995 1861 1067 bapti-

260 1102 463 1151 smum,
497 1085 585 1143 vel
603 1085 787 1142 viatici
828 1085 1071 1140 muneris
1115 1084 1445 1150 communio,
1493 1100 1527 1140 a
1571 1100 1678 1150 me,
1713 1084 1860 1140 vela

262 1188 547 1246 quoquam
575 1172 948 1229 comministro
973 1187 1098 1228 meo
1127 1172 1397 1243 denegata
1444 1170 1599 1227 fuere
1657 1188 1671 1225 :
1719 1170 1861 1227 sicut

268 1277 469 1317 omnes
497 1262 553 1316 in
600 1261 862 1333 parochia
886 1276 1013 1316 mea
1040 1268 1152 1316 tam
1177 1259 1531 1316 ecclesiastici
1582 1274 1747 1331 quam
1805 1267 1860 1315 et

267 1349 585 1416 saculares,
612 1357 722 1405 tam
742 1348 846 1405 viri
874 1363 1038 1421 quam
1063 1356 1117 1404 et
1142 1347 1360 1404 femina
1379 1347 1572 1403 sciunt.

854 1488 1079 1570 carm
1106 1487 1289 1543 xxx.

275 1578 428 1648 Quod
441 1578 758 1661 postularit
776 1580 856 1661 'ut
886 1577 1201 1661 avunculi“
1219 1591 1325 1631 sua
1353 1574 1627 1661 adversus.
1673 1576 1862 1647 ipsum

335 1645 557 1720 scripta
580 1649 706 1718 igni
733 1648 1069 1703 absumeret.
1098 1648 1315 1720 lteram
1343 1645 1724 1720 desuperiore
1762 1662 1862 1701 ca—

340 1714 585 1783 lum'nia,
601 1714 833 1790 propter
849 1733 1019 1790 quam
1036 1733 1152 1773 non
1171 1716 1328 1771 debet
1356 1714 1431 1771 ad
1444 1714 1862 1773 accusationem
1890 1729 1944 1787 Β

336 1790 593 1844 admitti.

336 1876 481 1945 (Lib.
504 1891 576 1930 ιν
604 1892 726 1948 cap.
748 1918 766 1943 ,
787 1890 838 1932 c.
863 1876 942 1946 4.)
966 1874 1242 1930 Mandavit
1277 1875 1441 1931 etiam
1457 1873 1592 1929 mihi
1604 1888 1706 1946 per
1721 1889 1863 1945 pra-

266 1963 436 2020 fatum
468 1963 839 2019 venerabilem
863 1963 1136 2035 quondam
1163 1962 1633 2033 archiepiscopum
1671 1961 1866 2017 Weni-

267 2051 475 2118 lonem,
505 2059 568 2106 ut
593 2051 641 2106 si
670 2051 875 2122 scripta
903 2066 1022 2121 qua
1049 2050 1130 2105 illi
1156 2050 1492 2107 et'ecclesia
1548 2048 1654 2104 sibi
1709 2065 1863 2105 com-

267 2139 471 2205 missa,
534 2139 605 2194 de
669 2138 1226 2195 excommunicatione
1278 2153 1388 2210 qua
1442 2137 1622 2209 agitur
1672 2137 1743 2192 ab
1799 2152 1865 2193 eo

266 2227 535 2283 intentata
561 2242 676 2283 sua
701 2226 994 2298 parochia,
1034 2226 1329 2292 transmisi,
1377 2241 1606 2298 quaque
1647 2224 1722 2279 ibi
1778 2239 1866 2280 se-

267 2331 389 2371 cum
415 2315 674 2381 habebat,
705 2329 890 2371 coram
917 2313 1037 2369 aliis
1065 2314 1437 2381 incenderem,
1472 2311 1866 2368 etannullanda

269 2402 535 2468 dicerem,
565 2418 766 2474 meque
814 2410 1006 2459 contra
1056 2402 1329 2458 rationem
1383 2408 1438 2456 et
1492 2400 1867 2456 auctoritatem

266 2490 467 2547 fecisse
494 2488 804 2562 proﬁterer,
824 2504 1040 2546 mecum
1059 2505 1256 2560 pacem
1274 2488 1477 2544 habere
1505 2487 1687 2543 vellet.
1712 2487 1865 2543 Unde

266 2578 342 2634 illi
368 2594 473 2650 pro
501 2587 772 2649 tempore,
804 2593 929 2633 cum
962 2577 1084 2635 aliis
1124 2594 1246 2650 qua
1296 2576 1431 2632 mihi
1484 2583 1862 2641 occurrerunt,

269 2684 366 2737 per
395 2667 654 2723 eumdem
684 2666 1234 2737 archiepiscopum,et
1286 2664 1610 2720 Adventinm
1656 2662 1868 2736 glorio-

271 2772 392 2811 sum
423 2756 744 2831 episcopum
773 2754 1106 2811 remandavi.
1158 2755 1226 2808 Et
1254 2760 1444 2823 postea
1471 2752 1563 2807 illa
1616 2752 1755 2823 ipsa,
1814 2758 1868 2806 et

266 2844 392 2910 alia,
424 2843 663 2914 scriptis,
695 2858 929 2914 quorum
961 2842 1049 2898 hic
1077 2841 1256 2897 habeo
1283 2839 1636 2912 exemplaria,
1686 2837 1867 2895 incul-

270 2931 411 3001 cavi,
447 2929 710 3002 quoniam
738 2931 797 2986 in
839 2946 1169 3003 quocunque
1227 2936 1498 2986 conventu
1542 2943 1633 2984 me
1690 2926 1863 2993 adire,

271 3019 515 3092 mihique
539 3018 690 3091 pacis
722 3018 990 3085 osculum,
1050 3017 1188 3074 sicut
1240 3025 1294 3072 et
1349 3016 1583 3072 domnus
1638 3031 1756 3082 rex,
1816 3020 1870 3070 et

275 3070 618 3179 episcjopi‘ac
645 3105 830 3163 cateri
854 3105 1116 3171 illustres,
1149 3120 1213 3161 ac
1241 3103 1553 3160 mediocres
1584 3103 1676 3175 qui
1730 3116 1868 3158 con-
1890 3070 1939 3133 Ο

272 3195 585 3262 veniebant,
618 3194 753 3250 dare
789 3194 1032 3259 nolebat,
1071 3208 1175 3249 nec
1201 3192 1363 3248 etiam
1408 3191 1521 3247 ullo
1568 3191 1739 3248 verbo
1785 3206 1873 3246 me

276 3282 486 3355 alloqui
515 3281 865 3354 dignabatur,
920 3282 992 3338 de
1020 3280 1215 3353 quibus
1244 3280 1333 3336 hic
1388 3279 1637 3352 quadam
1693 3276 1876 3334 studui

278 3371 573 3442 replicare.
608 3369 819 3441 Scripsi
838 3385 1040 3441 nempe
1071 3368 1213 3424 inter
1242 3376 1441 3423 catera
1469 3365 1567 3433 illi,
1601 3365 1875 3437 quomodo

269 3459 324 3514 ei
351 3459 411 3514 in
438 3475 666 3514 sensum
695 3474 851 3513 suum
882 3458 1071 3513 venire
1128 3455 1387 3528 potuerit,
1445 3462 1503 3510 ut
1560 3453 1689 3509 talia
1744 3453 1876 3508 mihi

271 3546 605 3603 mandaret?
634 3548 914 3619 (Epistula
930 3546 1047 3602 hac
1068 3561 1184 3602 non
1205 3544 1444 3615 exstat.)
1458 3542 1601 3597 Nam
1628 3540 1877 3597 diabolus

270 3634 511 3707 loquens
539 3634 611 3689 ad
640 3634 847 3704 primos
874 3638 1132 3703 parentes
1168 3640 1405 3697 nostros,
1438 3630 1538 3685 sed
1567 3636 1620 3685 et
1648 3629 1718 3684 ad
1765 3629 1877 3685 Re-

280 3724 631 3794 demptorem
663 3736 728 3777 ac
749 3721 1084 3777 Salvatorem
1131 3728 1399 3785 nostrum,
1451 3733 1561 3773 non
1609 3733 1675 3773 ex
1723 3716 1878 3785 deje-

272 3811 478 3876 ctione,
510 3809 612 3866 sed
640 3825 708 3866 ex
733 3815 1017 3881 provectu,
1054 3816 1107 3863 et
1134 3824 1201 3863 ex
1258 3805 1600 3863 sublimitatis
1653 3804 1879 3861 avaritia

273 3915 375 3955 eos
404 3898 652 3954 tentavit.
689 3897 866 3952 Isdem
897 3904 1078 3952 autem
1107 3910 1517 3967 supergressus,
1552 3892 1633 3949 sic
1661 3892 1768 3949 dici
1796 3891 1882 3948 fas

275 3996 383 4058 est,
446 3985 656 4042 diaboli
708 3984 1121 4056 malignitatem,
1180 3982 1379 4038 oblitus
1427 3980 1688 4052 scriptum
1735 3996 1879 4050 esse,

273 4076 426 4148 quod
441 4074 828 4147 Malignitates
869 4071 1414 4129 exterminabuntur
1435 4070 1611 4141 (Psal.
1650 4070 1879 4139 xxxvr),

274 4180 371 4221 me
391 4162 712 4220 stultissime
734 4179 799 4217 ex
819 4161 1122 4230 dejectione
1140 4159 1359 4215 tentavit
1382 4176 1395 4214 :
1416 4150 1596 4214 sciens
1617 4156 1743 4229 quia
1762 4172 1885 4228 qua

268 4252 375 4319 illi,
407 4261 464 4308 et
495 4249 747 4309 ecclesia
777 4249 885 4305 sibi
916 4248 1225 4305 commissa
1254 4246 1311 4302 in
1340 4246 1547 4302 eisdem
1563 4244 1781 4315 scriptis
1800 4244 1884 4299 di-

278 4341 420 4407 rexi,
455 4340 527 4396 de
555 4338 877 4412 evangelica
905 4337 1151 4402 veritate,
1185 4342 1240 4391 et
1274 4333 1572 4405 apostolica
1586 4343 1748 4405 atque
1763 4347 1887 4403 pro—

1956 476 2229 531 Christum
2276 476 2653 549 cognovimus,
2709 478 2909 550 quique
2962 478 3056 534 illa
3084 478 3296 535 locutus
3327 485 3428 547 est,
3459 494 3547 533 me

1953 580 2137 630 nosse,
2170 572 2226 620 et
2254 565 2309 619 in
2339 582 2464 620 eum
2496 565 2741 632 credere,
2773 582 2837 622 ac
2865 583 2962 637 per
2988 567 3093 622 hoc
3139 582 3225 621 me
3282 565 3547 622 Christia-

1956 668 2083 707 num
2115 644 2396 724 negarem.
2429 655 2498 709 Et
2526 654 2573 708 si
2602 670 2788 710 sacros
2818 669 3077 720 canones,
3110 662 3164 709 et
3186 654 3404 710 decreta
3447 668 3546 709 ca-

1954 740 2170 797 tholica
2224 741 2485 797 Ecclesia
2529 742 2881 798 incenderem
2935 750 2989 797 et
3037 742 3352 797 abdicarem
3403 758 3415 797 :
3462 757 3550 797 me

1954 829 2144 900 procul
2164 828 2329 884 dubio
2357 830 2423 883 ab
2444 830 2755 901 episcOpatu
2770 846 2879 885 non
2896 830 3073 885 solum
3092 830 3211 899 ipse
3227 829 3545 899 dejicerem,

1956 907 2147 973 verum
2176 925 2229 972 et
2257 917 2329 973 ab
2356 918 2601 973 Ecclesia
2630 918 2897 974 catholica
2926 918 3180 985 divisum,
3213 926 3266 974 et
3287 918 3546 985 alienum,

1955 1004 2012 1059 id
2040 1012 2123 1059 est
2152 1006 2553 1061 schismaticum
2582 1013 2636 1061 et
2663 1007 3190 1076 anathematizatum,
3239 1005 3470 1078 publicis
3498 1012 3553 1061 et

1958 1093 2343 1149 ecclesiasticis
2371 1093 2585 1164 legibus
2616 1092 2910 1149 efﬁcerem.
2980 1094 3129 1151 Sicut
3185 1101 3408 1150 sanctus
3436 1093 3547 1150 Leo

1957 1195 2103 1251 papa
2150 1181 2398 1236 scribens
2441 1181 2510 1235 ad
2556 1181 2796 1237 Leonem
2824 1184 3129 1254 Augustum
3158 1182 3316 1237 etiam
3361 1181 3432 1239 de
3488 1196 3549 1237 se

1958 1268 2088 1324 dicit
2109 1270 2301 1340 (epist.
2334 1270 2425 1339 78)
2460 1286 2474 1323 :
2510 1289 2535 1320 ι
2573 1268 2630 1324 Si
2660 1270 2956 1325 secundum
2987 1268 3538 1342 Apostolum,inquit,

1960 1372 2079 1428 qua
2107 1355 2369 1422 destruxi,
2392 1357 2511 1412 hac
2536 1355 2773 1425 adiﬁco,
2802 1355 3276 1427 pravaricatorem
3305 1374 3391 1413 me
3407 1373 3545 1413 cou-

1960 1444 2143 1513 stituo,
2196 1451 2251 1499 et
2312 1443 2393 1499 eis
2448 1459 2538 1498 me
2584 1444 2953 1500 conditionum
3007 1443 3302 1499 ultionibus
3349 1444 3542 1512 subdo,

1960 1548 2095 1603 quas
2123 1548 2233 1587 non
2261 1531 2440 1587 solum
2469 1532 2762 1588 auctoritas
2782 1532 2957 1588 beata
2975 1531 3257 1587 memoria
3287 1531 3550 1603 principis

1958 1619 2236 1686 Marciani,
2272 1619 2370 1675 sed
2398 1619 2563 1675 etiam
2593 1635 2700 1693 ego
2728 1635 2852 1676 mea
2880 1619 3241 1675 consensione
3257 1618 3491 1676 ﬁrmavi.
3524 1639 3546 1670 ι

2034 1707 2381 1779 Quapropter
2408 1706 2510 1763 etsi
2528 1722 2617 1763 me
2664 1706 2937 1762 inﬁrmum
2964 1723 3026 1763 ac
3074 1707 3348 1780 fragilem,
3389 1715 3552 1778 atque

1962 1794 2314 1861 imbecillem,
2347 1803 2614 1851 utrevera
2643 1811 2783 1861 sum,
2816 1795 2956 1850 adeo
2972 1794 3276 1862 astimavit,
3301 1802 3360 1849 ut
3388 1793 3550 1849 minis

1959 1883 2048 1940 vel
2077 1883 2499 1955 promissionum
2530 1882 2807 1944 blanditiis
2840 1883 2913 1938 ad
2941 1883 3060 1939 hac
3106 1882 3324 1956 agenda
3386 1881 3548 1950 trahi,

1952 1970 2053 2028 'vel
2079 1970 2290 2027 invitari
2320 1970 2562 2027 valerem
2590 1986 2701 2028 non
2727 1978 2911 2026 tamen
2956 1970 3247 2042 episcopus
3301 1968 3552 2024 dubitare

1965 2058 2225 2115 debuerat
2245 2075 2437 2115 verum
2463 2075 2605 2126 esse,
2645 2058 2792 2131 quod
2834 2059 2903 2114 ab
2958 2074 3025 2114 eo
3082 2057 3175 2130 qui
3229 2055 3437 2128 perﬁcit
3493 2055 3551 2111 in

1964 2146 2277 2204 inﬁrmitate
2332 2147 2606 2217 virtutem,
2664 2162 2762 2203 ore
2831 2146 3074 2203 veridico
3146 2144 3476 2216 promittitur
3532 2159 3547 2198 :

1964 2234 2611 2305 Dominus,inquit,dabit
2626 2236 2895 2291 virtutem
2913 2235 3155 2290 multam
3166 2232 3558 2304 euangelizan-

1968 2322 2547 2394 tibus,verbum(Psal.
2580 2324 2750 2392 van)
2783 2340 2797 2376 :
2831 2330 2884 2378 et
2911 2321 3197 2392 episcopus
3226 2319 3359 2375 mihi
3379 2318 3550 2391 quali-

1966 2425 2179 2481 cunque
2209 2409 2467 2481 episcopo
2501 2408 2841 2465 mortiferum
2868 2410 2939 2464 ad
2967 2408 3267 2463 bibendum
3302 2422 3414 2463 non
3451 2406 3553 2463 de-

1965 2498 2152 2554 buerat
2176 2498 2499 2569 propinare;
2531 2497 2760 2564 scilicet,
2803 2504 2862 2551 ut
2908 2496 3121 2567 eloquia
3150 2510 3329 2562 sacra,
3378 2493 3556 2568 gratia

1967 2586 2052 2641 sui
2079 2586 2449 2643 incenderem.
2498 2586 2567 2640 Et
2593 2584 2718 2641 licet
2764 2585 2890 2639 hinc
2924 2600 3011 2639 me
3053 2585 3202 2639 Deus
3228 2582 3408 2657 gratia
3455 2597 3557 2639 sua

1967 2673 2285 2740 servaverit,
2318 2672 2411 2744 qui
2438 2673 2496 2727 in
2523 2689 2583 2728 se
2600 2672 2950 2747 credentibus
2965 2671 3297 2743 repromisit,
3317 2670 3508 2727 dicens
3540 2684 3554 2725 :

1968 2765 2039 2818 Et
2056 2764 2108 2817 si
2126 2762 2491 2831 mortiferum
2502 2760 2635 2833 quid
2649 2760 2907 2827 biberint,
2926 2776 3043 2816 non
3058 2760 3140 2815 eis
3153 2758 3311 2815 nocet
3325 2757 3554 2828 “(Marc

1967 2851 2103 2907 xvn.
2140 2870 2163 2900 ι
2194 2851 2336 2904 Dum
2364 2848 2671 2920 pestiferas,
2703 2847 2878 2919 inquit
2902 2847 2962 2902 B.
2997 2845 3299 2918 Gregorius
3337 2844 3559 2917 (homil.

1966 2941 2036 2995 29
2083 2940 2147 2994 in
2159 2936 2417 3009 Evang.),
2451 2936 2734 2992 suasiones
2762 2934 3006 2999 audiunt,
3040 2941 3094 2989 et
3120 2942 3301 2989 tamen
3329 2932 3400 2989 ad
3429 2948 3563 3004 opc-

1969 3025 2237 3082 rationem
2259 3041 2482 3096 pravam
2527 3024 2750 3079 minime
2788 3024 3193 3095 pertrahuntur,
3225 3016 3565 3077 mortiferum

1970 3112 2190 3186 quidem
2222 3121 2305 3168 est
2334 3111 2481 3185 quod
2522 3110 2862 3178 bibunt;sed
2882 3126 2991 3166 non
3024 3109 3103 3165 eis
3124 3108 3357 3165 nocebit.
3395 3132 3419 3158 ιι
3440 3108 3563 3180 Ipse

1970 3209 2154 3257 tamen
2183 3200 2287 3255 nisi
2304 3199 2613 3270 paenituerit
2630 3215 2695 3254 ex
2714 3199 2817 3254 hac
2835 3196 3298 3268 perniciosissima
3310 3196 3565 3251 suasione

1973 3289 2137 3344 studii
2162 3288 2247 3344 sui
2276 3288 2389 3343 luet
2407 3286 2694 3357 judicium.
2732 3308 2755 3333 α
2780 3285 3031 3355 Tardius,
3054 3282 3228 3355 inquit
3254 3282 3313 3338 B.
3348 3282 3570 3356 Grego-

1972 3375 2126 3447 rius(
2155 3379 2375 3433 Pastor.
2410 3375 2453 3429 Ι.
2473 3389 2551 3439 ιιι,
2585 3374 2806 3438 admon,
2843 3373 2955 3443 33),
3004 3378 3288 3443 peccatum
3317 3370 3567 3438 solvitur,

1973 3464 2120 3537 quod
2149 3471 2203 3519 et
2242 3479 2342 3535 per
2387 3461 2673 3519 consilium
2706 3460 2989 3516 solidatur.
3043 3458 3162 3515 Nisi
3214 3457 3360 3514 enim
3413 3474 3571 3514 mens

1973 3550 2285 3607 omnimodo
2304 3558 2510 3607 aterna
2520 3548 2840 3619 despiceret,
2866 3548 2924 3603 in
2950 3546 3111 3619 culpa
3138 3562 3206 3603 ex
3226 3544 3433 3615 judicio
3460 3561 3572 3602 non

1976 3639 2203 3711 periret.
2241 3662 2264 3688 ιι

2047 3728 2116 3783 Et
2133 3726 2260 3799 quia
2275 3725 2403 3782 dicit
2419 3723 2711 3797 Apostolus
2730 3740 2744 3779 :
2763 3723 3037 3792 Avaritia,
3056 3738 3178 3795 qua
3192 3725 3277 3778 est
3291 3720 3573 3779 idolorum

1978 3817 2220 3873 servitus
2239 3815 2378 3886 (Col.
2401 3815 2483 3883 ιιι)
2518 3830 2533 3869 :
2566 3820 2621 3869 et
2647 3813 2708 3868 B.
2729 3810 3051 3882 Gregorius,
3083 3826 3149 3865 ex
3165 3815 3426 3881 provectu
3445 3824 3574 3866 ava-

1979 3903 2117 3960 ritia
2145 3902 2353 3975 primos
2381 3907 2631 3973 parentes
2658 3908 2874 3957 nostros
2915 3904 3150 3955 tentatos
3206 3904 3259 3953 et
3288 3902 3575 3968 superatos

1980 3992 2340 4059 demonstrat,
2372 3988 2667 4045 ostendens
2713 3986 3014 4054 avaritiam,
3046 4001 3157 4042 non
3184 3984 3361 4041 solum
3404 4000 3576 4057 pecu-

1980 4079 2106 4147 nia,
2140 4079 2239 4135 sed
2255 4078 2418 4135 etiam
2437 4075 2735 4133 altitudinis
2764 4091 2889 4131 esse
2911 4094 2925 4142 ;
2958 4082 3012 4130 et
3032 4073 3157 4146 quia
3176 4080 3328 4130 recte
3350 4072 3578 4130 avaritia

1983 4166 2199 4233 dicitur,
2260 4181 2385 4223 cum
2434 4180 2602 4236 super
2643 4163 2867 4219 modum
2922 4160 3227 4217 sublimitas
3272 4160 3506 4216 ambitur
3562 4174 3578 4216 :

1984 4253 2181 4325 scripsi
2208 4254 2259 4310 ei
2290 4269 2357 4309 ex
2385 4252 2566 4309 verbis
2594 4250 2740 4307 beati
2769 4248 3056 4320 Augustini
3085 4249 3153 4303 de
3171 4246 3465 4318 Scriptura
3492 4262 3579 4302 sa-

1983 4358 2094 4399 cra
2123 4340 2439 4397 auctoritate
2469 4338 2723 4405 dicentis,
2757 4344 2950 4393 contra
2970 4334 3277 4389 Donatistas
3308 4333 3579 4389 schisma-

272 4429 520 4501 ph'etica,
578 4443 791 4484 necnon
839 4434 891 4482 et
916 4424 1177 4482 canonica
1231 4422 1563 4488 auctoritate,
1598 4421 1696 4476 sed
1726 4428 1779 4475 et
1807 4420 1875 4475 de
1894 4419 1947 4481 D
1975 4433 2131 4496 ﬁcos,
2164 4428 2257 4500 qui
2285 4443 2344 4483 se
2373 4426 2491 4483 sine
2520 4440 2681 4482 causa
2700 4440 2734 4479 α
2763 4438 3027 4496 compage
3055 4421 3276 4477 unitatis
3306 4421 3584 4479 catholica

273 4516 604 4589 apostolica
633 4515 788 4571 sedis
808 4512 1213 4577 constitutione,
1240 4509 1380 4567 sicut
1400 4515 1685 4581 acceperat
1702 4508 1894 4564 eadem

275 4614 475 4663 sancta
504 4606 688 4674 sedes,
722 4602 1160 4659 beatissimorum
1191 4599 1562 4671 apostolorum
1600 4595 1892 4652 traditione

279 4700 566 4750 constaret
595 4708 721 4747 esse
750 4690 1079 4760 conscripta.
1112 4688 1184 4743 Et
1214 4694 1521 4743 sanctarum
1579 4684 1891 4755 Scriptura-

270 4799 403 4837 rum
433 4782 723 4837 traditores
745 4787 798 4834 et
816 4780 1134 4834 incensores
1162 4776 1304 4831 inter
1333 4774 1630 4845 sacrilegos
1658 4772 1890 4845 legimus

277 4878 649 4942 computatos.
714 4868 772 4924 Si
801 4883 933 4937 ergo
964 4866 1061 4922 illa
1087 4880 1208 4937 qua
1237 4864 1307 4918 de
1336 4862 1655 4936 Evangelia,
1686 4870 1739 4918 et
1760 4877 1891 4933 apo-

274 4959 463 5026 stolis,
495 4966 659 5030 atque
686 4955 993 5029 prOphetis,
1024 4968 1241 5010 necnon
1272 4960 1325 5008 et
1380 4952 1450 5007 de
1477 4952 1653 5008 sacris
1682 4942 1888 5023 regulis

275 5046 477 5118 spiritu
501 5047 603 5102 Dei
631 5044 885 5110 conditis,
918 5043 1038 5098 sine
1080 5040 1404 5097 admistione
1450 5039 1677 5108 alicujus
1713 5039 1889 5094 hare-

272 5150 433 5203 seos,
463 5134 551 5191 vel
575 5133 908 5199 schismatis,
940 5129 1267 5200 conscripsi,
1298 5128 1553 5184 videlicet
1574 5142 1886 5183 mensuram

270 5222 449 5277 tritici
462 5238 493 5277 a
514 5220 900 5278 comburendis
919 5218 1095 5291 paleis
1110 5225 1165 5273 et
1188 5216 1391 5272 zizania
1410 5215 1553 5289 puri,
1605 5230 1797 5272 revera
1816 5214 1885 5269 de

272 5309 488 5365 horreo
517 5308 803 5365 Dominico
833 5306 887 5362 in
946 5316 1191 5377 tempore
1236 5304 1315 5361 illi
1369 5320 1435 5361 ac
1489 5302 1735 5360 ecclesia
1780 5301 1885 5357 sibi

275 5397 618 5463 commissa,
669 5405 725 5452 et
780 5394 1146 5452 sollicitudine
1174 5408 1313 5449 mea
1367 5391 1623 5469 subjecta
1677 5389 1885 5461 prolata

274 5485 665 5551 incenderem.
711 5493 764 5539 et
783 5497 915 5540 vera
943 5497 1203 5554 negarem
1235 5498 1251 5536 :
1284 5481 1401 5536 sine
1432 5478 1594 5535 dubio
1615 5476 1882 5533 Christum

572 5601 815 5655 ΡΑτιιοι..
846 5597 1089 5654 CXXVI.

1992 4523 2400 4589 separaverunt,
2425 4514 2670 4571 dicentes
2699 4512 2845 4585 quod
2870 4511 3103 4583 probare
3134 4525 3244 4566 non
3273 4516 3579 4580 potuerunt,

1992 4605 2338 4663 Cacilianum
2367 4619 2403 4659 a
2445 4601 2798 4659 traditoribus
2846 4615 3124 4657 sacrarum
3181 4597 3575 4668 Scripturarum

1988 4692 2156 4749 fuisse
2183 4692 2520 4759 ordinatum;
2552 4699 2611 4747 ut
2640 4695 3001 4763 cognosceret
3046 4702 3210 4758 quam
3241 4702 3407 4759 grave
3438 4700 3575 4757 pec-

1988 4788 2165 4838 catum
2214 4781 2283 4835 sit
2340 4777 2664 4847 idololatria,
2718 4775 2864 4849 quod
2907 4793 2973 4831 ex
3019 4773 3224 4829 ambitu
3278 4770 3579 4830 altitudinis

1988 4868 2276 4926 admisisse
2304 4867 2536 4933 videtur,
2568 4866 2699 4922 dum
2727 4861 2862 4920 nulli
2917 4862 3189 4932 subjectus
3246 4875 3369 4919 esse
3424 4860 3575 4934 velit,

1988 4958 2079 5030 qui
2109 4957 2317 5014 cunctis
2349 4970 2585 5028 praesse
2616 4969 2725 5009 non
2755 4950 2918 5007 valet.
2968 4951 3037 5006 Et
3090 4950 3215 5022 quia
3242 4950 3465 5023 gravius
3495 4957 3579 5007 est

1984 5053 2270 5119 peccatum
2300 5040 2544 5100 incensio
2583 5041 2887 5097 divinorum
2908 5038 3269 5111 eloquiorum,
3330 5038 3400 5094 ad
3431 5038 3579 5110 quod

1984 5150 2072 5190 me
2101 5132 2389 5189 traducere
2435 5130 2603 5186 voluit
2637 5146 2649 5184 :
2689 5136 2742 5184 et
2770 5126 3028 5200 quoniam
3075 5126 3460 5200 gravissimum
3508 5126 3579 5182 sit

1983 5229 2266 5294 peccatum
2296 5218 2553 5281 schisma,
2586 5231 2693 5288 quo
2721 5232 2780 5271 se
2812 5231 2846 5271 a
2876 5215 3113 5271 fraterna
3166 5222 3350 5270 nostra
3377 5214 3577 5270 unani-

1982 5309 2168 5364 mitate
2194 5322 2296 5377 per
2321 5320 2473 5360 suam
2520 5303 2881 5375 perniciosam
2930 5301 3381 5372 subscriptionem
3411 5318 3575 5374 sepa-

1983 5395 2161 5451 ravit:
2195 5394 2334 5449 sicut
2391 5392 2595 5463 scripto
2641 5390 2853 5446 ostendi
2909 5394 2964 5444 in
3018 5388 3203 5446 libello
3259 5406 3359 5446 suo
3414 5407 3575 5447 mon-

1982 5490 2200 5539 struoso
2219 5496 2252 5536 a
2282 5495 2364 5547 se,
2398 5488 2451 5535 et
2474 5495 2505 5534 a
2534 5479 2749 5535 clericis
2778 5478 3053 5549 parochia
3083 5494 3197 5535 sua
3218 5478 3523 5552 subscripta
3556 5497 3570 5535 :

3289 5595 3359 5650 20
