4020 6178
561 203 663 254 619

1481 198 1820 254 ιλιιΝωιΑιιι
1859 195 2258 252 ΒΗΕΜΕΝΞΙΞ
2295 195 2847 252 ARCHIEPISCOPI.

3737 198 3822 248 620

561 323 656 378 ubi
683 323 1010 394 quibusdam
1038 322 1357 394 subscriptis
1395 337 1514 392 quas
1557 321 1887 392 evangelicae
1917 320 2151 386 veritati,
2183 320 2238 380 A
2259 319 2466 374 admitti
2493 334 2604 374 non
2629 319 2798 374 'debet
2853 317 2930 373 rei
2976 317 3242 374 adversus
3296 333 3679 390 quemcunque
3713 334 3822 388 pro-

565 419 617 466 et
646 411 960 482 apostolicae
978 411 1298 476 auctoritati,
1323 417 1376 464 et
1404 409 1640 464 decretis
1671 417 1979 463 sanctorum
2013 423 2148 463 con-

565 499 834 566 ciliorum,
859 516 979 571 quae
1023 498 1342 554 universalis
1381 497 1641 552 Ecclesiae
1671 496 1922 566 probavit
1952 512 2148 550 assen-

564 603 675 655 sus,
709 595 764 641 et
789 586 1096 658 apostolicae
1127 587 1274 640 sedis
1303 583 1975 650 conﬁrmavitauctoritas,
2001 584 2152 638 inve—

557 675 783 729 niuntur
794 675 1040 728 adversa.
1061 673 1301 728 Aitenim
1321 673 1513 728 beatus
1535 672 1872 744 Augustinus
1920 671 2150 741 loquens

561 763 631 816 ad
679 762 1081 832 Donatistasde
1112 761 1197 815 his
1226 762 1397 814 tribus
1428 760 1677 830 capitulis
1709 761 1960 832 (August.
1980 799 1994 826 ,
2032 760 2072 812 Ι.
2112 773 2152 812 ιι

563 851 627 904 de
671 851 861 921 Bapt.,
911 865 959 904 c.
1010 851 1107 918 6):
1141 849 1265 903 Non
1310 847 1620 912 aﬁ‘eramus,
1659 848 1847 918 inquit,
1899 854 2153 902 stateram

561 937 828 1003 dolosam,
861 937 954 991 ubi
977 937 1353 1007 appendamus
1403 935 1548 1006 quod
1593 936 1864 1003 volumus,
1916 942 1970 989 et
2012 949 2153 1005 quo—

558 1025 721 1080 modo
768 1025 1036 1090 volumus,
1087 1041 1188 1095 pro
1247 1025 1473 1079 arbitrio
1522 1032 1710 1078 nostro
1736 1023 1999 1090 dicentes,
2050 1023 2156 1077 hoc

561 1127 748 1184 grave,
781 1114 886 1168 hoc
915 1112 1035 1168 leve
1065 1121 1185 1178 est;
1219 1113 1316 1166 sed
1337 1110 1624 1167 afferamus
1646 1112 1884 1166 divinam
1903 1119 2155 1166 stateram

557 1201 624 1254 de
656 1200 944 1270 Scripturis
975 1201 1200 1268 sanctis,
1234 1208 1488 1270 tanquam
1516 1200 1584 1254 de
1615 1200 1887 1254 thesauris
1935 1198 2153 1264 divinis,

555 1295 608 1342 et
635 1287 690 1341 in
717 1287 810 1342 illa
860 1287 988 1358 quid
1032 1289 1102 1340 sit
1149 1287 1390 1356 gravius,
1450 1288 1819 1356 appendamus
1863 1285 2018 1340 :imo
2049 1301 2157 1340 non

553 1375 943 1446 appendamus,
984 1375 1084 1429 sed
1112 1391 1142 1428 a
1173 1375 1406 1428 Domino
1437 1375 1778 1444 appendente
1795 1389 2158 1444 recognosca-

567 1479 708 1516 mus.
741 1463 1012 1530 Tempore
1045 1461 1157 1527 illo,
1195 1477 1302 1532 quo
1335 1463 1596 1516 Dominus
1625 1462 1806 1532 priora
1835 1461 2034 1516 delicta
2077 1477 2160 1516 re-

560 1549 807 1605 centibus
836 1565 1116 1618 pugnarum
1146 1550 1409 1619 exemplis
1441 1551 1687 1604 cavenda
1729 1549 2070 1616 monstravit,
2104 1556 2158 1602 et

559 1637 764 1692 idolum
798 1637 1137 1702 fabricatum,
1172 1645 1334 1708 atque
1389 1637 1667 1692 adoratum
1700 1646 1801 1704 est,
1837 1647 1888 1692 et
1915 1638 2158 1708 prophe-

557 1725 694 1780 ticus
723 1725 861 1778 liber
911 1724 988 1778 ira
1043 1725 1192 1797 regis
1250 1726 1638 1795 contemptoris
1695 1727 1950 1780 incensus
2009 1729 2141 1796 (Jer.

559 1815 777 1883 xxxvr),
813 1820 866 1867 et
922 1813 1154 1867 schisma
1209 1820 1551 1878 attentatum,
1611 1813 1914 1868 idololatria
1961 1813 2146 1886 gladio

557 1899 738 1970 punita
779 1907 893 1966 est;
927 1901 1134 1955 exustio
1163 1900 1308 1966 libri,
1343 1902 1536 1957 bellica
1567 1902 1716 1956 caede
1749 1909 1802 1957 et
1855 1902 2148 1974 peregrina

561 1987 866 2058 captivitate
890 2006 904 2054 ;
946 1989 1201 2057 schisma,
1253 1989 1402 2044 hiatu
1421 1997 1579 2045 terrae
1596 1989 1822 2059 sepultis
1839 1989 2149 2044 auctoribus

557 2075 715 2142 vivis,
748 2083 801 2130 et
830 2075 1037 2132 caeteris
1067 2077 1277 2132 caelesti
1322 2077 1451 2148 igne
1481 2077 1815 2147 consumptis
1847 2091 1860 2130 :
1894 2077 2014 2147 quis
2037 2077 2149 2145 jam

561 2163 888 2219 dubitaverit
917 2163 1024 2219 hoc
1053 2181 1174 2219 esse
1221 2165 1542 2220 sceleratius
1601 2165 1971 2230 commissum,
2005 2164 2150 2234 quod

563 2259 645 2305 est
673 2251 890 2322 gravius
917 2251 1289 2306 vindicatum?
1323 2273 1344 2302 ι

635 2347 742 2402 Sed
781 2349 910 2419 quia
951 2348 1027 2402 illi
1068 2364 1176 2404 non
1198 2347 1410 2404 suffecit
1465 2363 1552 2403 me
1610 2347 1948 2414 calumniari,
2009 2347 2154 2418 quod

561 2441 674 2489 tam
725 2435 990 2491 nefariam
1042 2444 1095 2491 et
1150 2435 1476 2491 exitiabilem
1545 2435 2154 2492 excommunicationem

569 2523 648 2577 illi
681 2524 952 2594 agendam
983 2524 1230 2595 exemplo
1286 2524 1583 2586 docuerim.
1644 2523 1750 2579 nisi
1793 2524 1955 2580 etiam
2013 2539 2156 2579 nunc

569 2627 658 2666 me
689 2611 892 2682 scripto
946 2611 1384 2678 calumniaretur,
1428 2627 1538 2666 non
1567 2611 1729 2666 aliam
1757 2611 1902 2666 illam
1931 2626 2156 2667 excom-

567 2698 988 2754 municationem
1045 2716 1102 2754 se
1155 2699 1372 2770 fecisse,
1438 2717 1602 2770 quam
1631 2715 1662 2754 a
1689 2715 1814 2755 mea
1871 2699 2006 2756 vivae
2062 2714 2158 2755 vo-

570 2785 649 2842 cis
703 2787 950 2841 doctrina
1005 2786 1306 2842 faciendam
1365 2787 1614 2843 didicerit
1656 2805 1671 2841 :
1715 2787 2159 2858 respondendum

563 2872 697 2927 mihi
751 2881 942 2928 contra
995 2874 1313 2930 mendacem
1361 2874 1506 2929 illius
1571 2875 2041 2930 calumniationem
2095 2891 2161 2930 ex

569 2959 739 3016 sacris
769 2961 1179 3016 auctoritatibus
1236 2967 1612 3017 necessarium
1659 2963 1858 3029 video;
1889 2979 1959 3020 ne
2007 2961 2160 3033 quasi

569 3047 797 3104 tacendo
824 3049 1190 3118 consentiens,
1221 3065 1350 3104 reus
1376 3050 1581 3120 pariter
1608 3064 1732 3106 cum
1760 3051 1851 3106 illo
1873 3051 2155 3120 dijudicer.

570 3135 720 3192 Sicut
748 3136 802 3191 in
831 3135 1110 3208 petitione,
1145 3153 1306 3209 quam
1336 3137 1521 3193 clerici
1551 3138 1923 3194 Laudunensis
1963 3139 2160 3194 Eccle-

567 3223 662 3279 siae
693 3223 826 3280 mihi
867 3225 1150 3292 dederunt,
1201 3227 1522 3292 continetur,
1554 3234 1606 3282 et
1655 3227 1794 3283 sicut
1849 3227 1906 3282 in
1951 3227 2159 3299 synodo

565 3327 752 3368 coram
791 3313 885 3368 illo
942 3314 1088 3384 apud
1143 3314 1470 3371 Attiniacum
1526 3314 1708 3370 habita
1765 3315 2156 3382 demonstravi,

572 3416 765 3457 omnes
794 3402 1115 3458 sacerdotes
1143 3402 1303 3457 totius
1332 3403 1610 3474 parochias
1637 3419 1751 3459 suae
1779 3404 2074 3474 colligavit,
2104 3409 2164 3458 ut

567 3503 728 3543 nemo
789 3505 980 3545 eorum
1031 3489 1086 3544 in
1139 3505 1202 3547 ea
1253 3490 1575 3547 sacerdotali
1619 3491 1921 3547 ministerio
1977 3490 2160 3546 tandiu

569 3583 825 3647 uteretur,
857 3577 1164 3650 usquedum
1193 3578 1285 3634 ille
1311 3579 1429 3650 ipse
1470 3579 1668 3635 iterum
1725 3595 1849 3636 cum
1905 3580 1984 3635 eis
2037 3578 2162 3635 viva

568 3681 703 3722 voce
731 3665 1061 3736 loqueretur,
1093 3675 1184 3722 aut
1209 3667 1402 3724 littera:
1432 3683 1466 3722 a
1494 3667 1624 3723 sede
1653 3669 1712 3722 B.
1745 3669 1889 3723 Petri
1929 3667 2162 3739 apostoli

569 3753 649 3808 eis
677 3753 1024 3810 mitterentur
1052 3771 1066 3807 :
1098 3762 1150 3808 et
1179 3769 1248 3809 ne
1274 3754 1611 3825 baptizarcnt
1638 3771 1858 3826 pueros,
1919 3771 1990 3811 ne
2028 3756 2162 3812 visi-

569 3847 742 3895 tarent
770 3839 1036 3908 infirmos,
1069 3856 1139 3895 ne
1168 3841 1588 3898 reconciliarent
1627 3858 1751 3898 cum
1804 3843 2001 3898 viatico
2027 3859 2153 3900 mu-

569 3943 699 3982 nere
727 3927 1095 3998 pcenitentiam
1122 3935 1387 3999 petentes,
1437 3946 1506 3984 ne
1562 3931 1860 4001 sepelirent
1896 3939 2156 3997 mortuos,

569 4009 784 4080 penitus
813 4010 880 4064 ab
909 4011 994 4066 his
1014 4027 1205 4067 omnes
1243 4027 1338 4067 eos
1367 4013 1658 4084 prohibuit.
1691 4015 1759 4068 Et
1785 4014 1840 4068 in
1871 4031 1971 4068 sua
1987 4015 2162 4070 rotula

571 4097 705 4152 mihi
737 4097 972 4170 scripsit,
1003 4115 1111 4155 non
1146 4099 1306 4155 aliam
1339 4101 1488 4156 illam
1517 4101 1735 4171 fecisse,
1768 4119 1932 4174 quam
1972 4117 2006 4157 a
2035 4119 2160 4158 mea

568 4184 705 4242 vivae
749 4187 900 4244 vocis
930 4187 1172 4244 doctrina
1202 4188 1504 4244 faciendam
1529 4189 1734 4244 didicit.
1795 4189 1956 4258 Quod
2001 4207 2162 4245 meno

569 4273 783 4330 dacium
814 4291 937 4331 esse
969 4276 1251 4346 profiteor.
1281 4277 1351 4331 Et
1383 4277 1509 4347 quia
1539 4277 1867 4334 manifestun
1900 4287 2003 4344 est,
2041 4295 2161 4334 eum

565 4361 690 4418 illas
739 4363 1112 4435 colligationes
1161 4365 1450 4435 impietatis
1514 4366 1805 4422 admisisse
1857 4383 1868 4421 :

567 4451 797 4506 crimina
826 4467 951 4508 esse
975 4461 1221 4522 possunt,
1255 4453 1393 4508 sicut
1422 4455 1479 4508 S.
1510 4453 1812 4525 Gregorius
1831 4471 1954 4510 esse
1975 4461 2150 4510 osten-

563 4539 660 4610 dit,
716 4539 1068 4595 criminaliter
1103 4541 1226 4595 illas
1255 4541 1471 4596 admisit
1503 4559 1516 4596 :
1549 4542 1946 4598 ostendendum
2004 4551 2056 4598 et
2087 4559 2152 4598 ex

562 4627 731 4684 sacris
759 4627 1167 4684 auctoritatibus
1196 4629 1243 4682 si
1273 4629 1598 4685 criminosus
1641 4631 1804 4685 ali‘um
1852 4631 2148 4698 criminari,

563 4723 618 4770 et
689 4731 840 4770 reum
914 4716 1154 4770 criminis
1212 4715 1390 4771 facere
1459 4718 1652 4787 possit.
1718 4719 1897 4773 Sacrae
1953 4719 2152 4790 quippe

561 4802 734 4874 leges,
758 4819 889 4874 quas
917 4803 1164 4859 Ecclesia
1193 4804 1461 4860 catholica
1491 4805 1702 4875 recipit,
1755 4806 1958 4874 dicunt,
2023 4807 2150 4878 quia

552 4891 674 4958 jure
702 4899 755 4944 et
781 4891 993 4962 legibus
1023 4894 1366 4948 constitutum
1398 4900 1481 4948 est
1509 4893 1635 4964 (Jul.
1657 4895 1819 4963 epist.
1853 4909 1914 4961 ιι,
1947 4909 1995 4949 c.
2032 4895 2142 4964 28),

555 4985 616 5032 ut
645 4987 990 5048 «spontanea
1017 4980 1356 5050 professione
1399 4997 1547 5048 reus,
1598 4997 1750 5037 reum
1797 4997 1904 5036 non
1961 4981 2143 5050 faciat,

559 5083 736 5139 neque
779 5066 855 5120 illi
901 5067 968 5122 de
1007 5067 1175 5123 altero
1214 5069 1488 5135 credatur,
1541 5069 1631 5140 qui
1681 5085 1740 5126 se
1795 5070 2147 5126 criminosum

555 5171 677 5212 esse
705 5154 989 5210 confessus
1017 5163 1117 5209 est.
1156 5179 1177 5203 ιι
1209 5157 1277 5210 Et
1305 5157 1433 5213 item
1469 5175 1480 5211 :
1512 5179 1533 5208 α
1557 5159 1679 5212 Non
1701 5158 2036 5214 credendum
2063 5167 2146 5213 est

552 5252 738 5297 contra
767 5243 904 5298 alios
931 5259 1118 5298 eorum
1147 5242 1474 5299 confessioni
1507 5245 1582 5315 (3,
1618 5262 1672 5316 q.
1728 5249 1780 5310 5,
1813 5261 1862 5302 c.
1895 5248 2142 5302 Accusa-

559 5330 744 5400 tores),
777 5331 869 5401 qui
896 5331 950 5385 in
981 5330 1297 5386 criminibus
1332 5341 1677 5400 accusantur,
1731 5333 1836 5388 nisi
1893 5349 1953 5388 se
1990 5333 2140 5404 prius

551 5417 900 5485 probaverim
955 5419 1269 5474 innocentes
1321 5435 1334 5474 :
1393 5420 1518 5491 quia
1559 5421 1868 5490 periculosa
1925 5431 2024 5491 est,
2087 5431 2140 5477 et

2189 3013 2238 3075 C

2251 407 2436 462 fessio.
2486 429 2507 456 ιι
2543 409 2610 462 Et
2658 406 2802 462 sacri
2852 421 3091 461 canones
3143 406 3331 461 dicunt
3385 407 3572 474 (conc.
3631 407 3790 476 Afris.

2252 511 2374 565 cap.
2413 495 2558 566 130),
2593 503 2648 548 ut
2683 516 2704 544 α
2741 495 2812 548 ad
2862 493 3264 548 accusationem
3320 509 3430 548 non
3479 493 3827 558 admittantur,

2254 600 2392 654 quos
2425 583 2496 636 ad
2526 583 2838 637 accusanda
2891 581 3106 652 publica
3152 581 3384 637 crimina
3432 581 3590 652 leges
3631 581 3830 651 publica

2252 687 2361 725 non
2390 670 2704 724 admittunt.
2748 691 2769 720 ν
2803 671 2870 724 Ει
2903 670 3333 740 quotiescunque
3364 669 3588 724 clericis
3609 669 3678 722 ab
3693 685 3830 725 accu-

2254 759 2528 814 satoribus
2581 759 2747 813 multa
2805 757 3032 813 crimina
3089 757 3440 826 objiciuntur,
3493 766 3550 813 et
3597 773 3752 812 unum
3781 774 3829 812 ex

2251 847 2387 918 ipsis
2416 847 2484 901 de
2515 862 2624 918 quo
2655 845 2802 916 prius
2834 846 3066 916 egerint,
3113 845 3348 916 probare
3396 862 3510 900 non
3567 845 3827 912 valuerint,

2254 936 2321 989 ad
2354 943 2554 990 caetera
2599 950 2709 990 non
2765 935 3135 988 admittantur.
3195 935 3264 989 Et
3305 934 3432 988 item
3489 949 3662 989 sacra:
3705 933 3828 1006 leges

2254 1022 2649 1078 Theodosianae
2671 1022 2855 1077 dicunt
2885 1021 2960 1093 (2,
2987 1039 3040 1092 q.
3073 1024 3125 1090 7,
3159 1037 3206 1076 c.
3256 1022 3316 1076 Si
3344 1023 3467 1093 quis
3485 1023 3788 1094 episcopus)
3813 1039 3823 1076 ε

2261 1133 2282 1161 ι
2316 1111 2709 1181 Siepiscopus,
2743 1110 2829 1166 vel
2859 1110 3168 1180 presbyter,
3210 1109 3502 1174 diaconus,
3537 1119 3592 1164 et
3626 1110 3827 1181 quicun-

2258 1215 2363 1270 que
2393 1198 2662 1253 inferioris
2703 1197 2808 1253 loci
2838 1197 3157 1252 Christianas
3203 1197 3343 1268 legis
3396 1197 3655 1264 ministri,
3711 1199 3826 1268 apud

2257 1287 2563 1358 episcopos,
2598 1285 2868 1356 siquidem
2897 1285 3022 1339 alibi
3075 1301 3183 1340 non
3225 1293 3463 1355 oportet,
3526 1301 3559 1340 a
3621 1286 3828 1356 qualibet

2257 1389 2491 1444 persona
2565 1373 2761 1428 fuerint
2823 1374 3088 1442 accusati,
3163 1373 3278 1427 sive
3333 1373 3426 1427 ille
3477 1373 3724 1427 sublimis
3763 1375 3828 1427 vir

2259 1462 2505 1526 honoris,
2539 1461 2653 1516 sive
2685 1460 2846 1515 ullius
2877 1461 3100 1516 alterius
3129 1461 3408 1532 dignitatis
3425 1462 3518 1531 qui
3548 1462 3658 1516 hoc
3685 1477 3828 1532 genus

2259 1549 2589 1604 illaudabilis
2619 1549 2930 1602 intentionis
2979 1549 3284 1618 arripuerit,
3345 1549 3559 1604 noverit
3613 1549 3828 1604 docenda

2187 1666 2240 1724 Β
2263 1637 2601 1692 documentis
2633 1652 2692 1690 se
2723 1629 2926 1691 debere
2955 1635 3177 1692 inferre.
3229 1635 3284 1690 Si
3323 1637 3445 1706 quis
3475 1653 3615 1708 ergo
3669 1645 3828 1692 contra

2265 1724 2574 1792 hujusmodi
2601 1739 2862 1794 personas
2891 1739 3002 1778 non
3045 1723 3327 1793 probanda
3356 1723 3635 1789 detulerit,
3667 1731 3830 1780 aucto-

2261 1812 2418 1866 ritate
2449 1811 2604 1879 hujus
2653 1810 2948 1865 sanctionis
2992 1809 3260 1881 intelligat
3315 1826 3375 1864 se
3415 1812 3651 1878 jactura:
3701 1811 3828 1866 fama:

2257 1897 2490 1969 propriae
2542 1897 2820 1965 subjacere
2865 1913 2880 1950 :
2925 1904 2983 1950 ut
3031 1897 3226 1951 damno
3273 1897 3515 1966 pudoris,
3577 1897 3828 1952 existima-

2250 1985 2528 2055 tionisque
2573 1985 2859 2054 dispendio
2907 1984 3082 2038 discat
3134 1985 3238 2038 sibi
3267 1985 3458 2040 alienae
3514 1987 3827 2041 verecundia

2249 2072 2470 2143 impune
2514 2071 2776 2137 insidiari,
2869 2071 3063 2126 saltem
3113 2073 3296 2127 dicere
3337 2088 3448 2127 non
3487 2073 3677 2129 licere.
3709 2095 3728 2124 ι
3779 2075 3832 2128 Et

2251 2159 2566 2214 Africanum
2622 2159 2752 2214 dicit
2781 2159 3073 2214 concilium
3110 2161 3291 2231 (conc.
3347 2162 3494 2232 Δίνη
3521 2177 3644 2232 cap.
3687 2163 3826 2232 l29):

2262 2247 2503 2303 «Omnes
2531 2246 2766 2302 infamiae
2792 2247 3023 2302 maculis
3053 2263 3313 2318 aspersos
3345 2249 3414 2302 ad
3453 2249 3830 2305 accusationem

2253 2351 2366 2391 non
2397 2335 2623 2400 admitti,
2657 2335 2762 2389 nisi
2783 2335 2838 2389 in
2867 2335 3048 2391 causis
3077 2335 3330 2406 propriis.
3361 2357 3384 2385 ι
3417 2339 3486 2391 Et
3505 2338 3576 2392 de
3607 2339 3829 2408 episcopo

2255 2423 2348 2495 qui
2397 2423 2693 2478 Donatistis
2741 2439 2800 2478 se
2843 2423 3279 2480 communicasse
3343 2424 3608 2480 mentitus
3661 2425 3826 2492 fuerat,

2255 2511 2399 2567 idem
2419 2509 2657 2566 decrevit
2675 2510 2961 2566 concilium
2981 2511 3136 2580 (ibid.
3161 2555 3174 2578 ,
3200 2527 3248 2567 c.
3273 2513 3432 2583 ηιμ
3461 2519 3520 2566 ut
3539 2535 3565 2561 κ
3587 2513 3636 2567 si
3655 2513 3828 2584 proba-

2253 2605 2366 2652 tum
2383 2597 2541 2654 fuerit
2573 2614 2694 2653 eum
2725 2599 2794 2654 de
2824 2599 3203 2655 communione
3234 2599 3454 2655 illorum
3471 2599 3644 2657 fuisse
3663 2601 3830 2657 menti-

2257 2694 2388 2755 tum,
2412 2687 2648 2744 dicendo
2678 2687 2757 2741 eis
2805 2703 2864 2744 se
2892 2687 3343 2754 communicasse,
3395 2705 3534 2760 quos
3555 2706 3624 2746 eo
3653 2691 3826 2745 sciente

2255 2789 2365 2830 non
2397 2775 2827 2832 communicasse
2881 2775 3202 2844 constiterit,
3259 2777 3422 2832 etiam
3481 2779 3826 2851 episcopatum

2261 2861 2488 2919 amittat.
2529 2886 2552 2912 ι)

2331 2957 2488 3015 Unde
2515 2966 2698 3016 vestra
2726 2959 3036 3016 fraternitas
3065 2961 3210 3018 inter
3235 2977 3324 3018 me
3354 2969 3407 3018 et
3431 2962 3588 3018 illum
3643 2964 3828 3019 discer-

2260 3055 2375 3117 nat,
2409 3055 2572 3119 atque
2625 3048 2901 3116 decernat,
2964 3055 3023 3104 ut
3069 3049 3115 3105 si
3165 3066 3290 3123 ego,
3349 3051 3478 3107 licet
3525 3052 3829 3109 mendaciter

2257 3151 2346 3190 me
2375 3135 2507 3190 talia
2536 3135 2690 3191 illum
2718 3136 2972 3192 docuisse
2999 3136 3086 3193 vel
3129 3138 3405 3194 hortatum
3463 3139 3652 3208 fuisse,
3707 3141 3827 3195 sicut

2257 3222 2375 3294 ipse
2406 3223 2555 3290 dicit,
2582 3222 2892 3292 conﬁterer,
2923 3240 3052 3280 reus
3079 3225 3325 3281 criminis
3351 3227 3716 3300 episcopatum
3741 3228 3828 3282 de-

2259 3311 2448 3367 berem
2481 3311 2725 3368 amittere
2757 3329 2772 3368 :
2807 3313 2937 3386 quid
2967 3313 3058 3368 ille
3087 3323 3363 3371 mereatur
3393 3316 3486 3388 qui
3522 3316 3830 3372 mendaciter

2259 3415 2346 3455 me
2375 3399 2755 3468 calumniatur,
2788 3417 2897 3457 non
2943 3401 3120 3457 solum
3175 3403 3520 3476 participem,
3570 3419 3749 3460 verum
3785 3409 3830 3457 et

2259 3495 2538 3544 auctorem
2583 3489 2639 3544 in
2695 3489 2780 3544 his
2845 3489 2956 3545 suis
3011 3490 3190 3562 impiis
3263 3493 3828 3549 excomunicationibus

2260 3591 2402 3632 esse.
2461 3575 2616 3632 Unde
2671 3577 2835 3632 etiam
2907 3577 3254 3650 antiquorum
3327 3581 3546 3636 Patrum
3613 3595 3826 3637 canones

2259 3673 2572 3734 sanxerunt,
2603 3665 2906 3721 scribentes
2934 3667 3003 3721 ad
3051 3667 3341 3739 episcopos
3390 3683 3490 3740 per
3543 3669 3736 3724 Gallias
3784 3675 3828 3722 et

2262 3767 2614 3823 quascunque
2635 3753 2944 3823 provincias
2965 3755 3306 3822 constitutos,
3327 3757 3432 3812 hoc
3449 3757 3614 3812 modo
3641 3775 3653 3811 :
3679 3781 3700 3805 σε
3727 3755 3826 3810 Nec

2259 3840 2408 3906 illud,
2443 3839 2663 3909 fratres,
2689 3842 2926 3896 scribere
2956 3841 3195 3898 alienum
3223 3844 3294 3898 ab
3321 3845 3585 3901 Ecclesiae
3625 3844 3827 3900 utilitate

2261 3927 2591 3993 censuimus,
2623 3937 2681 3982 ut
2727 3929 2958 3996 sciretis,
3009 3929 3318 4002 quicunque
3367 3933 3471 3987 sub
3519 3933 3826 3988 ordinatione

2261 4015 2348 4070 vel
2403 4015 2752 4080 diaconatus,
2813 4016 2902 4072 vel
2959 4019 3316 4089 presbyterii,
3367 4021 3458 4076 vel
3515 4023 3827 4092 episcopatus

2259 4103 2474 4157 mortali
2505 4103 2727 4159 crimine
2759 4105 2989 4160 dixerint
3029 4122 3088 4161 se
3127 4123 3250 4162 esse
3279 4107 3538 4179 pollutos,
3577 4127 3608 4164 a
3649 4123 3826 4179 supra-

2261 4190 2419 4246 dictis
2440 4191 2865 4248 ordinationibus
2904 4193 3312 4251 submovendos
3345 4214 3359 4250 :
3385 4213 3511 4252 reos
3540 4197 3736 4253 scilicet
3753 4193 3826 4250 vel

2263 4278 2378 4333 veri
2436 4278 2799 4346 confessione,
2855 4281 2942 4336 vel
2987 4282 3274 4338 mendacio
3329 4283 3598 4340 falsitatis.
3657 4286 3828 4354 Neque

1929 4383 2049 4438 quae
2104 4367 2151 4420 si
2179 4361 2400 4420 Denim
2427 4367 2639 4422 obsolvi
2693 4375 2890 4438 potest,
2953 4370 3044 4440 qui
3073 4370 3128 4424 in
3179 4371 3361 4440 seipso
3414 4373 3610 4430 dixerit
3657 4373 3828 4428 mortis

2258 4468 2500 4520 causam,
2533 4471 2654 4526 quae
2683 4455 2828 4512 dicta
2855 4456 2911 4512 in
2939 4457 3105 4512 alium
3135 4459 3420 4530 puniretur
3451 4479 3465 4528 ;
3499 4479 3622 4518 cum
3669 4459 3826 4517 omnis

2257 4541 2346 4612 qui
2375 4541 2479 4596 sibi
2507 4540 2668 4597 fuerit
2695 4544 2887 4598 mortis
2929 4560 3117 4614 causa,
3162 4547 3334 4616 major
3378 4549 3652 4605 homicida
3679 4549 3766 4604 sit.
3803 4569 3821 4592 ι

2253 4626 2412 4694 Quod
2441 4629 2586 4684 enim
2613 4630 2670 4684 in
2697 4631 2800 4686 hac
2827 4633 3098 4688 sententia
3113 4649 3384 4690 canonum
3401 4637 3600 4692 dicitur
3630 4655 3644 4692 :
3672 4658 3694 4688 ι
3717 4632 3828 4704 Qui-

2253 4731 2467 4787 cunque
2497 4717 2600 4772 sub
2629 4719 2969 4776 ordinatione
2999 4722 3087 4776 vel
3115 4721 3454 4794 diaconatus,
3485 4725 3574 4781 vel
3609 4723 3826 4796 presby-

2251 4803 2391 4868 terii,
2427 4804 2514 4860 vel
2574 4806 2936 4877 episcopatus,
2987 4809 3200 4864 mortali
3251 4811 3482 4868 crimine
3511 4813 3752 4868 dixerunt
3775 4823 3826 4862 se

2250 4907 2373 4946 esse
2401 4892 2634 4963 pollutos
2655 4909 2688 4948 a
2707 4895 3036 4966 supradictis
3073 4897 3506 4955 ordinationibus
3521 4902 3826 4956 submoven-

2248 4978 2368 5044 dos,
2407 4999 2429 5028 π
2458 4996 2620 5036 nemo
2651 4998 2840 5036 sanum
2869 4985 3086 5054 sapiens
3105 4986 3224 5041 haec
3251 4987 3323 5044 de
3353 4985 3473 5043 sola
3529 4987 3749 5052 luxuria,
3779 4988 3824 5037 et

2245 5065 2606 5134 immunditia,
2642 5069 2730 5125 vel
2759 5069 3056 5140 pollutione
3099 5073 3282 5128 carnis
3327 5075 3532 5132 dictum
3569 5072 3820 5144 intelligit.

2246 5169 2369 5208 cum
2398 5155 2658 5226 scriptum
2689 5157 2758 5211 sit
2790 5175 2802 5212 :
2837 5159 3116 5232 Dispersit
3145 5163 3404 5234 superbos
3428 5169 3610 5220 mente
3651 5159 3818 5218 cordi:

2241 5251 2332 5305 sui
2353 5251 2508 5321 (Luc.
2543 5253 2604 5322 ι).
2639 5256 2784 5310 Deus
2813 5257 2909 5328 qui
2923 5259 3178 5327 superbis
3201 5261 3417 5316 resistit
3437 5262 3637 5331 (IPetr.
3655 5253 3803 5326 v).Et

2240 5337 2296 5390 in
2311 5339 2611 5412 Evangelia
2629 5341 2776 5396 dicit:
2799 5343 2928 5409 Quae
2945 5345 3010 5400 de
3026 5346 3189 5401 corde
3205 5349 3559 5417 exeunt,hazc
3573 5341 3810 5416 coinqui-

2238 5430 2386 5481 nant
2432 5427 2718 5486 hminem
2751 5431 2971 5500 (Matth.
3008 5433 3128 5504 xv).
3173 5435 3244 5490 Et
3271 5435 3330 5492 S.
3355 5436 3643 5509 Gregorius
3671 5429 3812 5496 dicit,
