4056 6178
251 248 349 303 621

999 233 1244 294 OPUSC.
1303 232 1394 289 ET
1443 229 1660 288 EPIST.
1723 226 1796 284 IN
1842 223 2069 282 CAUSA
2128 227 2474 288 llINCMARI
2531 233 2837 292 LAUDUN.

3449 216 3550 268 623

253 369 380 441 quia
412 391 435 416 α
471 382 573 438 per
614 361 927 420 humilitatis
975 359 1281 417 custodiam
1309 337 1591 414 servanda
1637 371 1854 426 semper
1882 350 2128 424 Avelle,
2161 365 2218 413 ut
2259 358 2554 414 auctoritas
2604 337 3061 432 metropolitana,
3112 363 3411 421 secundum
3453 381 3549 422 re-

256 465 339 512 est
367 453 636 509 munditia
687 449 972 514 castitatis,
1002 471 1022 496 »ι
1067 449 1135 502 Et
1163 447 1293 502 item
1351 445 1499 510 dicit,
1534 443 1662 516 quia
1697 465 1718 494 cz
1755 443 1861 497 ali-

258 545 478 617 quando
509 541 687 596 minus
717 547 799 594 est
844 538 899 592 in
929 535 1176 607 corporis
1227 534 1633 605 corruptionem
1665 532 1863 588 cadere

255 649 418 705 quam
471 631 527 684 in
574 627 902 701 cogitatione
959 624 1119 681 tacita
1169 639 1236 678 ex
1283 622 1582 681 deliberata
1633 620 1864 676 elatione

259 734 520 793 peccare.
585 718 776 788 Neque
825 713 969 770 enim
1022 728 1115 768 rex
1159 711 1466 782 Babyloniae
1496 719 1608 764 tum
1637 725 1766 764 reus
1797 709 1866 764 de

257 809 489 866 elatione
549 804 769 870 exstitit,
821 818 947 858 cum
989 801 1057 856 ad
1102 799 1351 855 elationis
1399 798 1567 854 verba
1594 797 1862 868 pervenit.

264 896 478 967 Quippe
507 894 598 966 qui
619 909 715 948 ore
744 889 1065 963 prophetico
1095 898 1148 943 et
1195 895 1341 951 ante,
1383 903 1505 942 cum
1533 886 1602 940 ab
1633 885 1868 940 elatione

264 984 448 1052 tacuit,
527 979 852 1038 sententiam
931 975 1338 1048 exprobationis
1429 973 1654 1029 audivit.
1731 975 1868 1028 Nam

265 1070 546 1126 districtus
595 1068 761 1138 judex
806 1065 956 1138 prius
975 1063 1321 1120 invisibiliter
1375 1061 1525 1128 vidit,
1574 1061 1720 1132 quod
1749 1068 1873 1132 post

265 1159 486 1232 publice
533 1155 798 1221 feriendo,
839 1152 1206 1225 reprehendit.
1251 1150 1407 1207 Unde
1434 1149 1561 1205 etin
1590 1149 1872 1204 irrationa-

273 1249 386 1305 bile
414 1249 560 1302 hunc
587 1244 787 1300 animal
817 1242 998 1308 vertit,
1037 1241 1107 1296 ab
1148 1241 1384 1295 humana
1415 1238 1674 1294 societate
1705 1253 1870 1310 sepa-

268 1337 433 1402 ravit,
457 1334 580 1408 agri
610 1332 798 1389 bestiis
823 1339 1028 1386 mutata
1073 1336 1254 1385 mente
1283 1327 1557 1396 conjunxit
1587 1327 1748 1396 (Dan.
1771 1327 1871 1397 ιν),

267 1434 326 1481 ut
356 1423 605 1480 districto
640 1420 912 1485 videlicet,
938 1420 1195 1489 justoque
1229 1416 1432 1487 judicio
1461 1416 1624 1470 homo
1656 1430 1874 1486 quoque

277 1529 402 1570 esse
433 1511 715 1584 perderet,
745 1507 836 1580 qui
865 1522 1122 1580 magnum
1159 1521 1218 1560 se
1258 1503 1399 1559 ultra
1446 1503 1694 1558 homines
1723 1502 1873 1558 aesti-

273 1607 502 1658 masset.
535 1623 557 1648 »
607 1599 676 1652 Et
703 1597 833 1652 item
864 1595 1144 1665 Scriptura
1191 1592 1321 1648 dicit
1354 1608 1366 1646 :
1400 1592 1640 1646 Initium
1691 1592 1874 1646 omnis

1959 448 2148 521 gulas,
2183 463 2439 502 excessus
2467 447 2608 502 illius
2654 449 2968 521 corrigendi
3005 451 3172 506 ullam
3213 452 3412 508 habeat
3447 468 3552 524 po-

1960 545 2212 593 testatem
2261 553 2274 591 :
2317 543 2370 591 et
2437 552 2598 608 quem
2657 537 2972 593 violatorem
3022 540 3333 610 apostolicae
3405 541 3552 598 sedis

1963 625 2218 691 decreta,
2251 633 2304 680 et
2345 624 2750 696 delinquentem
2790 634 2978 681 contra
3019 643 3209 684 omnes
3267 628 3420 702 leges
3448 639 3556 686 tam

1964 714 2176 770 divinas
2203 729 2366 786 quam
2391 714 2654 768 humanas
2685 713 2972 786 signiﬁcet,
3007 716 3098 787 qui
3119 716 3268 788 legit,
3285 718 3371 774 vel
3387 719 3556 788 audit,

1965 803 2230 876 intelligat
2260 820 2272 856 :
2307 810 2358 857 et
2387 802 2473 858 cui
2500 818 2582 857 vae
2626 803 3001 878 prOpheticum
3031 803 3314 860 imminere
3361 822 3427 862 ea
3457 807 3562 863 do-

1967 891 2129 956 centi,
2154 907 2255 961 per
2272 907 2394 962 quae
2409 891 2525 945 haec
2546 888 2665 944 ﬁeri
2687 891 3074 962 quoquomodo
3095 907 3127 947 a
3147 893 3562 968 quibuscunque

1967 987 2369 1050 praesumantur
2401 996 2414 1032 :
2448 987 2499 1032 et
2537 993 2698 1049 quem
2723 978 2778 1032 in
2822 978 2942 1050 ipso
2991 989 3395 1038 sacrosanctam
3426 983 3563 1040 reli-

1969 1068 2186 1139 gionem
2216 1066 2625 1137 praevaricatum
2654 1065 2822 1122 fuisse
2849 1068 3156 1124 convictum
3183 1069 3344 1134 dicat,
3378 1079 3566 1143 aperte

1969 1156 2025 1211 in
2071 1154 2340 1228 superiori
2387 1154 2559 1226 capite
2602 1154 3030 1222 demonstravit,
3064 1157 3118 1212 in
3147 1173 3256 1230 quo
3284 1175 3373 1216 me
3403 1176 3564 1216 suum

1971 1245 2288 1328 traditoren}~
2342 1243 2576 1299 vocavit.
2645 1243 2828 1298 Verba
2874 1260 3088 1316 quoque
3149 1246 3205 1301 S.
3268 1247 3564 1304 Alexandri

1971 1340 2225 1404 corrupte
2280 1331 2666 1402 interpretatus
2715 1339 2816 1386 est.
2862 1332 2967 1388 Ubi
2999 1333 3143 1388 enim
3173 1333 3318 1390 idem
3345 1344 3566 1392 sanctus

1973 1421 2129 1476 dicit.
2176 1441 2198 1471 α
2248 1421 2370 1475 Non
2411 1427 2617 1474 tantum
2671 1420 2995 1475 attendenda
3051 1429 3172 1476 sunt
3217 1439 3337 1494 qum
3392 1424 3562 1492 ﬁunt,

1974 1515 2232 1580 quantum
2263 1523 2370 1580 quo
2399 1507 2580 1562 animo
2610 1505 2756 1562 ﬁant.
2794 1528 2816 1558 ι
2862 1508 3028 1563 Paulo
3049 1517 3172 1580 post
3201 1496 3562 1583 subsequitur,

1973 1595 2222 1668 inquiens
2272 1611 2285 1650 :
2324 1617 2346 1644 α
2400 1595 2555 1650 Unde
2587 1602 2640 1650 et
2671 1595 2805 1650 illud
2853 1603 2953 1662 est,
3007 1598 3153 1668 quod
3193 1598 3458 1654 Dominus
3502 1599 3572 1656 ad

268 1689 482 1762 peccati
511 1685 765 1758 superbia
814 1683 1011 1756 (Eceli.
1042 1685 1142 1753 x);
1176 1697 1296 1752 quae
1339 1687 1516 1734 mater
1559 1687 1642 1733 est
1682 1678 1873 1734 inobe—
1897 1699 1951 1758 Β
1973 1700 2196 1738 munera
2226 1682 2359 1738 Abel
2380 1682 2640 1753 respexit,
2673 1691 2726 1738 et
2753 1699 2864 1739 non
2910 1683 2982 1739 ad
3039 1685 3204 1753 Cain;
3241 1687 3367 1758 quia
3389 1687 3568 1762 magis

273 1776 512 1841 dientiaa,
571 1782 625 1829 et
695 1771 889 1842 regina
971 1768 1213 1825 omnium
1291 1767 1543 1824 vitiorum
1589 1809 1602 1831 ,
1635 1782 1738 1836 qua
1803 1766 1872 1820 de

271 1865 414 1922 caelo
469 1861 666 1920 cecidit
711 1857 1096 1931 archangelus,
1134 1863 1185 1912 et
1240 1855 1417 1912 factus
1461 1861 1544 1910 est
1599 1853 1871 1924 diabolus,

272 1955 370 2026 qui
399 1956 489 2008 est
505 1967 612 2007 rex
639 1965 807 2022 super
835 1948 1125 2003 universos
1152 1945 1300 2014 ﬁlios
1315 1944 1588 2016 superbia:
1603 1942 1719 2013 (Job
1738 1941 1868 2012 xu).

269 2041 500 2098 Mortale
548 2038 713 2112 igitur
739 2042 1022 2108 peccatum
1051 2050 1172 2089 esse
1213 2031 1544 2104 superbiam,
1589 2045 1753 2086 nemo
1783 2029 1875 2101 qui

270 2129 502 2186 nesciat.
537 2126 645 2183 Sed
674 2133 728 2181 et
773 2123 1196 2180 inobedientiam
1220 2163 1234 2188 ,
1266 2127 1492 2192 propter
1519 2134 1681 2190 quam
1712 2118 1876 2173 homo

272 2226 354 2274 est
386 2217 594 2286 ejectus
622 2214 691 2270 de
734 2212 1009 2285 paradiso,
1041 2219 1095 2266 et
1123 2210 1191 2265 de
1219 2225 1328 2281 qua
1354 2208 1442 2264 hic
1487 2207 1656 2262 frater
1684 2205 1876 2278 argui-

273 2314 378 2376 tur,
440 2319 634 2360 omnes
681 2300 910 2358 mortale
969 2306 1256 2371 peccatum
1306 2297 1575 2353 novimus.
1632 2296 1712 2350 De
1745 2286 1878 2366 'qua

271 2395 436 2451 etiam
467 2392 742 2464 Scriptura
779 2389 907 2446 dicit
949 2406 962 2442 :
1019 2387 1187 2457 Quasi
1227 2389 1526 2459 peccatum
1559 2383 1879 2440 hariolandi

274 2489 359 2541 est
387 2497 742 2556 repugnare;
774 2482 830 2536 et
847 2477 1007 2550 quasi
1025 2477 1209 2532 scelus
1242 2473 1768 2541 idololatriw,nolle
1786 2488 1879 2528 ae-

269 2574 557 2646 quiescere
587 2571 739 2640 (Reg.
767 2567 889 2636 xv).
912 2565 1071 2621 Unde
1105 2564 1162 2620 S.
1182 2561 1485 2636 Gregorius
1515 2578 1528 2614 :
1567 2581 1590 2611 α
1623 2559 1746 2616 Sola
1777 2566 1878 2625 est,

274 2658 475 2733 inquit,
511 2672 620 2730 qua
645 2655 772 2711 ﬁdei
815 2653 1069 2710 meritum
1116 2651 1362 2724 possidet
1402 2648 1728 2712 obedientia,
1763 2647 1881 2702 sine

276 2765 387 2822 qua
410 2747 644 2820 quisque
664 2743 896 2800 inﬁdelis
927 2739 1280 2807 convincitur,
1314 2738 1415 2794 etsi
1443 2736 1620 2794 ﬁdelis
1657 2751 1782 2791 esse
1809 2735 1884 2790 vi-

273 2837 494 2894 deatur.
515 2855 538 2886 ι
1603 2835 1616 2845 ’

887 2925 1115 2982 CAPUT
1147 2923 1356 2980 XXXI.

281 3035 439 3106 Quod
506 3029 1155 3092 exemnmunicationem
1204 3043 1239 3110 ᾳ
1292 3040 1348 3081 se
1396 3026 1613 3095 factam
1665 3023 1886 3094 frustra
1910 3046 1960 3110 ο

749 3115 1026 3158 excusare
1057 3100 1319 3154 conatur.

351 3197 425 3252 Et
454 3193 627 3250 frater
653 3189 996 3256 Hincmarus,
1026 3181 1662 3251 excommunicationem,
1688 3180 1756 3236 de
1786 3194 1895 3251 qua

274 3285 486 3358 agitur,
533 3297 592 3336 se
635 3279 814 3351 egisse
860 3275 923 3331 in
971 3274 1083 3330 suis
1121 3271 1312 3328 rotulis
1349 3269 1657 3326 conﬁtetur.
1715 3267 1896 3336 Quam

274 3354 579 3428 mortalem
613 3366 802 3431 fuisse,
835 3371 888 3419 et
915 3363 973 3418 in
1013 3360 1374 3433 plurimorum
1425 3357 1808 3430 perditionem,
1841 3354 1897 3409 in

273 3459 490 3517 nullius
520 3464 699 3512 autem
756 3451 1115 3509 salvationem
1156 3463 1189 3504 a
1219 3465 1278 3503 se
1307 3447 1516 3518 absque
1547 3444 1659 3499 ulla
1687 3443 1898 3498 discre-

271 3550 432 3606 tione
462 3547 789 3600 intentatam
811 3541 1086 3613 denegare
1118 3553 1229 3593 non
1257 3542 1457 3607 potest.
1491 3533 1572 3589 De
1627 3547 1736 3604 qua
1767 3530 1900 3585 satis

274 3637 418 3711 egit,
451 3641 515 3689 ut
533 3649 593 3688 se
619 3631 824 3689 valeret
853 3636 1152 3700 contegere
1180 3633 1287 3680 tam
1315 3624 1385 3678 de
1413 3620 1729 3693 apostolicae
1751 3618 1900 3674 sedis

275 3707 584 3788 calumnia,
627 3718 858 3776 dicendo
886 3717 952 3772 ab
1007 3714 1198 3770 eadem
1229 3718 1416 3768 sancta
1457 3709 1588 3764 sede
1617 3707 1767 3762 illam
1799 3723 1900 3762 ex-

274 3807 837 3870 communicationem
863 3803 1291 3876 praeiuditam,et
1312 3799 1414 3854 sibi
1431 3797 1549 3853 fore
1568 3795 1861 3852 auctricem
1886 3811 1900 3848 :

275 3917 458 3974 quam
491 3906 550 3955 et
587 3896 823 3952 dicendo
885 3907 1050 3964 super
1079 3905 1167 3945 me
1227 3887 1358 3942 falsa
1389 3904 1402 3940 :
1437 3885 1591 3958 quasi
1619 3900 1723 3956 ego
1753 3883 1832 3938 illi
1851 3888 1904 3938 et

277 3972 552 4058 exemplo
599 3981 905 4040 faciendam
945 3977 1298 4043 ostenderim,
1333 3983 1388 4030 et
1433 3974 1603 4030 verbo
1631 3972 1905 4045 agendam

279 4073 618 4139 docuerim;
666 4079 929 4142 quatenus
987 4063 1337 4123 exitiabiliter
1386 4061 1568 4133 egisse
1591 4076 1622 4114 a
1666 4075 1754 4114 me
1795 4074 1906 4114 non

275 4171 484 4238 posset
514 4159 798 4231 redargui.
833 4156 940 4212 Sed
970 4170 1078 4228 quo
1107 4153 1303 4217 fructu,
1363 4165 1427 4205 ac
1457 4149 1610 4218 cujus
1635 4145 1907 4202 mercedis

272 4232 491 4310 intuitu
523 4248 673 4304 illam
699 4245 909 4313 fecerit,
944 4244 1001 4298 in
1053 4241 1230 4298 rotula
1259 4255 1360 4312 per
1417 4236 1746 4292 Clarentium
1775 4232 1908 4289 mihi

273 4342 501 4397 directa
543 4335 831 4392 manifeste
875 4331 1132 4395 denudat,
1192 4328 1408 4395 dicens,
1445 4325 1514 4380 ad
1563 4322 1906 4379 excusandas

275 4425 682 4486 excusationes
735 4423 793 4476 in
839 4418 1112 4492 peccatis,
1142 4424 1202 4471 ut
1256 4413 1478 4486 impleat
1532 4417 1756 4482 peccata
1813 4425 1906 4464 sua
1931 4398 1984 4457 D

275 4531 540 4588 semper.
579 4533 602 4564 ι
657 4512 826 4567 Docet
873 4508 1090 4580 quidem
1140 4519 1282 4576 papa
1329 4500 1638 4558 Alexander
1677 4497 1753 4588 fin
1797 4496 1905 4552 ﬁne

275 4587 428 4662 suae,
470 4599 720 4674 epistolae
742 4641 757 4666 ,
790 4596 937 4670 quod
990 4610 1102 4650 non
1137 4599 1342 4648 tantum
1403 4587 1732 4644 attendenda
1786 4591 1906 4640 sunt

273 4709 413 4766 qua
438 4689 615 4756 ﬁunt,
645 4694 904 4760 quantum
955 4699 1063 4756 quo
1103 4681 1284 4737 animo
1331 4676 1486 4732 ﬁunt.
1543 4676 1754 4745 Nempe
1783 4687 1907 4728 cum

273 4759 393 4838 hoc
429 4759 770 4838 examussim
816 4781 925 4828 tam
981 4771 1064 4826 in.
1090 4769 1266 4834 vobis,
1300 4781 1463 4839 quam
1519 4764 1576 4818 in
1629 4777 1716 4817 me
1750 4759 1910 4815 fuerit

269 4871 707 4942 perscrutatum
729 4904 744 4930 ,
775 4859 982 4933 patebit
1023 4857 1166 4913 illico
1196 4855 1322 4911 inde
1377 4850 1648 4925 aequitatis
1695 4847 1907 4904 emolu—

273 4940 570 5014 mentum.
602 4971 622 5005 ι
674 4951 745 5006 Et
787 4965 908 5022 quae
951 4953 1248 5019 sequuntur
1275 4957 1448 5014 usque
1495 4940 1564 4995 ad
1593 4940 1734 4994 hanc
1777 4951 1908 4991 sen-

269 5044 528 5103 tentiam
563 5058 577 5095 :
615 5061 638 5090 α
683 5037 840 5107 Quod
869 5051 977 5092 non
1020 5051 1129 5101 me,
1170 5047 1273 5105 pro
1315 5047 1402 5085 me
1449 5028 1630 5084 dicere
1659 5022 1905 5091 reamini,

271 5130 456 5208 quasi
498 5126 719 5201 propria
780 5124 1099 5197 instigatum
1145 5119 1364 5190 injuria.
1422 5115 1578 5184 Quia,
1607 5116 1724 5169 Deo
1752 5119 1908 5177 teste,

271 5201 392 5296 pro
427 5215 686 5276 cavendo
715 5213 893 5286 potius
923 5207 1275 5267 ecclesiastici
1304 5204 1528 5269 ordinis,
1561 5201 1907 5266 detrimento,

273 5287 460 5367 vobis
501 5304 688 5361 scribo
712 5346 725 5368 ,
756 5301 832 5356 uti
880 5299 1144 5370 scriptum
1173 5303 1255 5352 est
1287 5312 1300 5350 :
1337 5293 1518 5350 Nolite
1568 5292 1752 5346 locum
1776 5287 1912 5343 dare

275 5396 534 5457 diabolo
565 5393 788 5465 (Ephes.
821 5389 922 5461 IV).
965 5407 988 5438 ι

358 5483 604 5556 Quibus
641 5477 828 5535 verbis
867 5484 1055 5548 aperte
1098 5471 1353 5540 ostendit,
1387 5467 1446 5524 s'e
1494 5465 1762 5522 sustinere
1804 5479 1915 5519 non

1972 1771 2201 1828 intendit
2257 1771 2328 1826 ad
2383 1768 2658 1826 offerentis
2710 1770 2970 1839 animum,
3003 1789 3167 1844 quam
3221 1775 3292 1830 ad
3335 1792 3401 1831 ea
3447 1793 3572 1848 quas

1973 1860 2292 1916 offeruntur.
2331 1883 2352 1906 »
2386 1859 2525 1914 Hinc
2551 1859 2616 1914 Β.
2658 1858 2956 1932 Gregorius
2988 1877 3002 1915 :
3039 1882 3063 1912 ε
3097 1861 3180 1918 Ab
3207 1863 3574 1935 omnipotente

1974 1950 2091 2005 Deo
2124 1963 2322 2003 munus
2375 1963 2486 2002 non
2540 1947 2822 2018 accipitur,
2857 1949 3002 2020 quod
3041 1949 3210 2006 corde
3252 1951 3490 2023 obligato
3516 1953 3574 2008 in

1974 2036 2182 2093 malitia
2227 2034 2491 2092 offertur:
2543 2035 2668 2107 quia
2722 2052 2882 2092 omne
2912 2037 3060 2108 quod
3105 2039 3222 2094 Deo
3277 2039 3450 2106 datur,
3503 2056 3570 2098 ex

1977 2125 2156 2180 dantis
2210 2131 2391 2179 mente
2445 2132 2722 2194 pensatur,
2754 2123 2890 2196 ,quia
2917 2123 2975 2178 in
3003 2124 3088 2179 his
3135 2141 3352 2197 quoquo
3387 2127 3571 2184 animo

1977 2220 2260 2287 gerantur,
2300 2211 2584 2285 ignoratur
2629 2227 2659 2266 a
2685 2211 2968 2282 proximis.
3026 2213 3185 2284 Apud
3214 2213 3386 2270 Deum
3406 2215 3572 2288 igitur

1977 2301 2122 2358 bona
2149 2315 2279 2356 vera
2324 2299 2668 2355 commendat
2695 2299 2920 2354 intentio
2965 2315 3102 2371 pura
3133 2318 3148 2355 :
3179 2301 3434 2373 quoniam
3463 2319 3573 2361 non

1979 2397 2062 2445 est
2087 2389 2253 2444 arbor
2283 2387 2430 2444 mala
2458 2386 2662 2444 iaciens
2691 2385 2919 2442 fructum
2965 2387 3186 2443 bonum.
3218 2390 3398 2446 Arbor
3415 2407 3575 2446 nam-

1980 2492 2086 2550 que
2140 2477 2332 2540 homo,
2364 2475 2569 2531 fructus
2625 2482 2807 2530 autem
2861 2490 3030 2547 opera
3060 2484 3183 2531 sunt
3228 2476 3419 2547 ipsius.
3450 2501 3472 2527 »
3512 2479 3576 2536 In

1982 2565 2188 2637 apertis
2245 2571 2426 2620 autem
2475 2562 2632 2618 malis
2687 2577 2797 2618 non
2826 2570 2912 2618 est
2965 2579 3193 2620 necesse
3221 2563 3576 2622 intentionem

1982 2653 2264 2726 requirere
2322 2650 2506 2708 cordis
2539 2667 2552 2706 :
2587 2649 2712 2721 quia
2766 2666 2876 2706 non
2933 2658 3017 2706 est
3068 2651 3236 2707 arbor
3262 2651 3422 2720 bona,
3455 2670 3578 2726 quae

1982 2741 2110 2798 facit
2136 2739 2338 2796 fructus
2361 2737 2556 2812 malos.
2583 2737 2724 2794 Dicit
2752 2737 2896 2794 enim
2910 2738 3202 2809 Apostolus
3234 2740 3580 2813 :‘Manifesta

1984 2833 2177 2886 autem
2232 2832 2371 2884 sunt
2427 2843 2596 2900 opera
2651 2828 2844 2882 carnis
2876 2826 3022 2897 (Gal.
3055 2828 3300 2898 v);post
3352 2845 3580 2900 quorum

1984 2916 2442 2974 enumerationem
2511 2913 2695 2970 subdit
2749 2913 2973 2985 spiritus
3025 2913 3251 2971 fructus.
3315 2917 3583 2982 Inconve-

1983 3005 2226 3060 nientem
2269 3019 2405 3077 ergo
2451 2989 2951 3074 interpretationem
2979 3003 3238 3074 praecepti
3265 3004 3485 3060 Domini
3512 3005 3586 3062 ad

1992 3093 2200 3165 primos
2225 3099 2483 3162 parentes
2520 3098 2756 3157 nostros,
2789 3106 2898 3146 non
2945 3090 3296 3147 humilitatem
3341 3108 3586 3164 quacun-

1993 3199 2098 3255 que
2151 3180 2472 3236 similatione
2527 3179 2854 3246 collectam;
2885 3179 2983 3234 sed
3037 3179 3238 3236 nudam
3278 3181 3590 3252 superbiam

1994 3275 2162 3334 frater
2207 3279 2529 3334 Hincmarus
2576 3293 2635 3332 se
2683 3275 2995 3332 excusando
3042 3275 3112 3332 de
3157 3292 3254 3332 sua
3280 3277 3592 3348 perniciosa

1997 3365 2552 3422 excommunicatione
2605 3363 2888 3420 ostendit:
2946 3362 3090 3435 quia,
3136 3371 3192 3418 ut
3244 3364 3433 3419 beatus
3463 3365 3597 3422 dicit

1999 3452 2301 3527 Gregorius
2322 3453 2559 3526 (inpsal.
2575 3454 2795 3526 permit,
2821 3467 2905 3522 ps.
2929 3451 3044 3521 In):
3075 3451 3263 3506 «Versa
3277 3449 3596 3508 humilitatis

1999 3541 2310 3597 testimonia
2367 3547 2539 3608 sunt,
2571 3546 2626 3594 et
2695 3539 3035 3612 iniquitatem
3118 3553 3272 3594 suam
3326 3555 3596 3612 quemque

1999 3644 2336 3702 cognoscere
2353 3668 2368 3696 ,
2402 3636 2456 3683 et
2497 3627 2773 3700 cognitam
2827 3641 2960 3682 voce
2988 3625 3348 3684 confessionis
3388 3627 3599 3699 aperire

1999 3718 2123 3790 [al.,
2155 3724 2207 3772 et
2235 3715 2542 3772 nunciatam
2598 3713 2962 3770 satisfactione
2990 3713 3322 3785 poenitentiae
3366 3714 3596 3790 delere].

2001 3807 2074 3862 At
2112 3811 2302 3860 contra
2325 3846 2339 3870 ,
2367 3803 2622 3859 usitatum
2653 3802 2874 3858 humani
2927 3803 3148 3875 generis
3177 3803 3366 3858 vitium
3399 3811 3517 3870 est,
3548 3813 3603 3862 et

2001 3887 2234 3944 labendo
2280 3895 2562 3958 peccatum
2589 3885 2930 3942 committere
2960 3925 2976 3954 ,
3007 3893 3062 3942 et
3118 3887 3468 3943 commissum
3497 3901 3602 3944 ne-

2003 3976 2185 4051 gando
2241 3975 2554 4041 defendere,
2585 3981 2639 4030 et
2685 3974 2991 4032 convictum
3035 3973 3379 4031 defendendo
3412 3974 3602 4032 multi-

2003 4065 2209 4137 plicare
2239 4063 2336 4137 [αι.
2369 4071 2424 4120 et
2451 4063 2738 4135 vulgatum
2760 4062 2980 4118 defend.
3011 4061 3340 4136 multiplic.].
3361 4087 3386 4113 ιι

2076 4177 2334 4235 Similiter
2387 4186 2442 4234 et
2495 4177 2741 4248 Apostoli
2796 4175 3117 4232 sententiam
3174 4177 3245 4232 ad
3290 4193 3447 4233 suum
3467 4191 3600 4235 sen-

2006 4283 2124 4323 sum
2150 4267 2416 4322 violenter
2459 4265 2762 4330 inﬂectens,
2805 4263 2935 4320 dicit
2965 4282 2979 4318 :
3011 4266 3130 4320 Leo:
3157 4268 3391 4336 propter
3409 4269 3604 4323 trans-

2005 4369 2282 4426 gressores
2334 4354 2520 4425 posita
2550 4356 2654 4408 est.
2689 4350 2824 4419 Quae
2859 4351 3012 4419 juxta
3037 4350 3211 4420 ipsius
3265 4364 3487 4406 sensum
3533 4351 3603 4408 ad

2006 4457 2168 4512 quem
2196 4440 2344 4496 illam
2371 4439 2610 4506 retorsit,
2641 4439 2714 4493 ita
2743 4438 2941 4508 exponi
2967 4445 3166 4510 potest,
3198 4453 3263 4495 ac
3291 4436 3338 4493 si
3359 4437 3601 4495 diceret:

2003 4530 2374 4602 Trangressus
2405 4526 2522 4582 sine
2561 4525 2758 4582 timore
2797 4525 2978 4598 legem
3025 4533 3218 4582 contra
3273 4525 3475 4598 legem,
3507 4542 3602 4583 ex-

2005 4615 2514 4674 communicationis
2559 4613 2718 4685 posui
2765 4613 2966 4688 legem,
3020 4629 3184 4686 quam
3221 4629 3338 4670 rex.
3362 4614 3598 4682 timeret,

2007 4713 2059 4762 et
2085 4721 2175 4760 me
2220 4703 2538 4775 contingere
2584 4719 2693 4759 non
2741 4703 3011 4759 auderet:
3056 4709 3110 4757 et
3151 4702 3453 4772 praedicans
3491 4717 3602 4760 non

2007 4792 2312 4859 furandum,
2363 4791 2536 4847 furari
2581 4806 2690 4846 non
2737 4790 2924 4857 timui;
2957 4797 3010 4845 et
3052 4789 3374 4845 abominans
3430 4789 3598 4858 idola,

2009 4880 2358 4952 sacrilegium
2417 4879 2541 4935 feci.
2587 4878 2796 4935 Deinde
2849 4893 3060 4949 ponens
3125 4877 3376 4951 Gregorii
3431 4877 3602 4934 verba

2008 4976 2239 5032 dicentis
2257 4976 2374 5047 (lib.
2400 4990 2499 5044 vn,
2517 4975 2680 5046 epist.
2704 4976 2792 5042 6):
2821 4994 2843 5024 ι
2865 4972 2968 5041 Qui
2989 4989 3098 5028 non
3117 4973 3341 5046 corrigit
3359 4989 3608 5030 resecan-

2009 5075 2110 5141 da,
2143 5073 2200 5128 in
2244 5072 2442 5129 multos
2488 5069 3008 5127 excommunicando
3068 5070 3345 5141 commisi,
3394 5078 3451 5126 ut
3498 5070 3603 5128 hoc

2011 5169 2152 5226 facto
2199 5184 2362 5225 nemo
2401 5169 2458 5222 in
2523 5184 2611 5222 me
2656 5168 2958 5223 resecanda
3009 5168 3236 5224 auderet
3299 5165 3601 5241 corrigere.

2012 5269 2244 5324 Demum
2287 5263 2636 5336 subsequitur
2665 5282 2678 5319 :
2711 5264 2827 5323 Deo
2883 5272 3040 5330 teste,
3073 5281 3174 5336 pro
3218 5263 3463 5320 cavendo
3497 5280 3603 5336 po-

2014 5365 2119 5420 tius
2163 5361 2514 5419 ecclesiastici
2569 5361 2776 5418 ordinis
2819 5363 3140 5418 detrimento
3168 5362 3322 5418 vobis
3350 5362 3547 5420 scribo.
3579 5385 3602 5412 ιν

2015 5460 2223 5530 Quibus
2282 5459 2464 5515 verbis
2527 5459 2810 5518 evidenter
2854 5458 3127 5526 ostendit,
3163 5475 3270 5532 qua
3311 5459 3605 5516 intentione
