4056 6178
513 275 615 330 623

513 395 660 449 illam
718 393 1324 450 excommunicationem
1375 389 1566 446 fecerit
1627 409 1639 443 :

519 481 1004 537 irrationabilitatis
1034 480 1465 552 castigationem,
1505 494 1706 534 vocans
1757 476 2108 532 ecclesiastici

529 571 737 625 ordinis
784 570 1203 634 detrimentum,
1253 576 1308 621 ut
1331 584 1422 622 rex
1471 567 1616 620 illam
1669 565 2108 620 excommunica-

518 659 720 713 tionem
753 659 1178 728 pertimesceret,
1213 655 1430 710 etillum
1459 655 1811 709 rebellantem
1829 661 2018 708 contra
2051 669 2108 706 se

524 746 840 816 contingere
895 761 1002 800 non
1060 745 1284 799 auderet
1320 760 1332 798 :
1367 751 1419 798 et
1449 744 1584 814 ipse,
1620 743 1713 812 qui
1757 757 1854 811 pro
1905 741 2004 794 Dei
2037 739 2108 793 ti-

517 850 668 890 more
713 849 771 888 se
808 849 916 888 non
959 833 1262 898 cohibebat,
1315 848 1415 887 nec
1457 831 1710 902 distringi
1759 846 1792 882 a
1837 845 2105 899 quoquam

521 923 794 977 hominum
818 930 1182 988 revereretur,
1217 929 1268 976 et
1297 919 1530 990 propria:
1547 917 1833 974 voluntatis
1857 925 2032 971 motus
2053 925 2112 970 ut

513 1009 764 1078 libenter,
798 1010 871 1065 ita
903 1011 1062 1064 etiam
1109 1009 1332 1080 exsequi
1379 1015 1564 1078 posset
1593 1006 1836 1061 licenter.
1867 1006 2109 1058 Tandem

517 1097 722 1153 addidit
755 1117 768 1152 :
798 1120 819 1148 α
857 1099 960 1152 Pro
991 1098 1237 1153 cavendo
1281 1095 1638 1151 ecclesiastici
1696 1093 1899 1148 ordinis
1934 1093 2108 1148 detri-

517 1195 700 1242 mento
729 1185 884 1240 vobis
929 1186 1128 1250 scribo,
1161 1193 1220 1240 ut
1246 1184 1504 1253 scriptum
1551 1191 1632 1236 est
1665 1199 1678 1236 :
1711 1184 1892 1237 Nolite
1926 1183 2108 1237 locum

515 1275 650 1330 dare
705 1275 938 1330 diabolo.
977 1298 998 1322 ιι
1035 1273 1189 1340 Quod
1238 1271 1485 1342 Apostoli
1535 1270 1923 1338 testimonium,
1977 1269 2107 1324 dum

513 1378 622 1417 non
653 1361 972 1432 apostolico,
1007 1361 1106 1414 sed
1137 1360 1434 1429 apostatico
1465 1375 1628 1412 sensu
1657 1359 1712 1412 in
1741 1358 1904 1412 alium
1946 1357 2108 1425 jacu-

513 1449 628 1504 lare
657 1447 844 1512 voluit,
875 1448 928 1500 in
951 1448 1190 1518 seipsum
1213 1447 1452 1501 retorsit.
1487 1447 1636 1501 Sicut
1667 1447 1783 1516 ipse
1813 1445 2108 1515 Apostolus

513 1537 584 1590 ad
613 1536 881 1606 Ephesios
911 1543 1096 1605 aperte
1127 1536 1485 1598 demonstrat,
1523 1535 1710 1590 dicens
1747 1551 1759 1586 :
1787 1533 2110 1588 Irascimini

513 1627 570 1678 et
599 1625 776 1679 nolite
806 1639 1036 1692 peccare
1065 1625 1239 1694 (Psal.
1277 1627 1379 1694 tv).
1418 1625 1510 1678 Sol
1541 1639 1654 1678 non
1686 1621 1904 1677 occidat
1939 1637 2110 1692 super

1541 267 1880 321 HINCMARI
1921 263 2315 319 RIIEMENSIS
2351 263 2902 319 ARCIIIEPISCOPI.

3699 263 3796 316 624

1699 389 1949 444 videlicet
1996 405 2107 443 sum
2137 393 2266 449 Aet
2325 386 2798 456 archiepiscopos,
2848 395 2900 440 et
2957 386 3244 456 episcopos
3287 385 3560 442 veridicos
3615 393 3798 438 testes.

2281 483 2440 550 Quod
2469 483 2598 538 dicit
2645 491 2852 552 postea,
2887 482 3038 536 illam
3066 499 3098 537 a
3127 499 3212 537 me
3264 482 3433 537 fuisse
3463 483 3530 536 ab
3562 495 3629 536 eo
3657 479 3804 535 frau-

2209 572 2463 624 dulenter
2519 579 2802 640 extortam,
2835 587 2942 625 non
2972 579 3056 624 est
3103 587 3312 626 verum.
3343 571 3480 624 Nam
3513 569 3686 624 soluta
3715 585 3806 638 sy-

2209 661 2353 713 nodo
2384 659 2478 713 illa
2512 659 2617 724 die,
2653 659 2710 712 in
2757 659 3053 714 crastinum
3102 657 3490 722 convenienda,
3523 665 3806 728 postquam

2209 748 2440 802 domnus
2491 763 2586 801 rex
2632 747 2698 800 ab
2757 763 2818 802 ea
2862 747 3025 801 domo
3081 747 3424 812 abcesserat,
3479 753 3532 800 et
3591 745 3808 816 quidam

2209 835 2450 906 episc0pi
2477 834 2534 888 in
2564 835 2754 890 eadem
2784 835 2966 900 domo,
3002 835 3140 890 sicut
3170 835 3362 905 cuique
3392 832 3666 898 convenit,
3691 847 3810 886 cum

2209 941 2307 977 suo
2337 923 2502 977 fratre
2533 923 2858 994 loquebatur
2889 942 2902 977 :
2937 931 2990 977 et
3021 939 3124 994 ego
3149 924 3302 992 juxta
3331 922 3632 993 quamdam
3665 919 3808 974 fene-

2208 1019 2379 1066 stram
2435 1019 2585 1066 stans
2645 1027 2771 1067 cum
2801 1011 2964 1066 fratre
3023 1011 3215 1066 Odone
3246 1011 3526 1081 loquebar,
3563 1009 3713 1064 venit
3743 1008 3808 1062 ad

2207 1117 2295 1154 me
2323 1099 2599 1155 Frotarius
2649 1099 3115 1170 archiepiscopus,
3177 1107 3230 1152 et
3259 1100 3451 1152 [Encas
3498 1097 3806 1167 episcopus,

2209 1195 2262 1242 et
2289 1187 2540 1244 dixerunt
2567 1188 2704 1242 mihi
2757 1203 2944 1242 coram
2997 1187 3226 1253 Odone,
3261 1186 3384 1256 quia
3427 1184 3598 1240 frater
3643 1185 3809 1240 Hinc-

2209 1292 2390 1329 marus
2420 1276 2584 1330 vellet
2619 1275 2976 1346 professionis
3023 1274 3209 1329 libello
3265 1274 3634 1340 subscribere,
3669 1281 3722 1327 et
3745 1275 3810 1326 de

2206 1364 2392 1418 domni
2420 1364 2570 1436 regis
2600 1363 2906 1418 obedientia
2938 1381 2952 1416 :
2989 1371 3042 1418 et
3071 1378 3317 1418 essemus
3346 1362 3488 1416 inter
3530 1377 3637 1415 nos
3665 1361 3809 1430 paci-

2205 1451 2292 1506 ﬁci
2338 1453 2474 1506 sicut
2515 1460 2673 1522 pater
2717 1460 2772 1506 et
2817 1451 2992 1518 filius,
3026 1465 3091 1506 ac
3133 1449 3576 1520 archiepiscopus
3609 1457 3664 1502 et
3693 1447 3808 1518 epi-

2205 1554 2405 1609 scopus
2435 1555 2558 1594 esse
2589 1540 2814 1594 debent.
2864 1537 3022 1606 Quod
3052 1555 3158 1608 ego
3205 1545 3482 1610 gratanter
3507 1536 3730 1606 recepi;
3763 1545 3810 1590 et

2206 1628 2275 1681 ab
2306 1627 2410 1682 alia
2441 1627 2699 1692 fenestra,
2729 1627 2882 1694 juxta
2906 1642 3068 1696 quam
3115 1626 3288 1679 stabat
3335 1626 3662 1680 Hinemarus
3695 1639 3812 1678 cum

515 1711 874 1766 iracundiam
927 1717 1196 1767 vestram.
1258 1711 1439 1766 Nolite
1484 1712 1666 1767 locum
1713 1709 1846 1764 dare
1893 1709 2107 1763 diabolo
2131 1740 2184 1798 B
2213 1715 2330 1768 aliis
2389 1715 2680 1785 episcopiS,
2739 1714 3080 1768 adduxerum
3126 1730 3252 1768 eum
3309 1713 3376 1766 ad
3409 1729 3544 1766 me:
3607 1719 3662 1766 ει
3701 1711 3812 1780 ipse

517 1798 736 1870 (Ephes.
771 1799 869 1870 tv).
905 1819 926 1848 α
963 1801 1066 1854 Per
1095 1799 1254 1864 iram,
1289 1798 1460 1869 inquit
1490 1797 1808 1870 Gregorius,
1841 1797 1930 1850 lux
1961 1797 2110 1850 veri-

512 1887 638 1940 tatis
668 1887 944 1954 amittitur,
979 1887 1105 1958 quia
1126 1903 1249 1942 cum
1282 1886 1742 1942 mentiiracundia
1777 1884 2110 1940 confusionis

519 1975 776 2030 tenebras
809 1975 1016 2042 incutit,
1042 1975 1166 2031 huic
1213 1977 1360 2030 Deus
1393 1975 1604 2028 radium
1637 1991 1749 2028 sua}
1780 1972 2108 2044 cognitionis

516 2071 822 2139 abscondit,
863 2093 886 2122 ι
919 2073 1041 2142 Ipse
1080 2088 1212 2143 ergo
1244 2071 1298 2124 in
1327 2087 1386 2126 se
1415 2071 1592 2126 locum
1625 2071 1841 2125 diabolo
1871 2068 2108 2140 principi

511 2161 882 2226 tenebrarum,
941 2160 1150 2215 scilicet
1197 2159 1556 2230 iniquitatum,
1612 2159 1851 2222 donavit,
1886 2157 1977 2228 qui
2011 2172 2106 2210 ra-

511 2248 660 2302 dium
690 2247 1015 2318 cognitionis
1063 2247 1183 2312 Dei,
1247 2247 1338 2318 qui
1387 2246 1478 2300 lux
1509 2255 1610 2312 est,
1647 2263 1742 2316 per
1775 2245 2107 2300 iracundiam

517 2335 687 2390 menti
715 2351 826 2390 suae
877 2334 1213 2389 confusionis
1255 2334 1510 2389 tenebras
1547 2333 1792 2402 incussit,
1833 2341 1892 2387 ut
1922 2332 2108 2388 videre

513 2435 624 2476 non
656 2429 860 2493 posset,
896 2438 1056 2492 quam
1085 2437 1347 2494 magnum
1377 2421 1578 2475 malum
1611 2421 1666 2475 in
1687 2437 1786 2476 sua
1803 2421 2108 2492 perniciosa

514 2510 1095 2576 excommunicatione,
1141 2509 1209 2564 de
1264 2525 1372 2581 qua
1418 2526 1478 2565 se
1510 2509 1820 2564 excusando
1865 2517 2104 2575 accusat,

515 2605 831 2668 perpetrare
873 2614 982 2652 non
1041 2598 1230 2653 metuit
1261 2614 1274 2653 :
1307 2598 1398 2654 ille
1437 2597 1854 2666 ecclesiasticas,
1885 2597 1996 2652 imo
2027 2597 2108 2651 di-

515 2685 668 2740 vinas
698 2686 852 2758 leges
882 2693 1254 2760 transgressus
1281 2694 1381 2752 est,
1415 2695 1467 2740 et
1496 2686 1676 2742 locum
1693 2685 1910 2740 diabolo
1938 2685 2106 2750 dedit,

511 2781 568 2828 ut
599 2773 717 2828 sine
747 2775 1017 2844 baptismo
1042 2782 1094 2828 et
1125 2775 1505 2829 communione
1563 2783 1807 2830 mortuos
1859 2774 2109 2828 homines

511 2868 768 2930 raperet;
799 2878 868 2915 ne
907 2862 1086 2916 locum
1137 2861 1488 2932 contingendi
1530 2878 1652 2916 eum
1709 2869 1896 2916 contra
1953 2877 2109 2916 suam

515 2945 849 3002 voluntatem
901 2947 1022 3018 quis
1067 2948 1266 3002 habere
1309 2949 1554 3004 auderet.
1595 2950 1984 3004 Verumtamen
2015 2964 2107 3002 se-

515 3033 752 3088 cundum
833 3049 986 3088 suam
1053 3035 1485 3105 intelligentiam,
1559 3035 1810 3090 eamdem
1861 3035 2106 3106 Apostoli

514 3121 838 3176 sententiam
893 3122 1197 3178 adulterino
1247 3139 1412 3178 sensu
1483 3123 1574 3180 hic
1619 3123 1797 3194 posuit
1830 3141 1844 3178 :
1877 3139 1986 3194 qua
2042 3125 2109 3178 de

514 3224 680 3265 causa
709 3209 765 3264 in
796 3211 1017 3282 synodis
1037 3212 1220 3283 plures
1246 3211 1414 3266 fuisse
1443 3212 1681 3267 damnati
1709 3213 1981 3284 leguntur.

1059 3316 1286 3373 CAPUT
1305 3317 1538 3374 XXXII.

517 3407 780 3477 Refertur
822 3421 1196 3477 magnapars
1253 3407 1500 3477 epistolae
1535 3407 1830 3462 Hincmari
1877 3406 2107 3461 Lauda—

585 3476 782 3532 nensis
840 3477 905 3548 de
955 3476 1368 3548 subscriptione
1414 3493 1583 3548 quam
1625 3478 1764 3548 fecit
1805 3477 1869 3531 in
1904 3477 2107 3548 synodo

586 3548 736 3618 apud
779 3547 1150 3600 Attiniacum.

587 3629 656 3684 Et
685 3630 740 3684 in
767 3629 944 3684 rotula
973 3645 1135 3699 quam
1165 3629 1294 3684 mihi
1328 3645 1420 3682 xvt
1449 3629 1676 3684 Kalend.
1729 3629 1896 3684 Julias
1937 3629 2103 3696 misit,

517 3717 596 3772 ita.
621 3717 808 3772 scribit
833 3734 847 3771 :
884 3737 906 3766 ι
939 3715 1080 3784 Quia
1109 3733 1196 3771 me
1233 3733 1378 3787 saepe
1409 3717 1478 3772 de
1499 3718 1892 3788 subscriptione
1923 3719 2106 3774 redar-

518 3804 702 3877 guitis,
723 3825 744 3852 n
766 3809 823 3860 et
834 3808 1040 3859 cratera
1050 3821 1170 3874 quae
1188 3805 1350 3859 habes
1367 3806 1428 3858 in
1437 3809 1521 3860 ter
1531 3807 1796 3876 epistolas
1813 3807 2107 3861 Ili-ncmari

518 3892 929 3954 Laudunensis,
953 3894 1101 3946 temo
1133 3890 1378 3960 CXXIV,
1412 3908 1583 3964 usque
1599 3893 1670 3947 ad
1703 3913 1725 3943 cr
1759 3893 1874 3948 Deo
1917 3893 2105 3964 prOpi-

519 3977 684 4033 tiante
720 3991 999 4048 nunquam
1044 3985 1258 4032 acturus
1299 3993 1394 4032 ero
1449 3999 1470 4028 ιι
1523 3981 1711 4050 Pergit
1770 3982 2107 4036 Hinemarus

517 4065 846 4121 Rhemensis
877 4084 895 4119 :
2041 4107 2052 4112 -

595 4153 798 4208 Contra
843 4167 966 4224 quae
1012 4153 1272 4224 scriptum
1315 4161 1398 4208 est
1431 4171 1444 4206 :
1481 4177 1502 4204 ε
1538 4155 1702 4209 Filius
1731 4155 1926 4210 stultus
1977 4157 2109 4212 dicit

519 4257 581 4298 se
621 4256 745 4296 esse
788 4241 1014 4310 justum,
1074 4242 1172 4296 sed
1223 4241 1422 4296 exitum
1491 4259 1644 4297 suum
1703 4244 1888 4298 abluit.
1953 4265 1976 4294 ι
2039 4247 2107 4301 Et

515 4329 638 4384 aliis
667 4329 1002 4399 interpositis
1049 4330 1118 4384 ad
1137 4331 1277 4386 hanc
1305 4346 1460 4385 suam
1491 4331 1942 4402 subscriptionem
1972 4334 2108 4388 resi-

521 4415 656 4482 livit,
689 4416 876 4472 dicens
909 4432 921 4470 :

592 4527 614 4552 u
651 4506 729 4558 Ac
759 4504 804 4558 si
835 4503 998 4559 etiam
1031 4505 1087 4558 in
1115 4506 1510 4576 subscriptione
1567 4506 1660 4561 illa
1701 4507 1908 4578 aliquid
1937 4507 2107 4562 habe-

525 4599 676 4647 retur
722 4592 866 4663 quod
923 4591 1060 4646 forte
1117 4593 1456 4648 intolerabile
1503 4595 1661 4650 foret.
1693 4619 1716 4641 ι
1753 4637 1766 4650 .
1791 4637 1804 4648 .
1831 4637 1844 4649 .
1877 4597 2108 4667 Reliqua

525 4681 664 4735 item
697 4681 870 4736 lector
891 4679 1054 4735 habet
1071 4682 1166 4735 ubi
1193 4697 1366 4753 supra

1085 4803 1308 4859 CAPUT
1337 4804 1592 4860 XXXIII.

525 4889 864 4944 Hinemarus
911 4891 1358 4962 archiepiscopus
1408 4895 1740 4965 superiores
1771 4895 2103 4965 objectiones

688 4975 750 5013 ve
759 4977 822 5013 ra
850 4975 1042 5016 rerum
1056 4967 1343 5031 gestarum
1363 4965 1696 5018 narratione
1712 4963 1983 5019 dissolvit.

587 5045 750 5114 Cujus
775 5046 942 5100 verba
973 5047 1286 5120 singillatim
1314 5065 1714 5104 recenseamus.
1749 5051 1892 5106 Dicit
1925 5051 1980 5105 in
2007 5067 2102 5106 ea-

515 5133 641 5189 dem
671 5134 901 5204 synodo,
933 5135 1111 5204 primo
1128 5137 1394 5193 violenter
1415 5155 1515 5208 per
1531 5139 1742 5211 regiam
1757 5147 2098 5210 potestatem,

511 5231 567 5276 et
617 5231 807 5292 postea
860 5223 1236 5278 fraudulenter
1291 5241 1324 5279 a
1351 5242 1438 5280 me
1469 5225 1635 5280 fuisse
1665 5227 1732 5280 ab
1763 5227 1854 5282 illo
1903 5229 2096 5298 ipsam,

509 5309 963 5379 subscriptionem
989 5319 1273 5366 extortam.
1317 5314 1562 5368 Domnus
1582 5330 1697 5380 rex,
1722 5316 1838 5370 Deo
1873 5316 2096 5386 gratias,

507 5401 562 5446 et
599 5403 832 5462 aetatem,
867 5406 920 5452 et
949 5399 1288 5468 sapientiam,
1323 5409 1376 5454 et
1405 5400 1674 5468 virtutem,
1706 5410 1759 5456 et
1787 5403 1968 5457 locum
1997 5418 2098 5472 pro

508 5495 567 5534 se
597 5485 964 5553 respondendi
995 5486 1160 5542 habet
1195 5505 1206 5542 :
1231 5495 1284 5544 et
1313 5488 1382 5544 de
1407 5489 1510 5544 hoc
1541 5489 1684 5546 facto
1715 5491 1898 5561 plures
1935 5491 2099 5546 habet

2131 3087 2179 3150 C

2215 1804 2534 1858 Hinemarus
2593 1803 2764 1872 petiit,
2797 1810 2854 1855 ut
2897 1801 3082 1856 liceret
3110 1801 3188 1856 illi
3235 1801 3382 1871 loqui
3427 1799 3544 1854 solo
3597 1814 3808 1854 mecum

2214 1892 2352 1946 solo.
2387 1891 2454 1944 Et
2481 1891 2684 1946 secessi
2714 1907 2835 1944 cum
2894 1907 2958 1944 ex
2983 1889 3132 1958 juxta
3189 1889 3452 1959 parietem
3483 1887 3684 1942 domus
3718 1905 3732 1952 ;
3765 1895 3814 1940 et

2211 1979 2345 2033 dixit
2373 1979 2522 2048 mihi,
2559 1979 2703 2050 quod
2733 1994 2833 2048 pro
2863 1993 2951 2032 me
2979 1977 3114 2031 nihil
3171 1977 3438 2030 dubitaret
3467 1976 3522 2028 in
3553 1974 3651 2028 illa
3681 1974 3812 2028 sub-

2213 2067 2526 2136 scriptione,
2563 2067 2660 2120 sed
2693 2082 2798 2136 pro
2830 2081 2896 2120 eo
2926 2065 3018 2136 qui
3051 2072 3177 2135 post
3203 2080 3291 2119 me
3321 2065 3423 2119 erit
3467 2063 3522 2117 in
3553 2063 3654 2116 illa
3683 2061 3810 2116 sede

2211 2155 2521 2225 metropoli.
2555 2156 2622 2208 Et
2669 2169 2774 2226 ego
2805 2153 2856 2208 ei
2901 2153 3176 2223 respondi,
3210 2160 3267 2206 ut
3295 2151 3386 2206 ille
3417 2151 3533 2220 ipse
3567 2150 3812 2205 libellum

2204 2244 2438 2298 dictaret
2470 2243 2609 2298 sicut
2627 2242 2790 2297 vellet
2815 2261 2827 2306 ;
2863 2250 2913 2296 et
2931 2241 3083 2312 petiit
3113 2249 3170 2296 ut
3201 2255 3305 2312 ego
3335 2239 3494 2294 illum
3525 2239 3808 2294 dictarem.

2207 2333 2276 2386 Et
2323 2330 2527 2386 reversi
2577 2346 2764 2384 sumus
2807 2329 2967 2384 simul
3017 2329 3088 2384 ad
3129 2328 3422 2383 fenestram
3453 2328 3604 2396 juxta
3655 2342 3814 2398 quam

2207 2417 2406 2469 Encas
2436 2421 2488 2468 et
2532 2413 2651 2469 Odo
2700 2413 2917 2468 stabant
2949 2431 2962 2465 :
2994 2420 3046 2467 et
3074 2413 3185 2466 dixi
3228 2411 3404 2466 Odoni
3434 2419 3492 2464 ut
3538 2407 3816 2480 acciperet

2209 2519 2336 2558 suas
2367 2503 2600 2570 tabulas,
2634 2509 2686 2557 et
2715 2501 2986 2571 exciperet
3017 2501 3072 2554 in
3115 2499 3222 2554 illis
3251 2499 3494 2554 libellum
3523 2499 3616 2554 cui
3645 2499 3814 2554 Hinc-

2208 2606 2392 2645 marus
2441 2589 2668 2646 deberet
2714 2589 3082 2644 subscribere.
3140 2588 3208 2642 Et
3252 2587 3462 2658 excepit
3499 2586 3644 2642 Odo.
3679 2587 3816 2642 sicut

2210 2686 2339 2734 tunc
2383 2678 2546 2732 simul
2603 2678 2944 2733 dictavimus.
2967 2677 3035 2730 Et
3063 2675 3176 2730 dixi
3218 2675 3328 2744 illi,
3361 2683 3420 2730 ut
3448 2674 3714 2746 quidquid
3741 2673 3814 2728 ibi

2208 2767 2371 2823 vellet
2400 2774 2489 2822 aut
2517 2773 2744 2832 mutare,
2782 2772 2873 2819 aut
2911 2764 3250 2832 subtrahere,
3283 2771 3374 2817 aut
3402 2763 3625 2830 addere,
3659 2761 3812 2818 face-

2207 2863 2288 2910 ret
2321 2873 2334 2909 :
2370 2855 2510 2910 sicut
2556 2861 2608 2908 et
2655 2853 2856 2908 factum
2886 2860 2986 2908 est.
3019 2853 3088 2908 Et
3122 2851 3234 2906 dixi
3285 2866 3390 2922 ego
3438 2849 3640 2916 Odoni,
3671 2858 3730 2904 ut
3759 2849 3814 2904 in

2208 2943 2449 2998 crastino
2494 2941 2646 2996 illum
2677 2948 2992 3012 apportarat
3039 2939 3318 3010 scriptum,
3351 2947 3404 2993 et
3431 2939 3486 2994 in
3515 2939 3734 3008 synodo
3763 2936 3812 2992 ei

2213 3030 2536 3086 Hinemarus
2577 3029 2963 3084 subscriberet.
3015 3028 3338 3083 Hinemarus
3368 3035 3542 3082 autem
3572 3041 3812 3098 respon-

2213 3119 2309 3184 dit,
2343 3118 2468 3189 quia
2495 3116 2665 3172 febris
2683 3115 2836 3172 illum
2869 3116 3140 3187 tangebat,
3174 3123 3228 3172 et
3259 3115 3430 3170 statim
3461 3131 3520 3169 se
3546 3115 3680 3169 inde
3707 3113 3814 3170 vel-

2211 3205 2287 3261 let
2315 3205 2637 3271 deliberare,
2690 3213 2748 3260 ut
2803 3203 3122 3276 sanguinem
3181 3213 3365 3274 posset
3393 3203 3662 3259 minuere.
3693 3203 3813 3275 Ego

2211 3309 2394 3358 autem
2417 3301 2556 3372 jussi
2588 3301 2838 3362 Odonem
2879 3302 2962 3356 ire
2991 3302 3058 3356 ad
3089 3299 3484 3357 Cancellarium
3513 3299 3665 3372 regis
3685 3341 3702 3366 ,
3763 3307 3818 3354 et

2211 3391 2464 3462 accipere
2495 3390 2563 3444 ab
2592 3389 2686 3446 illo
2729 3405 3144 3462 pergamenum,
3187 3398 3239 3444 et
3267 3389 3728 3456 atramentarium,
3759 3395 3811 3443 et

2209 3479 2477 3534 scriberet
2533 3477 2686 3532 illum
2720 3477 2846 3532 cito.
2905 3479 3120 3532 Interea
3174 3477 3284 3531 dixi
3313 3478 3511 3542 .Eneae,
3544 3476 3634 3532 cui
3681 3485 3812 3531 tunc

2208 3566 2550 3622 auscultabat
2602 3565 2949 3634 Hinemarus,
2983 3565 3127 3636 quod
3184 3565 3379 3620 melius
3435 3573 3581 3619 esset
3635 3572 3696 3618 ut
3755 3564 3812 3618 in

2207 3655 2448 3710 crastina
2477 3661 2854 3725 exspectaret;
2887 3661 2940 3708 et
2983 3655 3359 3725 persuadente
3391 3655 3557 3708 rEnea
3585 3652 3814 3722 acquie-

2207 3743 2282 3798 vit
2313 3743 2383 3796 ita
2415 3743 2752 3798 Hinemarus.
2785 3743 2852 3796 Et
2881 3742 2936 3795 in
2995 3743 3230 3796 crastina
3259 3743 3484 3796 veniens
3511 3742 3566 3795 in
3597 3739 3812 3812 synodo

2207 3831 2487 3902 professus
2517 3839 2600 3885 est
2657 3831 2959 3886 secundum
2991 3831 3138 3902 quod
3191 3829 3248 3884 in
3295 3829 3388 3884 illo
3415 3828 3598 3882 libello
3629 3827 3814 3882 conti-

2207 3927 2381 3973 netur.
2433 3919 2503 3972 Et
2557 3918 2868 3990 porrigente
2922 3917 3022 3971 sibi
3079 3917 3270 3972 Odone
3327 3933 3596 3986 pennam,
3629 3931 3812 3970 coram

2207 4007 2493 4071 omnibus,
2542 4005 2678 4060 sicut
2743 4013 2870 4059 tunc
2913 4005 3126 4074 paruit,
3158 4003 3340 4058 eidem
3385 4003 3570 4058 libello
3615 4011 3814 4073 sponte

2209 4093 2564 4164 subscripsit;
2599 4099 2652 4148 et
2680 4093 2821 4164 regi,
2869 4099 2922 4146 et
2950 4091 3082 4145 mihi
3111 4107 3274 4145 manu
3303 4107 3400 4146 sua
3431 4091 3690 4161 porrexit.
3728 4089 3802 4146 Et

2207 4190 2336 4236 tunc
2367 4181 2597 4236 domnus
2629 4196 2721 4235 rex
2737 4196 2924 4250 pacem
2955 4180 3032 4234 illi
3061 4179 3210 4235 dedit
3241 4200 3259 4235 :
3291 4187 3343 4234 et
3365 4195 3469 4250 ego
3485 4187 3607 4250 post
3633 4178 3810 4232 illum.

2207 4269 2266 4324 In
2295 4269 2533 4324 crastino
2562 4276 2740 4322 autem
2770 4276 3059 4339 antequam
3091 4267 3146 4322 in
3173 4268 3397 4322 domum
3435 4267 3688 4321 intrarem
3717 4309 3730 4330 ,
3755 4267 3814 4320 in

2204 4371 2366 4428 quam
2417 4355 2656 4426 episcopi
2687 4356 2980 4411 convenire
3002 4356 3292 4418 debebant,
3338 4355 3643 4410 llarduieus
3673 4353 3806 4424 epi-

2135 4435 2404 4514 Dscopus
2433 4445 2488 4498 in
2519 4444 2626 4500 alia
2673 4445 2837 4499 domo
2883 4459 3096 4498 mecum
3151 4443 3404 4513 loquens,
3437 4441 3811 4497 secretissime

2209 4533 2342 4587 dixit
2398 4533 2530 4586 mihi
2563 4573 2578 4598 ,
2611 4533 2757 4603 quod
2801 4531 3126 4587 Hinemarus
3180 4531 3312 4585 mihi
3359 4531 3608 4584 mittebat
3635 4545 3810 4584 unum

2205 4619 2489 4692 parvulum
2545 4619 2829 4690 scriptum,
2891 4627 3081 4689 petens
3111 4626 3167 4673 ut
3193 4617 3242 4672 ei
3285 4618 3704 4672 subscriberem.
3741 4618 3812 4672 Et

2205 4707 2415 4762 occulte
2437 4707 2588 4761 illum
2617 4707 2750 4761 mihi
2798 4706 2982 4774 dedit;
3015 4722 3120 4776 ego
3167 4713 3344 4761 autem
3381 4705 3534 4760 illum
3565 4704 3806 4774 suscepi,

2205 4802 2259 4848 et
2288 4795 2344 4848 in
2365 4794 2541 4848 sinum
2587 4811 2769 4849 meum
2803 4793 2946 4849 misi.
2987 4791 3162 4862 Quem
3193 4801 3383 4864 postea
3405 4809 3514 4847 non
3545 4792 3674 4862 legi,
3705 4807 3812 4846 an-

2204 4891 2422 4953 tequam
2465 4883 2518 4936 in
2558 4882 2648 4937 via
2703 4897 2903 4950 essem,
2939 4897 3044 4952 qua
3104 4881 3174 4936 ad
3233 4881 3576 4936 mansionem
3623 4895 3810 4934 meam

2203 4970 2466 5025 redibam.
2515 4970 2585 5025 Et
2632 4986 2816 5025 coram
2879 4969 3073 5024 Odulfo
3131 4967 3385 5039 episcopo
3436 4969 3528 5040 qui
3587 4981 3810 5022 mecum

2203 5058 2341 5122 ibat,
2405 5058 2636 5128 primum
2680 5058 2825 5114 idem
2884 5057 3144 5128 scriptum
3187 5057 3398 5127 relegi;
3455 5063 3646 5126 postea
3701 5071 3808 5110 nec

2203 5146 2545 5211 Hinemarus,
2579 5160 2682 5201 nec
2725 5145 2923 5216 aliquis
2965 5146 3101 5200 alius
3131 5145 3254 5199 inde
3297 5160 3510 5200 mecum
3537 5143 3806 5198 rationem

2201 5233 2403 5287 habuit.
2467 5235 2670 5288 Verum
2735 5241 2786 5287 et
2843 5233 3166 5288 Fredericus
3195 5231 3486 5302 presbyter
3523 5230 3804 5300 Ilarduici,

2199 5337 2438 5392 unquam
2483 5321 2550 5376 de
2594 5321 2685 5376 illo
2715 5319 2899 5375 libello
2941 5336 3152 5376 mecum
3199 5319 3367 5375 ullam
3401 5319 3662 5375 rationem
3690 5333 3806 5372 non

2199 5409 2406 5464 habuit.
2465 5411 2532 5464 Et
2577 5425 2676 5480 per
2705 5409 2866 5464 talem
2923 5407 3192 5474 fraudem,
3225 5408 3363 5464 sicut
3391 5407 3612 5474 auditis,
3645 5421 3804 5462 eam-

2197 5497 2322 5553 dem
2365 5497 2812 5568 subscriptionem
2851 5497 2922 5554 ab
2950 5512 3017 5552 eo
3045 5495 3266 5552 extorsi.
