  <div class='ocr_page' id='page_1' title='image "/cluster/home/n/w/nwhite01/storage/ocr_20150623/126/hvd.32044052819513/318.png"; bbox 0 0 4020 6178; ppageno 0'>
   <div class='ocr_carea' id='block_1_1' title="bbox 216 273 329 325">
    <p class='ocr_par' dir='ltr' id='par_1_1' title="bbox 216 273 329 325">
     <span class='ocr_line' id='line_1_1' title="bbox 216 273 329 325; baseline 0.009 -1"><span class='ocrx_word' id='word_1_1' title='bbox 216 273 329 325; x_wconf 75' lang='lat'>625</span> 
     </span>
    </p>
   </div>
   <div class='ocr_carea' id='block_1_2' title="bbox 940 266 2749 327">
    <p class='ocr_par' dir='ltr' id='par_1_2' title="bbox 940 266 2749 327">
     <span class='ocr_line' id='line_1_2' title="bbox 940 266 2749 327; baseline 0 -3"><span class='ocrx_word' id='word_1_2' title='bbox 940 267 1181 324; x_wconf 86' lang='lat' dir='ltr'>OPUSC.</span> <span class='ocrx_word' id='word_1_3' title='bbox 1240 267 1330 323; x_wconf 89' lang='lat' dir='ltr'>ET</span> <span class='ocrx_word' id='word_1_4' title='bbox 1374 266 1591 323; x_wconf 86' lang='lat' dir='ltr'>EPIST.</span> <span class='ocrx_word' id='word_1_5' title='bbox 1652 266 1726 320; x_wconf 90' lang='lat' dir='ltr'><strong>IN</strong></span> <span class='ocrx_word' id='word_1_6' title='bbox 1782 266 2009 323; x_wconf 81' lang='lat' dir='ltr'><strong>CAUSA</strong></span> <span class='ocrx_word' id='word_1_7' title='bbox 2057 268 2397 326; x_wconf 82' lang='lat' dir='ltr'>HINCMARI</span> <span class='ocrx_word' id='word_1_8' title='bbox 2447 268 2749 327; x_wconf 89' lang='lat' dir='ltr'>LAUDUN.</span> 
     </span>
    </p>
   </div>
   <div class='ocr_carea' id='block_1_3' title="bbox 3422 273 3523 328">
    <p class='ocr_par' dir='ltr' id='par_1_3' title="bbox 3422 273 3523 328">
     <span class='ocr_line' id='line_1_3' title="bbox 3422 273 3523 328; baseline 0.03 -3"><span class='ocrx_word' id='word_1_9' title='bbox 3422 273 3523 328; x_wconf 72' lang='lat'>626</span> 
     </span>
    </p>
   </div>
   <div class='ocr_carea' id='block_1_4' title="bbox 298 374 3527 467">
    <p class='ocr_par' dir='ltr' id='par_1_4' title="bbox 298 374 3527 467">
     <span class='ocr_line' id='line_1_4' title="bbox 298 374 3527 467; baseline 0.001 -21"><span class='ocrx_word' id='word_1_10' title='bbox 298 390 466 460; x_wconf 86' lang='lat' dir='ltr'>Quod</span> <span class='ocrx_word' id='word_1_11' title='bbox 532 392 663 448; x_wconf 80' lang='lat' dir='ltr'>dicit</span> <span class='ocrx_word' id='word_1_12' title='bbox 725 391 872 447; x_wconf 84' lang='lat' dir='ltr'>illam</span> <span class='ocrx_word' id='word_1_13' title='bbox 935 389 1350 461; x_wconf 84' lang='lat' dir='ltr'>professionem,</span> <span class='ocrx_word' id='word_1_14' title='bbox 1424 397 1717 461; x_wconf 78' lang='lat' dir='ltr'>antequam</span> <span class='ocrx_word' id='word_1_15' title='bbox 1776 388 1827 443; x_wconf 92' lang='lat' dir='ltr'>ei</span> <span class='ocrx_word' id='word_1_16' title='bbox 1853 390 2079 451; x_wconf 83' lang='lat' dir='ltr'>Aretur</span> <span class='ocrx_word' id='word_1_17' title='bbox 2105 392 2328 464; x_wconf 89' lang='lat' dir='ltr'>aliquid,</span> <span class='ocrx_word' id='word_1_18' title='bbox 2372 374 2515 464; x_wconf 83' lang='lat' dir='ltr'>quod</span> <span class='ocrx_word' id='word_1_19' title='bbox 2546 392 2686 448; x_wconf 89' lang='lat' dir='ltr'>forte</span> <span class='ocrx_word' id='word_1_20' title='bbox 2727 393 3068 450; x_wconf 86' lang='lat' dir='ltr'>intolerabile</span> <span class='ocrx_word' id='word_1_21' title='bbox 3098 394 3255 461; x_wconf 88' lang='lat' dir='ltr'>foret,</span> <span class='ocrx_word' id='word_1_22' title='bbox 3288 395 3347 450; x_wconf 89' lang='lat' dir='ltr'>B.</span> <span class='ocrx_word' id='word_1_23' title='bbox 3380 409 3527 467; x_wconf 91' lang='lat' dir='ltr'>papa</span> 
     </span>
    </p>
   </div>
   <div class='ocr_carea' id='block_1_5' title="bbox 222 478 1828 550">
    <p class='ocr_par' dir='ltr' id='par_1_5' title="bbox 222 478 1828 550">
     <span class='ocr_line' id='line_1_5' title="bbox 222 478 1828 550; baseline -0.001 -17"><span class='ocrx_word' id='word_1_24' title='bbox 222 478 626 545; x_wconf 78' lang='lat' dir='ltr'>subscriberet,</span> <span class='ocrx_word' id='word_1_25' title='bbox 660 495 812 535; x_wconf 89' lang='lat' dir='ltr'>suam</span> <span class='ocrx_word' id='word_1_26' title='bbox 841 479 1063 533; x_wconf 90' lang='lat' dir='ltr'>domum</span> <span class='ocrx_word' id='word_1_27' title='bbox 1090 485 1357 550; x_wconf 81' lang='lat' dir='ltr'>portasse,</span> <span class='ocrx_word' id='word_1_28' title='bbox 1376 493 1487 531; x_wconf 90' lang='lat' dir='ltr'>non</span> <span class='ocrx_word' id='word_1_29' title='bbox 1516 485 1598 532; x_wconf 91' lang='lat' dir='ltr'>est</span> <span class='ocrx_word' id='word_1_30' title='bbox 1620 493 1828 531; x_wconf 88' lang='lat' dir='ltr'>verum.</span> 
     </span>
    </p>
   </div>
   <div class='ocr_carea' id='block_1_6' title="bbox 225 561 1831 639">
    <p class='ocr_par' dir='ltr' id='par_1_6' title="bbox 225 561 1831 639">
     <span class='ocr_line' id='line_1_6' title="bbox 225 561 1831 639; baseline -0.001 -18"><span class='ocrx_word' id='word_1_31' title='bbox 225 561 377 636; x_wconf 85' lang='lat' dir='ltr'>Quia</span> <span class='ocrx_word' id='word_1_32' title='bbox 418 576 708 639; x_wconf 83' lang='lat' dir='ltr'>postquam</span> <span class='ocrx_word' id='word_1_33' title='bbox 754 566 875 622; x_wconf 93' lang='lat' dir='ltr'>Odo</span> <span class='ocrx_word' id='word_1_34' title='bbox 916 566 1206 637; x_wconf 90' lang='lat' dir='ltr'>episcopus</span> <span class='ocrx_word' id='word_1_35' title='bbox 1245 581 1364 620; x_wconf 90' lang='lat' dir='ltr'>eam</span> <span class='ocrx_word' id='word_1_36' title='bbox 1394 566 1448 619; x_wconf 93' lang='lat' dir='ltr'>in</span> <span class='ocrx_word' id='word_1_37' title='bbox 1477 564 1673 619; x_wconf 91' lang='lat' dir='ltr'>tabulis</span> <span class='ocrx_word' id='word_1_38' title='bbox 1719 565 1831 619; x_wconf 87' lang='lat' dir='ltr'>suis</span> 
     </span>
    </p>
   </div>
   <div class='ocr_carea' id='block_1_7' title="bbox 223 652 1831 726">
    <p class='ocr_par' dir='ltr' id='par_1_7' title="bbox 223 652 1831 726">
     <span class='ocr_line' id='line_1_7' title="bbox 223 652 1831 726; baseline -0.002 -16"><span class='ocrx_word' id='word_1_39' title='bbox 223 656 468 726; x_wconf 83' lang='lat' dir='ltr'>excepit,</span> <span class='ocrx_word' id='word_1_40' title='bbox 513 656 770 725; x_wconf 80' lang='lat' dir='ltr'>scriptam</span> <span class='ocrx_word' id='word_1_41' title='bbox 809 655 1132 710; x_wconf 85' lang='lat' dir='ltr'>Hincmarus</span> <span class='ocrx_word' id='word_1_42' title='bbox 1180 653 1328 707; x_wconf 88' lang='lat' dir='ltr'>illam</span> <span class='ocrx_word' id='word_1_43' title='bbox 1367 668 1476 707; x_wconf 93' lang='lat' dir='ltr'>non</span> <span class='ocrx_word' id='word_1_44' title='bbox 1516 652 1683 717; x_wconf 84' lang='lat' dir='ltr'>vidit;</span> <span class='ocrx_word' id='word_1_45' title='bbox 1734 669 1831 706; x_wconf 88' lang='lat' dir='ltr'>us-</span> 
     </span>
    </p>
   </div>
   <div class='ocr_carea' id='block_1_8' title="bbox 225 739 1833 815">
    <p class='ocr_par' dir='ltr' id='par_1_8' title="bbox 225 739 1833 815">
     <span class='ocr_line' id='line_1_8' title="bbox 225 739 1833 815; baseline -0.001 -18"><span class='ocrx_word' id='word_1_46' title='bbox 225 759 458 815; x_wconf 91' lang='lat' dir='ltr'>quequo</span> <span class='ocrx_word' id='word_1_47' title='bbox 486 758 588 797; x_wconf 75' lang='lat' dir='ltr'>xvr</span> <span class='ocrx_word' id='word_1_48' title='bbox 618 743 735 798; x_wconf 85' lang='lat' dir='ltr'>Kal.</span> <span class='ocrx_word' id='word_1_49' title='bbox 762 743 867 797; x_wconf 84' lang='lat' dir='ltr'>Jul.</span> <span class='ocrx_word' id='word_1_50' title='bbox 901 746 931 797; x_wconf 87' lang='lat'>3</span> <span class='ocrx_word' id='word_1_51' title='bbox 963 741 1271 797; x_wconf 81' lang='lat' dir='ltr'>indictionis</span> <span class='ocrx_word' id='word_1_52' title='bbox 1301 741 1477 796; x_wconf 91' lang='lat' dir='ltr'>eidem</span> <span class='ocrx_word' id='word_1_53' title='bbox 1505 739 1833 811; x_wconf 82' lang='lat' dir='ltr'>professioni</span> 
     </span>
    </p>
   </div>
   <div class='ocr_carea' id='block_1_9' title="bbox 221 828 1829 903">
    <p class='ocr_par' dir='ltr' id='par_1_9' title="bbox 221 828 1829 903">
     <span class='ocr_line' id='line_1_9' title="bbox 221 828 1829 903; baseline -0.001 -19"><span class='ocrx_word' id='word_1_54' title='bbox 221 831 276 884; x_wconf 93' lang='lat' dir='ltr'>in</span> <span class='ocrx_word' id='word_1_55' title='bbox 310 831 530 903; x_wconf 80' lang='lat' dir='ltr'>synodo</span> <span class='ocrx_word' id='word_1_56' title='bbox 560 846 744 886; x_wconf 89' lang='lat' dir='ltr'>coram</span> <span class='ocrx_word' id='word_1_57' title='bbox 781 830 1036 885; x_wconf 91' lang='lat' dir='ltr'>omnibus</span> <span class='ocrx_word' id='word_1_58' title='bbox 1078 829 1167 900; x_wconf 88' lang='lat' dir='ltr'>qui</span> <span class='ocrx_word' id='word_1_59' title='bbox 1207 828 1497 884; x_wconf 88' lang='lat' dir='ltr'>adfuerunt</span> <span class='ocrx_word' id='word_1_60' title='bbox 1538 828 1829 899; x_wconf 88' lang='lat' dir='ltr'>episcopis,</span> 
     </span>
    </p>
   </div>
   <div class='ocr_carea' id='block_1_10' title="bbox 226 916 1829 990">
    <p class='ocr_par' dir='ltr' id='par_1_10' title="bbox 226 916 1829 990">
     <span class='ocr_line' id='line_1_10' title="bbox 226 916 1829 990; baseline -0.002 -17"><span class='ocrx_word' id='word_1_61' title='bbox 226 926 282 973; x_wconf 89' lang='lat' dir='ltr'>et</span> <span class='ocrx_word' id='word_1_62' title='bbox 312 934 509 974; x_wconf 89' lang='lat' dir='ltr'>coram</span> <span class='ocrx_word' id='word_1_63' title='bbox 559 919 762 974; x_wconf 90' lang='lat' dir='ltr'>domno</span> <span class='ocrx_word' id='word_1_64' title='bbox 806 934 939 990; x_wconf 85' lang='lat' dir='ltr'>rege</span> <span class='ocrx_word' id='word_1_65' title='bbox 979 916 1332 987; x_wconf 71' lang='lat' dir='ltr'>subscripsit:</span> <span class='ocrx_word' id='word_1_66' title='bbox 1365 924 1418 972; x_wconf 89' lang='lat' dir='ltr'>et</span> <span class='ocrx_word' id='word_1_67' title='bbox 1446 917 1647 971; x_wconf 91' lang='lat' dir='ltr'>domno</span> <span class='ocrx_word' id='word_1_68' title='bbox 1690 916 1829 989; x_wconf 88' lang='lat' dir='ltr'>regi,</span> 
     </span>
    </p>
   </div>
   <div class='ocr_carea' id='block_1_11' title="bbox 225 1003 1833 1077">
    <p class='ocr_par' dir='ltr' id='par_1_11' title="bbox 225 1003 1833 1077">
     <span class='ocr_line' id='line_1_11' title="bbox 225 1003 1833 1077; baseline -0.001 -16"><span class='ocrx_word' id='word_1_69' title='bbox 225 1022 294 1062; x_wconf 88' lang='lat' dir='ltr'>ac</span> <span class='ocrx_word' id='word_1_70' title='bbox 348 1006 486 1060; x_wconf 90' lang='lat' dir='ltr'>mihi</span> <span class='ocrx_word' id='word_1_71' title='bbox 535 1006 796 1077; x_wconf 81' lang='lat' dir='ltr'>porrexit,</span> <span class='ocrx_word' id='word_1_72' title='bbox 839 1013 892 1060; x_wconf 92' lang='lat' dir='ltr'>et</span> <span class='ocrx_word' id='word_1_73' title='bbox 933 1005 983 1060; x_wconf 91' lang='lat' dir='ltr'>ei</span> <span class='ocrx_word' id='word_1_74' title='bbox 1012 1005 1067 1059; x_wconf 94' lang='lat' dir='ltr'>in</span> <span class='ocrx_word' id='word_1_75' title='bbox 1111 1005 1319 1076; x_wconf 83' lang='lat' dir='ltr'>synodo</span> <span class='ocrx_word' id='word_1_76' title='bbox 1366 1004 1643 1074; x_wconf 85' lang='lat' dir='ltr'>exemplar</span> <span class='ocrx_word' id='word_1_77' title='bbox 1688 1003 1833 1059; x_wconf 90' lang='lat' dir='ltr'>illius</span> 
     </span>
    </p>
   </div>
   <div class='ocr_carea' id='block_1_12' title="bbox 228 1091 1829 1159">
    <p class='ocr_par' dir='ltr' id='par_1_12' title="bbox 228 1091 1829 1159">
     <span class='ocr_line' id='line_1_12' title="bbox 228 1091 1829 1159; baseline -0.002 -11"><span class='ocrx_word' id='word_1_78' title='bbox 228 1095 456 1149; x_wconf 80' lang='lat' dir='ltr'>donavi.</span> <span class='ocrx_word' id='word_1_79' title='bbox 493 1096 552 1148; x_wconf 90' lang='lat' dir='ltr'>In</span> <span class='ocrx_word' id='word_1_80' title='bbox 596 1094 834 1149; x_wconf 91' lang='lat' dir='ltr'>crastino</span> <span class='ocrx_word' id='word_1_81' title='bbox 872 1101 1073 1159; x_wconf 88' lang='lat' dir='ltr'>autem,</span> <span class='ocrx_word' id='word_1_82' title='bbox 1125 1093 1178 1146; x_wconf 92' lang='lat' dir='ltr'>id</span> <span class='ocrx_word' id='word_1_83' title='bbox 1224 1101 1306 1147; x_wconf 90' lang='lat' dir='ltr'>est</span> <span class='ocrx_word' id='word_1_84' title='bbox 1350 1108 1428 1146; x_wconf 90' lang='lat' dir='ltr'>xv</span> <span class='ocrx_word' id='word_1_85' title='bbox 1476 1092 1597 1147; x_wconf 86' lang='lat' dir='ltr'>Kal.</span> <span class='ocrx_word' id='word_1_86' title='bbox 1640 1091 1829 1158; x_wconf 86' lang='lat' dir='ltr'>Julias,</span> 
     </span>
    </p>
   </div>
   <div class='ocr_carea' id='block_1_13' title="bbox 227 1180 1835 1252">
    <p class='ocr_par' dir='ltr' id='par_1_13' title="bbox 227 1180 1835 1252">
     <span class='ocr_line' id='line_1_13' title="bbox 227 1180 1835 1252; baseline -0.001 -17"><span class='ocrx_word' id='word_1_87' title='bbox 227 1183 473 1237; x_wconf 90' lang='lat' dir='ltr'>domnus</span> <span class='ocrx_word' id='word_1_88' title='bbox 503 1182 807 1237; x_wconf 85' lang='lat' dir='ltr'>Harduicus</span> <span class='ocrx_word' id='word_1_89' title='bbox 846 1181 1309 1252; x_wconf 87' lang='lat' dir='ltr'>archiepiscopus,</span> <span class='ocrx_word' id='word_1_90' title='bbox 1356 1180 1451 1234; x_wconf 91' lang='lat' dir='ltr'>tali</span> <span class='ocrx_word' id='word_1_91' title='bbox 1494 1181 1658 1235; x_wconf 92' lang='lat' dir='ltr'>modo</span> <span class='ocrx_word' id='word_1_92' title='bbox 1697 1180 1835 1235; x_wconf 91' lang='lat' dir='ltr'>sicut</span> 
     </span>
    </p>
   </div>
   <div class='ocr_carea' id='block_1_14' title="bbox 227 1268 1836 1340">
    <p class='ocr_par' dir='ltr' id='par_1_14' title="bbox 227 1268 1836 1340">
     <span class='ocr_line' id='line_1_14' title="bbox 227 1268 1836 1340; baseline -0.002 -15"><span class='ocrx_word' id='word_1_93' title='bbox 227 1271 499 1340; x_wconf 59' lang='lat' dir='ltr'>praemisi,</span> <span class='ocrx_word' id='word_1_94' title='bbox 532 1271 775 1325; x_wconf 88' lang='lat' dir='ltr'>libellum</span> <span class='ocrx_word' id='word_1_95' title='bbox 806 1271 876 1324; x_wconf 90' lang='lat' dir='ltr'>ab</span> <span class='ocrx_word' id='word_1_96' title='bbox 906 1286 973 1324; x_wconf 91' lang='lat' dir='ltr'>eo</span> <span class='ocrx_word' id='word_1_97' title='bbox 1002 1270 1131 1323; x_wconf 87' lang='lat' dir='ltr'>mihi</span> <span class='ocrx_word' id='word_1_98' title='bbox 1163 1268 1428 1324; x_wconf 90' lang='lat' dir='ltr'>directum</span> <span class='ocrx_word' id='word_1_99' title='bbox 1459 1268 1626 1323; x_wconf 87' lang='lat' dir='ltr'>dedit.</span> <span class='ocrx_word' id='word_1_100' title='bbox 1657 1268 1724 1322; x_wconf 86' lang='lat' dir='ltr'>Et</span> <span class='ocrx_word' id='word_1_101' title='bbox 1754 1268 1836 1321; x_wconf 92' lang='lat' dir='ltr'>ni-</span> 
     </span>
    </p>
   </div>
   <div class='ocr_carea' id='block_1_15' title="bbox 224 1356 1833 1430">
    <p class='ocr_par' dir='ltr' id='par_1_15' title="bbox 224 1356 1833 1430">
     <span class='ocr_line' id='line_1_15' title="bbox 224 1356 1833 1430; baseline 0 -18"><span class='ocrx_word' id='word_1_102' title='bbox 224 1359 302 1412; x_wconf 87' lang='lat' dir='ltr'>hil</span> <span class='ocrx_word' id='word_1_103' title='bbox 334 1367 554 1429; x_wconf 88' lang='lat' dir='ltr'>postea,</span> <span class='ocrx_word' id='word_1_104' title='bbox 589 1358 828 1430; x_wconf 88' lang='lat' dir='ltr'>quandiu</span> <span class='ocrx_word' id='word_1_105' title='bbox 857 1358 912 1411; x_wconf 91' lang='lat' dir='ltr'>in</span> <span class='ocrx_word' id='word_1_106' title='bbox 942 1357 1210 1412; x_wconf 85' lang='lat' dir='ltr'>Attiniaco</span> <span class='ocrx_word' id='word_1_107' title='bbox 1241 1356 1459 1422; x_wconf 83' lang='lat' dir='ltr'>fuimus,</span> <span class='ocrx_word' id='word_1_108' title='bbox 1511 1356 1636 1411; x_wconf 91' lang='lat' dir='ltr'>inde</span> <span class='ocrx_word' id='word_1_109' title='bbox 1665 1356 1833 1412; x_wconf 84' lang='lat' dir='ltr'>Hinc-</span> 
     </span>
    </p>
   </div>
   <div class='ocr_carea' id='block_1_16' title="bbox 112 1444 1830 1516">
    <p class='ocr_par' dir='ltr' id='par_1_16' title="bbox 112 1444 1830 1516">
     <span class='ocr_line' id='line_1_16' title="bbox 112 1444 1830 1516; baseline -0.001 -17"><span class='ocrx_word' id='word_1_110' title='bbox 112 1492 123 1499; x_wconf 78' lang='lat'>.</span> <span class='ocrx_word' id='word_1_111' title='bbox 223 1463 417 1500; x_wconf 87' lang='lat' dir='ltr'>marus</span> <span class='ocrx_word' id='word_1_112' title='bbox 460 1448 550 1501; x_wconf 86' lang='lat' dir='ltr'>vel</span> <span class='ocrx_word' id='word_1_113' title='bbox 588 1447 775 1512; x_wconf 91' lang='lat' dir='ltr'>verbo,</span> <span class='ocrx_word' id='word_1_114' title='bbox 818 1445 904 1499; x_wconf 91' lang='lat' dir='ltr'>vel</span> <span class='ocrx_word' id='word_1_115' title='bbox 950 1445 1153 1515; x_wconf 90' lang='lat' dir='ltr'>scripto</span> <span class='ocrx_word' id='word_1_116' title='bbox 1200 1445 1458 1516; x_wconf 83' lang='lat' dir='ltr'>quiddam</span> <span class='ocrx_word' id='word_1_117' title='bbox 1507 1444 1638 1497; x_wconf 88' lang='lat' dir='ltr'>mihi</span> <span class='ocrx_word' id='word_1_118' title='bbox 1680 1444 1830 1498; x_wconf 85' lang='lat' dir='ltr'>dixit.</span> 
     </span>
    </p>
   </div>
   <div class='ocr_carea' id='block_1_17' title="bbox 227 1532 1834 1604">
    <p class='ocr_par' dir='ltr' id='par_1_17' title="bbox 227 1532 1834 1604">
     <span class='ocr_line' id='line_1_17' title="bbox 227 1532 1834 1604; baseline -0.001 -16"><span class='ocrx_word' id='word_1_119' title='bbox 227 1533 338 1603; x_wconf 87' lang='lat' dir='ltr'>Qui</span> <span class='ocrx_word' id='word_1_120' title='bbox 369 1535 591 1589; x_wconf 89' lang='lat' dir='ltr'>etiamsi</span> <span class='ocrx_word' id='word_1_121' title='bbox 620 1533 749 1587; x_wconf 90' lang='lat' dir='ltr'>mihi</span> <span class='ocrx_word' id='word_1_122' title='bbox 776 1534 977 1604; x_wconf 88' lang='lat' dir='ltr'>aliquid</span> <span class='ocrx_word' id='word_1_123' title='bbox 1008 1533 1133 1588; x_wconf 90' lang='lat' dir='ltr'>inde</span> <span class='ocrx_word' id='word_1_124' title='bbox 1161 1533 1406 1598; x_wconf 83' lang='lat' dir='ltr'>dixisset,</span> <span class='ocrx_word' id='word_1_125' title='bbox 1441 1532 1834 1603; x_wconf 89' lang='lat' dir='ltr'>responderem</span> 
     </span>
    </p>
   </div>
   <div class='ocr_carea' id='block_1_18' title="bbox 226 1621 1834 1693">
    <p class='ocr_par' dir='ltr' id='par_1_18' title="bbox 226 1621 1834 1693">
     <span class='ocr_line' id='line_1_18' title="bbox 226 1621 1834 1693; baseline -0.001 -17"><span class='ocrx_word' id='word_1_126' title='bbox 226 1622 307 1676; x_wconf 92' lang='lat' dir='ltr'>illi</span> <span class='ocrx_word' id='word_1_127' title='bbox 338 1638 415 1677; x_wconf 87' lang='lat' dir='ltr'>ex</span> <span class='ocrx_word' id='word_1_128' title='bbox 445 1623 656 1678; x_wconf 85' lang='lat' dir='ltr'>Jacobo</span> <span class='ocrx_word' id='word_1_129' title='bbox 681 1640 693 1676; x_wconf 93' lang='lat'>:</span> <span class='ocrx_word' id='word_1_130' title='bbox 727 1622 900 1685; x_wconf 73' lang='lat' dir='ltr'>Petis,</span> <span class='ocrx_word' id='word_1_131' title='bbox 933 1625 988 1677; x_wconf 82' lang='lat' dir='ltr'>ct</span> <span class='ocrx_word' id='word_1_132' title='bbox 1016 1638 1129 1677; x_wconf 83' lang='lat' dir='ltr'>non</span> <span class='ocrx_word' id='word_1_133' title='bbox 1163 1622 1389 1693; x_wconf 79' lang='lat' dir='ltr'>accipis,</span> <span class='ocrx_word' id='word_1_134' title='bbox 1426 1637 1485 1676; x_wconf 84' lang='lat' dir='ltr'>eo</span> <span class='ocrx_word' id='word_1_135' title='bbox 1516 1621 1658 1693; x_wconf 86' lang='lat' dir='ltr'>quod</span> <span class='ocrx_word' id='word_1_136' title='bbox 1685 1621 1834 1675; x_wconf 82' lang='lat' dir='ltr'>male</span> 
     </span>
    </p>
   </div>
   <div class='ocr_carea' id='block_1_19' title="bbox 222 1708 1831 1781">
    <p class='ocr_par' dir='ltr' id='par_1_19' title="bbox 222 1708 1831 1781">
     <span class='ocr_line' id='line_1_19' title="bbox 222 1708 1831 1781; baseline -0.002 -15"><span class='ocrx_word' id='word_1_137' title='bbox 222 1713 378 1781; x_wconf 78' lang='lat' dir='ltr'>peti:</span> <span class='ocrx_word' id='word_1_138' title='bbox 425 1711 568 1779; x_wconf 84' lang='lat' dir='ltr'>(Jac.</span> <span class='ocrx_word' id='word_1_139' title='bbox 619 1712 717 1779; x_wconf 83' lang='lat' dir='ltr'>iv).</span> <span class='ocrx_word' id='word_1_140' title='bbox 768 1708 909 1777; x_wconf 88' lang='lat' dir='ltr'>Quia</span> <span class='ocrx_word' id='word_1_141' title='bbox 954 1709 1413 1779; x_wconf 80' lang='lat' dir='ltr'>injustum-atque</span> <span class='ocrx_word' id='word_1_142' title='bbox 1457 1708 1831 1763; x_wconf 87' lang='lat' dir='ltr'>irrationabile</span> 
     </span>
    </p>
   </div>
   <div class='ocr_carea' id='block_1_20' title="bbox 225 1796 1831 1867">
    <p class='ocr_par' dir='ltr' id='par_1_20' title="bbox 225 1796 1831 1867">
     <span class='ocr_line' id='line_1_20' title="bbox 225 1796 1831 1867; baseline -0.003 -13"><span class='ocrx_word' id='word_1_143' title='bbox 225 1808 332 1863; x_wconf 90' lang='lat' dir='ltr'>est,</span> <span class='ocrx_word' id='word_1_144' title='bbox 388 1806 446 1852; x_wconf 94' lang='lat' dir='ltr'>ut</span> <span class='ocrx_word' id='word_1_145' title='bbox 494 1797 938 1867; x_wconf 86' lang='lat' dir='ltr'>archiepiscopus</span> <span class='ocrx_word' id='word_1_146' title='bbox 975 1812 1008 1850; x_wconf 89' lang='lat' dir='ltr'>a</span> <span class='ocrx_word' id='word_1_147' title='bbox 1048 1796 1221 1852; x_wconf 86' lang='lat' dir='ltr'>sacris</span> <span class='ocrx_word' id='word_1_148' title='bbox 1265 1797 1568 1851; x_wconf 90' lang='lat' dir='ltr'>canonibus</span> <span class='ocrx_word' id='word_1_149' title='bbox 1614 1796 1831 1851; x_wconf 89' lang='lat' dir='ltr'>exorbi-</span> 
     </span>
    </p>
   </div>
   <div class='ocr_carea' id='block_1_21' title="bbox 225 1882 1835 1956">
    <p class='ocr_par' dir='ltr' id='par_1_21' title="bbox 225 1882 1835 1956">
     <span class='ocr_line' id='line_1_21' title="bbox 225 1882 1835 1956; baseline -0.003 -14"><span class='ocrx_word' id='word_1_150' title='bbox 225 1896 349 1942; x_wconf 88' lang='lat' dir='ltr'>tans</span> <span class='ocrx_word' id='word_1_151' title='bbox 393 1886 683 1942; x_wconf 84' lang='lat' dir='ltr'>excedenti</span> <span class='ocrx_word' id='word_1_152' title='bbox 731 1884 987 1955; x_wconf 91' lang='lat' dir='ltr'>episcopo</span> <span class='ocrx_word' id='word_1_153' title='bbox 1036 1882 1402 1956; x_wconf 71' lang='lat' dir='ltr'>suﬂ’raganeo,</span> <span class='ocrx_word' id='word_1_154' title='bbox 1453 1892 1505 1938; x_wconf 92' lang='lat' dir='ltr'>et</span> <span class='ocrx_word' id='word_1_155' title='bbox 1535 1900 1567 1939; x_wconf 91' lang='lat' dir='ltr'>a</span> <span class='ocrx_word' id='word_1_156' title='bbox 1595 1899 1655 1939; x_wconf 90' lang='lat' dir='ltr'>se</span> <span class='ocrx_word' id='word_1_157' title='bbox 1685 1883 1835 1939; x_wconf 90' lang='lat' dir='ltr'>ordi-</span> 
     </span>
    </p>
   </div>
   <div class='ocr_carea' id='block_1_22' title="bbox 225 1971 1835 2044">
    <p class='ocr_par' dir='ltr' id='par_1_22' title="bbox 225 1971 1835 2044">
     <span class='ocr_line' id='line_1_22' title="bbox 225 1971 1835 2044; baseline -0.002 -14"><span class='ocrx_word' id='word_1_158' title='bbox 225 1983 381 2039; x_wconf 88' lang='lat' dir='ltr'>nato,</span> <span class='ocrx_word' id='word_1_159' title='bbox 428 1972 791 2044; x_wconf 84' lang='lat' dir='ltr'>professionis</span> <span class='ocrx_word' id='word_1_160' title='bbox 820 1987 885 2028; x_wconf 91' lang='lat' dir='ltr'>ac</span> <span class='ocrx_word' id='word_1_161' title='bbox 916 1972 1329 2043; x_wconf 87' lang='lat' dir='ltr'>subscriptionis</span> <span class='ocrx_word' id='word_1_162' title='bbox 1366 1988 1479 2027; x_wconf 69' lang='lat' dir='ltr'>sua:</span> <span class='ocrx_word' id='word_1_163' title='bbox 1524 1971 1708 2027; x_wconf 90' lang='lat' dir='ltr'>libello</span> <span class='ocrx_word' id='word_1_164' title='bbox 1742 1988 1835 2026; x_wconf 90' lang='lat' dir='ltr'>sa-</span> 
     </span>
    </p>
   </div>
   <div class='ocr_carea' id='block_1_23' title="bbox 226 2060 1837 2131">
    <p class='ocr_par' dir='ltr' id='par_1_23' title="bbox 226 2060 1837 2131">
     <span class='ocr_line' id='line_1_23' title="bbox 226 2060 1837 2131; baseline -0.001 -15"><span class='ocrx_word' id='word_1_165' title='bbox 226 2061 493 2118; x_wconf 88' lang='lat' dir='ltr'>tisfaciat.</span> <span class='ocrx_word' id='word_1_166' title='bbox 527 2061 675 2117; x_wconf 89' lang='lat' dir='ltr'>Sicut</span> <span class='ocrx_word' id='word_1_167' title='bbox 709 2061 852 2116; x_wconf 91' lang='lat' dir='ltr'>enim</span> <span class='ocrx_word' id='word_1_168' title='bbox 884 2061 1183 2116; x_wconf 91' lang='lat' dir='ltr'>secundum</span> <span class='ocrx_word' id='word_1_169' title='bbox 1215 2060 1568 2131; x_wconf 88' lang='lat' dir='ltr'>Scripturam,</span> <span class='ocrx_word' id='word_1_170' title='bbox 1600 2061 1780 2115; x_wconf 90' lang='lat' dir='ltr'>minor</span> <span class='ocrx_word' id='word_1_171' title='bbox 1806 2075 1837 2114; x_wconf 87' lang='lat' dir='ltr'>a</span> 
     </span>
    </p>
   </div>
   <div class='ocr_carea' id='block_1_24' title="bbox 226 2148 1835 2220">
    <p class='ocr_par' dir='ltr' id='par_1_24' title="bbox 226 2148 1835 2220">
     <span class='ocr_line' id='line_1_24' title="bbox 226 2148 1835 2220; baseline -0.001 -16"><span class='ocrx_word' id='word_1_172' title='bbox 226 2150 443 2218; x_wconf 87' lang='lat' dir='ltr'>majore</span> <span class='ocrx_word' id='word_1_173' title='bbox 485 2149 826 2205; x_wconf 90' lang='lat' dir='ltr'>benedicitur</span> <span class='ocrx_word' id='word_1_174' title='bbox 862 2167 874 2203; x_wconf 95' lang='lat'>:</span> <span class='ocrx_word' id='word_1_175' title='bbox 908 2149 982 2204; x_wconf 92' lang='lat' dir='ltr'>ita</span> <span class='ocrx_word' id='word_1_176' title='bbox 1034 2165 1257 2220; x_wconf 90' lang='lat' dir='ltr'>prorsus</span> <span class='ocrx_word' id='word_1_177' title='bbox 1300 2148 1481 2203; x_wconf 90' lang='lat' dir='ltr'>minor</span> <span class='ocrx_word' id='word_1_178' title='bbox 1526 2166 1556 2203; x_wconf 90' lang='lat' dir='ltr'>a</span> <span class='ocrx_word' id='word_1_179' title='bbox 1604 2150 1835 2218; x_wconf 86' lang='lat' dir='ltr'>majore,</span> 
     </span>
    </p>
   </div>
   <div class='ocr_carea' id='block_1_25' title="bbox 224 2236 1834 2308">
    <p class='ocr_par' dir='ltr' id='par_1_25' title="bbox 224 2236 1834 2308">
     <span class='ocr_line' id='line_1_25' title="bbox 224 2236 1834 2308; baseline -0.001 -14"><span class='ocrx_word' id='word_1_180' title='bbox 224 2247 277 2294; x_wconf 91' lang='lat' dir='ltr'>et</span> <span class='ocrx_word' id='word_1_181' title='bbox 309 2254 426 2293; x_wconf 90' lang='lat' dir='ltr'>non</span> <span class='ocrx_word' id='word_1_182' title='bbox 450 2238 630 2306; x_wconf 85' lang='lat' dir='ltr'>major</span> <span class='ocrx_word' id='word_1_183' title='bbox 650 2254 681 2292; x_wconf 94' lang='lat' dir='ltr'>a</span> <span class='ocrx_word' id='word_1_184' title='bbox 703 2237 912 2292; x_wconf 90' lang='lat' dir='ltr'>minore</span> <span class='ocrx_word' id='word_1_185' title='bbox 928 2237 1220 2307; x_wconf 90' lang='lat' dir='ltr'>judicatur,</span> <span class='ocrx_word' id='word_1_186' title='bbox 1252 2237 1465 2308; x_wconf 85' lang='lat' dir='ltr'>ligatur,</span> <span class='ocrx_word' id='word_1_187' title='bbox 1496 2245 1548 2292; x_wconf 91' lang='lat' dir='ltr'>et</span> <span class='ocrx_word' id='word_1_188' title='bbox 1572 2236 1834 2293; x_wconf 86' lang='lat' dir='ltr'>solvitur:</span> 
     </span>
    </p>
   </div>
   <div class='ocr_carea' id='block_1_26' title="bbox 229 2325 1550 2382">
    <p class='ocr_par' dir='ltr' id='par_1_26' title="bbox 229 2325 1550 2382">
     <span class='ocr_line' id='line_1_26' title="bbox 229 2325 1550 2382; baseline -0.001 -1"><span class='ocrx_word' id='word_1_189' title='bbox 229 2327 372 2382; x_wconf 86' lang='lat' dir='ltr'>sicut</span> <span class='ocrx_word' id='word_1_190' title='bbox 405 2334 461 2381; x_wconf 90' lang='lat' dir='ltr'>et</span> <span class='ocrx_word' id='word_1_191' title='bbox 480 2327 535 2380; x_wconf 90' lang='lat' dir='ltr'>in</span> <span class='ocrx_word' id='word_1_192' title='bbox 561 2325 797 2381; x_wconf 87' lang='lat' dir='ltr'>decretis</span> <span class='ocrx_word' id='word_1_193' title='bbox 816 2327 876 2381; x_wconf 92' lang='lat' dir='ltr'>B.</span> <span class='ocrx_word' id='word_1_194' title='bbox 897 2325 1098 2381; x_wconf 88' lang='lat' dir='ltr'>Gelasii</span> <span class='ocrx_word' id='word_1_195' title='bbox 1130 2326 1550 2381; x_wconf 85' lang='lat' dir='ltr'>demonstratur.</span> 
     </span>
    </p>
   </div>
   <div class='ocr_carea' id='block_1_27' title="bbox 301 2412 1838 2486">
    <p class='ocr_par' dir='ltr' id='par_1_27' title="bbox 301 2412 1838 2486">
     <span class='ocr_line' id='line_1_27' title="bbox 301 2412 1838 2486; baseline -0.001 -17"><span class='ocrx_word' id='word_1_196' title='bbox 301 2416 387 2470; x_wconf 90' lang='lat' dir='ltr'>De</span> <span class='ocrx_word' id='word_1_197' title='bbox 417 2431 491 2469; x_wconf 89' lang='lat' dir='ltr'>eo</span> <span class='ocrx_word' id='word_1_198' title='bbox 520 2414 668 2486; x_wconf 90' lang='lat' dir='ltr'>quod</span> <span class='ocrx_word' id='word_1_199' title='bbox 712 2414 1097 2485; x_wconf 88' lang='lat' dir='ltr'>subsequitur:</span> <span class='ocrx_word' id='word_1_200' title='bbox 1137 2435 1158 2464; x_wconf 75' lang='grc' dir='ltr'>ι</span> <span class='ocrx_word' id='word_1_201' title='bbox 1192 2414 1332 2468; x_wconf 86' lang='lat' dir='ltr'>Nam</span> <span class='ocrx_word' id='word_1_202' title='bbox 1365 2413 1501 2468; x_wconf 88' lang='lat' dir='ltr'>sicut</span> <span class='ocrx_word' id='word_1_203' title='bbox 1522 2413 1633 2482; x_wconf 90' lang='lat' dir='ltr'>jam</span> <span class='ocrx_word' id='word_1_204' title='bbox 1682 2412 1838 2467; x_wconf 89' lang='lat' dir='ltr'>vobis</span> 
     </span>
    </p>
   </div>
   <div class='ocr_carea' id='block_1_28' title="bbox 227 2500 1839 2574">
    <p class='ocr_par' dir='ltr' id='par_1_28' title="bbox 227 2500 1839 2574">
     <span class='ocr_line' id='line_1_28' title="bbox 227 2500 1839 2574; baseline -0.002 -17"><span class='ocrx_word' id='word_1_205' title='bbox 227 2503 523 2574; x_wconf 85' lang='lat' dir='ltr'>rescripsi,</span> <span class='ocrx_word' id='word_1_206' title='bbox 581 2502 649 2556; x_wconf 93' lang='lat' dir='ltr'>ad</span> <span class='ocrx_word' id='word_1_207' title='bbox 696 2502 842 2557; x_wconf 87' lang='lat' dir='ltr'>illam</span> <span class='ocrx_word' id='word_1_208' title='bbox 898 2503 1167 2573; x_wconf 83' lang='lat' dir='ltr'>synodum</span> <span class='ocrx_word' id='word_1_209' title='bbox 1211 2517 1310 2572; x_wconf 92' lang='lat' dir='ltr'>pro</span> <span class='ocrx_word' id='word_1_210' title='bbox 1356 2501 1712 2573; x_wconf 90' lang='lat' dir='ltr'>responsione</span> <span class='ocrx_word' id='word_1_211' title='bbox 1767 2500 1839 2555; x_wconf 93' lang='lat' dir='ltr'>ad</span> 
     </span>
    </p>
   </div>
   <div class='ocr_carea' id='block_1_29' title="bbox 225 2588 1836 2660">
    <p class='ocr_par' dir='ltr' id='par_1_29' title="bbox 225 2588 1836 2660">
     <span class='ocr_line' id='line_1_29' title="bbox 225 2588 1836 2660; baseline -0.003 -14"><span class='ocrx_word' id='word_1_212' title='bbox 225 2592 449 2646; x_wconf 87' lang='lat' dir='ltr'>litteras</span> <span class='ocrx_word' id='word_1_213' title='bbox 513 2590 699 2645; x_wconf 89' lang='lat' dir='ltr'>domni</span> <span class='ocrx_word' id='word_1_214' title='bbox 761 2589 1047 2660; x_wconf 90' lang='lat' dir='ltr'>apostolici</span> <span class='ocrx_word' id='word_1_215' title='bbox 1112 2605 1198 2643; x_wconf 91' lang='lat' dir='ltr'>me</span> <span class='ocrx_word' id='word_1_216' title='bbox 1244 2588 1502 2644; x_wconf 89' lang='lat' dir='ltr'>vocasti:</span> <span class='ocrx_word' id='word_1_217' title='bbox 1549 2589 1617 2642; x_wconf 91' lang='lat' dir='ltr'>ad</span> <span class='ocrx_word' id='word_1_218' title='bbox 1678 2603 1836 2659; x_wconf 87' lang='lat' dir='ltr'>quam</span> 
     </span>
    </p>
   </div>
   <div class='ocr_carea' id='block_1_30' title="bbox 225 2676 1840 2747">
    <p class='ocr_par' dir='ltr' id='par_1_30' title="bbox 225 2676 1840 2747">
     <span class='ocr_line' id='line_1_30' title="bbox 225 2676 1840 2747; baseline -0.002 -12"><span class='ocrx_word' id='word_1_219' title='bbox 225 2680 485 2744; x_wconf 80' lang='lat' dir='ltr'>veniens,</span> <span class='ocrx_word' id='word_1_220' title='bbox 519 2694 629 2733; x_wconf 90' lang='lat' dir='ltr'>non</span> <span class='ocrx_word' id='word_1_221' title='bbox 657 2678 803 2733; x_wconf 88' lang='lat' dir='ltr'>illam</span> <span class='ocrx_word' id='word_1_222' title='bbox 824 2694 913 2733; x_wconf 89' lang='lat' dir='ltr'>me</span> <span class='ocrx_word' id='word_1_223' title='bbox 943 2678 1148 2732; x_wconf 92' lang='lat' dir='ltr'>intrare</span> <span class='ocrx_word' id='word_1_224' title='bbox 1177 2676 1499 2747; x_wconf 90' lang='lat' dir='ltr'>permisistis</span> <span class='ocrx_word' id='word_1_225' title='bbox 1523 2695 1536 2741; x_wconf 85' lang='lat'><strong>;</strong></span> <span class='ocrx_word' id='word_1_226' title='bbox 1572 2676 1666 2731; x_wconf 93' lang='lat' dir='ltr'>sed</span> <span class='ocrx_word' id='word_1_227' title='bbox 1689 2683 1840 2731; x_wconf 83' lang='lat' dir='ltr'>extra</span> 
     </span>
    </p>
   </div>
   <div class='ocr_carea' id='block_1_31' title="bbox 225 2764 1838 2837">
    <p class='ocr_par' dir='ltr' id='par_1_31' title="bbox 225 2764 1838 2837">
     <span class='ocr_line' id='line_1_31' title="bbox 225 2764 1838 2837; baseline -0.004 -14"><span class='ocrx_word' id='word_1_228' title='bbox 225 2768 397 2832; x_wconf 90' lang='lat' dir='ltr'>fores,</span> <span class='ocrx_word' id='word_1_229' title='bbox 435 2776 498 2822; x_wconf 91' lang='lat' dir='ltr'>ut</span> <span class='ocrx_word' id='word_1_230' title='bbox 526 2766 812 2837; x_wconf 86' lang='lat' dir='ltr'>privilegio</span> <span class='ocrx_word' id='word_1_231' title='bbox 843 2773 1035 2821; x_wconf 66' lang='lat' dir='ltr'>vestrae</span> <span class='ocrx_word' id='word_1_232' title='bbox 1066 2766 1212 2820; x_wconf 92' lang='lat' dir='ltr'>sedis</span> <span class='ocrx_word' id='word_1_233' title='bbox 1242 2764 1645 2819; x_wconf 90' lang='lat' dir='ltr'>subscriberem</span> <span class='ocrx_word' id='word_1_234' title='bbox 1675 2779 1838 2818; x_wconf 91' lang='lat' dir='ltr'>man-</span> 
     </span>
    </p>
   </div>
   <div class='ocr_carea' id='block_1_32' title="bbox 226 2851 1839 2925">
    <p class='ocr_par' dir='ltr' id='par_1_32' title="bbox 226 2851 1839 2925">
     <span class='ocr_line' id='line_1_32' title="bbox 226 2851 1839 2925; baseline -0.004 -14"><span class='ocrx_word' id='word_1_235' title='bbox 226 2856 428 2911; x_wconf 88' lang='lat' dir='ltr'>dastis.</span> <span class='ocrx_word' id='word_1_236' title='bbox 472 2876 495 2905; x_wconf 71' lang='grc' dir='ltr'><strong><em>ι</em></strong></span> <span class='ocrx_word' id='word_1_237' title='bbox 526 2854 702 2919; x_wconf 87' lang='lat' dir='ltr'>Dicat,</span> <span class='ocrx_word' id='word_1_238' title='bbox 736 2870 837 2925; x_wconf 94' lang='lat' dir='ltr'>per</span> <span class='ocrx_word' id='word_1_239' title='bbox 862 2870 1025 2924; x_wconf 90' lang='lat' dir='ltr'>quem</span> <span class='ocrx_word' id='word_1_240' title='bbox 1053 2853 1157 2908; x_wconf 88' lang='lat' dir='ltr'>hoc</span> <span class='ocrx_word' id='word_1_241' title='bbox 1195 2852 1272 2906; x_wconf 90' lang='lat' dir='ltr'>illi</span> <span class='ocrx_word' id='word_1_242' title='bbox 1302 2860 1454 2906; x_wconf 89' lang='lat' dir='ltr'>extra</span> <span class='ocrx_word' id='word_1_243' title='bbox 1482 2851 1629 2907; x_wconf 87' lang='lat' dir='ltr'>fores</span> <span class='ocrx_word' id='word_1_244' title='bbox 1676 2867 1839 2906; x_wconf 90' lang='lat' dir='ltr'>man-</span> 
     </span>
    </p>
   </div>
   <div class='ocr_carea' id='block_1_33' title="bbox 227 2938 1842 3013">
    <p class='ocr_par' dir='ltr' id='par_1_33' title="bbox 227 2938 1842 3013">
     <span class='ocr_line' id='line_1_33' title="bbox 227 2938 1842 3013; baseline -0.003 -13"><span class='ocrx_word' id='word_1_245' title='bbox 227 2946 355 3000; x_wconf 91' lang='lat' dir='ltr'>davi</span> <span class='ocrx_word' id='word_1_246' title='bbox 379 2965 399 3011; x_wconf 89' lang='lat'><strong><em>;</em></strong></span> <span class='ocrx_word' id='word_1_247' title='bbox 423 2951 481 2999; x_wconf 90' lang='lat' dir='ltr'>et</span> <span class='ocrx_word' id='word_1_248' title='bbox 511 2943 781 3008; x_wconf 87' lang='lat' dir='ltr'>ostendat,</span> <span class='ocrx_word' id='word_1_249' title='bbox 815 2942 1091 3013; x_wconf 91' lang='lat' dir='ltr'>quomodo</span> <span class='ocrx_word' id='word_1_250' title='bbox 1117 2957 1310 2996; x_wconf 87' lang='lat' dir='ltr'>verum</span> <span class='ocrx_word' id='word_1_251' title='bbox 1339 2956 1461 2995; x_wconf 89' lang='lat' dir='ltr'>esse</span> <span class='ocrx_word' id='word_1_252' title='bbox 1486 2938 1677 3011; x_wconf 90' lang='lat' dir='ltr'>possit,</span> <span class='ocrx_word' id='word_1_253' title='bbox 1714 2955 1842 3011; x_wconf 91' lang='lat' dir='ltr'>quo-</span> 
     </span>
    </p>
   </div>
   <div class='ocr_carea' id='block_1_34' title="bbox 224 3027 1836 3102">
    <p class='ocr_par' dir='ltr' id='par_1_34' title="bbox 224 3027 1836 3102">
     <span class='ocr_line' id='line_1_34' title="bbox 224 3027 1836 3102; baseline -0.003 -14"><span class='ocrx_word' id='word_1_254' title='bbox 224 3034 376 3088; x_wconf 90' lang='lat' dir='ltr'>niam</span> <span class='ocrx_word' id='word_1_255' title='bbox 407 3032 484 3088; x_wconf 85' lang='lat' dir='ltr'>ad</span> <span class='ocrx_word' id='word_1_256' title='bbox 502 3031 769 3102; x_wconf 84' lang='lat' dir='ltr'>synodum</span> <span class='ocrx_word' id='word_1_257' title='bbox 786 3030 1032 3095; x_wconf 90' lang='lat' dir='ltr'>veniens,</span> <span class='ocrx_word' id='word_1_258' title='bbox 1066 3045 1174 3085; x_wconf 90' lang='lat' dir='ltr'>non</span> <span class='ocrx_word' id='word_1_259' title='bbox 1190 3029 1340 3083; x_wconf 90' lang='lat' dir='ltr'>illum</span> <span class='ocrx_word' id='word_1_260' title='bbox 1360 3044 1478 3082; x_wconf 91' lang='lat' dir='ltr'>eam</span> <span class='ocrx_word' id='word_1_261' title='bbox 1501 3044 1607 3101; x_wconf 84' lang='lat' dir='ltr'>ego</span> <span class='ocrx_word' id='word_1_262' title='bbox 1635 3027 1836 3083; x_wconf 89' lang='lat' dir='ltr'>intrare</span> 
     </span>
    </p>
   </div>
   <div class='ocr_carea' id='block_1_35' title="bbox 226 3116 1833 3192">
    <p class='ocr_par' dir='ltr' id='par_1_35' title="bbox 226 3116 1833 3192">
     <span class='ocr_line' id='line_1_35' title="bbox 226 3116 1833 3192; baseline -0.002 -18"><span class='ocrx_word' id='word_1_263' title='bbox 226 3120 603 3192; x_wconf 87' lang='lat' dir='ltr'>permiserim.</span> <span class='ocrx_word' id='word_1_264' title='bbox 648 3120 789 3173; x_wconf 92' lang='lat' dir='ltr'>Nam</span> <span class='ocrx_word' id='word_1_265' title='bbox 846 3125 1135 3188; x_wconf 87' lang='lat' dir='ltr'>postquam</span> <span class='ocrx_word' id='word_1_266' title='bbox 1177 3117 1247 3170; x_wconf 90' lang='lat' dir='ltr'>ad</span> <span class='ocrx_word' id='word_1_267' title='bbox 1291 3116 1615 3172; x_wconf 87' lang='lat' dir='ltr'>Attiniacum</span> <span class='ocrx_word' id='word_1_268' title='bbox 1666 3116 1833 3182; x_wconf 88' lang='lat' dir='ltr'>venit,</span> 
     </span>
    </p>
   </div>
   <div class='ocr_carea' id='block_1_36' title="bbox 227 3203 1836 3281">
    <p class='ocr_par' dir='ltr' id='par_1_36' title="bbox 227 3203 1836 3281">
     <span class='ocr_line' id='line_1_36' title="bbox 227 3203 1836 3281; baseline -0.004 -17"><span class='ocrx_word' id='word_1_269' title='bbox 227 3210 678 3281; x_wconf 87' lang='lat' dir='ltr'>quandocunque</span> <span class='ocrx_word' id='word_1_270' title='bbox 709 3207 765 3260; x_wconf 93' lang='lat' dir='ltr'>in</span> <span class='ocrx_word' id='word_1_271' title='bbox 809 3205 1020 3276; x_wconf 82' lang='lat' dir='ltr'>Synodo</span> <span class='ocrx_word' id='word_1_272' title='bbox 1068 3204 1285 3270; x_wconf 90' lang='lat' dir='ltr'>fuimus,</span> <span class='ocrx_word' id='word_1_273' title='bbox 1319 3212 1371 3258; x_wconf 92' lang='lat' dir='ltr'>et</span> <span class='ocrx_word' id='word_1_274' title='bbox 1401 3204 1518 3274; x_wconf 90' lang='lat' dir='ltr'>ipse</span> <span class='ocrx_word' id='word_1_275' title='bbox 1547 3203 1790 3257; x_wconf 83' lang='lat' dir='ltr'>interfuit</span> <span class='ocrx_word' id='word_1_276' title='bbox 1822 3222 1836 3258; x_wconf 89' lang='lat'>:</span> 
     </span>
    </p>
   </div>
   <div class='ocr_carea' id='block_1_37' title="bbox 229 3292 1839 3365">
    <p class='ocr_par' dir='ltr' id='par_1_37' title="bbox 229 3292 1839 3365">
     <span class='ocr_line' id='line_1_37' title="bbox 229 3292 1839 3365; baseline -0.004 -12"><span class='ocrx_word' id='word_1_277' title='bbox 229 3308 285 3353; x_wconf 87' lang='lat' dir='ltr'>et</span> <span class='ocrx_word' id='word_1_278' title='bbox 315 3312 513 3353; x_wconf 88' lang='lat' dir='ltr'>coram</span> <span class='ocrx_word' id='word_1_279' title='bbox 542 3295 635 3350; x_wconf 91' lang='lat' dir='ltr'>illo</span> <span class='ocrx_word' id='word_1_280' title='bbox 650 3295 706 3349; x_wconf 91' lang='lat' dir='ltr'>in</span> <span class='ocrx_word' id='word_1_281' title='bbox 734 3295 944 3365; x_wconf 84' lang='lat' dir='ltr'>synodo</span> <span class='ocrx_word' id='word_1_282' title='bbox 974 3310 1036 3349; x_wconf 91' lang='lat' dir='ltr'>ea</span> <span class='ocrx_word' id='word_1_283' title='bbox 1058 3310 1180 3365; x_wconf 69' lang='lat' dir='ltr'>quae</span> <span class='ocrx_word' id='word_1_284' title='bbox 1210 3292 1379 3348; x_wconf 90' lang='lat' dir='ltr'>semel</span> <span class='ocrx_word' id='word_1_285' title='bbox 1402 3299 1456 3347; x_wconf 94' lang='lat' dir='ltr'>et</span> <span class='ocrx_word' id='word_1_286' title='bbox 1480 3293 1719 3347; x_wconf 89' lang='lat' dir='ltr'>secundo</span> <span class='ocrx_word' id='word_1_287' title='bbox 1737 3305 1839 3362; x_wconf 91' lang='lat' dir='ltr'>pro</span> 
     </span>
    </p>
   </div>
   <div class='ocr_carea' id='block_1_38' title="bbox 228 3380 1840 3454">
    <p class='ocr_par' dir='ltr' id='par_1_38' title="bbox 228 3380 1840 3454">
     <span class='ocr_line' id='line_1_38' title="bbox 228 3380 1840 3454; baseline -0.005 -13"><span class='ocrx_word' id='word_1_288' title='bbox 228 3385 610 3441; x_wconf 86' lang='lat' dir='ltr'>dissolvendis</span> <span class='ocrx_word' id='word_1_289' title='bbox 634 3383 805 3454; x_wconf 88' lang='lat' dir='ltr'>ipsius</span> <span class='ocrx_word' id='word_1_290' title='bbox 834 3382 1014 3453; x_wconf 89' lang='lat' dir='ltr'>impiis</span> <span class='ocrx_word' id='word_1_291' title='bbox 1059 3380 1496 3453; x_wconf 87' lang='lat' dir='ltr'>colligationibus</span> <span class='ocrx_word' id='word_1_292' title='bbox 1522 3380 1592 3433; x_wconf 91' lang='lat' dir='ltr'>ad</span> <span class='ocrx_word' id='word_1_293' title='bbox 1618 3395 1742 3433; x_wconf 92' lang='lat' dir='ltr'>eum</span> <span class='ocrx_word' id='word_1_294' title='bbox 1772 3395 1840 3434; x_wconf 84' lang='lat' dir='ltr'>ex</span> 
     </span>
    </p>
   </div>
   <div class='ocr_carea' id='block_1_39' title="bbox 225 3466 1840 3547">
    <p class='ocr_par' dir='ltr' id='par_1_39' title="bbox 225 3466 1840 3547">
     <span class='ocr_line' id='line_1_39' title="bbox 225 3466 1840 3547; baseline -0.006 -17"><span class='ocrx_word' id='word_1_295' title='bbox 225 3473 564 3547; x_wconf 82' lang='lat' dir='ltr'>evangelica</span> <span class='ocrx_word' id='word_1_296' title='bbox 606 3472 849 3538; x_wconf 90' lang='lat' dir='ltr'>veritate,</span> <span class='ocrx_word' id='word_1_297' title='bbox 883 3477 936 3525; x_wconf 90' lang='lat' dir='ltr'>et</span> <span class='ocrx_word' id='word_1_298' title='bbox 964 3486 1030 3525; x_wconf 91' lang='lat' dir='ltr'>ex</span> <span class='ocrx_word' id='word_1_299' title='bbox 1060 3469 1295 3525; x_wconf 90' lang='lat' dir='ltr'>decretis</span> <span class='ocrx_word' id='word_1_300' title='bbox 1338 3466 1650 3539; x_wconf 75' lang='lat' dir='ltr'>apostolicae</span> <span class='ocrx_word' id='word_1_301' title='bbox 1692 3466 1840 3521; x_wconf 89' lang='lat' dir='ltr'>sedis</span> 
     </span>
    </p>
   </div>
   <div class='ocr_carea' id='block_1_40' title="bbox 227 3556 1840 3631">
    <p class='ocr_par' dir='ltr' id='par_1_40' title="bbox 227 3556 1840 3631">
     <span class='ocr_line' id='line_1_40' title="bbox 227 3556 1840 3631; baseline -0.007 -12"><span class='ocrx_word' id='word_1_302' title='bbox 227 3565 621 3631; x_wconf 89' lang='lat' dir='ltr'>decreveram,</span> <span class='ocrx_word' id='word_1_303' title='bbox 670 3560 868 3616; x_wconf 89' lang='lat' dir='ltr'>relecta</span> <span class='ocrx_word' id='word_1_304' title='bbox 910 3558 1148 3613; x_wconf 89' lang='lat' dir='ltr'>fuerunt.</span> <span class='ocrx_word' id='word_1_305' title='bbox 1194 3558 1263 3611; x_wconf 89' lang='lat' dir='ltr'>Et</span> <span class='ocrx_word' id='word_1_306' title='bbox 1296 3557 1353 3610; x_wconf 93' lang='lat' dir='ltr'>in</span> <span class='ocrx_word' id='word_1_307' title='bbox 1398 3556 1606 3626; x_wconf 83' lang='lat' dir='ltr'>synodo</span> <span class='ocrx_word' id='word_1_308' title='bbox 1652 3569 1840 3609; x_wconf 88' lang='lat' dir='ltr'>coram</span> 
     </span>
    </p>
   </div>
   <div class='ocr_carea' id='block_1_41' title="bbox 226 3642 1836 3719">
    <p class='ocr_par' dir='ltr' id='par_1_41' title="bbox 226 3642 1836 3719">
     <span class='ocr_line' id='line_1_41' title="bbox 226 3642 1836 3719; baseline -0.009 -11"><span class='ocrx_word' id='word_1_309' title='bbox 226 3652 349 3719; x_wconf 91' lang='lat' dir='ltr'>illo,</span> <span class='ocrx_word' id='word_1_310' title='bbox 385 3651 645 3706; x_wconf 89' lang='lat' dir='ltr'>omnibus</span> <span class='ocrx_word' id='word_1_311' title='bbox 688 3648 1054 3713; x_wconf 91' lang='lat' dir='ltr'>audientibus,</span> <span class='ocrx_word' id='word_1_312' title='bbox 1090 3644 1304 3701; x_wconf 91' lang='lat' dir='ltr'>Otulfus</span> <span class='ocrx_word' id='word_1_313' title='bbox 1349 3644 1639 3715; x_wconf 91' lang='lat' dir='ltr'>episcopus</span> <span class='ocrx_word' id='word_1_314' title='bbox 1684 3642 1836 3708; x_wconf 85' lang='lat' dir='ltr'>dixit,</span> 
     </span>
    </p>
   </div>
   <div class='ocr_carea' id='block_1_42' title="bbox 226 3730 1839 3809">
    <p class='ocr_par' dir='ltr' id='par_1_42' title="bbox 226 3730 1839 3809">
     <span class='ocr_line' id='line_1_42' title="bbox 226 3730 1839 3809; baseline -0.007 -13"><span class='ocrx_word' id='word_1_315' title='bbox 226 3757 361 3796; x_wconf 90' lang='lat' dir='ltr'>eum</span> <span class='ocrx_word' id='word_1_316' title='bbox 401 3755 553 3809; x_wconf 70' lang='lat' dir='ltr'>saepe</span> <span class='ocrx_word' id='word_1_317' title='bbox 595 3738 798 3806; x_wconf 93' lang='lat' dir='ltr'>dicere,</span> <span class='ocrx_word' id='word_1_318' title='bbox 849 3736 984 3791; x_wconf 89' lang='lat' dir='ltr'>sicut</span> <span class='ocrx_word' id='word_1_319' title='bbox 1027 3742 1081 3789; x_wconf 93' lang='lat' dir='ltr'>et</span> <span class='ocrx_word' id='word_1_320' title='bbox 1124 3734 1214 3788; x_wconf 87' lang='lat' dir='ltr'>alii</span> <span class='ocrx_word' id='word_1_321' title='bbox 1262 3749 1384 3788; x_wconf 90' lang='lat' dir='ltr'>cum</span> <span class='ocrx_word' id='word_1_322' title='bbox 1432 3746 1497 3787; x_wconf 93' lang='lat' dir='ltr'>eo</span> <span class='ocrx_word' id='word_1_323' title='bbox 1541 3730 1839 3786; x_wconf 88' lang='lat' dir='ltr'>audiebant</span> 
     </span>
    </p>
   </div>
   <div class='ocr_carea' id='block_1_43' title="bbox 224 3818 1840 3901">
    <p class='ocr_par' dir='ltr' id='par_1_43' title="bbox 224 3818 1840 3901">
     <span class='ocr_line' id='line_1_43' title="bbox 224 3818 1840 3901; baseline -0.008 -16"><span class='ocrx_word' id='word_1_324' title='bbox 224 3827 503 3901; x_wconf 82' lang='lat' dir='ltr'>episcOpi,</span> <span class='ocrx_word' id='word_1_325' title='bbox 527 3826 672 3899; x_wconf 89' lang='lat' dir='ltr'>quod</span> <span class='ocrx_word' id='word_1_326' title='bbox 701 3825 924 3896; x_wconf 88' lang='lat' dir='ltr'>plenam</span> <span class='ocrx_word' id='word_1_327' title='bbox 941 3824 1165 3879; x_wconf 90' lang='lat' dir='ltr'>buccam</span> <span class='ocrx_word' id='word_1_328' title='bbox 1197 3821 1265 3876; x_wconf 92' lang='lat' dir='ltr'>de</span> <span class='ocrx_word' id='word_1_329' title='bbox 1294 3835 1438 3893; x_wconf 89' lang='lat' dir='ltr'>aqua</span> <span class='ocrx_word' id='word_1_330' title='bbox 1457 3835 1566 3874; x_wconf 89' lang='lat' dir='ltr'>non</span> <span class='ocrx_word' id='word_1_331' title='bbox 1594 3818 1840 3875; x_wconf 86' lang='lat' dir='ltr'>valerent</span> 
     </span>
    </p>
   </div>
   <div class='ocr_carea' id='block_1_44' title="bbox 223 3915 861 3989">
    <p class='ocr_par' dir='ltr' id='par_1_44' title="bbox 223 3915 861 3989">
     <span class='ocr_line' id='line_1_44' title="bbox 223 3915 861 3989; baseline -0.008 -16"><span class='ocrx_word' id='word_1_332' title='bbox 223 3919 324 3973; x_wconf 90' lang='lat' dir='ltr'>illa</span> <span class='ocrx_word' id='word_1_333' title='bbox 356 3932 488 3989; x_wconf 65' lang='lat' dir='ltr'>qua;</span> <span class='ocrx_word' id='word_1_334' title='bbox 513 3915 861 3987; x_wconf 78' lang='lat' dir='ltr'>legebantur.</span> 
     </span>
    </p>
   </div>
   <div class='ocr_carea' id='block_1_45' title="bbox 303 3997 1841 4076">
    <p class='ocr_par' dir='ltr' id='par_1_45' title="bbox 303 3997 1841 4076">
     <span class='ocr_line' id='line_1_45' title="bbox 303 3997 1841 4076; baseline -0.006 -16"><span class='ocrx_word' id='word_1_335' title='bbox 303 4004 475 4076; x_wconf 86' lang='lat' dir='ltr'>Quod</span> <span class='ocrx_word' id='word_1_336' title='bbox 505 4003 635 4059; x_wconf 90' lang='lat' dir='ltr'>dicit</span> <span class='ocrx_word' id='word_1_337' title='bbox 665 4018 724 4057; x_wconf 91' lang='lat' dir='ltr'>se</span> <span class='ocrx_word' id='word_1_338' title='bbox 752 4000 1121 4073; x_wconf 89' lang='lat' dir='ltr'>respondisse,</span> <span class='ocrx_word' id='word_1_339' title='bbox 1169 3997 1292 4070; x_wconf 89' lang='lat' dir='ltr'>quia</span> <span class='ocrx_word' id='word_1_340' title='bbox 1327 4012 1604 4069; x_wconf 88' lang='lat' dir='ltr'>nunquam</span> <span class='ocrx_word' id='word_1_341' title='bbox 1648 4003 1841 4051; x_wconf 88' lang='lat' dir='ltr'>contra</span> 
     </span>
    </p>
   </div>
   <div class='ocr_carea' id='block_1_46' title="bbox 226 4083 1840 4167">
    <p class='ocr_par' dir='ltr' id='par_1_46' title="bbox 226 4083 1840 4167">
     <span class='ocr_line' id='line_1_46' title="bbox 226 4083 1840 4167; baseline -0.008 -17"><span class='ocrx_word' id='word_1_342' title='bbox 226 4091 585 4167; x_wconf 81' lang='lat' dir='ltr'>privilegium</span> <span class='ocrx_word' id='word_1_343' title='bbox 650 4106 852 4161; x_wconf 85' lang='lat' dir='ltr'>meum,</span> <span class='ocrx_word' id='word_1_344' title='bbox 912 4088 1058 4160; x_wconf 91' lang='lat' dir='ltr'>quod</span> <span class='ocrx_word' id='word_1_345' title='bbox 1112 4087 1169 4141; x_wconf 91' lang='lat' dir='ltr'>in</span> <span class='ocrx_word' id='word_1_346' title='bbox 1225 4084 1543 4156; x_wconf 89' lang='lat' dir='ltr'>metropolis</span> <span class='ocrx_word' id='word_1_347' title='bbox 1610 4083 1840 4139; x_wconf 88' lang='lat' dir='ltr'>civitatis</span> 
     </span>
    </p>
   </div>
   <div class='ocr_carea' id='block_1_47' title="bbox 231 4172 1840 4255">
    <p class='ocr_par' dir='ltr' id='par_1_47' title="bbox 231 4172 1840 4255">
     <span class='ocr_line' id='line_1_47' title="bbox 231 4172 1840 4255; baseline -0.008 -17"><span class='ocrx_word' id='word_1_348' title='bbox 231 4183 511 4255; x_wconf 80' lang='lat' dir='ltr'>dignitate</span> <span class='ocrx_word' id='word_1_349' title='bbox 555 4179 761 4250; x_wconf 89' lang='lat' dir='ltr'>accepi,</span> <span class='ocrx_word' id='word_1_350' title='bbox 811 4177 1076 4233; x_wconf 86' lang='lat' dir='ltr'>fecisset:</span> <span class='ocrx_word' id='word_1_351' title='bbox 1120 4189 1218 4229; x_wconf 87' lang='lat' dir='ltr'>vos</span> <span class='ocrx_word' id='word_1_352' title='bbox 1253 4173 1515 4243; x_wconf 90' lang='lat' dir='ltr'>judicate,</span> <span class='ocrx_word' id='word_1_353' title='bbox 1565 4172 1611 4226; x_wconf 91' lang='lat' dir='ltr'>si</span> <span class='ocrx_word' id='word_1_354' title='bbox 1655 4178 1840 4226; x_wconf 89' lang='lat' dir='ltr'>contra</span> 
     </span>
    </p>
   </div>
   <div class='ocr_carea' id='block_1_48' title="bbox 226 4258 1839 4344">
    <p class='ocr_par' dir='ltr' id='par_1_48' title="bbox 226 4258 1839 4344">
     <span class='ocr_line' id='line_1_48' title="bbox 226 4258 1839 4344; baseline -0.008 -18"><span class='ocrx_word' id='word_1_355' title='bbox 226 4269 593 4344; x_wconf 81' lang='lat' dir='ltr'>privilegium</span> <span class='ocrx_word' id='word_1_356' title='bbox 662 4265 1135 4337; x_wconf 75' lang='lat' dir='ltr'>metrdpolitanum</span> <span class='ocrx_word' id='word_1_357' title='bbox 1186 4261 1243 4316; x_wconf 91' lang='lat' dir='ltr'>in</span> <span class='ocrx_word' id='word_1_358' title='bbox 1290 4261 1375 4315; x_wconf 90' lang='lat' dir='ltr'>his</span> <span class='ocrx_word' id='word_1_359' title='bbox 1440 4276 1561 4332; x_wconf 71' lang='lat' dir='ltr'>quae</span> <span class='ocrx_word' id='word_1_360' title='bbox 1616 4258 1839 4313; x_wconf 90' lang='lat' dir='ltr'>audistis</span> 
     </span>
    </p>
   </div>
   <div class='ocr_carea' id='block_1_49' title="bbox 225 4354 860 4432">
    <p class='ocr_par' dir='ltr' id='par_1_49' title="bbox 225 4354 860 4432">
     <span class='ocr_line' id='line_1_49' title="bbox 225 4354 860 4432; baseline -0.013 -17"><span class='ocrx_word' id='word_1_361' title='bbox 225 4356 627 4432; x_wconf 89' lang='lat' dir='ltr'>quoquomodo</span> <span class='ocrx_word' id='word_1_362' title='bbox 656 4354 860 4410; x_wconf 73' lang='lat' dir='ltr'>feCerit.</span> 
     </span>
    </p>
   </div>
   <div class='ocr_carea' id='block_1_50' title="bbox 1935 479 3525 556">
    <p class='ocr_par' dir='ltr' id='par_1_50' title="bbox 1935 479 3525 556">
     <span class='ocr_line' id='line_1_50' title="bbox 1935 479 3525 556; baseline 0.003 -23"><span class='ocrx_word' id='word_1_363' title='bbox 1935 479 2246 534; x_wconf 76' lang='lat' dir='ltr'>Alexander</span> <span class='ocrx_word' id='word_1_364' title='bbox 2285 480 2363 534; x_wconf 89' lang='lat' dir='ltr'>illi</span> <span class='ocrx_word' id='word_1_365' title='bbox 2400 497 2619 535; x_wconf 88' lang='lat' dir='ltr'>manum</span> <span class='ocrx_word' id='word_1_366' title='bbox 2662 482 2991 556; x_wconf 77' lang='lat' dir='ltr'>porrigeret.</span> <span class='ocrx_word' id='word_1_367' title='bbox 3041 484 3334 540; x_wconf 85' lang='lat' dir='ltr'>Videamus</span> <span class='ocrx_word' id='word_1_368' title='bbox 3383 497 3525 555; x_wconf 90' lang='lat' dir='ltr'>quo-</span> 
     </span>
    </p>
   </div>
   <div class='ocr_carea' id='block_1_51' title="bbox 1932 568 3528 644">
    <p class='ocr_par' dir='ltr' id='par_1_51' title="bbox 1932 568 3528 644">
     <span class='ocr_line' id='line_1_51' title="bbox 1932 568 3528 644; baseline 0.003 -23"><span class='ocrx_word' id='word_1_369' title='bbox 1932 569 2096 622; x_wconf 87' lang='lat' dir='ltr'>modo</span> <span class='ocrx_word' id='word_1_370' title='bbox 2141 568 2217 622; x_wconf 90' lang='lat' dir='ltr'>illi</span> <span class='ocrx_word' id='word_1_371' title='bbox 2258 569 2562 635; x_wconf 88' lang='lat' dir='ltr'>conveniat,</span> <span class='ocrx_word' id='word_1_372' title='bbox 2614 578 2667 625; x_wconf 91' lang='lat' dir='ltr'>et</span> <span class='ocrx_word' id='word_1_373' title='bbox 2713 587 2934 626; x_wconf 89' lang='lat' dir='ltr'>manum</span> <span class='ocrx_word' id='word_1_374' title='bbox 2980 572 3057 627; x_wconf 91' lang='lat' dir='ltr'>illi</span> <span class='ocrx_word' id='word_1_375' title='bbox 3094 572 3337 644; x_wconf 83' lang='lat' dir='ltr'>porrigat</span> <span class='ocrx_word' id='word_1_376' title='bbox 3380 570 3528 643; x_wconf 91' lang='lat' dir='ltr'>quod</span> 
     </span>
    </p>
   </div>
   <div class='ocr_carea' id='block_1_52' title="bbox 1935 654 3527 731">
    <p class='ocr_par' dir='ltr' id='par_1_52' title="bbox 1935 654 3527 731">
     <span class='ocr_line' id='line_1_52' title="bbox 1935 654 3527 731; baseline 0.003 -23"><span class='ocrx_word' id='word_1_377' title='bbox 1935 654 1991 708; x_wconf 94' lang='lat' dir='ltr'>S.</span> <span class='ocrx_word' id='word_1_378' title='bbox 2025 655 2329 711; x_wconf 85' lang='lat' dir='ltr'>Alexander</span> <span class='ocrx_word' id='word_1_379' title='bbox 2356 657 2615 712; x_wconf 89' lang='lat' dir='ltr'>decrevit.</span> <span class='ocrx_word' id='word_1_380' title='bbox 2647 657 2735 712; x_wconf 84' lang='lat' dir='ltr'>Ait</span> <span class='ocrx_word' id='word_1_381' title='bbox 2765 659 2906 713; x_wconf 90' lang='lat' dir='ltr'>enim</span> <span class='ocrx_word' id='word_1_382' title='bbox 2935 660 2989 713; x_wconf 92' lang='lat' dir='ltr'>in</span> <span class='ocrx_word' id='word_1_383' title='bbox 3017 659 3244 731; x_wconf 89' lang='lat' dir='ltr'>epistola</span> <span class='ocrx_word' id='word_1_384' title='bbox 3275 659 3527 715; x_wconf 89' lang='lat' dir='ltr'>omnibus</span> 
     </span>
    </p>
   </div>
   <div class='ocr_carea' id='block_1_53' title="bbox 1934 743 3530 817">
    <p class='ocr_par' dir='ltr' id='par_1_53' title="bbox 1934 743 3530 817">
     <span class='ocr_line' id='line_1_53' title="bbox 1934 743 3530 817; baseline 0.004 -21"><span class='ocrx_word' id='word_1_385' title='bbox 1934 743 2246 798; x_wconf 86' lang='lat' dir='ltr'>orthodoxis</span> <span class='ocrx_word' id='word_1_386' title='bbox 2283 761 2379 815; x_wconf 92' lang='lat' dir='ltr'>per</span> <span class='ocrx_word' id='word_1_387' title='bbox 2424 745 2672 801; x_wconf 90' lang='lat' dir='ltr'>diversas</span> <span class='ocrx_word' id='word_1_388' title='bbox 2717 746 3028 817; x_wconf 87' lang='lat' dir='ltr'>provincias</span> <span class='ocrx_word' id='word_1_389' title='bbox 3071 747 3305 803; x_wconf 90' lang='lat' dir='ltr'>Domino</span> <span class='ocrx_word' id='word_1_390' title='bbox 3354 746 3530 803; x_wconf 87' lang='lat' dir='ltr'>famu-</span> 
     </span>
    </p>
   </div>
   <div class='ocr_carea' id='block_1_54' title="bbox 1933 828 3528 904">
    <p class='ocr_par' dir='ltr' id='par_1_54' title="bbox 1933 828 3528 904">
     <span class='ocr_line' id='line_1_54' title="bbox 1933 828 3528 904; baseline 0.004 -21"><span class='ocrx_word' id='word_1_391' title='bbox 1933 828 2169 885; x_wconf 88' lang='lat' dir='ltr'>lantibus</span> <span class='ocrx_word' id='word_1_392' title='bbox 2191 831 2375 904; x_wconf 81' lang='lat' dir='ltr'>(epist.</span> <span class='ocrx_word' id='word_1_393' title='bbox 2412 832 2465 903; x_wconf 79' lang='lat' dir='ltr'>l)</span> <span class='ocrx_word' id='word_1_394' title='bbox 2490 851 2503 886; x_wconf 92' lang='lat'>:</span> <span class='ocrx_word' id='word_1_395' title='bbox 2541 855 2562 883; x_wconf 74' lang='grc' dir='ltr'>ι</span> <span class='ocrx_word' id='word_1_396' title='bbox 2598 833 2695 887; x_wconf 89' lang='lat' dir='ltr'>Est</span> <span class='ocrx_word' id='word_1_397' title='bbox 2724 835 2882 889; x_wconf 90' lang='lat' dir='ltr'>etiam</span> <span class='ocrx_word' id='word_1_398' title='bbox 2914 843 2966 890; x_wconf 91' lang='lat' dir='ltr'>et</span> <span class='ocrx_word' id='word_1_399' title='bbox 2994 836 3097 891; x_wconf 90' lang='lat' dir='ltr'>hoc</span> <span class='ocrx_word' id='word_1_400' title='bbox 3126 837 3197 890; x_wconf 89' lang='lat' dir='ltr'>ad</span> <span class='ocrx_word' id='word_1_401' title='bbox 3226 836 3365 891; x_wconf 89' lang='lat' dir='ltr'>hanc</span> <span class='ocrx_word' id='word_1_402' title='bbox 3394 851 3528 890; x_wconf 85' lang='lat' dir='ltr'>san-</span> 
     </span>
    </p>
   </div>
   <div class='ocr_carea' id='block_1_55' title="bbox 1935 920 3527 994">
    <p class='ocr_par' dir='ltr' id='par_1_55' title="bbox 1935 920 3527 994">
     <span class='ocr_line' id='line_1_55' title="bbox 1935 920 3527 994; baseline 0.004 -21"><span class='ocrx_word' id='word_1_403' title='bbox 1935 926 2076 974; x_wconf 90' lang='lat' dir='ltr'>ctam</span> <span class='ocrx_word' id='word_1_404' title='bbox 2122 920 2387 989; x_wconf 89' lang='lat' dir='ltr'>perlatum</span> <span class='ocrx_word' id='word_1_405' title='bbox 2437 921 2622 976; x_wconf 89' lang='lat' dir='ltr'>sedem</span> <span class='ocrx_word' id='word_1_406' title='bbox 2666 923 2810 993; x_wconf 89' lang='lat' dir='ltr'>quod</span> <span class='ocrx_word' id='word_1_407' title='bbox 2852 924 3019 994; x_wconf 89' lang='lat' dir='ltr'>pudet</span> <span class='ocrx_word' id='word_1_408' title='bbox 3048 924 3276 989; x_wconf 85' lang='lat' dir='ltr'>dicere;</span> <span class='ocrx_word' id='word_1_409' title='bbox 3321 920 3527 980; x_wconf 69' lang='lat' dir='ltr'>et&#39;non</span> 
     </span>
    </p>
   </div>
   <div class='ocr_carea' id='block_1_56' title="bbox 1934 1007 3527 1075">
    <p class='ocr_par' dir='ltr' id='par_1_56' title="bbox 1934 1007 3527 1075">
     <span class='ocr_line' id='line_1_56' title="bbox 1934 1007 3527 1075; baseline 0.004 -15"><span class='ocrx_word' id='word_1_410' title='bbox 1934 1007 2110 1061; x_wconf 92' lang='lat' dir='ltr'>solum</span> <span class='ocrx_word' id='word_1_411' title='bbox 2157 1008 2496 1075; x_wconf 91' lang='lat' dir='ltr'>sacerdotali,</span> <span class='ocrx_word' id='word_1_412' title='bbox 2539 1010 2637 1064; x_wconf 90' lang='lat' dir='ltr'>sed</span> <span class='ocrx_word' id='word_1_413' title='bbox 2684 1011 2840 1065; x_wconf 89' lang='lat' dir='ltr'>etiam</span> <span class='ocrx_word' id='word_1_414' title='bbox 2888 1012 3035 1067; x_wconf 90' lang='lat' dir='ltr'>omni</span> <span class='ocrx_word' id='word_1_415' title='bbox 3073 1011 3377 1067; x_wconf 90' lang='lat' dir='ltr'>Christiano</span> <span class='ocrx_word' id='word_1_416' title='bbox 3421 1027 3527 1066; x_wconf 89' lang='lat' dir='ltr'>no-</span> 
     </span>
    </p>
   </div>
   <div class='ocr_carea' id='block_1_57' title="bbox 1933 1094 3529 1172">
    <p class='ocr_par' dir='ltr' id='par_1_57' title="bbox 1933 1094 3529 1172">
     <span class='ocr_line' id='line_1_57' title="bbox 1933 1094 3529 1172; baseline 0.004 -24"><span class='ocrx_word' id='word_1_417' title='bbox 1933 1094 2066 1149; x_wconf 91' lang='lat' dir='ltr'>mini</span> <span class='ocrx_word' id='word_1_418' title='bbox 2096 1103 2178 1149; x_wconf 90' lang='lat' dir='ltr'>est</span> <span class='ocrx_word' id='word_1_419' title='bbox 2207 1095 2502 1151; x_wconf 89' lang='lat' dir='ltr'>inimicum.</span> <span class='ocrx_word' id='word_1_420' title='bbox 2536 1098 2593 1151; x_wconf 86' lang='lat' dir='ltr'>Id</span> <span class='ocrx_word' id='word_1_421' title='bbox 2621 1106 2722 1164; x_wconf 90' lang='lat' dir='ltr'>est,</span> <span class='ocrx_word' id='word_1_422' title='bbox 2756 1100 2901 1169; x_wconf 90' lang='lat' dir='ltr'>quod</span> <span class='ocrx_word' id='word_1_423' title='bbox 2923 1100 3210 1155; x_wconf 91' lang='lat' dir='ltr'>nonnullos</span> <span class='ocrx_word' id='word_1_424' title='bbox 3240 1100 3529 1172; x_wconf 86' lang='lat' dir='ltr'>episcopos</span> 
     </span>
    </p>
   </div>
   <div class='ocr_carea' id='block_1_58' title="bbox 1934 1184 3526 1258">
    <p class='ocr_par' dir='ltr' id='par_1_58' title="bbox 1934 1184 3526 1258">
     <span class='ocr_line' id='line_1_58' title="bbox 1934 1184 3526 1258; baseline 0.003 -20"><span class='ocrx_word' id='word_1_425' title='bbox 1934 1191 2023 1238; x_wconf 92' lang='lat' dir='ltr'>aut</span> <span class='ocrx_word' id='word_1_426' title='bbox 2066 1184 2379 1239; x_wconf 88' lang='lat' dir='ltr'>sacerdotes</span> <span class='ocrx_word' id='word_1_427' title='bbox 2418 1192 2508 1239; x_wconf 85' lang='lat' dir='ltr'>aut</span> <span class='ocrx_word' id='word_1_428' title='bbox 2536 1193 2682 1240; x_wconf 92' lang='lat' dir='ltr'>metu</span> <span class='ocrx_word' id='word_1_429' title='bbox 2726 1187 3073 1258; x_wconf 86' lang='lat' dir='ltr'>compellunt,</span> <span class='ocrx_word' id='word_1_430' title='bbox 3118 1196 3208 1243; x_wconf 88' lang='lat' dir='ltr'>aut</span> <span class='ocrx_word' id='word_1_431' title='bbox 3244 1188 3296 1243; x_wconf 91' lang='lat' dir='ltr'>vi</span> <span class='ocrx_word' id='word_1_432' title='bbox 3339 1195 3526 1244; x_wconf 91' lang='lat' dir='ltr'>extor-</span> 
     </span>
    </p>
   </div>
   <div class='ocr_carea' id='block_1_59' title="bbox 1935 1270 3526 1347">
    <p class='ocr_par' dir='ltr' id='par_1_59' title="bbox 1935 1270 3526 1347">
     <span class='ocr_line' id='line_1_59' title="bbox 1935 1270 3526 1347; baseline 0.004 -23"><span class='ocrx_word' id='word_1_433' title='bbox 1935 1279 2120 1343; x_wconf 93' lang='lat' dir='ltr'>quent,</span> <span class='ocrx_word' id='word_1_434' title='bbox 2171 1280 2260 1325; x_wconf 89' lang='lat' dir='ltr'>aut</span> <span class='ocrx_word' id='word_1_435' title='bbox 2307 1270 2494 1327; x_wconf 89' lang='lat' dir='ltr'>fraude</span> <span class='ocrx_word' id='word_1_436' title='bbox 2548 1273 2843 1344; x_wconf 90' lang='lat' dir='ltr'>decipiunt,</span> <span class='ocrx_word' id='word_1_437' title='bbox 2898 1276 3109 1347; x_wconf 88' lang='lat' dir='ltr'>aliquos</span> <span class='ocrx_word' id='word_1_438' title='bbox 3167 1275 3526 1332; x_wconf 87' lang='lat' dir='ltr'>confessionis</span> 
     </span>
    </p>
   </div>
   <div class='ocr_carea' id='block_1_60' title="bbox 1936 1359 3527 1435">
    <p class='ocr_par' dir='ltr' id='par_1_60' title="bbox 1936 1359 3527 1435">
     <span class='ocr_line' id='line_1_60' title="bbox 1936 1359 3527 1435; baseline 0.004 -22"><span class='ocrx_word' id='word_1_439' title='bbox 1936 1376 2048 1413; x_wconf 65' lang='lat' dir='ltr'>suae</span> <span class='ocrx_word' id='word_1_440' title='bbox 2079 1359 2135 1413; x_wconf 91' lang='lat' dir='ltr'>in</span> <span class='ocrx_word' id='word_1_441' title='bbox 2166 1359 2391 1414; x_wconf 90' lang='lat' dir='ltr'>alteram</span> <span class='ocrx_word' id='word_1_442' title='bbox 2422 1369 2633 1431; x_wconf 90' lang='lat' dir='ltr'>partem</span> <span class='ocrx_word' id='word_1_443' title='bbox 2671 1378 2830 1433; x_wconf 90' lang='lat' dir='ltr'>quam</span> <span class='ocrx_word' id='word_1_444' title='bbox 2859 1363 3112 1429; x_wconf 86' lang='lat' dir='ltr'>debeant,</span> <span class='ocrx_word' id='word_1_445' title='bbox 3149 1372 3238 1418; x_wconf 89' lang='lat' dir='ltr'>aut</span> <span class='ocrx_word' id='word_1_446' title='bbox 3266 1381 3367 1435; x_wconf 90' lang='lat' dir='ltr'>pro</span> <span class='ocrx_word' id='word_1_447' title='bbox 3396 1381 3527 1419; x_wconf 88' lang='lat' dir='ltr'>sua-</span> 
     </span>
    </p>
   </div>
   <div class='ocr_carea' id='block_1_61' title="bbox 1934 1448 3530 1523">
    <p class='ocr_par' dir='ltr' id='par_1_61' title="bbox 1934 1448 3530 1523">
     <span class='ocr_line' id='line_1_61' title="bbox 1934 1448 3530 1523; baseline 0.004 -22"><span class='ocrx_word' id='word_1_448' title='bbox 1934 1464 2054 1501; x_wconf 91' lang='lat' dir='ltr'>rum</span> <span class='ocrx_word' id='word_1_449' title='bbox 2101 1463 2211 1502; x_wconf 90' lang='lat' dir='ltr'>non</span> <span class='ocrx_word' id='word_1_450' title='bbox 2253 1448 2606 1519; x_wconf 89' lang='lat' dir='ltr'>requisitione</span> <span class='ocrx_word' id='word_1_451' title='bbox 2660 1466 2841 1505; x_wconf 90' lang='lat' dir='ltr'>rerum</span> <span class='ocrx_word' id='word_1_452' title='bbox 2879 1469 2894 1517; x_wconf 86' lang='lat'><strong>;</strong></span> <span class='ocrx_word' id='word_1_453' title='bbox 2942 1458 3053 1517; x_wconf 92' lang='lat' dir='ltr'>aut,</span> <span class='ocrx_word' id='word_1_454' title='bbox 3106 1452 3250 1523; x_wconf 92' lang='lat' dir='ltr'>quod</span> <span class='ocrx_word' id='word_1_455' title='bbox 3289 1451 3530 1507; x_wconf 90' lang='lat' dir='ltr'>deterius</span> 
     </span>
    </p>
   </div>
   <div class='ocr_carea' id='block_1_62' title="bbox 1935 1535 3531 1610">
    <p class='ocr_par' dir='ltr' id='par_1_62' title="bbox 1935 1535 3531 1610">
     <span class='ocr_line' id='line_1_62' title="bbox 1935 1535 3531 1610; baseline 0.004 -22"><span class='ocrx_word' id='word_1_456' title='bbox 1935 1544 2037 1600; x_wconf 90' lang='lat' dir='ltr'>est,</span> <span class='ocrx_word' id='word_1_457' title='bbox 2090 1535 2250 1591; x_wconf 90' lang='lat' dir='ltr'>alieni</span> <span class='ocrx_word' id='word_1_458' title='bbox 2306 1537 2506 1590; x_wconf 90' lang='lat' dir='ltr'>erroris</span> <span class='ocrx_word' id='word_1_459' title='bbox 2567 1545 2744 1593; x_wconf 88' lang='lat' dir='ltr'>sectas</span> <span class='ocrx_word' id='word_1_460' title='bbox 2798 1537 2920 1610; x_wconf 87' lang='lat' dir='ltr'>[al.,</span> <span class='ocrx_word' id='word_1_461' title='bbox 2969 1555 3070 1609; x_wconf 91' lang='lat' dir='ltr'>pro</span> <span class='ocrx_word' id='word_1_462' title='bbox 3115 1538 3276 1592; x_wconf 81' lang='lat' dir='ltr'>alieni</span> <span class='ocrx_word' id='word_1_463' title='bbox 3331 1539 3531 1594; x_wconf 87' lang='lat' dir='ltr'>erroris</span> 
     </span>
    </p>
   </div>
   <div class='ocr_carea' id='block_1_63' title="bbox 1936 1622 3532 1696">
    <p class='ocr_par' dir='ltr' id='par_1_63' title="bbox 1936 1622 3532 1696">
     <span class='ocr_line' id='line_1_63' title="bbox 1936 1622 3532 1696; baseline 0.004 -20"><span class='ocrx_word' id='word_1_464' title='bbox 1936 1622 2125 1694; x_wconf 81' lang='lat' dir='ltr'>secta],</span> <span class='ocrx_word' id='word_1_465' title='bbox 2161 1624 2455 1694; x_wconf 88' lang='lat' dir='ltr'>scripturas</span> <span class='ocrx_word' id='word_1_466' title='bbox 2485 1623 2686 1691; x_wconf 89' lang='lat' dir='ltr'>facere,</span> <span class='ocrx_word' id='word_1_467' title='bbox 2721 1633 2774 1680; x_wconf 88' lang='lat' dir='ltr'>et</span> <span class='ocrx_word' id='word_1_468' title='bbox 2803 1626 3037 1696; x_wconf 89' lang='lat' dir='ltr'>pr0priis</span> <span class='ocrx_word' id='word_1_469' title='bbox 3082 1626 3333 1681; x_wconf 89' lang='lat' dir='ltr'>manibus</span> <span class='ocrx_word' id='word_1_470' title='bbox 3362 1627 3532 1682; x_wconf 86' lang='lat' dir='ltr'>robo-</span> 
     </span>
    </p>
   </div>
   <div class='ocr_carea' id='block_1_64' title="bbox 1859 1713 3532 1795">
    <p class='ocr_par' dir='ltr' id='par_1_64' title="bbox 1859 1713 3532 1795">
     <span class='ocr_line' id='line_1_64' title="bbox 1859 1713 3532 1795; baseline 0.003 -30"><span class='ocrx_word' id='word_1_471' title='bbox 1859 1726 2080 1795; x_wconf 84' lang='lat' dir='ltr'>Brare,</span> <span class='ocrx_word' id='word_1_472' title='bbox 2143 1719 2195 1766; x_wconf 88' lang='lat' dir='ltr'>et</span> <span class='ocrx_word' id='word_1_473' title='bbox 2249 1727 2434 1767; x_wconf 90' lang='lat' dir='ltr'>coram</span> <span class='ocrx_word' id='word_1_474' title='bbox 2492 1713 2708 1783; x_wconf 92' lang='lat' dir='ltr'>populis</span> <span class='ocrx_word' id='word_1_475' title='bbox 2764 1714 2996 1769; x_wconf 89' lang='lat' dir='ltr'>recitare</span> <span class='ocrx_word' id='word_1_476' title='bbox 3052 1722 3214 1786; x_wconf 88' lang='lat' dir='ltr'>atque</span> <span class='ocrx_word' id='word_1_477' title='bbox 3268 1714 3532 1770; x_wconf 84' lang='lat' dir='ltr'>confiteri.</span> 
     </span>
    </p>
   </div>
   <div class='ocr_carea' id='block_1_65' title="bbox 1936 1799 3536 1875">
    <p class='ocr_par' dir='ltr' id='par_1_65' title="bbox 1936 1799 3536 1875">
     <span class='ocr_line' id='line_1_65' title="bbox 1936 1799 3536 1875; baseline 0.003 -22"><span class='ocrx_word' id='word_1_478' title='bbox 1936 1799 2162 1871; x_wconf 86' lang='lat' dir='ltr'>Aliquos</span> <span class='ocrx_word' id='word_1_479' title='bbox 2210 1800 2396 1856; x_wconf 91' lang='lat' dir='ltr'>dicunt</span> <span class='ocrx_word' id='word_1_480' title='bbox 2432 1800 2744 1856; x_wconf 91' lang='lat' dir='ltr'>carceribus</span> <span class='ocrx_word' id='word_1_481' title='bbox 2772 1810 2824 1856; x_wconf 92' lang='lat' dir='ltr'>et</span> <span class='ocrx_word' id='word_1_482' title='bbox 2863 1803 3156 1875; x_wconf 86' lang='lat' dir='ltr'>ergastulis</span> <span class='ocrx_word' id='word_1_483' title='bbox 3202 1803 3429 1869; x_wconf 91' lang='lat' dir='ltr'>recludi,</span> <span class='ocrx_word' id='word_1_484' title='bbox 3476 1810 3536 1858; x_wconf 90' lang='lat' dir='ltr'>ut</span> 
     </span>
    </p>
   </div>
   <div class='ocr_carea' id='block_1_66' title="bbox 1938 1888 3533 1948">
    <p class='ocr_par' dir='ltr' id='par_1_66' title="bbox 1938 1888 3533 1948">
     <span class='ocr_line' id='line_1_66' title="bbox 1938 1888 3533 1948; baseline 0.003 -6"><span class='ocrx_word' id='word_1_485' title='bbox 1938 1888 2128 1943; x_wconf 89' lang='lat' dir='ltr'>saltem</span> <span class='ocrx_word' id='word_1_486' title='bbox 2173 1888 2259 1943; x_wconf 89' lang='lat' dir='ltr'>his</span> <span class='ocrx_word' id='word_1_487' title='bbox 2296 1889 2471 1943; x_wconf 88' lang='lat' dir='ltr'>territi</span> <span class='ocrx_word' id='word_1_488' title='bbox 2508 1889 2718 1944; x_wconf 91' lang='lat' dir='ltr'>insidiis</span> <span class='ocrx_word' id='word_1_489' title='bbox 2760 1890 2979 1945; x_wconf 90' lang='lat' dir='ltr'>devient</span> <span class='ocrx_word' id='word_1_490' title='bbox 3017 1891 3234 1946; x_wconf 89' lang='lat' dir='ltr'>Domini</span> <span class='ocrx_word' id='word_1_491' title='bbox 3273 1891 3533 1948; x_wconf 82' lang='lat' dir='ltr'>sacerdo-</span> 
     </span>
    </p>
   </div>
   <div class='ocr_carea' id='block_1_67' title="bbox 1937 1976 3534 2050">
    <p class='ocr_par' dir='ltr' id='par_1_67' title="bbox 1937 1976 3534 2050">
     <span class='ocr_line' id='line_1_67' title="bbox 1937 1976 3534 2050; baseline 0.003 -19"><span class='ocrx_word' id='word_1_492' title='bbox 1937 1985 2039 2042; x_wconf 89' lang='lat' dir='ltr'>tes,</span> <span class='ocrx_word' id='word_1_493' title='bbox 2073 1985 2125 2032; x_wconf 88' lang='lat' dir='ltr'>et</span> <span class='ocrx_word' id='word_1_494' title='bbox 2155 1977 2267 2031; x_wconf 90' lang='lat' dir='ltr'>suis</span> <span class='ocrx_word' id='word_1_495' title='bbox 2308 1976 2523 2032; x_wconf 89' lang='lat' dir='ltr'>faveant</span> <span class='ocrx_word' id='word_1_496' title='bbox 2569 1978 2963 2037; x_wconf 75' lang='lat' dir='ltr'>voluntatibus.</span> <span class='ocrx_word' id='word_1_497' title='bbox 3009 2000 3031 2029; x_wconf 76' lang='grc' dir='ltr'><strong>ι</strong></span> <span class='ocrx_word' id='word_1_498' title='bbox 3064 1980 3133 2035; x_wconf 84' lang='grc' dir='ltr'>Ει</span> <span class='ocrx_word' id='word_1_499' title='bbox 3159 1979 3407 2050; x_wconf 87' lang='lat' dir='ltr'>plurimis</span> <span class='ocrx_word' id='word_1_500' title='bbox 3435 1994 3534 2036; x_wconf 88' lang='lat' dir='ltr'>ca-</span> 
     </span>
    </p>
   </div>
   <div class='ocr_carea' id='block_1_68' title="bbox 1935 2065 3535 2137">
    <p class='ocr_par' dir='ltr' id='par_1_68' title="bbox 1935 2065 3535 2137">
     <span class='ocr_line' id='line_1_68' title="bbox 1935 2065 3535 2137; baseline 0.001 -18"><span class='ocrx_word' id='word_1_501' title='bbox 1935 2065 2118 2136; x_wconf 93' lang='lat' dir='ltr'>pitulis</span> <span class='ocrx_word' id='word_1_502' title='bbox 2154 2065 2487 2136; x_wconf 88' lang='lat' dir='ltr'>interpositis</span> <span class='ocrx_word' id='word_1_503' title='bbox 2525 2065 2718 2121; x_wconf 90' lang='lat' dir='ltr'>iterum</span> <span class='ocrx_word' id='word_1_504' title='bbox 2755 2066 2882 2122; x_wconf 84' lang='lat' dir='ltr'>hinc</span> <span class='ocrx_word' id='word_1_505' title='bbox 2912 2066 3041 2122; x_wconf 89' lang='lat' dir='ltr'>dicit</span> <span class='ocrx_word' id='word_1_506' title='bbox 3068 2067 3140 2121; x_wconf 88' lang='lat' dir='ltr'>ad</span> <span class='ocrx_word' id='word_1_507' title='bbox 3167 2066 3367 2132; x_wconf 92' lang='lat' dir='ltr'>locum,</span> <span class='ocrx_word' id='word_1_508' title='bbox 3411 2082 3535 2137; x_wconf 61' lang='lat' dir='ltr'>qua</span> 
     </span>
    </p>
   </div>
   <div class='ocr_carea' id='block_1_69' title="bbox 1936 2154 3530 2225">
    <p class='ocr_par' dir='ltr' id='par_1_69' title="bbox 1936 2154 3530 2225">
     <span class='ocr_line' id='line_1_69' title="bbox 1936 2154 3530 2225; baseline 0.001 -18"><span class='ocrx_word' id='word_1_509' title='bbox 1936 2154 2261 2209; x_wconf 87' lang='lat' dir='ltr'>Hincmarus</span> <span class='ocrx_word' id='word_1_510' title='bbox 2306 2154 2725 2209; x_wconf 89' lang='lat' dir='ltr'>adulterantium</span> <span class='ocrx_word' id='word_1_511' title='bbox 2764 2155 2927 2209; x_wconf 90' lang='lat' dir='ltr'>modo</span> <span class='ocrx_word' id='word_1_512' title='bbox 2970 2155 3024 2208; x_wconf 94' lang='lat' dir='ltr'>in</span> <span class='ocrx_word' id='word_1_513' title='bbox 3073 2155 3251 2209; x_wconf 89' lang='lat' dir='ltr'>rotula</span> <span class='ocrx_word' id='word_1_514' title='bbox 3281 2169 3380 2209; x_wconf 90' lang='lat' dir='ltr'>sua</span> <span class='ocrx_word' id='word_1_515' title='bbox 3424 2169 3530 2225; x_wconf 90' lang='lat' dir='ltr'>po-</span> 
     </span>
    </p>
   </div>
   <div class='ocr_carea' id='block_1_70' title="bbox 1939 2241 3531 2314">
    <p class='ocr_par' dir='ltr' id='par_1_70' title="bbox 1939 2241 3531 2314">
     <span class='ocr_line' id='line_1_70' title="bbox 1939 2241 3531 2314; baseline 0.002 -19"><span class='ocrx_word' id='word_1_516' title='bbox 1939 2242 2043 2296; x_wconf 88' lang='lat' dir='ltr'>suit</span> <span class='ocrx_word' id='word_1_517' title='bbox 2092 2260 2105 2296; x_wconf 91' lang='lat'>:</span> <span class='ocrx_word' id='word_1_518' title='bbox 2151 2264 2173 2292; x_wconf 83' lang='grc'><strong>«</strong></span> <span class='ocrx_word' id='word_1_519' title='bbox 2224 2241 2481 2297; x_wconf 89' lang='lat' dir='ltr'>Similiter</span> <span class='ocrx_word' id='word_1_520' title='bbox 2518 2242 2562 2296; x_wconf 92' lang='lat' dir='ltr'>si</span> <span class='ocrx_word' id='word_1_521' title='bbox 2611 2242 2915 2312; x_wconf 90' lang='lat' dir='ltr'>hujusmodi</span> <span class='ocrx_word' id='word_1_522' title='bbox 2970 2242 3222 2313; x_wconf 89' lang='lat' dir='ltr'>personis</span> <span class='ocrx_word' id='word_1_523' title='bbox 3280 2242 3531 2314; x_wconf 85' lang='lat' dir='ltr'>quaedam</span> 
     </span>
    </p>
   </div>
   <div class='ocr_carea' id='block_1_71' title="bbox 1938 2328 3529 2401">
    <p class='ocr_par' dir='ltr' id='par_1_71' title="bbox 1938 2328 3529 2401">
     <span class='ocr_line' id='line_1_71' title="bbox 1938 2328 3529 2401; baseline 0.001 -18"><span class='ocrx_word' id='word_1_524' title='bbox 1938 2330 2219 2399; x_wconf 69' lang='lat' dir='ltr'>scripturae</span> <span class='ocrx_word' id='word_1_525' title='bbox 2261 2330 2643 2401; x_wconf 88' lang='lat' dir='ltr'>quoquomodo</span> <span class='ocrx_word' id='word_1_526' title='bbox 2700 2347 2801 2401; x_wconf 90' lang='lat' dir='ltr'>per</span> <span class='ocrx_word' id='word_1_527' title='bbox 2842 2338 3062 2401; x_wconf 91' lang='lat' dir='ltr'>metum,</span> <span class='ocrx_word' id='word_1_528' title='bbox 3124 2337 3217 2385; x_wconf 90' lang='lat' dir='ltr'>aut</span> <span class='ocrx_word' id='word_1_529' title='bbox 3261 2328 3529 2398; x_wconf 86' lang='lat' dir='ltr'>fraudem,</span> 
     </span>
    </p>
   </div>
   <div class='ocr_carea' id='block_1_72' title="bbox 1936 2412 3534 2485">
    <p class='ocr_par' dir='ltr' id='par_1_72' title="bbox 1936 2412 3534 2485">
     <span class='ocr_line' id='line_1_72' title="bbox 1936 2412 3534 2485; baseline 0.001 -18"><span class='ocrx_word' id='word_1_530' title='bbox 1936 2420 2030 2467; x_wconf 90' lang='lat' dir='ltr'>aut</span> <span class='ocrx_word' id='word_1_531' title='bbox 2057 2429 2156 2483; x_wconf 92' lang='lat' dir='ltr'>per</span> <span class='ocrx_word' id='word_1_532' title='bbox 2182 2413 2290 2468; x_wconf 93' lang='lat' dir='ltr'>vim</span> <span class='ocrx_word' id='word_1_533' title='bbox 2320 2420 2560 2475; x_wconf 74' lang='lat' dir='ltr'>extortae.</span> <span class='ocrx_word' id='word_1_534' title='bbox 2593 2412 2813 2479; x_wconf 89' lang='lat' dir='ltr'>fuerint,</span> <span class='ocrx_word' id='word_1_535' title='bbox 2846 2414 2934 2469; x_wconf 90' lang='lat' dir='ltr'>vel</span> <span class='ocrx_word' id='word_1_536' title='bbox 2963 2422 3022 2468; x_wconf 92' lang='lat' dir='ltr'>ut</span> <span class='ocrx_word' id='word_1_537' title='bbox 3049 2430 3109 2469; x_wconf 91' lang='lat' dir='ltr'>se</span> <span class='ocrx_word' id='word_1_538' title='bbox 3135 2414 3369 2468; x_wconf 89' lang='lat' dir='ltr'>liberare</span> <span class='ocrx_word' id='word_1_539' title='bbox 3398 2428 3534 2485; x_wconf 90' lang='lat' dir='ltr'>pos-</span> 
     </span>
    </p>
   </div>
   <div class='ocr_carea' id='block_1_73' title="bbox 1939 2501 3533 2573">
    <p class='ocr_par' dir='ltr' id='par_1_73' title="bbox 1939 2501 3533 2573">
     <span class='ocr_line' id='line_1_73' title="bbox 1939 2501 3533 2573; baseline 0.002 -18"><span class='ocrx_word' id='word_1_540' title='bbox 1939 2509 2077 2565; x_wconf 91' lang='lat' dir='ltr'>sent,</span> <span class='ocrx_word' id='word_1_541' title='bbox 2138 2516 2463 2573; x_wconf 90' lang='lat' dir='ltr'>quocunque</span> <span class='ocrx_word' id='word_1_542' title='bbox 2511 2501 2582 2555; x_wconf 90' lang='lat' dir='ltr'>ab</span> <span class='ocrx_word' id='word_1_543' title='bbox 2630 2501 2709 2555; x_wconf 91' lang='lat' dir='ltr'>eis</span> <span class='ocrx_word' id='word_1_544' title='bbox 2756 2502 3079 2573; x_wconf 75' lang='lat' dir='ltr'>conscripta:</span> <span class='ocrx_word' id='word_1_545' title='bbox 3131 2502 3217 2556; x_wconf 89' lang='lat' dir='ltr'>vel</span> <span class='ocrx_word' id='word_1_546' title='bbox 3263 2502 3533 2558; x_wconf 65' lang='lat' dir='ltr'>roborata</span> 
     </span>
    </p>
   </div>
   <div class='ocr_carea' id='block_1_74' title="bbox 1937 2587 3537 2661">
    <p class='ocr_par' dir='ltr' id='par_1_74' title="bbox 1937 2587 3537 2661">
     <span class='ocr_line' id='line_1_74' title="bbox 1937 2587 3537 2661; baseline 0 -18"><span class='ocrx_word' id='word_1_547' title='bbox 1937 2587 2137 2643; x_wconf 87' lang='lat' dir='ltr'>fuerint</span> <span class='ocrx_word' id='word_1_548' title='bbox 2194 2588 2435 2661; x_wconf 82' lang='lat' dir='ltr'>ingenio,</span> <span class='ocrx_word' id='word_1_549' title='bbox 2496 2589 2563 2643; x_wconf 89' lang='lat' dir='ltr'>ad</span> <span class='ocrx_word' id='word_1_550' title='bbox 2627 2589 2832 2643; x_wconf 89' lang='lat' dir='ltr'>nullum</span> <span class='ocrx_word' id='word_1_551' title='bbox 2889 2589 2969 2644; x_wconf 89' lang='lat' dir='ltr'>eis</span> <span class='ocrx_word' id='word_1_552' title='bbox 3030 2588 3385 2660; x_wconf 89' lang='lat' dir='ltr'>prajudicium</span> <span class='ocrx_word' id='word_1_553' title='bbox 3443 2596 3537 2643; x_wconf 86' lang='lat' dir='ltr'>aut</span> 
     </span>
    </p>
   </div>
   <div class='ocr_carea' id='block_1_75' title="bbox 1937 2675 3532 2748">
    <p class='ocr_par' dir='ltr' id='par_1_75' title="bbox 1937 2675 3532 2748">
     <span class='ocr_line' id='line_1_75' title="bbox 1937 2675 3532 2748; baseline 0.001 -18"><span class='ocrx_word' id='word_1_554' title='bbox 1937 2685 2321 2732; x_wconf 89' lang='lat' dir='ltr'>nocumentum</span> <span class='ocrx_word' id='word_1_555' title='bbox 2350 2676 2642 2747; x_wconf 84' lang='lat' dir='ltr'>provenire</span> <span class='ocrx_word' id='word_1_556' title='bbox 2685 2693 3004 2731; x_wconf 81' lang='lat' dir='ltr'>censemus:</span> <span class='ocrx_word' id='word_1_557' title='bbox 3036 2693 3211 2748; x_wconf 91' lang='lat' dir='ltr'>neque</span> <span class='ocrx_word' id='word_1_558' title='bbox 3242 2675 3406 2730; x_wconf 89' lang='lat' dir='ltr'>ullam</span> <span class='ocrx_word' id='word_1_559' title='bbox 3435 2692 3532 2733; x_wconf 89' lang='lat' dir='ltr'>eos</span> 
     </span>
    </p>
   </div>
   <div class='ocr_carea' id='block_1_76' title="bbox 1938 2764 3531 2837">
    <p class='ocr_par' dir='ltr' id='par_1_76' title="bbox 1938 2764 3531 2837">
     <span class='ocr_line' id='line_1_76' title="bbox 1938 2764 3531 2837; baseline 0.001 -19"><span class='ocrx_word' id='word_1_560' title='bbox 1938 2764 2233 2831; x_wconf 90' lang='lat' dir='ltr'>infamiam,</span> <span class='ocrx_word' id='word_1_561' title='bbox 2275 2772 2366 2819; x_wconf 90' lang='lat' dir='ltr'>aut</span> <span class='ocrx_word' id='word_1_562' title='bbox 2408 2764 2751 2833; x_wconf 88' lang='lat' dir='ltr'>calumniam,</span> <span class='ocrx_word' id='word_1_563' title='bbox 2794 2772 2887 2819; x_wconf 90' lang='lat' dir='ltr'>aut</span> <span class='ocrx_word' id='word_1_564' title='bbox 2913 2780 2946 2819; x_wconf 92' lang='lat' dir='ltr'>a</span> <span class='ocrx_word' id='word_1_565' title='bbox 2978 2765 3091 2819; x_wconf 91' lang='lat' dir='ltr'>suis</span> <span class='ocrx_word' id='word_1_566' title='bbox 3138 2764 3531 2837; x_wconf 89' lang='lat' dir='ltr'>sequestratio—</span> 
     </span>
    </p>
   </div>
   <div class='ocr_carea' id='block_1_77' title="bbox 1936 2852 3532 2924">
    <p class='ocr_par' dir='ltr' id='par_1_77' title="bbox 1936 2852 3532 2924">
     <span class='ocr_line' id='line_1_77' title="bbox 1936 2852 3532 2924; baseline 0 -17"><span class='ocrx_word' id='word_1_567' title='bbox 1936 2868 2060 2907; x_wconf 90' lang='lat' dir='ltr'>nem</span> <span class='ocrx_word' id='word_1_568' title='bbox 2091 2852 2268 2918; x_wconf 89' lang='lat' dir='ltr'>bonis,</span> <span class='ocrx_word' id='word_1_569' title='bbox 2304 2869 2540 2924; x_wconf 88' lang='lat' dir='ltr'>unquam</span> <span class='ocrx_word' id='word_1_570' title='bbox 2568 2860 2791 2907; x_wconf 90' lang='lat' dir='ltr'>auctore</span> <span class='ocrx_word' id='word_1_571' title='bbox 2823 2853 3042 2920; x_wconf 91' lang='lat' dir='ltr'>domno,</span> <span class='ocrx_word' id='word_1_572' title='bbox 3076 2860 3129 2907; x_wconf 88' lang='lat' dir='ltr'>et</span> <span class='ocrx_word' id='word_1_573' title='bbox 3161 2852 3363 2908; x_wconf 90' lang='lat' dir='ltr'>sanctis</span> <span class='ocrx_word' id='word_1_574' title='bbox 3391 2867 3532 2924; x_wconf 89' lang='lat' dir='ltr'>apo-</span> 
     </span>
    </p>
   </div>
   <div class='ocr_carea' id='block_1_78' title="bbox 1939 2940 3534 3012">
    <p class='ocr_par' dir='ltr' id='par_1_78' title="bbox 1939 2940 3534 3012">
     <span class='ocr_line' id='line_1_78' title="bbox 1939 2940 3534 3012; baseline 0.002 -18"><span class='ocrx_word' id='word_1_575' title='bbox 1939 2941 2091 2995; x_wconf 87' lang='lat' dir='ltr'>stolis</span> <span class='ocrx_word' id='word_1_576' title='bbox 2119 2957 2419 3012; x_wconf 90' lang='lat' dir='ltr'>eorumque</span> <span class='ocrx_word' id='word_1_577' title='bbox 2464 2940 2899 3007; x_wconf 91' lang='lat' dir='ltr'>successoribus,</span> <span class='ocrx_word' id='word_1_578' title='bbox 2942 2941 3213 2996; x_wconf 90' lang='lat' dir='ltr'>sustinere</span> <span class='ocrx_word' id='word_1_579' title='bbox 3255 2940 3534 3011; x_wconf 88' lang='lat' dir='ltr'>permitte-</span> 
     </span>
    </p>
   </div>
   <div class='ocr_carea' id='block_1_79' title="bbox 1938 3028 3533 3100">
    <p class='ocr_par' dir='ltr' id='par_1_79' title="bbox 1938 3028 3533 3100">
     <span class='ocr_line' id='line_1_79' title="bbox 1938 3028 3533 3100; baseline 0.001 -18"><span class='ocrx_word' id='word_1_580' title='bbox 1938 3045 2080 3083; x_wconf 86' lang='lat' dir='ltr'>mus.</span> <span class='ocrx_word' id='word_1_581' title='bbox 2128 3028 2411 3083; x_wconf 90' lang='lat' dir='ltr'>Confessio</span> <span class='ocrx_word' id='word_1_582' title='bbox 2458 3044 2586 3084; x_wconf 91' lang='lat' dir='ltr'>vero</span> <span class='ocrx_word' id='word_1_583' title='bbox 2615 3028 2669 3083; x_wconf 89' lang='lat' dir='ltr'>in</span> <span class='ocrx_word' id='word_1_584' title='bbox 2710 3028 2910 3083; x_wconf 85' lang='lat' dir='ltr'>talibus</span> <span class='ocrx_word' id='word_1_585' title='bbox 2953 3043 3060 3083; x_wconf 90' lang='lat' dir='ltr'>non</span> <span class='ocrx_word' id='word_1_586' title='bbox 3111 3028 3393 3100; x_wconf 89' lang='lat' dir='ltr'>compulsa</span> <span class='ocrx_word' id='word_1_587' title='bbox 3433 3028 3533 3084; x_wconf 88' lang='lat' dir='ltr'>sed</span> 
     </span>
    </p>
   </div>
   <div class='ocr_carea' id='block_1_80' title="bbox 1940 3115 3533 3188">
    <p class='ocr_par' dir='ltr' id='par_1_80' title="bbox 1940 3115 3533 3188">
     <span class='ocr_line' id='line_1_80' title="bbox 1940 3115 3533 3188; baseline 0.001 -17"><span class='ocrx_word' id='word_1_588' title='bbox 1940 3125 2241 3188; x_wconf 89' lang='lat' dir='ltr'>spontanea</span> <span class='ocrx_word' id='word_1_589' title='bbox 2279 3115 2395 3171; x_wconf 89' lang='lat' dir='ltr'>ﬁeri</span> <span class='ocrx_word' id='word_1_590' title='bbox 2436 3117 2638 3172; x_wconf 87' lang='lat' dir='ltr'>debet:</span> <span class='ocrx_word' id='word_1_591' title='bbox 2672 3116 2791 3187; x_wconf 92' lang='lat' dir='ltr'>ipso</span> <span class='ocrx_word' id='word_1_592' title='bbox 2830 3123 3115 3171; x_wconf 86' lang='lat' dir='ltr'>attestante</span> <span class='ocrx_word' id='word_1_593' title='bbox 3156 3117 3250 3188; x_wconf 93' lang='lat' dir='ltr'>qui</span> <span class='ocrx_word' id='word_1_594' title='bbox 3289 3116 3363 3171; x_wconf 89' lang='lat' dir='ltr'>ait</span> <span class='ocrx_word' id='word_1_595' title='bbox 3397 3134 3411 3170; x_wconf 94' lang='lat'>:</span> <span class='ocrx_word' id='word_1_596' title='bbox 3444 3118 3533 3172; x_wconf 78' lang='lat' dir='ltr'>Ea:</span> 
     </span>
    </p>
   </div>
   <div class='ocr_carea' id='block_1_81' title="bbox 1938 3205 3535 3277">
    <p class='ocr_par' dir='ltr' id='par_1_81' title="bbox 1938 3205 3535 3277">
     <span class='ocr_line' id='line_1_81' title="bbox 1938 3205 3535 3277; baseline -0.001 -16"><span class='ocrx_word' id='word_1_597' title='bbox 1938 3207 2100 3262; x_wconf 84' lang='lat' dir='ltr'>corde</span> <span class='ocrx_word' id='word_1_598' title='bbox 2116 3208 2270 3261; x_wconf 85' lang='lat' dir='ltr'>enim</span> <span class='ocrx_word' id='word_1_599' title='bbox 2292 3206 2603 3277; x_wconf 83' lang='lat' dir='ltr'>procedunt</span> <span class='ocrx_word' id='word_1_600' title='bbox 2625 3206 2946 3270; x_wconf 83' lang='lat' dir='ltr'>homicidia,</span> <span class='ocrx_word' id='word_1_601' title='bbox 2965 3206 3269 3272; x_wconf 85' lang='lat' dir='ltr'>adulteria,</span> <span class='ocrx_word' id='word_1_602' title='bbox 3291 3205 3535 3264; x_wconf 82' lang='lat' dir='ltr'>fornica-</span> 
     </span>
    </p>
   </div>
   <div class='ocr_carea' id='block_1_82' title="bbox 1940 3280 3534 3365">
    <p class='ocr_par' dir='ltr' id='par_1_82' title="bbox 1940 3280 3534 3365">
     <span class='ocr_line' id='line_1_82' title="bbox 1940 3280 3534 3365; baseline -0.001 -18"><span class='ocrx_word' id='word_1_603' title='bbox 1940 3294 2140 3359; x_wconf 73' lang='lat' dir='ltr'>tiones,</span> <span class='ocrx_word' id='word_1_604' title='bbox 2173 3294 2528 3365; x_wconf 75' lang='lat' dir='ltr'>blasphemia:</span> <span class='ocrx_word' id='word_1_605' title='bbox 2544 3280 2765 3362; x_wconf 61' lang='lat' dir='ltr'>(Matth.</span> <span class='ocrx_word' id='word_1_606' title='bbox 2791 3291 2909 3360; x_wconf 71' lang='grc' dir='ltr'>ιν),</span> <span class='ocrx_word' id='word_1_607' title='bbox 2931 3299 2984 3346; x_wconf 89' lang='lat' dir='ltr'>et</span> <span class='ocrx_word' id='word_1_608' title='bbox 3004 3299 3221 3359; x_wconf 68' lang='lat' dir='ltr'>caetera,</span> <span class='ocrx_word' id='word_1_609' title='bbox 3256 3306 3376 3363; x_wconf 69' lang='lat' dir='ltr'>quae</span> <span class='ocrx_word' id='word_1_610' title='bbox 3406 3299 3534 3345; x_wconf 91' lang='lat' dir='ltr'>sunt</span> 
     </span>
    </p>
   </div>
   <div class='ocr_carea' id='block_1_83' title="bbox 1938 3378 3530 3450">
    <p class='ocr_par' dir='ltr' id='par_1_83' title="bbox 1938 3378 3530 3450">
     <span class='ocr_line' id='line_1_83' title="bbox 1938 3378 3530 3450; baseline -0.001 -16"><span class='ocrx_word' id='word_1_611' title='bbox 1938 3381 2008 3435; x_wconf 90' lang='lat' dir='ltr'>ad</span> <span class='ocrx_word' id='word_1_612' title='bbox 2038 3382 2153 3434; x_wconf 67' lang='lat' dir='ltr'>haec</span> <span class='ocrx_word' id='word_1_613' title='bbox 2169 3380 2509 3450; x_wconf 86' lang='lat' dir='ltr'>pertinentia.</span> <span class='ocrx_word' id='word_1_614' title='bbox 2533 3380 2649 3435; x_wconf 90' lang='lat' dir='ltr'>Nec</span> <span class='ocrx_word' id='word_1_615' title='bbox 2677 3386 2887 3433; x_wconf 90' lang='lat' dir='ltr'>tantum</span> <span class='ocrx_word' id='word_1_616' title='bbox 2908 3378 3238 3433; x_wconf 88' lang='lat' dir='ltr'>attendenda</span> <span class='ocrx_word' id='word_1_617' title='bbox 3254 3385 3379 3431; x_wconf 89' lang='lat' dir='ltr'>sunt</span> <span class='ocrx_word' id='word_1_618' title='bbox 3406 3394 3530 3448; x_wconf 70' lang='lat' dir='ltr'>qua:</span> 
     </span>
    </p>
   </div>
   <div class='ocr_carea' id='block_1_84' title="bbox 1937 3465 3525 3539">
    <p class='ocr_par' dir='ltr' id='par_1_84' title="bbox 1937 3465 3525 3539">
     <span class='ocr_line' id='line_1_84' title="bbox 1937 3465 3525 3539; baseline -0.001 -17"><span class='ocrx_word' id='word_1_619' title='bbox 1937 3466 2089 3533; x_wconf 83' lang='lat' dir='ltr'>fiunt,</span> <span class='ocrx_word' id='word_1_620' title='bbox 2138 3474 2400 3539; x_wconf 91' lang='lat' dir='ltr'>quantum</span> <span class='ocrx_word' id='word_1_621' title='bbox 2439 3483 2546 3539; x_wconf 91' lang='lat' dir='ltr'>quo</span> <span class='ocrx_word' id='word_1_622' title='bbox 2593 3467 2775 3522; x_wconf 90' lang='lat' dir='ltr'>animo</span> <span class='ocrx_word' id='word_1_623' title='bbox 2803 3465 2957 3520; x_wconf 84' lang='lat' dir='ltr'>fiant.</span> <span class='ocrx_word' id='word_1_624' title='bbox 2995 3487 3017 3515; x_wconf 71' lang='grc' dir='ltr'><strong><em>ι</em></strong></span> <span class='ocrx_word' id='word_1_625' title='bbox 3051 3467 3119 3520; x_wconf 90' lang='lat' dir='ltr'>Et</span> <span class='ocrx_word' id='word_1_626' title='bbox 3160 3465 3324 3536; x_wconf 89' lang='lat' dir='ltr'>paulo</span> <span class='ocrx_word' id='word_1_627' title='bbox 3368 3473 3525 3536; x_wconf 90' lang='lat' dir='ltr'>post:</span> 
     </span>
    </p>
   </div>
   <div class='ocr_carea' id='block_1_85' title="bbox 1942 3553 3533 3626">
    <p class='ocr_par' dir='ltr' id='par_1_85' title="bbox 1942 3553 3533 3626">
     <span class='ocr_line' id='line_1_85' title="bbox 1942 3553 3533 3626; baseline 0 -18"><span class='ocrx_word' id='word_1_628' title='bbox 1942 3579 1965 3608; x_wconf 74' lang='grc' dir='ltr'>ι</span> <span class='ocrx_word' id='word_1_629' title='bbox 2001 3556 2154 3612; x_wconf 90' lang='lat' dir='ltr'>Unde</span> <span class='ocrx_word' id='word_1_630' title='bbox 2186 3563 2239 3611; x_wconf 90' lang='lat' dir='ltr'>et</span> <span class='ocrx_word' id='word_1_631' title='bbox 2267 3555 2399 3610; x_wconf 91' lang='lat' dir='ltr'>illud</span> <span class='ocrx_word' id='word_1_632' title='bbox 2421 3563 2521 3623; x_wconf 88' lang='lat' dir='ltr'>est,</span> <span class='ocrx_word' id='word_1_633' title='bbox 2564 3555 2710 3626; x_wconf 92' lang='lat' dir='ltr'>quod</span> <span class='ocrx_word' id='word_1_634' title='bbox 2750 3554 3014 3609; x_wconf 91' lang='lat' dir='ltr'>Dominus</span> <span class='ocrx_word' id='word_1_635' title='bbox 3042 3553 3109 3607; x_wconf 91' lang='lat' dir='ltr'>ad</span> <span class='ocrx_word' id='word_1_636' title='bbox 3138 3568 3365 3608; x_wconf 87' lang='lat' dir='ltr'>munera</span> <span class='ocrx_word' id='word_1_637' title='bbox 3393 3553 3533 3609; x_wconf 83' lang='lat' dir='ltr'>Abel</span> 
     </span>
    </p>
   </div>
   <div class='ocr_carea' id='block_1_86' title="bbox 1937 3640 3533 3715">
    <p class='ocr_par' dir='ltr' id='par_1_86' title="bbox 1937 3640 3533 3715">
     <span class='ocr_line' id='line_1_86' title="bbox 1937 3640 3533 3715; baseline -0.002 -16"><span class='ocrx_word' id='word_1_638' title='bbox 1937 3644 2195 3715; x_wconf 87' lang='lat' dir='ltr'>respexit,</span> <span class='ocrx_word' id='word_1_639' title='bbox 2227 3651 2280 3699; x_wconf 92' lang='lat' dir='ltr'>et</span> <span class='ocrx_word' id='word_1_640' title='bbox 2320 3660 2430 3698; x_wconf 93' lang='lat' dir='ltr'>non</span> <span class='ocrx_word' id='word_1_641' title='bbox 2476 3644 2548 3698; x_wconf 92' lang='lat' dir='ltr'>ad</span> <span class='ocrx_word' id='word_1_642' title='bbox 2591 3643 2768 3709; x_wconf 89' lang='lat' dir='ltr'>Cain;</span> <span class='ocrx_word' id='word_1_643' title='bbox 2803 3642 2924 3714; x_wconf 90' lang='lat' dir='ltr'>quia</span> <span class='ocrx_word' id='word_1_644' title='bbox 2967 3641 3143 3714; x_wconf 83' lang='lat' dir='ltr'>magis</span> <span class='ocrx_word' id='word_1_645' title='bbox 3190 3640 3416 3695; x_wconf 89' lang='lat' dir='ltr'>attendit</span> <span class='ocrx_word' id='word_1_646' title='bbox 3461 3641 3533 3696; x_wconf 88' lang='lat' dir='ltr'>ad</span> 
     </span>
    </p>
   </div>
   <div class='ocr_carea' id='block_1_87' title="bbox 1938 3727 3528 3804">
    <p class='ocr_par' dir='ltr' id='par_1_87' title="bbox 1938 3727 3528 3804">
     <span class='ocr_line' id='line_1_87' title="bbox 1938 3727 3528 3804; baseline -0.005 -16"><span class='ocrx_word' id='word_1_647' title='bbox 1938 3732 2214 3789; x_wconf 68' lang='lat' dir='ltr'>offerentis</span> <span class='ocrx_word' id='word_1_648' title='bbox 2257 3732 2511 3801; x_wconf 90' lang='lat' dir='ltr'>animum,</span> <span class='ocrx_word' id='word_1_649' title='bbox 2554 3734 2721 3804; x_wconf 82' lang='lat' dir='ltr'>quam</span> <span class='ocrx_word' id='word_1_650' title='bbox 2759 3731 2829 3785; x_wconf 90' lang='lat' dir='ltr'>ad</span> <span class='ocrx_word' id='word_1_651' title='bbox 2864 3746 2931 3785; x_wconf 87' lang='lat' dir='ltr'>ea</span> <span class='ocrx_word' id='word_1_652' title='bbox 2978 3745 3099 3800; x_wconf 76' lang='lat' dir='ltr'>quae</span> <span class='ocrx_word' id='word_1_653' title='bbox 3145 3727 3464 3784; x_wconf 86' lang='lat' dir='ltr'>offeruntur.</span> <span class='ocrx_word' id='word_1_654' title='bbox 3503 3747 3528 3777; x_wconf 73' lang='grc' dir='ltr'><strong>ι</strong></span> 
     </span>
    </p>
   </div>
   <div class='ocr_carea' id='block_1_88' title="bbox 2008 3815 3529 3889">
    <p class='ocr_par' dir='ltr' id='par_1_88' title="bbox 2008 3815 3529 3889">
     <span class='ocr_line' id='line_1_88' title="bbox 2008 3815 3529 3889; baseline -0.005 -12"><span class='ocrx_word' id='word_1_655' title='bbox 2008 3821 2365 3877; x_wconf 88' lang='lat' dir='ltr'>Conferamus</span> <span class='ocrx_word' id='word_1_656' title='bbox 2393 3821 2563 3876; x_wconf 89' lang='lat' dir='ltr'>verba</span> <span class='ocrx_word' id='word_1_657' title='bbox 2590 3822 2651 3875; x_wconf 88' lang='grc' dir='ltr'>Β.</span> <span class='ocrx_word' id='word_1_658' title='bbox 2681 3818 2974 3875; x_wconf 83' lang='lat' dir='ltr'>Alexandri</span> <span class='ocrx_word' id='word_1_659' title='bbox 3003 3834 3126 3874; x_wconf 91' lang='lat' dir='ltr'>cum</span> <span class='ocrx_word' id='word_1_660' title='bbox 3166 3815 3529 3889; x_wconf 88' lang='lat' dir='ltr'>professione,</span> 
     </span>
    </p>
   </div>
   <div class='ocr_carea' id='block_1_89' title="bbox 1937 3903 3533 3981">
    <p class='ocr_par' dir='ltr' id='par_1_89' title="bbox 1937 3903 3533 3981">
     <span class='ocr_line' id='line_1_89' title="bbox 1937 3903 3533 3981; baseline -0.005 -15"><span class='ocrx_word' id='word_1_661' title='bbox 1937 3926 2003 3967; x_wconf 91' lang='lat' dir='ltr'>ac</span> <span class='ocrx_word' id='word_1_662' title='bbox 2032 3909 2429 3981; x_wconf 89' lang='lat' dir='ltr'>subscriptione</span> <span class='ocrx_word' id='word_1_663' title='bbox 2458 3908 2754 3964; x_wconf 86' lang='lat' dir='ltr'>Hincmari.</span> <span class='ocrx_word' id='word_1_664' title='bbox 2806 3906 3115 3962; x_wconf 88' lang='lat' dir='ltr'>Alexander</span> <span class='ocrx_word' id='word_1_665' title='bbox 3141 3905 3271 3962; x_wconf 89' lang='lat' dir='ltr'>dicit</span> <span class='ocrx_word' id='word_1_666' title='bbox 3298 3903 3533 3959; x_wconf 89' lang='lat' dir='ltr'>nonnul-</span> 
     </span>
    </p>
   </div>
   <div class='ocr_carea' id='block_1_90' title="bbox 1936 3992 3533 4069">
    <p class='ocr_par' dir='ltr' id='par_1_90' title="bbox 1936 3992 3533 4069">
     <span class='ocr_line' id='line_1_90' title="bbox 1936 3992 3533 4069; baseline -0.004 -17"><span class='ocrx_word' id='word_1_667' title='bbox 1936 3998 2021 4054; x_wconf 91' lang='lat' dir='ltr'>los</span> <span class='ocrx_word' id='word_1_668' title='bbox 2051 3999 2340 4069; x_wconf 89' lang='lat' dir='ltr'>episcopos</span> <span class='ocrx_word' id='word_1_669' title='bbox 2371 3998 2455 4053; x_wconf 92' lang='lat' dir='ltr'>vel</span> <span class='ocrx_word' id='word_1_670' title='bbox 2487 3997 2822 4065; x_wconf 89' lang='lat' dir='ltr'>sacerdotes,</span> <span class='ocrx_word' id='word_1_671' title='bbox 2852 4002 2943 4050; x_wconf 90' lang='lat' dir='ltr'>aut</span> <span class='ocrx_word' id='word_1_672' title='bbox 2969 4002 3116 4050; x_wconf 90' lang='lat' dir='ltr'>metu</span> <span class='ocrx_word' id='word_1_673' title='bbox 3141 3992 3415 4064; x_wconf 90' lang='lat' dir='ltr'>compelli,</span> <span class='ocrx_word' id='word_1_674' title='bbox 3440 3998 3533 4047; x_wconf 88' lang='lat' dir='ltr'>aut</span> 
     </span>
    </p>
   </div>
   <div class='ocr_carea' id='block_1_91' title="bbox 1938 4080 3531 4158">
    <p class='ocr_par' dir='ltr' id='par_1_91' title="bbox 1938 4080 3531 4158">
     <span class='ocr_line' id='line_1_91' title="bbox 1938 4080 3531 4158; baseline -0.004 -16"><span class='ocrx_word' id='word_1_675' title='bbox 1938 4088 1990 4142; x_wconf 91' lang='lat' dir='ltr'>vi</span> <span class='ocrx_word' id='word_1_676' title='bbox 2021 4087 2350 4158; x_wconf 88' lang='lat' dir='ltr'>extorqueri,</span> <span class='ocrx_word' id='word_1_677' title='bbox 2384 4093 2477 4140; x_wconf 91' lang='lat' dir='ltr'>aut</span> <span class='ocrx_word' id='word_1_678' title='bbox 2506 4084 2698 4141; x_wconf 88' lang='lat' dir='ltr'>fraude</span> <span class='ocrx_word' id='word_1_679' title='bbox 2735 4084 2933 4156; x_wconf 90' lang='lat' dir='ltr'>decipi,</span> <span class='ocrx_word' id='word_1_680' title='bbox 2981 4083 3187 4155; x_wconf 88' lang='lat' dir='ltr'>aliquas</span> <span class='ocrx_word' id='word_1_681' title='bbox 3232 4080 3531 4139; x_wconf 88' lang='lat' dir='ltr'>confessio-</span> 
     </span>
    </p>
   </div>
   <div class='ocr_carea' id='block_1_92' title="bbox 1936 4172 3531 4244">
    <p class='ocr_par' dir='ltr' id='par_1_92' title="bbox 1936 4172 3531 4244">
     <span class='ocr_line' id='line_1_92' title="bbox 1936 4172 3531 4244; baseline -0.004 -14"><span class='ocrx_word' id='word_1_682' title='bbox 1936 4176 2023 4230; x_wconf 90' lang='lat' dir='ltr'>nis</span> <span class='ocrx_word' id='word_1_683' title='bbox 2060 4192 2172 4231; x_wconf 65' lang='lat' dir='ltr'>sua:</span> <span class='ocrx_word' id='word_1_684' title='bbox 2202 4175 2258 4229; x_wconf 91' lang='lat' dir='ltr'>in</span> <span class='ocrx_word' id='word_1_685' title='bbox 2284 4175 2504 4229; x_wconf 89' lang='lat' dir='ltr'>alteram</span> <span class='ocrx_word' id='word_1_686' title='bbox 2542 4181 2752 4244; x_wconf 89' lang='lat' dir='ltr'>partem</span> <span class='ocrx_word' id='word_1_687' title='bbox 2799 4188 2961 4244; x_wconf 88' lang='lat' dir='ltr'>quam</span> <span class='ocrx_word' id='word_1_688' title='bbox 2998 4172 3252 4235; x_wconf 82' lang='lat' dir='ltr'>debeant,</span> <span class='ocrx_word' id='word_1_689' title='bbox 3296 4177 3389 4225; x_wconf 88' lang='lat' dir='ltr'>aut</span> <span class='ocrx_word' id='word_1_690' title='bbox 3429 4183 3531 4239; x_wconf 92' lang='lat' dir='ltr'>pro</span> 
     </span>
    </p>
   </div>
   <div class='ocr_carea' id='block_1_93' title="bbox 1939 4255 3531 4333">
    <p class='ocr_par' dir='ltr' id='par_1_93' title="bbox 1939 4255 3531 4333">
     <span class='ocr_line' id='line_1_93' title="bbox 1939 4255 3531 4333; baseline -0.006 -15"><span class='ocrx_word' id='word_1_691' title='bbox 1939 4280 2158 4319; x_wconf 90' lang='lat' dir='ltr'>suarum</span> <span class='ocrx_word' id='word_1_692' title='bbox 2187 4279 2296 4317; x_wconf 93' lang='lat' dir='ltr'>non</span> <span class='ocrx_word' id='word_1_693' title='bbox 2332 4261 2681 4333; x_wconf 88' lang='lat' dir='ltr'>requisitione</span> <span class='ocrx_word' id='word_1_694' title='bbox 2719 4276 2923 4324; x_wconf 91' lang='lat' dir='ltr'>rerum,</span> <span class='ocrx_word' id='word_1_695' title='bbox 2957 4267 3067 4324; x_wconf 92' lang='lat' dir='ltr'>aut,</span> <span class='ocrx_word' id='word_1_696' title='bbox 3102 4258 3249 4328; x_wconf 91' lang='lat' dir='ltr'>quod</span> <span class='ocrx_word' id='word_1_697' title='bbox 3292 4255 3531 4311; x_wconf 86' lang='lat' dir='ltr'>deterius</span> 
     </span>
    </p>
   </div>
   <div class='ocr_carea' id='block_1_94' title="bbox 1938 4345 3527 4417">
    <p class='ocr_par' dir='ltr' id='par_1_94' title="bbox 1938 4345 3527 4417">
     <span class='ocr_line' id='line_1_94' title="bbox 1938 4345 3527 4417; baseline -0.006 -11"><span class='ocrx_word' id='word_1_698' title='bbox 1938 4360 2039 4417; x_wconf 90' lang='lat' dir='ltr'>est,</span> <span class='ocrx_word' id='word_1_699' title='bbox 2086 4350 2248 4406; x_wconf 91' lang='lat' dir='ltr'>alieni</span> <span class='ocrx_word' id='word_1_700' title='bbox 2285 4349 2483 4404; x_wconf 92' lang='lat' dir='ltr'>erroris</span> <span class='ocrx_word' id='word_1_701' title='bbox 2514 4356 2709 4412; x_wconf 90' lang='lat' dir='ltr'>sectas,</span> <span class='ocrx_word' id='word_1_702' title='bbox 2757 4347 3056 4416; x_wconf 89' lang='lat' dir='ltr'>scripturas</span> <span class='ocrx_word' id='word_1_703' title='bbox 3092 4345 3294 4411; x_wconf 89' lang='lat' dir='ltr'>facere,</span> <span class='ocrx_word' id='word_1_704' title='bbox 3324 4350 3377 4397; x_wconf 92' lang='lat' dir='ltr'>et</span> <span class='ocrx_word' id='word_1_705' title='bbox 3402 4357 3527 4412; x_wconf 86' lang='lat' dir='ltr'>pro—</span> 
     </span>
    </p>
   </div>
   <div class='ocr_carea' id='block_1_95' title="bbox 305 4430 3528 4515">
    <p class='ocr_par' dir='ltr' id='par_1_95' title="bbox 305 4430 3528 4515">
     <span class='ocr_line' id='line_1_95' title="bbox 305 4430 3528 4515; baseline -0.006 -12"><span class='ocrx_word' id='word_1_706' title='bbox 305 4430 476 4515; x_wconf 83' lang='lat' dir='ltr'>Quod</span> <span class='ocrx_word' id='word_1_707' title='bbox 503 4444 632 4499; x_wconf 85' lang='lat' dir='ltr'>dicit</span> <span class='ocrx_word' id='word_1_708' title='bbox 661 4459 719 4498; x_wconf 90' lang='lat' dir='ltr'>se</span> <span class='ocrx_word' id='word_1_709' title='bbox 750 4442 937 4497; x_wconf 87' lang='lat' dir='ltr'>sedem</span> <span class='ocrx_word' id='word_1_710' title='bbox 966 4438 1325 4511; x_wconf 82' lang='lat' dir='ltr'>apostolicam</span> <span class='ocrx_word' id='word_1_711' title='bbox 1366 4435 1672 4507; x_wconf 77' lang='lat' dir='ltr'>appellasse</span> <span class='ocrx_word' id='word_1_712' title='bbox 1701 4452 1715 4488; x_wconf 84' lang='lat'>:</span> <span class='ocrx_word' id='word_1_713' title='bbox 1747 4434 1834 4488; x_wconf 86' lang='lat' dir='ltr'>di-</span> <span class='ocrx_word' id='word_1_714' title='bbox 1866 4435 1919 4494; x_wconf 90' lang='lat' dir='ltr'>D</span> <span class='ocrx_word' id='word_1_715' title='bbox 1938 4441 2070 4511; x_wconf 92' lang='lat' dir='ltr'>priis</span> <span class='ocrx_word' id='word_1_716' title='bbox 2110 4438 2357 4492; x_wconf 90' lang='lat' dir='ltr'>manibus</span> <span class='ocrx_word' id='word_1_717' title='bbox 2399 4436 2673 4500; x_wconf 89' lang='lat' dir='ltr'>roborare,</span> <span class='ocrx_word' id='word_1_718' title='bbox 2707 4442 2760 4489; x_wconf 91' lang='lat' dir='ltr'>et</span> <span class='ocrx_word' id='word_1_719' title='bbox 2802 4448 2989 4488; x_wconf 91' lang='lat' dir='ltr'>coram</span> <span class='ocrx_word' id='word_1_720' title='bbox 3031 4431 3246 4502; x_wconf 90' lang='lat' dir='ltr'>populis</span> <span class='ocrx_word' id='word_1_721' title='bbox 3294 4430 3528 4485; x_wconf 87' lang='lat' dir='ltr'>recitare</span> 
     </span>
    </p>
   </div>
   <div class='ocr_carea' id='block_1_96' title="bbox 227 4524 1838 4607">
    <p class='ocr_par' dir='ltr' id='par_1_96' title="bbox 227 4524 1838 4607">
     <span class='ocr_line' id='line_1_96' title="bbox 227 4524 1838 4607; baseline -0.011 -14"><span class='ocrx_word' id='word_1_722' title='bbox 227 4545 322 4594; x_wconf 88' lang='lat' dir='ltr'>eat</span> <span class='ocrx_word' id='word_1_723' title='bbox 373 4533 500 4607; x_wconf 89' lang='lat' dir='ltr'>quis</span> <span class='ocrx_word' id='word_1_724' title='bbox 530 4533 581 4587; x_wconf 94' lang='lat' dir='ltr'>ei</span> <span class='ocrx_word' id='word_1_725' title='bbox 609 4529 954 4595; x_wconf 86' lang='lat' dir='ltr'>contradixit,</span> <span class='ocrx_word' id='word_1_726' title='bbox 985 4536 1043 4583; x_wconf 92' lang='lat' dir='ltr'>ut</span> <span class='ocrx_word' id='word_1_727' title='bbox 1074 4542 1228 4581; x_wconf 87' lang='lat' dir='ltr'>suam</span> <span class='ocrx_word' id='word_1_728' title='bbox 1270 4524 1683 4597; x_wconf 88' lang='lat' dir='ltr'>appellationem</span> <span class='ocrx_word' id='word_1_729' title='bbox 1732 4537 1838 4577; x_wconf 90' lang='lat' dir='ltr'>non</span> 
     </span>
    </p>
   </div>
   <div class='ocr_carea' id='block_1_97' title="bbox 226 4628 682 4698">
    <p class='ocr_par' dir='ltr' id='par_1_97' title="bbox 226 4628 682 4698">
     <span class='ocr_line' id='line_1_97' title="bbox 226 4628 682 4698; baseline -0.018 -17"><span class='ocrx_word' id='word_1_730' title='bbox 226 4628 682 4698; x_wconf 85' lang='lat' dir='ltr'>prosequeretur.</span> 
     </span>
    </p>
   </div>
   <div class='ocr_carea' id='block_1_98' title="bbox 308 4697 1840 4782">
    <p class='ocr_par' dir='ltr' id='par_1_98' title="bbox 308 4697 1840 4782">
     <span class='ocr_line' id='line_1_98' title="bbox 308 4697 1840 4782; baseline -0.011 -15"><span class='ocrx_word' id='word_1_731' title='bbox 308 4712 477 4782; x_wconf 88' lang='lat' dir='ltr'>Quod</span> <span class='ocrx_word' id='word_1_732' title='bbox 505 4709 654 4778; x_wconf 89' lang='lat' dir='ltr'>dicit,</span> <span class='ocrx_word' id='word_1_733' title='bbox 696 4723 800 4779; x_wconf 89' lang='lat' dir='ltr'>qua</span> <span class='ocrx_word' id='word_1_734' title='bbox 843 4706 1075 4761; x_wconf 90' lang='lat' dir='ltr'>domnus</span> <span class='ocrx_word' id='word_1_735' title='bbox 1118 4720 1211 4759; x_wconf 89' lang='lat' dir='ltr'>rex</span> <span class='ocrx_word' id='word_1_736' title='bbox 1242 4718 1362 4757; x_wconf 89' lang='lat' dir='ltr'>mea</span> <span class='ocrx_word' id='word_1_737' title='bbox 1402 4700 1636 4755; x_wconf 88' lang='lat' dir='ltr'>factione</span> <span class='ocrx_word' id='word_1_738' title='bbox 1680 4697 1840 4751; x_wconf 89' lang='lat' dir='ltr'>insti-</span> 
     </span>
    </p>
   </div>
   <div class='ocr_carea' id='block_1_99' title="bbox 229 4788 1843 4877">
    <p class='ocr_par' dir='ltr' id='par_1_99' title="bbox 229 4788 1843 4877">
     <span class='ocr_line' id='line_1_99' title="bbox 229 4788 1843 4877; baseline -0.011 -20"><span class='ocrx_word' id='word_1_739' title='bbox 229 4810 421 4877; x_wconf 87' lang='lat' dir='ltr'>gatus,</span> <span class='ocrx_word' id='word_1_740' title='bbox 471 4799 564 4870; x_wconf 90' lang='lat' dir='ltr'>qui</span> <span class='ocrx_word' id='word_1_741' title='bbox 604 4796 773 4868; x_wconf 89' lang='lat' dir='ltr'>priori</span> <span class='ocrx_word' id='word_1_742' title='bbox 821 4795 909 4850; x_wconf 91' lang='lat' dir='ltr'>die</span> <span class='ocrx_word' id='word_1_743' title='bbox 954 4794 1183 4859; x_wconf 90' lang='lat' dir='ltr'>dixerat,</span> <span class='ocrx_word' id='word_1_744' title='bbox 1234 4807 1294 4846; x_wconf 89' lang='lat' dir='ltr'>se</span> <span class='ocrx_word' id='word_1_745' title='bbox 1336 4789 1468 4843; x_wconf 89' lang='lat' dir='ltr'>nihil</span> <span class='ocrx_word' id='word_1_746' title='bbox 1510 4788 1586 4842; x_wconf 90' lang='lat' dir='ltr'>illi</span> <span class='ocrx_word' id='word_1_747' title='bbox 1628 4803 1693 4842; x_wconf 91' lang='lat' dir='ltr'>ex</span> <span class='ocrx_word' id='word_1_748' title='bbox 1743 4801 1843 4841; x_wconf 91' lang='lat' dir='ltr'>sua</span> 
     </span>
    </p>
   </div>
   <div class='ocr_carea' id='block_1_100' title="bbox 230 4876 1839 4963">
    <p class='ocr_par' dir='ltr' id='par_1_100' title="bbox 230 4876 1839 4963">
     <span class='ocr_line' id='line_1_100' title="bbox 230 4876 1839 4963; baseline -0.011 -18"><span class='ocrx_word' id='word_1_749' title='bbox 230 4876 400 4963; x_wconf 87' lang='lat' dir='ltr'>parte</span> <span class='ocrx_word' id='word_1_750' title='bbox 460 4885 776 4941; x_wconf 91' lang='lat' dir='ltr'>discredere</span> <span class='ocrx_word' id='word_1_751' title='bbox 816 4902 830 4951; x_wconf 89' lang='lat'><strong>;</strong></span> <span class='ocrx_word' id='word_1_752' title='bbox 877 4890 929 4937; x_wconf 90' lang='lat' dir='ltr'>et</span> <span class='ocrx_word' id='word_1_753' title='bbox 970 4889 1158 4953; x_wconf 89' lang='lat' dir='ltr'>postea</span> <span class='ocrx_word' id='word_1_754' title='bbox 1206 4879 1357 4933; x_wconf 91' lang='lat' dir='ltr'>illum</span> <span class='ocrx_word' id='word_1_755' title='bbox 1419 4876 1651 4931; x_wconf 88' lang='lat' dir='ltr'>minatus</span> <span class='ocrx_word' id='word_1_756' title='bbox 1699 4882 1781 4930; x_wconf 92' lang='lat' dir='ltr'>est</span> <span class='ocrx_word' id='word_1_757' title='bbox 1825 4891 1839 4928; x_wconf 94' lang='lat'>:</span> 
     </span>
    </p>
   </div>
   <div class='ocr_carea' id='block_1_101' title="bbox 227 4967 1450 5048">
    <p class='ocr_par' dir='ltr' id='par_1_101' title="bbox 227 4967 1450 5048">
     <span class='ocr_line' id='line_1_101' title="bbox 227 4967 1450 5048; baseline -0.011 -15"><span class='ocrx_word' id='word_1_758' title='bbox 227 4976 430 5034; x_wconf 89' lang='lat' dir='ltr'>domni</span> <span class='ocrx_word' id='word_1_759' title='bbox 460 4975 610 5048; x_wconf 85' lang='lat' dir='ltr'>regis</span> <span class='ocrx_word' id='word_1_760' title='bbox 637 4972 924 5044; x_wconf 90' lang='lat' dir='ltr'>responsio</span> <span class='ocrx_word' id='word_1_761' title='bbox 953 4969 1154 5025; x_wconf 89' lang='lat' dir='ltr'>valebit</span> <span class='ocrx_word' id='word_1_762' title='bbox 1186 4967 1450 5023; x_wconf 77' lang='lat' dir='ltr'>sufﬁcere.</span> 
     </span>
    </p>
   </div>
   <div class='ocr_carea' id='block_1_102' title="bbox 311 5057 1844 5135">
    <p class='ocr_par' dir='ltr' id='par_1_102' title="bbox 311 5057 1844 5135">
     <span class='ocr_line' id='line_1_102' title="bbox 311 5057 1844 5135; baseline -0.01 -15"><span class='ocrx_word' id='word_1_763' title='bbox 311 5064 479 5135; x_wconf 90' lang='lat' dir='ltr'>Quod</span> <span class='ocrx_word' id='word_1_764' title='bbox 507 5064 657 5130; x_wconf 90' lang='lat' dir='ltr'>dicit,</span> <span class='ocrx_word' id='word_1_765' title='bbox 704 5062 827 5133; x_wconf 90' lang='lat' dir='ltr'>quia</span> <span class='ocrx_word' id='word_1_766' title='bbox 865 5060 950 5115; x_wconf 89' lang='lat' dir='ltr'>sui</span> <span class='ocrx_word' id='word_1_767' title='bbox 998 5057 1245 5113; x_wconf 89' lang='lat' dir='ltr'>homines</span> <span class='ocrx_word' id='word_1_768' title='bbox 1290 5060 1615 5126; x_wconf 87' lang='lat' dir='ltr'>cogerentur</span> <span class='ocrx_word' id='word_1_769' title='bbox 1662 5066 1844 5107; x_wconf 82' lang='lat' dir='ltr'>rewa-</span> 
     </span>
    </p>
   </div>
   <div class='ocr_carea' id='block_1_103' title="bbox 229 5138 1844 5224">
    <p class='ocr_par' dir='ltr' id='par_1_103' title="bbox 229 5138 1844 5224">
     <span class='ocr_line' id='line_1_103' title="bbox 229 5138 1844 5224; baseline -0.01 -13"><span class='ocrx_word' id='word_1_770' title='bbox 229 5156 418 5219; x_wconf 90' lang='lat' dir='ltr'>diare,</span> <span class='ocrx_word' id='word_1_771' title='bbox 468 5152 615 5224; x_wconf 93' lang='lat' dir='ltr'>quod</span> <span class='ocrx_word' id='word_1_772' title='bbox 662 5150 813 5205; x_wconf 91' lang='lat' dir='ltr'>illum</span> <span class='ocrx_word' id='word_1_773' title='bbox 841 5149 896 5203; x_wconf 92' lang='lat' dir='ltr'>in</span> <span class='ocrx_word' id='word_1_774' title='bbox 926 5147 1109 5202; x_wconf 88' lang='lat' dir='ltr'>villam</span> <span class='ocrx_word' id='word_1_775' title='bbox 1156 5144 1463 5199; x_wconf 87' lang='lat' dir='ltr'>Pauliacum</span> <span class='ocrx_word' id='word_1_776' title='bbox 1508 5139 1676 5195; x_wconf 89' lang='lat' dir='ltr'>secuti</span> <span class='ocrx_word' id='word_1_777' title='bbox 1721 5138 1844 5195; x_wconf 87' lang='lat' dir='ltr'>fue-</span> 
     </span>
    </p>
   </div>
   <div class='ocr_carea' id='block_1_104' title="bbox 232 5228 1844 5307">
    <p class='ocr_par' dir='ltr' id='par_1_104' title="bbox 232 5228 1844 5307">
     <span class='ocr_line' id='line_1_104' title="bbox 232 5228 1844 5307; baseline -0.011 -9"><span class='ocrx_word' id='word_1_778' title='bbox 232 5251 371 5299; x_wconf 85' lang='lat' dir='ltr'>rant</span> <span class='ocrx_word' id='word_1_779' title='bbox 408 5260 422 5294; x_wconf 92' lang='lat'>:</span> <span class='ocrx_word' id='word_1_780' title='bbox 475 5240 521 5294; x_wconf 91' lang='lat' dir='ltr'>si</span> <span class='ocrx_word' id='word_1_781' title='bbox 551 5237 936 5301; x_wconf 85' lang='lat' dir='ltr'>rewadiabant,</span> <span class='ocrx_word' id='word_1_782' title='bbox 969 5234 1096 5307; x_wconf 87' lang='lat' dir='ltr'>quia</span> <span class='ocrx_word' id='word_1_783' title='bbox 1138 5229 1584 5288; x_wconf 85' lang='lat' dir='ltr'>irrationabiliter</span> <span class='ocrx_word' id='word_1_784' title='bbox 1629 5244 1753 5284; x_wconf 92' lang='lat' dir='ltr'>eum</span> <span class='ocrx_word' id='word_1_785' title='bbox 1791 5228 1844 5281; x_wconf 92' lang='lat' dir='ltr'>in</span> 
     </span>
    </p>
   </div>
   <div class='ocr_carea' id='block_1_105' title="bbox 234 5324 1846 5395">
    <p class='ocr_par' dir='ltr' id='par_1_105' title="bbox 234 5324 1846 5395">
     <span class='ocr_line' id='line_1_105' title="bbox 234 5324 1846 5395; baseline -0.011 -8"><span class='ocrx_word' id='word_1_786' title='bbox 234 5330 569 5387; x_wconf 85' lang='lat' dir='ltr'>Pauliacum</span> <span class='ocrx_word' id='word_1_787' title='bbox 598 5325 767 5383; x_wconf 89' lang='lat' dir='ltr'>secuti</span> <span class='ocrx_word' id='word_1_788' title='bbox 806 5332 981 5389; x_wconf 89' lang='lat' dir='ltr'>erant,</span> <span class='ocrx_word' id='word_1_789' title='bbox 1030 5337 1232 5395; x_wconf 88' lang='lat' dir='ltr'>negare</span> <span class='ocrx_word' id='word_1_790' title='bbox 1269 5335 1378 5375; x_wconf 90' lang='lat' dir='ltr'>non</span> <span class='ocrx_word' id='word_1_791' title='bbox 1409 5324 1585 5389; x_wconf 91' lang='lat' dir='ltr'>potest</span> <span class='ocrx_word' id='word_1_792' title='bbox 1614 5332 1675 5372; x_wconf 90' lang='lat' dir='ltr'>se</span> <span class='ocrx_word' id='word_1_793' title='bbox 1723 5332 1846 5371; x_wconf 90' lang='lat' dir='ltr'>esse</span> 
     </span>
    </p>
   </div>
   <div class='ocr_carea' id='block_1_106' title="bbox 233 5410 1249 5488">
    <p class='ocr_par' dir='ltr' id='par_1_106' title="bbox 233 5410 1249 5488">
     <span class='ocr_line' id='line_1_106' title="bbox 233 5410 1249 5488; baseline -0.014 -11"><span class='ocrx_word' id='word_1_794' title='bbox 233 5428 532 5476; x_wconf 88' lang='lat' dir='ltr'>auctorem</span> <span class='ocrx_word' id='word_1_795' title='bbox 560 5416 731 5488; x_wconf 91' lang='lat' dir='ltr'>ipsius</span> <span class='ocrx_word' id='word_1_796' title='bbox 757 5410 1249 5468; x_wconf 88' lang='lat' dir='ltr'>irrationabilitatis.</span> 
     </span>
    </p>
   </div>
   <div class='ocr_carea' id='block_1_107' title="bbox 314 5500 1845 5589">
    <p class='ocr_par' dir='ltr' id='par_1_107' title="bbox 314 5500 1845 5589">
     <span class='ocr_line' id='line_1_107' title="bbox 314 5500 1845 5589; baseline -0.01 -18"><span class='ocrx_word' id='word_1_797' title='bbox 314 5515 484 5589; x_wconf 87' lang='lat' dir='ltr'>Quod</span> <span class='ocrx_word' id='word_1_798' title='bbox 523 5512 674 5581; x_wconf 86' lang='lat' dir='ltr'>dicit,</span> <span class='ocrx_word' id='word_1_799' title='bbox 706 5511 751 5566; x_wconf 88' lang='lat' dir='ltr'>si</span> <span class='ocrx_word' id='word_1_800' title='bbox 790 5510 954 5567; x_wconf 87' lang='lat' dir='ltr'>etiam</span> <span class='ocrx_word' id='word_1_801' title='bbox 997 5508 1053 5563; x_wconf 89' lang='lat' dir='ltr'>in</span> <span class='ocrx_word' id='word_1_802' title='bbox 1098 5503 1491 5579; x_wconf 89' lang='lat' dir='ltr'>subscriptione</span> <span class='ocrx_word' id='word_1_803' title='bbox 1534 5501 1623 5557; x_wconf 87' lang='lat' dir='ltr'>illa</span> <span class='ocrx_word' id='word_1_804' title='bbox 1673 5500 1845 5556; x_wconf 87' lang='lat' dir='ltr'>habe-</span> 
     </span>
    </p>
   </div>
   <div class='ocr_carea' id='block_1_108' title="bbox 1942 4518 3529 4598">
    <p class='ocr_par' dir='ltr' id='par_1_108' title="bbox 1942 4518 3529 4598">
     <span class='ocr_line' id='line_1_108' title="bbox 1942 4518 3529 4598; baseline -0.007 -15"><span class='ocrx_word' id='word_1_805' title='bbox 1942 4536 2104 4598; x_wconf 91' lang='lat' dir='ltr'>atque</span> <span class='ocrx_word' id='word_1_806' title='bbox 2151 4524 2417 4582; x_wconf 81' lang='lat' dir='ltr'>confiteri.</span> <span class='ocrx_word' id='word_1_807' title='bbox 2450 4524 2517 4577; x_wconf 92' lang='lat' dir='ltr'>Et</span> <span class='ocrx_word' id='word_1_808' title='bbox 2544 4522 2862 4578; x_wconf 85' lang='lat' dir='ltr'>Hincmarus</span> <span class='ocrx_word' id='word_1_809' title='bbox 2900 4518 3184 4591; x_wconf 90' lang='lat' dir='ltr'>professus</span> <span class='ocrx_word' id='word_1_810' title='bbox 3214 4524 3316 4582; x_wconf 91' lang='lat' dir='ltr'>est,</span> <span class='ocrx_word' id='word_1_811' title='bbox 3362 4523 3529 4588; x_wconf 89' lang='lat' dir='ltr'>atque</span> 
     </span>
    </p>
   </div>
   <div class='ocr_carea' id='block_1_109' title="bbox 1941 4604 3525 4684">
    <p class='ocr_par' dir='ltr' id='par_1_109' title="bbox 1941 4604 3525 4684">
     <span class='ocr_line' id='line_1_109' title="bbox 1941 4604 3525 4684; baseline -0.008 -15"><span class='ocrx_word' id='word_1_812' title='bbox 1941 4613 2259 4684; x_wconf 90' lang='lat' dir='ltr'>subscripsit</span> <span class='ocrx_word' id='word_1_813' title='bbox 2299 4613 2402 4667; x_wconf 89' lang='lat' dir='ltr'>hoc</span> <span class='ocrx_word' id='word_1_814' title='bbox 2446 4612 2651 4666; x_wconf 90' lang='lat' dir='ltr'>modo:</span> <span class='ocrx_word' id='word_1_815' title='bbox 2698 4632 2720 4660; x_wconf 72' lang='grc' dir='ltr'>ι</span> <span class='ocrx_word' id='word_1_816' title='bbox 2772 4611 2891 4683; x_wconf 86' lang='lat' dir='ltr'>Ego</span> <span class='ocrx_word' id='word_1_817' title='bbox 2939 4608 3260 4663; x_wconf 87' lang='lat' dir='ltr'>Hincmarus</span> <span class='ocrx_word' id='word_1_818' title='bbox 3306 4604 3525 4659; x_wconf 90' lang='lat' dir='ltr'>Laudu-</span> 
     </span>
    </p>
   </div>
   <div class='ocr_carea' id='block_1_110' title="bbox 1941 4692 3529 4772">
    <p class='ocr_par' dir='ltr' id='par_1_110' title="bbox 1941 4692 3529 4772">
     <span class='ocr_line' id='line_1_110' title="bbox 1941 4692 3529 4772; baseline -0.006 -15"><span class='ocrx_word' id='word_1_819' title='bbox 1941 4703 2125 4757; x_wconf 89' lang='lat' dir='ltr'>nensis</span> <span class='ocrx_word' id='word_1_820' title='bbox 2156 4701 2417 4758; x_wconf 86' lang='lat' dir='ltr'>Ecclesiae</span> <span class='ocrx_word' id='word_1_821' title='bbox 2437 4700 2726 4772; x_wconf 91' lang='lat' dir='ltr'>episcopus</span> <span class='ocrx_word' id='word_1_822' title='bbox 2753 4698 2948 4754; x_wconf 91' lang='lat' dir='ltr'>amodo</span> <span class='ocrx_word' id='word_1_823' title='bbox 2969 4704 3023 4752; x_wconf 95' lang='lat' dir='ltr'>et</span> <span class='ocrx_word' id='word_1_824' title='bbox 3042 4695 3300 4763; x_wconf 90' lang='lat' dir='ltr'>deinceps</span> <span class='ocrx_word' id='word_1_825' title='bbox 3328 4692 3529 4747; x_wconf 91' lang='lat' dir='ltr'>domno</span> 
     </span>
    </p>
   </div>
   <div class='ocr_carea' id='block_1_111' title="bbox 1941 4780 3531 4861">
    <p class='ocr_par' dir='ltr' id='par_1_111' title="bbox 1941 4780 3531 4861">
     <span class='ocr_line' id='line_1_111' title="bbox 1941 4780 3531 4861; baseline -0.006 -15"><span class='ocrx_word' id='word_1_826' title='bbox 1941 4791 2142 4847; x_wconf 86' lang='lat' dir='ltr'>seniori</span> <span class='ocrx_word' id='word_1_827' title='bbox 2183 4805 2307 4846; x_wconf 91' lang='lat' dir='ltr'>meo</span> <span class='ocrx_word' id='word_1_828' title='bbox 2344 4790 2540 4846; x_wconf 88' lang='lat' dir='ltr'>Carolo</span> <span class='ocrx_word' id='word_1_829' title='bbox 2580 4788 2698 4861; x_wconf 84' lang='lat' dir='ltr'>regi</span> <span class='ocrx_word' id='word_1_830' title='bbox 2726 4788 2804 4843; x_wconf 91' lang='lat' dir='ltr'>sic</span> <span class='ocrx_word' id='word_1_831' title='bbox 2846 4785 3022 4841; x_wconf 84' lang='lat' dir='ltr'>fidelis</span> <span class='ocrx_word' id='word_1_832' title='bbox 3052 4790 3102 4839; x_wconf 92' lang='lat' dir='ltr'>et</span> <span class='ocrx_word' id='word_1_833' title='bbox 3126 4780 3389 4837; x_wconf 88' lang='lat' dir='ltr'>obediens</span> <span class='ocrx_word' id='word_1_834' title='bbox 3436 4795 3531 4836; x_wconf 83' lang='lat' dir='ltr'>se-</span> 
     </span>
    </p>
   </div>
   <div class='ocr_carea' id='block_1_112' title="bbox 1942 4870 3531 4937">
    <p class='ocr_par' dir='ltr' id='par_1_112' title="bbox 1942 4870 3531 4937">
     <span class='ocr_line' id='line_1_112' title="bbox 1942 4870 3531 4937; baseline -0.008 -1"><span class='ocrx_word' id='word_1_835' title='bbox 1942 4881 2180 4936; x_wconf 90' lang='lat' dir='ltr'>cundum</span> <span class='ocrx_word' id='word_1_836' title='bbox 2234 4878 2588 4935; x_wconf 90' lang='lat' dir='ltr'>ministerium</span> <span class='ocrx_word' id='word_1_837' title='bbox 2631 4891 2809 4930; x_wconf 91' lang='lat' dir='ltr'>meum</span> <span class='ocrx_word' id='word_1_838' title='bbox 2866 4888 2982 4937; x_wconf 92' lang='lat' dir='ltr'>ero,</span> <span class='ocrx_word' id='word_1_839' title='bbox 3028 4871 3164 4927; x_wconf 90' lang='lat' dir='ltr'>sicut</span> <span class='ocrx_word' id='word_1_840' title='bbox 3219 4870 3383 4925; x_wconf 90' lang='lat' dir='ltr'>homo</span> <span class='ocrx_word' id='word_1_841' title='bbox 3431 4882 3531 4924; x_wconf 85' lang='lat' dir='ltr'>suo</span> 
     </span>
    </p>
   </div>
   <div class='ocr_carea' id='block_1_113' title="bbox 1944 4954 3530 5039">
    <p class='ocr_par' dir='ltr' id='par_1_113' title="bbox 1944 4954 3530 5039">
     <span class='ocr_line' id='line_1_113' title="bbox 1944 4954 3530 5039; baseline -0.008 -15"><span class='ocrx_word' id='word_1_842' title='bbox 1944 4968 2162 5035; x_wconf 85' lang='lat' dir='ltr'>seniori,</span> <span class='ocrx_word' id='word_1_843' title='bbox 2194 4977 2247 5023; x_wconf 90' lang='lat' dir='ltr'>et</span> <span class='ocrx_word' id='word_1_844' title='bbox 2275 4969 2565 5039; x_wconf 87' lang='lat' dir='ltr'>episcOpus</span> <span class='ocrx_word' id='word_1_845' title='bbox 2602 4979 2703 5035; x_wconf 89' lang='lat' dir='ltr'>per</span> <span class='ocrx_word' id='word_1_846' title='bbox 2730 4970 2935 5017; x_wconf 88' lang='lat' dir='ltr'>rectum</span> <span class='ocrx_word' id='word_1_847' title='bbox 2975 4975 3075 5015; x_wconf 90' lang='lat' dir='ltr'>suo</span> <span class='ocrx_word' id='word_1_848' title='bbox 3104 4954 3224 5031; x_wconf 89' lang='lat' dir='ltr'>regi</span> <span class='ocrx_word' id='word_1_849' title='bbox 3267 4973 3389 5014; x_wconf 92' lang='lat' dir='ltr'>esse</span> <span class='ocrx_word' id='word_1_850' title='bbox 3428 4957 3530 5012; x_wconf 90' lang='lat' dir='ltr'>de-</span> 
     </span>
    </p>
   </div>
   <div class='ocr_carea' id='block_1_114' title="bbox 1944 5044 3532 5128">
    <p class='ocr_par' dir='ltr' id='par_1_114' title="bbox 1944 5044 3532 5128">
     <span class='ocr_line' id='line_1_114' title="bbox 1944 5044 3532 5128; baseline -0.008 -17"><span class='ocrx_word' id='word_1_851' title='bbox 1944 5058 2053 5113; x_wconf 91' lang='lat' dir='ltr'>bet.</span> <span class='ocrx_word' id='word_1_852' title='bbox 2088 5061 2165 5113; x_wconf 87' lang='lat' dir='ltr'>Ac</span> <span class='ocrx_word' id='word_1_853' title='bbox 2191 5055 2474 5128; x_wconf 84' lang='lat' dir='ltr'>privilegio</span> <span class='ocrx_word' id='word_1_854' title='bbox 2504 5050 2777 5108; x_wconf 85' lang='lat' dir='ltr'>Hincmari</span> <span class='ocrx_word' id='word_1_855' title='bbox 2805 5047 3205 5119; x_wconf 87' lang='lat' dir='ltr'>metropolitani</span> <span class='ocrx_word' id='word_1_856' title='bbox 3236 5044 3532 5118; x_wconf 74' lang='lat' dir='ltr'>provincia:</span> 
     </span>
    </p>
   </div>
   <div class='ocr_carea' id='block_1_115' title="bbox 1945 5138 3535 5205">
    <p class='ocr_par' dir='ltr' id='par_1_115' title="bbox 1945 5138 3535 5205">
     <span class='ocr_line' id='line_1_115' title="bbox 1945 5138 3535 5205; baseline -0.01 -4"><span class='ocrx_word' id='word_1_857' title='bbox 1945 5147 2270 5201; x_wconf 84' lang='lat' dir='ltr'>Rhemorum</span> <span class='ocrx_word' id='word_1_858' title='bbox 2314 5141 2591 5205; x_wconf 75' lang='lat' dir='ltr'>Ecclesiae,</span> <span class='ocrx_word' id='word_1_859' title='bbox 2639 5138 2936 5195; x_wconf 88' lang='lat' dir='ltr'>secundum</span> <span class='ocrx_word' id='word_1_860' title='bbox 2978 5151 3165 5192; x_wconf 81' lang='lat' dir='ltr'>seems</span> <span class='ocrx_word' id='word_1_861' title='bbox 3211 5148 3450 5191; x_wconf 88' lang='lat' dir='ltr'>canones</span> <span class='ocrx_word' id='word_1_862' title='bbox 3480 5138 3535 5186; x_wconf 89' lang='lat' dir='ltr'>et</span> 
     </span>
    </p>
   </div>
   <div class='ocr_carea' id='block_1_116' title="bbox 1946 5222 3534 5301">
    <p class='ocr_par' dir='ltr' id='par_1_116' title="bbox 1946 5222 3534 5301">
     <span class='ocr_line' id='line_1_116' title="bbox 1946 5222 3534 5301; baseline -0.008 -13"><span class='ocrx_word' id='word_1_863' title='bbox 1946 5234 2162 5290; x_wconf 84' lang='lat' dir='ltr'>decreta</span> <span class='ocrx_word' id='word_1_864' title='bbox 2212 5232 2356 5287; x_wconf 92' lang='lat' dir='ltr'>sedis</span> <span class='ocrx_word' id='word_1_865' title='bbox 2403 5227 2710 5301; x_wconf 66' lang='lat' dir='ltr'>apostolicae</span> <span class='ocrx_word' id='word_1_866' title='bbox 2749 5243 2814 5281; x_wconf 89' lang='lat' dir='ltr'>ex</span> <span class='ocrx_word' id='word_1_867' title='bbox 2846 5225 3013 5281; x_wconf 90' lang='lat' dir='ltr'>sacris</span> <span class='ocrx_word' id='word_1_868' title='bbox 3059 5222 3356 5279; x_wconf 88' lang='lat' dir='ltr'>canonibus</span> <span class='ocrx_word' id='word_1_869' title='bbox 3398 5236 3534 5291; x_wconf 89' lang='lat' dir='ltr'>pro-</span> 
     </span>
    </p>
   </div>
   <div class='ocr_carea' id='block_1_117' title="bbox 1945 5306 3534 5393">
    <p class='ocr_par' dir='ltr' id='par_1_117' title="bbox 1945 5306 3534 5393">
     <span class='ocr_line' id='line_1_117' title="bbox 1945 5306 3534 5393; baseline -0.009 -17"><span class='ocrx_word' id='word_1_870' title='bbox 1945 5321 2206 5393; x_wconf 84' lang='lat' dir='ltr'>mulgata,</span> <span class='ocrx_word' id='word_1_871' title='bbox 2246 5335 2345 5390; x_wconf 91' lang='lat' dir='ltr'>pro</span> <span class='ocrx_word' id='word_1_872' title='bbox 2390 5318 2527 5373; x_wconf 89' lang='lat' dir='ltr'>scire</span> <span class='ocrx_word' id='word_1_873' title='bbox 2555 5325 2609 5372; x_wconf 93' lang='lat' dir='ltr'>et</span> <span class='ocrx_word' id='word_1_874' title='bbox 2651 5331 2814 5389; x_wconf 89' lang='lat' dir='ltr'>posse</span> <span class='ocrx_word' id='word_1_875' title='bbox 2858 5330 2945 5369; x_wconf 91' lang='lat' dir='ltr'>me</span> <span class='ocrx_word' id='word_1_876' title='bbox 2983 5311 3320 5368; x_wconf 89' lang='lat' dir='ltr'>obediturum</span> <span class='ocrx_word' id='word_1_877' title='bbox 3362 5306 3534 5379; x_wconf 84' lang='lat' dir='ltr'>proﬁ-</span> 
     </span>
    </p>
   </div>
   <div class='ocr_carea' id='block_1_118' title="bbox 1946 5397 3533 5477">
    <p class='ocr_par' dir='ltr' id='par_1_118' title="bbox 1946 5397 3533 5477">
     <span class='ocr_line' id='line_1_118' title="bbox 1946 5397 3533 5477; baseline -0.007 -14"><span class='ocrx_word' id='word_1_878' title='bbox 1946 5418 2082 5476; x_wconf 90' lang='lat' dir='ltr'>teor,</span> <span class='ocrx_word' id='word_1_879' title='bbox 2116 5416 2168 5463; x_wconf 91' lang='lat' dir='ltr'>et</span> <span class='ocrx_word' id='word_1_880' title='bbox 2197 5406 2500 5463; x_wconf 90' lang='lat' dir='ltr'>subscribo.</span> <span class='ocrx_word' id='word_1_881' title='bbox 2538 5426 2559 5454; x_wconf 70' lang='lat'>»</span> <span class='ocrx_word' id='word_1_882' title='bbox 2592 5406 2650 5459; x_wconf 85' lang='lat' dir='ltr'>In</span> <span class='ocrx_word' id='word_1_883' title='bbox 2680 5421 2784 5477; x_wconf 90' lang='lat' dir='ltr'>qua</span> <span class='ocrx_word' id='word_1_884' title='bbox 2825 5400 3166 5474; x_wconf 89' lang='lat' dir='ltr'>professione</span> <span class='ocrx_word' id='word_1_885' title='bbox 3207 5407 3258 5454; x_wconf 90' lang='lat' dir='ltr'>et</span> <span class='ocrx_word' id='word_1_886' title='bbox 3286 5397 3533 5455; x_wconf 86' lang='lat' dir='ltr'>subscri-</span> 
     </span>
    </p>
   </div>
   <div class='ocr_carea' id='block_1_119' title="bbox 1946 5486 3533 5570">
    <p class='ocr_par' dir='ltr' id='par_1_119' title="bbox 1946 5486 3533 5570">
     <span class='ocr_line' id='line_1_119' title="bbox 1946 5486 3533 5570; baseline -0.006 -19"><span class='ocrx_word' id='word_1_887' title='bbox 1946 5497 2126 5570; x_wconf 86' lang='lat' dir='ltr'>ptione</span> <span class='ocrx_word' id='word_1_888' title='bbox 2182 5494 2314 5552; x_wconf 92' lang='lat' dir='ltr'>nihil</span> <span class='ocrx_word' id='word_1_889' title='bbox 2370 5493 2672 5551; x_wconf 89' lang='lat' dir='ltr'>continetur</span> <span class='ocrx_word' id='word_1_890' title='bbox 2724 5493 2791 5547; x_wconf 93' lang='lat' dir='ltr'>de</span> <span class='ocrx_word' id='word_1_891' title='bbox 2844 5491 2931 5546; x_wconf 92' lang='lat' dir='ltr'>his</span> <span class='ocrx_word' id='word_1_892' title='bbox 2982 5506 3104 5561; x_wconf 72' lang='lat' dir='ltr'>qua:</span> <span class='ocrx_word' id='word_1_893' title='bbox 3163 5486 3369 5545; x_wconf 89' lang='lat' dir='ltr'>servari</span> <span class='ocrx_word' id='word_1_894' title='bbox 3424 5501 3533 5541; x_wconf 92' lang='lat' dir='ltr'>non</span> 
     </span>
    </p>
   </div>
  </div>
