4056 6178
493 313 597 369 627

1389 273 1732 367 HINCMARI
1759 309 2157 367 RHEMENSIS
2184 308 2716 367 ARCHIEPISCOPI

3701 313 3792 366 628

491 435 724 491 debent:
758 448 860 490 nec
903 433 1111 506 aliquid
1152 434 1224 490 ibi
1267 443 1424 492 sonat
1455 435 1524 490 de
1561 433 1904 492 confessione
1935 435 1990 489 in
2019 435 2103 488 al-
2127 436 2186 497 Α
2205 434 2478 491 dicentum
2494 451 2560 491 ex
2577 450 2672 488 sua
2687 448 2960 504 persona:
2988 454 3009 483 α
3037 434 3196 488 Certe
3219 433 3265 488 si
3287 449 3395 488 non
3415 441 3784 490 nocetextorta

493 531 670 580 teram
701 531 914 593 partem
947 539 1112 594 quam
1150 524 1366 594 debeat,
1397 541 1575 596 neque
1607 539 1710 594 pro
1739 539 1964 578 suarum
1990 539 2102 577 non

491 611 848 684 requisitione
893 627 1097 679 rerum,
1129 629 1308 684 neque
1339 613 1407 668 de
1447 612 1609 668 sectis
1648 613 1812 668 alieni
1857 612 2098 668 erroris:

491 715 596 756 nec
641 716 768 755 eum
831 700 1139 772 quisquam,
1190 709 1248 756 ut
1293 701 1681 768 subscriberet,
1734 709 1828 756 aut
1871 700 1926 774 in
1973 715 2102 756 car-

496 804 642 857 cere,
712 795 805 842 aut
868 787 926 842 in
990 791 1270 862 ergastulo
1329 789 1574 856 reclusit,
1637 797 1695 844 ut
1743 789 1828 843 his
1885 789 2102 843 territus

498 876 730 946 insidiis,
777 877 996 932 Domini
1044 877 1287 934 deviaret
1327 878 1608 944 sacerdos,
1641 885 1695 932 et
1737 875 2100 932 voluntatibus

501 963 694 1022 alienis
723 963 949 1022 faveret.

1073 1071 1296 1127 CAPUT
1315 1071 1574 1126 XXXIV.

792 1159 1059 1231 Ejusdem
1085 1159 1454 1230 refutationis
1480 1157 1856 1215 continuatio.

573 1248 655 1304 De
699 1262 766 1302 eo
814 1247 960 1318 quod
1001 1246 1204 1301 ibidem
1251 1245 1639 1316 subsequitur:
1677 1267 1698 1292 ιι
1740 1245 1797 1300 Si
1825 1260 1935 1300 non
1977 1249 2100 1298 sunt

501 1343 712 1392 tantum
757 1334 1088 1390 attendenda
1117 1349 1236 1404 qua
1266 1332 1418 1399 fiunt,
1467 1340 1728 1404 quantum
1767 1347 1875 1404 quo
1917 1331 2098 1387 animo

501 1421 664 1490 ﬁant;
699 1438 808 1494 quo
844 1421 1026 1477 animo
1070 1437 1176 1493 ego
1218 1421 1354 1476 illud
1390 1419 1634 1490 fecerim,
1682 1437 1860 1492 neque
1903 1437 2098 1492 parum

503 1497 682 1566 sciens
713 1509 912 1580 poterit
939 1509 1199 1580 ignorare
1223 1527 1236 1563 :
1271 1509 1364 1580 qui
1391 1509 1556 1565 etiam
1584 1508 1756 1564 multo
1782 1509 1945 1580 plura
1972 1516 2100 1564 tunc

504 1613 684 1653 essem
726 1596 986 1663 facturus,
1015 1605 1072 1651 ut
1101 1612 1254 1652 meos
1285 1597 1379 1668 qui
1407 1597 1612 1652 innoxii
1649 1605 1823 1663 erant,
1855 1604 1906 1652 et
1937 1612 2098 1654 causa

503 1684 613 1739 mei
639 1683 1110 1756 opprimebantur,
1141 1701 1362 1756 possem
1391 1685 1644 1742 liberare.
1683 1706 1705 1736 ν
1741 1685 1937 1740 Paulus
1966 1700 2099 1756 apo-

2203 523 2495 589 confessio,
2527 538 2639 578 non
2668 522 2826 578 obest
2855 529 3064 577 extorta
3093 521 3420 592 subscriptio
3445 539 3458 576 :
3497 543 3518 572 ν
3554 522 3660 576 nisi
3686 538 3790 594 pa-

2201 611 2481 666 nitentiam
2511 609 2702 682 egerit,
2741 610 2907 666 credo
2937 609 3088 664 illum
3115 609 3256 664 inter
3284 609 3389 664 alia
3417 609 3487 664 de
3514 609 3624 664 hoc
3651 625 3790 664 men-

2203 697 2360 754 dacio
2391 699 2460 753 ab
2487 697 2696 753 eisdem
2725 697 2928 753 sanctis
2966 697 3236 768 episcopis
3277 696 3656 766 judicandum.
3688 697 3788 753 Sed

2203 793 2254 842 et
2282 803 2312 841 a
2341 787 2500 843 beato
2530 785 2802 858 Gregorio
2834 785 3323 850 condemnandum,
3359 784 3450 857 qui
3483 785 3700 856 scripsit
3727 785 3790 839 ad

2201 875 2564 930 Theoctistam
2590 873 2871 945 patriciam
2900 874 2964 943 (ι.
2999 889 3078 943 ιιι,
3110 891 3194 946 ep.
3229 873 3319 944 39)
3353 891 3366 927 :
3407 893 3428 922 »
3465 872 3518 926 Si
3549 872 3647 945 qui
3674 881 3787 927 sunt

2201 963 2293 1036 qui
2320 962 2522 1029 dicunt,
2557 961 2682 1034 quia
2721 961 3034 1032 compulsus
3075 961 3338 1033 quispiam
3377 961 3706 1017 necessitate
3734 977 3788 1017 se

2201 1049 2758 1118 anathematizaverit,
2805 1050 3165 1105 anathematis
3206 1049 3422 1105 vinculo
3449 1063 3561 1104 non
3601 1048 3785 1110 teneri.

2199 1139 2304 1210 ipsi
2333 1138 2438 1193 sibi
2469 1147 2635 1194 testes
2675 1146 2818 1204 sunt,
2851 1138 2977 1210 quia
3019 1137 3304 1193 Christiani
3331 1134 3452 1192 non'
3467 1145 3595 1192 sunt
3627 1154 3642 1191 :
3675 1136 3790 1208 quia

2197 1225 2496 1298 ligamenta
2523 1234 2726 1283 sancta
2754 1225 3016 1282 Ecclesia
3051 1225 3208 1281 vanis
3239 1241 3296 1280 se
3327 1224 3600 1281 aestimant
3629 1239 3788 1282 cona-

2198 1315 2341 1370 tibus
2371 1315 2587 1371 solvere
2619 1333 2632 1370 :
2665 1331 2732 1371 ac
2760 1331 2860 1386 per
2902 1315 3007 1370 hoc
3036 1330 3137 1369 nec
3165 1313 3566 1369 absolutionem
3596 1321 3793 1369 sancta

2197 1403 2482 1470 Ecclesia,
2513 1419 2675 1474 quam
2722 1410 2946 1474 prastat
2977 1399 3247 1471 fidelibus,
3293 1417 3479 1457 veram
3508 1409 3720 1472 putant,
3751 1401 3792 1456 si

2197 1490 2458 1562 ligaturas
2487 1491 2604 1559 ejus
2621 1491 2806 1546 valere
2834 1505 2947 1544 non
2963 1489 3250 1546 astimant.
3285 1489 3486 1544 Contra
3503 1505 3646 1561 quos
3675 1489 3791 1544 diu-

2197 1578 2302 1632 tius
2319 1579 2704 1659 disputandum
2733 1594 2843 1634 non
2863 1586 2963 1645 est,
2989 1577 3118 1649 quia
3141 1593 3242 1648 per
3260 1577 3438 1633 omnia
3459 1577 3792 1648 despiciendi

2195 1674 2249 1722 et
2269 1666 2758 1722 anathematizandi
2776 1675 2919 1736 sunt,
2953 1673 3006 1721 et
3032 1666 3175 1721 unde
3205 1682 3264 1720 se
3285 1665 3478 1721 fallere
3507 1665 3791 1722 veritatem

502 1753 692 1829 stolus’
705 1753 834 1829 dicit
859 1791 872 1828 :
904 1775 1024 1829 Lex
1053 1753 1169 1830 non
1195 1778 1279 1830 est
1302 1777 1490 1846 posita
1509 1775 1705 1846 justis,
1738 1775 1834 1830 sed
1863 1753 2096 1845 injustas

2204 1754 2449 1824 credunt,
2500 1755 2625 1811 inde
2652 1755 2707 1808 in
2735 1753 2973 1825 peccatis
3011 1754 3123 1808 suis
3166 1753 3413 1809 veracius
3455 1753 3724 1826 ligantur.
3765 1776 3786 1805 ι

499 1861 555 1932 (Ι
573 1863 709 1918 Tim.
742 1861 802 1932 ι).
837 1863 904 1916 Et
931 1861 1059 1917 hinc
1087 1861 1143 1917 S.
1188 1862 1298 1916 Leo
1326 1861 1455 1917 dicit
1495 1863 1742 1917 scribens
1773 1862 1841 1916 ad
1869 1861 2091 1916 Raven-

497 1949 648 2004 nium
680 1951 867 2022 (epist.
895 1951 986 2021 90)
1011 1967 1026 2008 :
1053 1972 1075 2000 α
1103 1951 1258 2005 Justo
1286 1949 1486 2022 quippe
1515 1950 1639 2005 ideo
1654 1949 1851 2005 dicitur
1877 1949 1964 2004 lex
1984 1964 2094 2004 non

503 2053 626 2094 esse
653 2038 850 2109 posita,
884 2038 1010 2109 quia
1038 2053 1290 2093 normam
1325 2038 1705 2109 praeceptionis
1733 2037 1920 2109 implet
1942 2037 2093 2107 judi-

499 2126 585 2183 cio
613 2125 922 2181 voluntatis.
953 2146 976 2176 »
1007 2125 1064 2182 Si
1092 2126 1176 2180 sui
1205 2126 1296 2198 qui
1327 2142 1453 2182 eum
1487 2127 1556 2180 ad
1582 2126 1896 2181 Pauliacum
1925 2125 2096 2182 secuti

502 2212 741 2281 fuerunt,
763 2213 1204 2269 rewadiaverunt
1223 2214 1533 2286 perlegem,
1553 2215 1699 2286 quod
1711 2222 1898 2270 contra
1915 2213 2096 2284 legem

504 2301 910 2370 commiserunt,
955 2301 1160 2356 innoxii
1198 2317 1309 2356 non
1351 2310 1503 2356 erant
1528 2321 1541 2367 ;
1572 2309 1625 2356 et
1654 2302 1886 2356 domnus
1915 2317 2012 2355 rex
2039 2307 2096 2354 ut

503 2389 696 2444 noxios
725 2389 1050 2460 distringere
1072 2388 1236 2458 jussit
1259 2405 1272 2443 :
1305 2396 1568 2460 quantum
1597 2389 1860 2444 audemus
1888 2389 2092 2457 dicere,

502 2485 697 2535 contra
738 2475 954 2548 regium
997 2476 1358 2532 ministerium
1407 2475 1551 2533 fecit.
1603 2477 1661 2533 Si
1701 2477 1912 2547 judices
1961 2476 2098 2548 regii

507 2573 698 2622 contra
725 2565 909 2639 legem
935 2565 1206 2633 innoxios,
1251 2565 1400 2622 velut
1427 2565 1638 2632 noxios,
1685 2565 2098 2639 distrinxerunt,

502 2654 959 2727 pravaricatores
1002 2654 1144 2728 legis
1189 2653 1442 2710 fuerunt:
1492 2654 1540 2709 si
1585 2653 1822 2709 arbitros
1868 2652 2098 2726 [arbitri]

502 2743 773 2812 innoxios,
809 2743 955 2799 velut
983 2743 1176 2799 noxios
1202 2743 1602 2812 judicaverunt,
1635 2742 2013 2798 auctoritatem
2047 2748 2100 2795 et

505 2831 688 2887 locum
727 2829 919 2900 judicii
961 2831 1204 2887 amittere
1247 2839 1579 2886 meruerunt.
1637 2830 1778 2899 Quia
1821 2846 1952 2885 vero
1997 2844 2101 2885 nec

504 2920 644 2990 ipse,
690 2934 794 2975 nec
841 2918 1036 2990 aliquis
1076 2934 1314 2984 suorum,
1361 2935 1424 2973 se
1469 2927 1599 2974 tunc
1639 2919 1697 2972 in
1736 2918 1942 2986 judicio
1988 2917 2101 2988 pati

505 3006 882 3078 praejudicium
910 3005 1222 3061 reclamavit
1245 3023 1259 3060 :
1286 3013 1339 3060 et
1370 3006 1425 3061 S.
1459 3005 1754 3078 Gregorius
1785 3022 1928 3076 saepe
1951 3005 2101 3074 juxta

509 3095 667 3168 leges
697 3101 749 3150 et
785 3109 1026 3150 canones
1071 3093 1354 3148 terminari
1391 3094 1632 3150 decrevit
1662 3093 1905 3163 judicia:
1939 3102 1992 3148 et
2033 3109 2100 3148 ex

507 3183 951 3255 interpretatione
995 3183 1134 3256 legis
1177 3182 1404 3238 Honorii
1445 3189 1499 3238 et
1548 3181 1837 3237 Theodosii
1881 3181 2096 3248 dicitur,

513 3273 772 3346 quoniam
798 3293 820 3323 ε
847 3272 1156 3344 quicunque
1175 3272 1320 3344 quod
1341 3270 1610 3340 injudicio
1626 3270 1939 3326 adversario
1955 3285 2104 3341 pra-

511 3369 665 3418 sente
693 3377 803 3416 non
827 3360 1076 3432 .repetiit,
1121 3368 1313 3432 postea
1341 3361 1410 3415 de
1441 3360 1634 3414 eadem
1663 3376 1724 3414 re
1753 3359 1902 3414 litem
1940 3358 2104 3414 aliam

509 3465 620 3506 non
651 3449 845 3521 poterit
892 3449 1170 3504 inchoare.
1214 3449 1418 3520 Legem
1463 3448 1764 3513 concaleat,
1805 3447 1895 3519 qui
1923 3455 2105 3502 contra

510 3539 713 3610 legem,
745 3537 1266 3611 legaliterjudicata,
1299 3537 1458 3592 etiam
1491 3537 1713 3608 scripto,
1746 3536 1989 3591 rediviva
2013 3535 2106 3591 lite

515 3627 862 3683 condemnat.
891 3647 914 3677 ι
949 3628 1016 3681 Et
1053 3626 1177 3698 quia
1205 3641 1476 3697 personas
1503 3625 1738 3696 privatas
1767 3640 1898 3680 suos
1925 3623 2106 3679 homi-

515 3732 616 3772 nes
644 3723 830 3772 contra
857 3715 1038 3788 legem
1064 3714 1428 3782 distrinxisse,
1462 3713 1549 3768 vel
1558 3713 1831 3782 judicasse
1860 3713 2110 3768 Hincma-

515 3819 611 3860 rus
651 3803 884 3875 probare
929 3820 1040 3858 non
1087 3811 1267 3873 potest
1307 3820 1321 3856 :
1364 3809 1596 3868 constat,
1643 3802 1690 3855 si
1732 3801 1816 3855 sui
1861 3800 2109 3855 homines

515 3891 764 3965 legaliter
791 3891 1177 3955 rewadiarunt,
1209 3891 1355 3961 quod
1387 3897 1576 3946 contra
1604 3889 1784 3959 legem
1813 3888 2108 3944 commise-

516 3987 659 4048 runt,
703 3977 907 4034 innoxii
951 3994 1062 4034 non
1104 3977 1340 4032 fuerunt.
1383 3979 1453 4032 Et
1497 3977 1588 4047 qui
1627 3976 1842 4048 [supple
1871 3975 2018 4048 dicit]
2050 3991 2110 4030 se

517 4066 846 4124 conduxisse
890 4065 1032 4133 illos,
1066 4074 1124 4120 ut
1153 4081 1276 4121 eum
1307 4066 1376 4120 ad
1421 4049 1779 4121 commissum.
1799 4063 1932 4118 illud
1964 4064 2110 4135 quod

520 4154 967 4223 rewadiaverunt,
1007 4161 1387 4227 sequerentur,
1412 4153 1505 4225 qui
1525 4153 1670 4208 noxii
1688 4152 1838 4207 fuere
1863 4151 2107 4222 probati:

420 4233 423 4236 ’
519 4243 772 4300 innoxius
801 4244 904 4300 rite
933 4243 1038 4300 dici
1075 4259 1186 4299 non
1212 4250 1412 4314 potest,
1442 4250 1495 4298 et
1524 4241 1718 4296 noxius
1746 4241 1994 4297 innoxios
2022 4239 2109 4295 fa-

518 4349 643 4390 cere
671 4349 769 4390 suo
799 4333 1108 4390 testimonio
1137 4331 1346 4404 nequit.

583 4423 667 4478 De
714 4423 820 4479 hoc
863 4423 1008 4495 quod
1053 4421 1200 4488 dicit,
1255 4421 1312 4476 S.
1361 4419 1687 4492 Gregorium
1744 4417 2033 4489 scripsisse
2079 4431 2112 4472 a

2128 3140 2177 3203 C

2195 1845 2262 1898 Et
2293 1842 2567 1914 aliquanto
2613 1843 2899 1914 superius:
2939 1863 2962 1893 α
2996 1843 3066 1897 Et
3095 1841 3222 1914 quia
3250 1841 3296 1896 si
3321 1841 3588 1912 compulsi
3635 1841 3792 1913 aliqui

2192 1932 2268 1986 de
2303 1931 2501 2003 quibus
2531 1930 3092 2002 reprehendebantur.
3139 1929 3590 1986 anathematizare
3622 1946 3683 1984 se
3711 1930 3794 1984 di-

2193 2027 2397 2088 cerent,
2427 2021 2712 2074 anathema
2723 2019 2791 2074 tis
2820 2019 3035 2075 vinculo
3066 2017 3214 2073 nullo
3243 2018 3406 2074 modo
3435 2017 3628 2073 teneri.
3659 2018 3728 2072 Et
3755 2017 3801 2073 si

2193 2115 2319 2163 sunt
2351 2107 2442 2180 qui
2483 2105 2788 2164 certissime
2833 2107 2960 2162 talia
3006 2105 3260 2171 sentiunt,
3305 2106 3393 2162 vel
3425 2112 3634 2176 tenent,
3678 2105 3798 2178 quia

2193 2195 2485 2250 Christiani
2514 2211 2624 2251 non
2655 2203 2797 2262 sunt,
2821 2195 3047 2250 dubium
3075 2209 3185 2250 non
3213 2202 3327 2249 est:
3353 2209 3555 2266 eosque
3588 2202 3644 2249 et
3673 2209 3793 2266 ego,

2193 2292 2246 2338 et
2277 2299 2469 2338 omnes
2501 2283 2752 2340 catholici
2784 2283 3044 2354 episcOpi,
3078 2291 3238 2355 atque
3266 2282 3522 2338 universa
3547 2282 3799 2338 Ecclesia

2197 2372 2728 2440 anathematizamus,
2777 2372 2904 2442 quia
2949 2371 3160 2427 veritati
3209 2371 3481 2427 contraria
3539 2371 3796 2436 sentiunt,

2199 2468 2252 2516 et
2279 2461 2550 2516 contraria
2577 2461 2895 2532 loquuntur.
2926 2481 2948 2510 »
2975 2460 3084 2515 Sed
3105 2468 3156 2516 et
3172 2459 3304 2514 mihi
3334 2459 3441 2514 alia
3465 2458 3799 2514 mendaciter

2198 2549 2488 2621 impingit:
2514 2549 2610 2604 sed
2641 2557 2694 2604 et
2724 2565 2889 2620 super
2915 2549 3179 2620 scriptum
3206 2549 3454 2620 quadam
3478 2547 3630 2616 dicit,
3666 2562 3799 2602 con-

2200 2643 2284 2692 tra
2313 2654 2434 2709 qua
2479 2636 2704 2708 longum
2735 2644 2818 2692 est
2846 2636 2980 2691 mihi
3019 2636 3277 2704 scribere,
3311 2645 3366 2692 et
3392 2635 3546 2692 vobis
3592 2635 3796 2690 audire.

2773 2755 2996 2811 CAPUT
3032 2756 3264 2812 XXXV.

2210 2843 2360 2914 Quod
2391 2845 2816 2916 tertiorvocatus
2843 2844 2915 2898 ad
2953 2845 3228 2916 synodum
3257 2859 3375 2900 non
3406 2843 3716 2916 respondit,
3747 2846 3802 2900 et

2558 2915 2679 2971 ideo
2713 2916 2952 2970 tractari
2979 2915 3136 2970 debet
3164 2919 3228 2970 ut
3255 2915 3586 2972 contumax.

2283 3003 2426 3058 Ecce
2474 3002 2678 3058 audivit
2719 3009 2900 3058 vestra
2949 3001 3280 3070 fraternitas,
3334 3003 3608 3074 quomodo
3651 3011 3704 3058 et
3749 3003 3804 3058 in

2219 3089 2435 3162 quantis
2481 3089 2747 3162 scriptura
2787 3090 2963 3146 fratris
3011 3091 3284 3146 Hincmari
3326 3091 3396 3146 sit
3442 3091 3693 3146 mendax.
3737 3091 3806 3146 Et

2205 3179 2349 3234 sicut
2369 3194 2538 3234 sacra
2550 3179 2704 3252 leges
2725 3180 2931 3244 dicunt,
2957 3180 3085 3251 quia
3111 3181 3216 3235 hoc
3244 3179 3300 3233 in
3329 3179 3581 3235 omnibus
3621 3179 3801 3235 causis

2201 3274 2460 3321 statutum
2505 3274 2605 3335 est,
2641 3275 2697 3321 ut
2737 3268 3058 3338 scripturam
3107 3268 3346 3338 prolator
3381 3267 3648 3323 aﬂirmet:
3677 3283 3804 3322 nam
3881 3319 3888 3324 .

2205 3355 2250 3409 si
2281 3355 2328 3409 is
2361 3356 2452 3426 qui
2479 3355 2807 3426 scripturam
2835 3357 3076 3427 protulit,
3109 3357 3227 3424 ejus
3255 3371 3364 3411 non
3395 3357 3682 3412 astruxerit
3709 3372 3803 3412 ve—

2201 3442 2440 3508 ritatem,
2485 3452 2542 3498 ut
2584 3443 2831 3498 falsitatis
2879 3461 3032 3500 reum
3069 3460 3192 3500 esse
3233 3443 3597 3499 retinendum.
3643 3444 3713 3498 Et
3749 3442 3806 3497 in

2199 3531 2432 3588 concilio
2456 3532 2752 3602 Ephesino,
2778 3541 2830 3588 et
2855 3532 3306 3600 Chalcedonensi,
3334 3533 3432 3588 sed
3453 3541 3506 3588 et
3524 3533 3579 3586 in
3596 3531 3798 3604 quinta,

2202 3636 2266 3675 ac
2296 3628 2449 3676 sexta
2494 3621 2723 3692 synodo,
2770 3621 3010 3692 propriis
3053 3621 3338 3692 scripturis
3367 3630 3420 3676 et
3448 3621 3804 3692 subscriptio-

2207 3709 2370 3762 nibus
2401 3709 2514 3763 suis
2547 3708 2843 3776 convictos,
2893 3709 3271 3781 nullorumque
3319 3709 3547 3764 aliorum
3577 3724 3805 3766 accusa-

2207 3796 2414 3852 tionem
2468 3797 2557 3852 vel
2613 3795 3044 3854 testiticationem
3101 3797 3445 3869 requisitam,
3506 3798 3805 3854 secundum

2211 3901 2392 3940 sacras
2438 3885 2613 3957 leges,
2663 3885 2908 3942 dicentes
2965 3901 3317 3958 quoscunque
3366 3885 3616 3942 convinci
3659 3885 3802 3947 scri-

2207 3981 2366 4044 ptura
2394 3973 2482 4028 vel
2509 3973 2758 4039 testibus,
2789 3974 3022 4047 legimus
3050 3975 3338 4030 damnatos
3366 3974 3555 4030 fuisse.

2281 4061 2388 4116 Sed
2444 4069 2496 4116 et
2548 4062 2709 4117 tertio
2770 4070 3010 4129 vocatos,
3064 4070 3118 4118 et
3173 4063 3360 4120 venire
3417 4063 3800 4128 detractantes,

2211 4149 2437 4220 (quanto
2487 4149 2662 4222 magis
2708 4159 2830 4220 post
2860 4158 2938 4205 tot
2965 4166 3030 4206 ac
3059 4159 3236 4206 tantas
3278 4151 3727 4206 commonitiones
3755 4150 3808 4220 τ)

2209 4237 2358 4292 omni
2403 4239 2727 4294 sacerdotali
2755 4238 2934 4295 oﬂicio
2981 4238 3144 4294 etiam
3189 4239 3448 4295 absentes
3495 4238 3803 4294 invenimus

2210 4323 2326 4380 fore
2347 4326 2604 4396 privatos.
2641 4325 2748 4381 Sed
2769 4335 2821 4381 et
2841 4329 3101 4383 Joannem
3136 4327 3438 4383 Antiochia
3471 4327 3638 4382 tertia
3653 4325 3803 4381 sedis

2213 4414 2545 4485 episcopum,
2571 4415 2693 4486 quia
2725 4415 3089 4486 blasphemias
3109 4423 3295 4472 contra
3322 4415 3583 4488 Cyrillum
3611 4429 3816 4470 secun-

517 4511 777 4582 Pompeio
821 4511 1078 4582 episc0po
1103 4531 1125 4560 σι
1157 4509 1418 4574 cruciato,
1461 4516 1816 4580 crematoque
1846 4506 1990 4562 fame
2019 4495 2284 4561 ex-Dda
2310 4503 2456 4557 sedis
2502 4502 2968 4574 archiepiscopum
3011 4519 3112 4574 per
3142 4503 3358 4560 libellos
3405 4504 3600 4574 emisit,
3647 4502 3808 4558 tertio

517 4608 659 4656 torta
687 4599 1030 4656 confessione
1059 4597 1340 4670 [extortam
1371 4595 1828 4668 confessionem]:
1867 4617 1890 4646 ι
1927 4611 2028 4650 nos
2053 4594 2112 4648 in

515 4689 608 4744 illa
639 4688 849 4760 synodo
879 4687 1009 4743 satis
1039 4701 1315 4758 superque
1353 4685 1504 4739 illum
1553 4685 1786 4741 vidimus
1815 4684 2110 4755 corpulen-

515 4785 648 4844 tum,
708 4785 872 4849 atque
925 4775 1277 4841 confessum;
1327 4782 1382 4829 et
1427 4789 1536 4829 non
1580 4773 1884 4828 cruciatum
1932 4787 2110 4842 neque

517 4873 766 4921 necatum
795 4866 938 4922 fame
967 4874 1024 4920 ut
1063 4863 1408 4937 profiteretur
1435 4879 1501 4919 ac
1544 4861 1928 4928 subscriberet,
1971 4859 2109 4916 vidi-

519 4969 642 5009 mus
670 4954 760 5010 vel
789 4954 1113 5010 audivimus.

587 5043 668 5100 De
711 5044 815 5098 hoc
859 5043 1003 5114 quod
1037 5043 1197 5098 dicit:
1237 5065 1258 5093 α
1295 5042 1454 5098 Certe
1484 5041 1530 5095 si
1561 5055 1670 5096 non
1713 5046 1870 5095 nocet
1911 5045 2116 5093 extorta

517 5131 811 5200 confessio,
844 5147 953 5186 non
983 5133 1140 5187 obest
1169 5139 1378 5186 extorta
1410 5128 1753 5200 subscriptio.
1783 5149 1804 5178 ι
1840 5129 1973 5182 Puto
2002 5126 2112 5182 cla-

512 5237 664 5277 mare
708 5235 852 5276 nunc
894 5226 1081 5274 contra
1122 5219 1270 5274 illum
1311 5219 1378 5274 de
1417 5219 1574 5283 calo,
1607 5224 1660 5272 et
1688 5216 2012 5274 clamaturos
2055 5213 2111 5267 in

517 5308 700 5365 divino
713 5308 916 5378 judicio
944 5308 1208 5364 ducentos
1230 5306 1637 5378 quatuordecim
1667 5312 1882 5360 sanctos
1905 5303 2111 5374 episco-

515 5410 636 5467 pos,
685 5397 777 5467 qui
819 5396 877 5450 in
915 5395 1334 5468 Carthaginensi
1365 5395 1598 5450 concilio
1645 5393 2023 5456 decreverunt,
2055 5397 2111 5443 ut

519 5506 542 5531 α
570 5483 615 5538 si
647 5483 768 5555 quis
796 5491 1164 5539 contra'suam
1191 5481 1610 5554 professionem,
1644 5481 1732 5536 vel
1764 5477 2113 5549 subscriptio-

518 5587 644 5630 nem
673 5569 884 5628 venerit
913 5571 969 5626 in
998 5571 1201 5643 aliquo,
1234 5571 1351 5641 ipse
1383 5585 1441 5625 se
1467 5571 1674 5626 honore
1704 5567 1957 5640 privabit.
1986 5587 2008 5616 »
2045 5567 2111 5620 Et

2209 4599 2476 4656 vocatum,
2511 4599 2564 4646 et
2593 4607 2701 4646 non
2731 4591 3020 4647 adeuntem
3067 4593 3395 4663 Ephesinam
3425 4592 3688 4664 synodum
3717 4590 3806 4645 le-

2209 4681 2390 4753 gimus
2433 4679 2638 4734 ibidem
2680 4678 2847 4734 fuisse
2891 4680 3440 4737 excommunicatum.
3491 4681 3714 4736 Necnon
3756 4687 3810 4734 et

2209 4768 2534 4824 Dioscorum
2577 4768 2831 4824 secunda
2871 4767 3018 4824 sedis
3062 4768 3444 4825 Alexandrina
3493 4769 3806 4840 episcOpum

2207 4857 2349 4912 inter
2377 4865 2594 4926 catera,
2627 4857 2882 4928 quoniam
2923 4857 3183 4912 adversus
3213 4857 3528 4930 regularem
3558 4854 3808 4912 ordinem

2211 4953 2264 5000 et
2309 4945 2746 5002 ecclesiasticam
2768 4945 2944 5018 egerit
2989 4945 3610 5017 disciplinamzinsuper
3647 4943 3816 4998 etiam

2209 5034 2333 5106 quia
2362 5033 2560 5089 multos
2612 5033 2826 5090 libellos
2860 5033 3051 5104 plenos
3098 5033 3473 5106 iniquitatibus
3503 5040 3686 5089 contra
3715 5048 3808 5085 ar-

2209 5122 2616 5194 chiepiscopum
2645 5139 2800 5178 suum
2831 5123 3022 5194 prima
3049 5122 3198 5178 sedis
3225 5137 3444 5195 magna
3471 5122 3650 5176 Roma
3677 5135 3804 5172 san-

2209 5211 2508 5276 ctissimum
2536 5219 2590 5266 et
2618 5211 3071 5282 sapientissimum
3101 5211 3361 5282 Leonem,
3395 5210 3594 5280 sapius
3616 5207 3802 5262 eccle-

2210 5299 2458 5356 siasticos
2514 5300 2842 5356 conculcans
2899 5315 3136 5355 canones
3185 5299 3242 5353 in
3295 5298 3526 5355 concilio
3581 5295 3810 5360 obtulit;

2209 5388 2474 5458 privatum
2533 5389 2678 5444 omni
2736 5387 3064 5444 sacerdotali
3116 5387 3441 5454 ministerio,
3491 5387 3560 5440 ab
3619 5383 3814 5439 eodem

2209 5476 2523 5532 beatissimo
2553 5477 2731 5532 Leone
2763 5493 2862 5547 per
2888 5475 3120 5532 vicarios
3151 5491 3279 5532 suos
3309 5475 3363 5529 in
3391 5474 3581 5530 eadem
3611 5486 3814 5542 magna

2210 5565 2422 5636 synodo
2470 5563 2938 5632 Chalcedonensi;
2988 5571 3042 5620 et
3071 5563 3230 5620 tertio
3271 5571 3542 5634 vocatum,
3575 5560 3692 5634 quia
3722 5575 3824 5630 sy-
