4056 6178
254 206 255 211 ‘
286 219 409 276 629

1017 213 1267 273 OPUSC.
1331 216 1421 270 ΕΤ
1474 213 1692 270 EPIST.
1751 213 1826 268 IN
1871 212 2099 270 CAUSA
2152 215 2494 272 HINCMARI
2547 216 2861 274 LAUDUN.

3517 220 3621 274 630

290 341 475 397 modo
505 356 567 396 se
594 347 936 411 prasentare
966 339 1309 411 contempsit,
1353 338 1636 393 absentem
1681 337 1917 409 legimus
1936 335 1995 400 A
2024 338 2070 393 si
2099 356 2215 396 rem
2244 340 2556 411 probasset,
2590 341 2817 396 alterum
2849 341 2894 396 si
2922 356 3032 397 non
3048 348 3193 397 esset
3212 341 3282 397 ab
3299 350 3614 400 accusatore

283 427 478 484 fuisse
524 428 858 483 damnatum.
908 428 1121 501 Verum
1172 427 1240 482 de
1298 426 1439 480 trina
1487 424 1910 482 commonitione

287 531 484 572 sacrae
511 516 667 589 leges
695 515 901 583 dicunt,
938 514 1244 586 quicunque
1283 514 1458 568 tribus
1500 512 1911 569 auctoritatibus

279 603 506 672 iudicis
536 610 856 669 conventus,
890 602 979 657 vel
1006 602 1182 656 tribus
1209 601 1400 656 edictis
1430 601 1501 656 ad
1522 600 1763 670 judicem
1788 599 1911 655 fue-

288 692 368 746 rit
394 698 755 763 provocatus,
786 697 881 744 aut
910 705 1019 744 uno
1049 705 1147 761 pro
1177 689 1431 745 omnibus
1447 687 1834 760 peremptorio,
1856 687 1912 743 id

286 788 381 834 est
414 780 566 852 quod
596 794 817 835 causam
847 777 1162 850 exstinguit,
1185 776 1349 832 fuerit
1374 783 1651 846 evocatus,
1685 784 1738 831 et
1765 791 1912 846 prae-

288 868 543 923 sentiam
570 883 719 921 suam
749 866 896 937 apud
924 882 1050 922 eum
1085 865 1345 934 judicem,
1397 881 1428 919 a
1476 881 1584 936 quo
1613 864 1665 919 ei
1702 864 1912 919 denun-

286 955 494 1010 tiatum
525 963 626 1020 est,
659 955 917 1010 exhibere
946 953 1203 1023 noluerit,
1235 953 1500 1009 adversus
1528 968 1651 1008 eum
1682 950 1836 1023 quasi
1856 951 1911 1005 in

290 1050 687 1099 contumacem
751 1041 985 1111 judicari
1030 1049 1228 1112 potest.
1279 1039 1534 1111 Quinimo
1576 1055 1679 1096 nec
1728 1047 1909 1094 retra-

288 1132 442 1188 ctari
472 1147 573 1202 per
599 1129 1015 1201 appellationem
1041 1128 1260 1202 negotia
1301 1135 1547 1199 possunt,
1595 1114 1807 1200 quoties
1855 1127 1910 1180 in

291 1218 688 1275 contmnacem
715 1217 872 1273 fuerit
896 1217 1198 1286 judicatum
1239 1217 1306 1271 ab
1359 1232 1427 1272 ea
1473 1216 1739 1271 sententia
1794 1231 1910 1286 quae

288 1308 574 1363 adversus
635 1313 983 1362 contumaces
1036 1306 1161 1360 data
1208 1313 1329 1370 est;
1380 1320 1558 1375 neque
1624 1302 1905 1374 appellari,

288 1411 484 1467 neque
516 1395 571 1449 in
600 1395 823 1465 duplum
853 1393 1102 1450 revocari
1130 1400 1327 1465 potest.
1366 1394 1434 1447 Et
1480 1392 1608 1448 hinc
1656 1391 1712 1447 S.
1763 1391 1909 1447 Gre-

292 1484 501 1557 gorius
530 1483 597 1538 ad
626 1483 915 1537 Maximum
946 1481 1318 1538 Salonitanum
1349 1480 1668 1552 episcopum
1716 1479 1781 1550 (ι.
1851 1494 1907 1548 v,

292 1573 473 1645 epist.
538 1570 707 1641 103):
789 1593 811 1618 α
872 1570 967 1634 Ita,
1027 1569 1221 1642 inquit,
1262 1568 1368 1635 fac,
1434 1574 1493 1623 ut
1529 1568 1597 1626 ad
1680 1566 1910 1623 venien-

293 1660 438 1715 dum
469 1658 705 1729 amplius
726 1659 839 1728 jam
883 1672 1069 1713 moras
1111 1673 1221 1713 non
1268 1657 1534 1729 ingeras:
1580 1672 1650 1711 ne
1695 1655 1813 1726 ipsa
1858 1662 1909 1709 te

291 1747 486 1819 magis
515 1746 759 1802 absentia
805 1745 1100 1802 obnoxium
1145 1745 1232 1800 his
1275 1761 1398 1823 quae
1437 1744 1711 1812 dicuntur,
1758 1742 1903 1797 assi—

292 1843 438 1909 gnet
471 1852 486 1890 :
522 1843 575 1890 et
605 1851 707 1889 nos
734 1833 875 1889 inter
901 1835 1019 1889 haec
1048 1849 1140 1889 reo
1171 1832 1293 1905 [al.,
1326 1833 1382 1886 in
1410 1839 1462 1887 te
1492 1832 1606 1887 haec
1636 1831 1749 1903 res]
1796 1846 1907 1886 non

292 1924 484 1980 solum
514 1931 737 1993 propter
764 1922 911 1978 dicta
938 1920 1170 1977 crimina
1198 1936 1321 1992 quae
1349 1936 1588 1993 purgare
1634 1917 1906 1974 subterfu-

291 2013 408 2086 gis,
445 2012 549 2067 sed
577 2011 742 2065 etiam
770 2016 990 2081 propter
1016 2008 1399 2065 inobedientiae
1428 2008 1664 2078 culpam,
1693 2006 1902 2076 durius,

290 2099 513 2155 scilicet
542 2106 601 2153 ut
628 2098 685 2152 in
714 2090 1089 2154 contumacem
1118 2104 1281 2170 cogat
1310 2113 1378 2152 ex
1406 2095 1637 2152 concilio
1666 2094 1806 2150 ferre
1821 2094 1910 2163 ju-

288 2186 525 2243 dicium.
564 2210 587 2235 ιι
638 2188 705 2241 Et
748 2186 807 2241 S.
852 2185 1175 2241 Coelestinus
1222 2185 1291 2240 de
1338 2185 1474 2238 trina
1514 2183 1795 2239 vocatione
1839 2182 1909 2237 ad

290 2275 624 2331 Nestorium
651 2274 730 2329 ita
754 2273 971 2344 scripsit
1001 2272 1190 2346 (epist.
1224 2272 1280 2343 5)
1313 2290 1327 2326 :
1368 2293 1390 2323 α
1428 2273 1616 2344 Itaque
1662 2270 1912 2342 quamvis

284 2364 408 2432 jam
436 2362 605 2418 frater
634 2362 864 2433 Cyrillus
895 2361 1149 2417 secundis
1180 2368 1232 2415 te
1262 2360 1507 2431 epistolis
1524 2359 1646 2432 [al.,
1669 2358 1912 2429 epistolis

292 2450 441 2524 suis]
468 2459 683 2507 asserat
725 2466 849 2505 esse
890 2456 1238 2518 conventum,
1295 2448 1571 2521 intelligas
1618 2446 1744 2503 volo
1790 2453 1913 2517 post

289 2540 541 2611 primam
568 2547 623 2594 et
664 2538 962 2594 secundam
1004 2537 1168 2605 illius,
1220 2543 1274 2591 et
1328 2537 1472 2591 hanc
1519 2534 1914 2605 correptionem

291 2637 576 2693 nostram,
598 2643 760 2699 quam
776 2632 990 2682 constat
1020 2641 1145 2680 esse
1169 2625 1285 2694 jam
1316 2624 1546 2691 tertiam,
1598 2623 1666 2676 ab
1697 2622 1915 2677 univer-

289 2716 459 2770 sitate
487 2714 708 2787 collegii
734 2722 789 2770 et
817 2721 1085 2770 conventu
1124 2712 1554 2767 Christianorum
1604 2718 1655 2765 te
1688 2726 1915 2780 prorsus

290 2819 427 2860 esse
459 2804 806 2873 sejunctum;
837 2802 941 2856 nisi
966 2817 1091 2856 mox
1131 2816 1193 2856 ea
1241 2816 1362 2872 quae
1409 2799 1548 2853 male
1594 2799 1739 2853 dicta
1794 2805 1919 2851 sunt

289 2891 671 2964 corrigantur,
693 2890 799 2945 nisi
819 2890 874 2944 in
894 2905 1017 2945 eam
1047 2889 1191 2944 viam
1222 2888 1439 2952 redeas,
1476 2902 1640 2958 quam
1669 2884 1915 2940 Christus

291 2996 428 3036 esse
459 2977 585 3051 [al.,
617 2994 678 3032 se
708 2977 952 3033 Christus
982 2975 1126 3048 esse]
1158 2983 1395 3031 testatur.
1438 2995 1459 3025 θ
1496 2975 1563 3028 Et
1583 2974 1711 3029 item
1740 2973 1795 3027 in
1826 2988 1917 3027 ea-

288 3069 427 3124 dem
459 3066 730 3137 epistola:
759 3088 780 3116 ει
815 3067 1119 3136 Persequar
1153 3064 1313 3135 plane
1356 3061 1574 3118 Domini
1618 3061 1725 3117 mei
1774 3060 1792 3133 [

288 3155 429 3210 boni
458 3153 700 3226 Domini]
734 3152 910 3208 fidelis
940 3168 1134 3207 servus
1164 3150 1415 3206 inimicos
1448 3168 1462 3205 :
1488 3166 1611 3206 cum
1643 3151 1921 3220 Propheta

283 3251 532 3309 asserat,
566 3257 661 3298 eos
689 3241 816 3297 odio
846 3257 905 3295 se
922 3240 1106 3295 odisse
1118 3238 1358 3310 perfecto
1381 3240 1556 3309 (Psal.
1601 3237 1906 3306 cxxxvm).

288 3332 535 3386 Moneor
568 3346 760 3385 rursus
790 3329 964 3384 altero
1007 3328 1284 3400 loquente,
1336 3343 1406 3383 ne
1448 3341 1691 3397 parcam.
1747 3324 1922 3393 Quem

284 3419 378 3475 vis
410 3434 555 3490 ergo
585 3417 874 3489 respiciam
903 3415 1027 3489 [al.,
1061 3432 1226 3487 quem
1257 3415 1345 3470 hic
1376 3430 1481 3487 ego
1532 3411 1782 3485 respic.],
1834 3412 1922 3467 cui

282 3507 525 3562 honoris
553 3504 755 3576 aliquid
787 3520 1024 3570 servem,
1057 3503 1273 3575 quando
1303 3501 1486 3575 agitur
1517 3508 1574 3556 ut
1603 3501 1737 3555 mihi
1754 3499 1920 3554 totius

284 3595 574 3667 speimeae
593 3608 756 3649 causa
792 3592 1009 3649 tollatur
1027 3593 1055 3647 τ
1083 3612 1104 3642 ι
1151 3591 1328 3662 Ipsius
1344 3590 1396 3645 in
1423 3588 1725 3660 Evangelio
1752 3587 1917 3644 verba

284 3691 424 3739 sunt
456 3681 698 3746 Domini,
721 3681 919 3753 quibus
949 3680 1022 3734 ait
1050 3695 1162 3735 non
1187 3678 1290 3733 sibi
1335 3687 1562 3749 patrem,
1622 3691 1730 3731 non
1785 3691 1912 3730 ma-

300 3779 476 3835 trem,
500 3786 615 3824 non
643 3768 804 3834 ﬁlios,
840 3784 950 3825 non
979 3767 1218 3840 aliquam
1241 3764 1700 3823 necessitudinem
1718 3764 1919 3819 debere

294 3857 571 3931 praeponi
597 3858 817 3927 (Matth.
848 3857 931 3925 χ).
963 3857 1063 3911 Est
1093 3856 1238 3910 enim
1268 3854 1577 3925 frequenter
1597 3853 1719 3907 talis
1740 3851 1919 3922 pietas

303 3964 376 4003 ex
409 3962 525 4018 qua
557 3953 811 4001 nascatur
836 3945 1089 4015 impietas
1119 3960 1133 3999 :
1164 3959 1287 3999 cum
1317 3942 1569 3998 vincente
1599 3956 1787 3996 earum
1833 3938 1918 3993 af-

280 4035 441 4092 fectu
492 4034 679 4090 carnis
726 4033 972 4090 charitati
1012 4032 1089 4087 illi
1135 4048 1257 4102 qum
1308 4032 1457 4086 Deus
1509 4037 1613 4095 est,
1679 4028 1918 4085 charitas

283 4122 642 4196 praponitur
667 4121 981 4193 corporalis.
1016 4121 1087 4175 Et
1136 4120 1193 4175 S.
1243 4117 1562 4174 Ambrosius
1600 4116 1657 4171 in
1702 4116 1917 4187 psalmo

281 4226 476 4266 cxvm
514 4228 530 4265 :
571 4231 592 4258 ι
624 4210 722 4264 Est
744 4210 892 4277 justa
918 4207 1313 4272 misericordia,
1350 4215 1403 4262 et
1433 4214 1516 4260 est
1538 4204 1700 4260 etiam
1718 4204 1918 4273 injusta

277 4296 701 4354 misericordia.
727 4297 972 4368 Denique
1002 4296 1060 4350 in
1086 4295 1212 4368 lege
1242 4294 1509 4365 scriptum
1543 4300 1626 4348 est
1659 4293 1727 4347 de
1779 4307 1916 4362 quo-

1795 3025 1905 3126 αὶξ,
1952 3025 2000 3088 C

2013 428 2313 495 convictus,
2346 445 2455 483 non
2486 428 2537 482 id
2568 429 2713 500 quod
2746 428 2969 498 justitias
2997 438 3079 485 est
3110 430 3279 499 judex
3328 439 3608 502 sequatur;

2010 516 2109 569 sed
2137 516 2265 570 dum
2294 516 2584 571 miseretur
2613 516 2712 581 rei,
2749 517 2967 573 damnet
2995 517 3339 589 probantem,
3358 525 3451 574 aut
3479 520 3611 575 dum

2009 603 2310 658 accusatori
2340 603 2481 659 favet
2511 603 2605 676 qui
2630 604 2858 675 probare
2886 621 2995 661 non
3022 606 3214 677 possit,
3263 605 3478 662 addicat
3523 606 3611 661 in-

2009 690 2251 748 noxium.
2284 692 2406 747 Non
2436 700 2615 763 potest
2642 692 2807 765 igitur
2832 694 2951 749 haec
2980 693 3086 749 dici
3106 694 3251 763 justa
3298 693 3614 751 misericor-

2010 778 2120 833 dia:
2174 778 2231 833 in
2274 779 2391 849 ipsa
2434 780 2679 835 Ecclesia
2719 780 2814 835 ubi
2857 781 3094 837 maxime
3135 781 3382 838 misereri
3430 783 3609 849 decet,

2009 866 2182 922 teneri
2211 882 2375 939 quam
2401 867 2635 923 maxime
2682 868 2843 924 debet
2881 868 3055 924 forma
3090 866 3328 938 justitias,
3378 887 3448 926 ne
3493 870 3614 942 quis

2009 970 2043 1009 a
2072 955 2343 1010 consortio
2369 957 2763 1011 communionis
2790 958 3091 1024 abstentus,
3125 958 3275 1013 brevi
3294 958 3610 1029 lacrymula,

2011 1050 2173 1115 atque
2202 1043 2272 1097 ad
2305 1051 2515 1113 tempus
2543 1052 2748 1115 parata,
2781 1045 2868 1101 vel
2900 1045 3059 1100 etiam
3085 1045 3435 1101 uberioribus
3469 1045 3613 1102 ﬂeti-

2011 1131 2114 1185 bus
2145 1130 2603 1198 communionem,
2638 1147 2802 1203 quam
2827 1132 3076 1202 plurimis
3124 1134 3289 1189 debet
3329 1134 3613 1205 postulare

2012 1218 2367 1289 temporibus,
2402 1217 2642 1273 facilitati
2682 1220 2980 1275 sacerdotis
3026 1228 3366 1292 extorqueat.
3415 1222 3611 1277 Nonne

2010 1321 2134 1361 cum
2162 1306 2255 1360 uni
2283 1305 2530 1376 indulget
2561 1306 2805 1379 indigno,
2838 1307 3102 1377 plurimos
3133 1308 3261 1364 facit
3303 1310 3374 1364 ad
3420 1310 3612 1381 prola-

2008 1393 2217 1465 psionis
2248 1393 2560 1465 contagium
2590 1395 2930 1471 provocari?
2958 1394 3189 1450 facilitas
3218 1396 3365 1451 enim
3411 1398 3605 1465 venite,

2010 1481 2337 1537 incentivum
2366 1480 2551 1535 tribuit
2597 1481 2968 1554 delinquendi.
3022 1483 3138 1539 Hoc
3167 1498 3232 1538 eo
3258 1484 3465 1540 dictum
3504 1493 3604 1551 est,

2011 1576 2070 1623 ut
2101 1569 2333 1624 sciamus
2363 1569 2660 1624 secundum
2690 1571 2917 1625 verbum
2947 1570 3068 1641 Dei,
3101 1571 3401 1627 secundum
3438 1573 3610 1630 ratio-

1938 1681 1992 1742 B
2011 1673 2158 1723 nem,
2189 1650 2613 1727 dispensandam
2642 1673 2766 1713 esse
2794 1658 3226 1713 misericordiam
3255 1659 3611 1740 debitoribus.

2010 1745 2254 1801 Medicus
2282 1744 2401 1816 ipse
2431 1744 2478 1799 si
2507 1745 2778 1816 serpentis
2807 1745 3029 1801 interius
3077 1746 3317 1802 vulneris
3362 1748 3604 1805 inveniat

2009 1832 2336 1898 cicatricem,
2369 1848 2493 1888 cum
2523 1832 2718 1887 debeat
2747 1848 2994 1889 resecare
3044 1834 3243 1890 ulceris
3281 1834 3488 1905 vitium,
3536 1852 3605 1892 ne

2008 1921 2168 1976 latius
2199 1928 2402 1992 serpat,
2434 1927 2615 1975 tamen
2647 1936 2679 1974 a
2728 1921 2945 1976 secandi
3000 1922 3301 1994 urendique
3330 1924 3611 1994 proposito

2010 2008 2268 2081 lacrymis
2296 2008 2527 2063 inﬂexus
2546 2008 2750 2081 .mgroti
2787 2008 3198 2065 medicamentis
3241 2016 3409 2081 tegat,
3462 2012 3610 2081 quod

2011 2097 2156 2153 ferro
2186 2097 2543 2168 aperiendum
2574 2104 2689 2152 erat
2722 2114 2734 2151 :
2780 2112 2960 2154 nonne
3006 2097 3111 2153 ista
3151 2097 3353 2152 inutilis
3394 2098 3614 2153 miseri-

2012 2185 2201 2241 cordia
2230 2192 2331 2250 est,
2367 2184 2414 2238 si
2444 2192 2665 2255 propter
2690 2185 2914 2240 brevem
2942 2184 3221 2241 incisionis
3250 2185 3337 2241 vel
3382 2185 3613 2241 ustionis

2014 2274 2261 2330 dolorem
2290 2289 2488 2344 corpus
2516 2273 2735 2328 omnino
2765 2273 3029 2341 tabescat,
3048 2273 3173 2329 vitae
3184 2290 3316 2328 usus
3338 2274 3566 2331 intereat
3583 2275 3615 2330 τ

2012 2363 2177 2419 Recte
2206 2361 2370 2434 igitur
2399 2369 2452 2416 et
2480 2361 2737 2417 sacerdos
2766 2363 2982 2430 vulnus,
3016 2377 3084 2417 ne
3124 2361 3286 2416 latius
3333 2369 3533 2434 serpat,
3584 2375 3620 2417 ι

2014 2458 2125 2505 toto
2158 2466 2389 2520 corpore
2418 2449 2700 2519 Ecclesiae,
2734 2449 2889 2521 quasi
2917 2449 3093 2504 bonus
3123 2449 3387 2515 medicus,
3452 2449 3616 2505 debet

2016 2537 2322 2605 abscidere,
2371 2545 2424 2592 et
2472 2537 2706 2609 prodere
2752 2537 2903 2592 virus
2951 2537 3195 2593 criminis
3241 2538 3388 2609 quod
3428 2537 3610 2604 lateat,

2016 2642 2125 2680 non
2155 2625 2344 2681 fovere
2378 2644 2391 2680 :
2426 2642 2494 2680 ne
2525 2625 2654 2679 dum
2681 2642 2848 2679 unum
2880 2625 3273 2680 excludendum
3307 2640 3415 2680 non
3442 2612 3612 2696 putat,

2017 2714 2201 2785 plures
2233 2713 2430 2784 dignos
2459 2712 2643 2781 faciat,
2677 2728 2815 2784 quos
2847 2711 3099 2768 excludat
3126 2713 3195 2767 ab
3216 2713 3468 2768 ecclesia.
3489 2714 3617 2769 Jure

2019 2818 2153 2875 ergo
2184 2801 2477 2872 Apostolus
2508 2801 2691 2857 divino
2721 2815 2822 2855 nos
2843 2800 3083 2855 hortatur
3098 2801 3366 2871 exemplo,
3390 2800 3613 2857 dicens:

2030 2890 2157 2945 Vide
2181 2906 2306 2961 ergo
2327 2889 2635 2945 bonitatem
2656 2893 2713 2944 et
2730 2890 3089 2944 severitatem
3112 2890 3251 2955 Dei;
3279 2889 3344 2943 in
3374 2904 3463 2943 eos
3484 2890 3613 2960 qui-

2019 2979 2144 3033 dem
2161 2979 2255 3051 qui
2276 2977 2621 3042 ceciderunt,
2640 2977 2998 3032 severitatem
3031 2977 3095 3030 in
3135 2980 3189 3031 te
3235 2979 3428 3031 autem
3462 2976 3616 3031 boni-

2028 3070 2224 3131 tatem,
2256 3068 2305 3121 si
2340 3066 2721 3137 permanseris
2755 3066 2818 3120 in
2853 3065 3102 3119 bonitate
3135 3066 3309 3134 (Rom.
3345 3064 3451 3133 xx).
3484 3082 3506 3112 ι
3544 3063 3614 3118 Et

2024 3160 2238 3208 sanctus
2261 3153 2561 3224 Gregorius
2578 3153 2633 3205 in
2653 3151 2859 3224 Regula
2880 3150 3139 3221 pastorali
3156 3150 3342 3222 (parte
3363 3166 3444 3217 ιιι,
3486 3168 3607 3223 cap.

2024 3245 2075 3306 1,
2100 3241 2324 3296 admon.
2344 3239 2469 3309 23):
2500 3261 2521 3289 ι
2547 3239 2831 3302 Malorum,
2855 3238 3045 3310 inquit,
3063 3254 3185 3293 cum
3224 3237 3436 3293 incaute
3471 3228 3624 3292 ami;

2023 3328 2161 3385 citiis
2190 3327 2478 3398 cingimur,
2502 3326 2676 3397 culpis
2694 3326 2949 3398 ligamur.
2970 3325 3124 3380 Unde
3143 3316 3402 3395 Josaphat
3423 3325 3515 3396 qui
3542 3332 3619 3380 tot

2021 3416 2090 3471 de
2110 3422 2360 3470 anteacta
2375 3415 2480 3469 vita
2511 3413 2794 3485 praeconiis
2825 3412 3098 3479 attollitur,
3129 3413 3198 3467 de
3236 3413 3422 3467 Achab
3470 3412 3617 3483 regis

2022 3502 2268 3558 amicitiis
2299 3518 2437 3572 pene
2466 3502 2740 3573 periturus
2769 3501 3079 3572 increpatur
3112 3516 3125 3553 :
3175 3499 3261 3555 cui
3305 3516 3335 3553 a
3383 3499 3615 3555 Domino

2020 3608 2120 3662 per
2135 3591 2450 3661 prophetam
2469 3589 2697 3644 dicitur:
2731 3589 2905 3659 Impia
2937 3589 3144 3660 praebes
3174 3588 3485 3653 auxilium,
3557 3592 3615 3643 et

2021 3680 2107 3735 his
2129 3679 2224 3751 qui
2243 3679 2485 3734 oderunt
2506 3677 2807 3733 Domi-num
2826 3676 3085 3731 amicitia
3113 3676 3408 3747 jungeris;
3429 3679 3485 3730 et
3519 3675 3613 3731 id-

2020 3769 2167 3823 circo
2187 3770 2335 3822 iram
2352 3767 2576 3838 quidem
2587 3766 2812 3822 Domini
2826 3764 3129 3820 merebaris
3150 3783 3168 3830 ;
3185 3763 3281 3818 sed
3296 3764 3437 3819 bona
3446 3779 3616 3835 opera

2021 3858 2251 3911 inventa
2272 3859 2407 3910 sunt
2427 3857 2489 3909 in
2513 3858 2586 3920 te,
2611 3870 2671 3909 eo
2692 3853 2833 3925 quod
2852 3853 3151 3908 abstuleris
3184 3852 3334 3907 lucos
3362 3851 3429 3906 de
3460 3855 3617 3906 terra

2017 3943 2180 4000 Iuda.
2214 3942 2291 4011 (II
2342 3945 2471 3998 Par.
2535 3941 2679 4012 xix).
2718 3962 2740 3991 ι
2801 3941 2867 3996 Et
2923 3940 2979 3995 in
3035 3939 3254 3995 homilia
3283 3937 3612 4011 Evangelii:

2023 4052 2044 4079 α
2080 4030 2324 4097 Multum,
2357 4029 2548 4100 inquit,
2582 4036 2684 4095 est,
2727 4027 2873 4100 quod
2903 4027 3153 4084 carnales
3182 4025 3404 4083 aﬂ‘ectus
3432 4026 3612 4081 inten-

2018 4117 2219 4173 tionem
2265 4117 2461 4171 mentis
2507 4116 2874 4181 diverberant,
2925 4115 3151 4187 ejusque
3191 4115 3365 4171 aciem
3405 4114 3610 4169 obscu-

2016 4212 2133 4259 rant
2158 4224 2171 4270 ;
2206 4206 2304 4259 sed
2333 4220 2442 4258 non
2465 4203 2741 4258 declinant
2770 4218 2803 4258 a
2834 4210 2982 4258 recto
3011 4202 3237 4268 itineris,
3288 4202 3378 4274 qui
3421 4216 3609 4258 arcam

2015 4293 2113 4348 Dei
2144 4299 2360 4363 portant
2390 4291 2447 4345 in
2473 4298 2674 4346 mente.
2705 4310 2727 4340 »

274 4388 435 4442 dam.
468 4385 602 4440 Non
629 4380 974 4439 miserebitur
1003 4383 1166 4438 illius.
1199 4383 1269 4438 Et
1300 4382 1356 4436 in
1402 4381 1545 4436 libro
1591 4381 1907 4450 Regnorum
1934 4369 1987 4428 D
2079 4382 2146 4435 Et
2175 4395 2244 4434 ne
2283 4379 2405 4449 quis
2449 4378 2612 4443 dicat,
2675 4378 2891 4432 beatum
2941 4376 3295 4432 Caelestinum
3343 4377 3412 4432 de
3459 4377 3618 4433 tertia

277 4472 456 4546 legis,
494 4470 629 4543 quia
659 4471 789 4527 Saul
817 4478 1107 4542 propterea
1137 4469 1404 4527 contraxit
1453 4467 1739 4534 oﬁ‘ensam,
1792 4466 1915 4538 quia

279 4562 595 4617 miseratus
624 4567 707 4615 est
735 4561 895 4632 Agag
924 4558 1161 4614 hostium
1188 4573 1397 4632 regem,
1431 4573 1592 4628 quem
1620 4555 1916 4627 prohibue-

278 4658 375 4706 rat
407 4647 685 4705 sentﬁntia
716 4647 901 4703 divina
930 4647 1143 4703 servari
1200 4646 1251 4718 (Ι
1274 4648 1403 4717 Reg.
1438 4645 1559 4716 xv).
1594 4646 1663 4701 Et
1691 4644 1738 4698 si
1793 4642 1915 4715 quis

276 4737 532 4794 latronis
562 4734 684 4790 filiis
716 4734 1135 4806 deprecantibus
1164 4740 1366 4799 motus,
1402 4740 1455 4787 et
1490 4731 1741 4804 laerymis
1785 4746 1917 4786 con-

274 4826 445 4899 jugis
478 4824 603 4892 ejus
632 4822 826 4890 ﬂexus,
862 4822 1256 4878 absolvendum
1286 4827 1461 4892 putet,
1492 4819 1579 4875 cui
1606 4820 1748 4874 adsit
1761 4819 1918 4875 latro-

280 4912 526 4972 cinandi
561 4909 805 4977 affectus,
839 4926 1020 4966 nonne
1049 4910 1365 4966 innocentes
1388 4907 1551 4963 tradit
1578 4906 1759 4973 exitio,
1823 4908 1915 4978 qui

280 5003 499 5057 liberet
530 4999 821 5055 multorum
853 4999 1012 5055 exitia
1050 4996 1424 5071 cogitantem?
1471 4996 1630 5051 Certe
1693 4994 1741 5049 si
1790 4994 1914 5066 gla-

282 5091 454 5147 dium
503 5086 770 5158 reprimit,
822 5086 999 5143 vincla
1044 5084 1332 5150 dissolvit;
1367 5099 1463 5140 cur
1511 5083 1658 5138 laxat
1705 5082 1913 5151 exsilia,

283 5192 397 5234 cur
448 5174 815 5232 latrocinandi
872 5189 979 5246 qua
1028 5180 1208 5245 potest
1254 5171 1603 5229 clementiore
1662 5170 1748 5225 via
1805 5185 1914 5225 non

289 5264 474 5336 eripit
504 5262 831 5332 facultatem,
891 5262 985 5334 qui
1040 5261 1375 5316 voluntatem
1432 5266 1755 5329 extorquere
1806 5272 1917 5314 non

287 5350 535 5425 potuit?
558 5349 768 5405 Deinde
792 5350 933 5407 inter
952 5350 1109 5417 duos,
1142 5350 1245 5404 hoc
1273 5355 1374 5414 est,
1431 5353 1805 5402 accusatorem
1863 5353 1917 5400 et

285 5456 484 5507 reum,
519 5438 639 5510 pari
669 5438 913 5510 periculo
942 5438 1011 5494 de
1041 5437 1217 5509 capite
1247 5436 1628 5501 decernentes,
1684 5434 1915 5490 alterum

2015 4466 2433 4523 commonitione
2480 4464 2767 4536 scripsisse
2811 4464 2879 4518 ad
2917 4464 3227 4520 Nestorium
3256 4464 3608 4519 haereticum:

2014 4554 2402 4610 attendendum
2431 4562 2513 4609 est
2542 4553 2689 4625 quod
2717 4552 2936 4607 Hilarus
2959 4568 3100 4623 papa
3127 4552 3257 4607 dicit
3285 4551 3473 4624 (epist.
3514 4554 3606 4622 2):

2020 4664 2042 4693 α
2078 4641 2215 4710 Quia
2243 4657 2352 4697 non
2382 4641 2562 4696 minus
2591 4641 2647 4695 in
2676 4648 2983 4696 sanctarum
3025 4639 3373 4695 traditionum
3430 4638 3609 4694 delin-

2016 4730 2196 4802 quitur
2224 4730 2551 4796 sanctiones,
2586 4744 2748 4801 quam
2778 4728 2832 4782 in
2876 4727 3130 4797 injuriam
3179 4727 3350 4798 ipsius
3394 4727 3612 4783 Domini

2013 4818 2310 4889 prosilitur.
2351 4840 2371 4867 ι»
2407 4819 2473 4873 Et
2500 4816 2807 4886 hujusmodi
2838 4824 3215 4887 praesumptor,
3252 4816 3344 4888 qui
3373 4817 3429 4871 in
3475 4832 3608 4871 san-

2015 4914 2223 4963 ctarum
2252 4905 2596 4961 traditionum
2622 4903 2970 4975 pertinaciter
2998 4904 3306 4960 sanctiones
3323 4904 3606 4976 delinquit,

2014 5010 2125 5049 non
2153 4994 2293 5048 inter
2321 4993 2614 5048 catholicos
2644 5000 2696 5047 et
2726 4993 3141 5063 computandas,
3178 4993 3276 5048 sed
3305 5008 3430 5049 cum
3456 4992 3607 5047 schi-

2015 5082 2200 5135 smatis
2230 5088 2313 5136 est
2341 5079 2829 5136 condemnandus:
2890 5080 3016 5151 quia
3074 5080 3212 5136 sicut
3269 5080 3321 5134 in
3375 5078 3609 5135 decretis

2015 5168 2326 5240 apostolica
2354 5168 2499 5222 sedis
2529 5167 2790 5238 scripturn
2822 5174 2922 5236 est,
2972 5167 3218 5240 quisquis
3265 5166 3609 5224 schismatico

2014 5255 2325 5321 assenserit,
2341 5254 2715 5311 schismaticus
2733 5271 2857 5310 esse
2871 5256 3056 5328 negari
3076 5271 3181 5311 non
3195 5254 3411 5326 poterit.
3444 5253 3604 5323 Quod

2016 5344 2118 5401 etsi
2146 5360 2335 5399 omnes
2366 5343 2728 5411 sarcerdotes,
2763 5351 2815 5398 et
2830 5344 3063 5398 mundus
3080 5343 3361 5411 assentiat,
3384 5345 3604 5399 damna-

2012 5433 2084 5489 tio
2104 5432 2511 5489 consentientes
2541 5431 2783 5502 involvit,
2812 5447 2920 5486 non
2941 5431 3441 5503 pravaricationem
3473 5448 3604 5489 con-
