4056 6178
491 205 588 260 631

1269 197 1610 254 HINCMARI
1637 195 2039 253 RHEMENSIS
2067 195 2615 252 ARCHIEPISCOPI.

3673 202 3774 255 632

492 342 686 382 sensus
716 322 965 378 absolvit.
984 323 1106 377 Non
1137 321 1279 376 enim
1311 321 1513 376 crimen
1545 321 1822 384 minuitur,
1854 320 1950 374 sed
1993 335 2078 374 ro-
2104 319 2354 384 Atribus
2400 319 2773 390 promulgatas
2836 319 3117 386 habemus,
3169 333 3278 374 non
3357 319 3616 374 debemus
3673 335 3772 373 no-

489 413 744 479 borescit,
779 429 900 466 cum
930 411 1186 483 generale
1217 408 1272 463 fit
1304 426 1370 464 ex
1389 409 1618 479 privato.
1641 411 1752 462 Hoc
1769 407 1912 462 enim
1935 409 2082 462 Deus

489 502 726 556 omnium
753 499 1034 570 judicavit,
1068 499 1159 568 qui
1190 506 1534 568 peccatorem
1555 497 1814 550 mundum
1837 496 2084 565 generali

494 589 697 644 diluvio
727 587 1018 642 interemit.
1053 588 1120 640 Et
1149 585 1232 638 his
1263 586 1451 640 beatus
1481 585 1730 638 Gelasius
1763 583 2000 638 concinit
2029 582 2084 636 in

491 676 727 732 decretis
783 675 939 729 suis:
991 675 1128 729 sicut
1175 673 1462 727 manifeste
1509 689 1574 726 ex
1619 673 1733 739 ejus
1773 672 1951 726 verbis
1997 671 2086 725 hic

489 780 706 835 possem
737 764 1039 830 ostendere,
1101 763 1144 817 si
1191 761 1554 832 prolixitatem
1603 777 1710 815 non
1761 761 2081 814 devitarem.

499 871 789 926 Conclusio
807 887 913 942 qua
935 873 1286 942 monstratur
1305 885 1418 923 non
1437 867 1690 942 obstante
1707 867 2088 938 appellatione

924 941 1068 1010 ferri
1094 955 1252 1011 posse
1283 939 1648 992 sententiam.

561 1039 689 1093 Haec
718 1037 896 1092 omnia
928 1035 1310 1106 suprascripta,
1345 1043 1401 1088 ut
1450 1049 1594 1104 saepe
1640 1031 2086 1096 commemoravi,

493 1123 602 1184 non
645 1141 810 1181 causa
857 1141 1098 1178 mearum
1147 1123 1482 1190 injuriarum,
1535 1121 1632 1174 sed
1695 1119 2090 1174 evindicatione

492 1214 767 1287 dignitatis
798 1213 926 1266 mihi
959 1211 1266 1266 commissae
1292 1208 1627 1278 metmpolis,
1662 1215 1849 1262 contra
1875 1205 2090 1260 fratrem

495 1303 844 1357 llincmarum
871 1298 1123 1354 contexui
1155 1315 1167 1349 :
1200 1313 1302 1351 nec
1332 1311 1519 1350 sacras
1567 1296 1720 1366 leges
1770 1303 1821 1348 et
1869 1293 2092 1364 regulas

495 1389 690 1458 collegi
722 1389 986 1442 adversus
1019 1401 1142 1438 eum
1173 1384 1226 1436 in
1274 1383 1452 1438 causis
1495 1382 1732 1453 prOpriis
1777 1381 2092 1435 intentando

496 1477 770 1546 iudicium,
808 1473 904 1526 sed
925 1471 1263 1525 ostendendo
1297 1471 1628 1542 qualitatem,
1648 1487 1710 1524 ac
1748 1469 2094 1540 quantitatem

493 1578 718 1618 suorum
747 1575 1087 1624 excessuum,
1123 1567 1174 1612 et
1195 1575 1432 1612 mearum
1465 1558 1980 1614 commonitionuum
2005 1576 2019 1623 ;
2045 1564 2098 1612 et

2185 424 2313 462 vum
2341 407 2478 462 inire
2509 415 2814 474 tractatum,
2843 407 2929 462 vel
2973 424 3174 463 novum
3223 415 3536 478 exspectare
3587 407 3776 462 consi-

2181 495 2333 550 lium.

2258 585 2400 652 (Lib.
2433 599 2502 637 Lv
2524 599 2671 656 cap.,
2692 599 2743 639 c.
2769 584 2882 654 34.)
2904 584 3020 640 Nec
3042 585 3202 638 etiam
3225 583 3412 639 sedem
3426 583 3780 654 apostolicam

2183 671 2238 725 in
2269 673 2594 743 requirendo
2622 673 2945 743 inquietare,
2979 672 3118 727 sicut
3147 673 3202 726 S.
3237 672 3584 727 Innocentius
3639 672 3776 726 scri-

2185 760 2319 814 bens
2340 761 2406 814 ad
2425 761 2745 815 Macedones
2767 761 3054 830 episcopos
3076 761 3204 814 dicit
3227 761 3413 832 (epist.
3429 762 3522 826 '27)
3545 777 3558 814 :
3591 782 3612 810 α
3643 759 3780 814 Cum

2187 848 2402 918 saepius,
2440 848 2626 918 inquit,
2663 849 2832 918 repeti
2863 847 3114 902 fecissem
3145 847 3298 919 (quin
3329 849 3534 917 scripta
3577 851 3781 917 vestra)

2187 936 2394 990 adverti
2426 937 2542 990 sedi
2571 937 2902 1006 apostolicae,
2932 937 3002 990 ad
3041 951 3202 1007 quam
3249 935 3456 1000 relatio,
3507 935 3662 1006 quasi
3713 936 3782 990 ad

2187 1032 2344 1094 caput
2373 1024 2764 1089 Ecclesiarum,
2796 1025 2962 1078 missa
3011 1025 3286 1090 currebat,
3337 1022 3456 1077 fieri
3499 1023 3780 1092 injuriam,

2189 1113 2342 1180 cujus
2387 1112 2562 1166 adhuc
2611 1113 2664 1165 in
2713 1112 3030 1183 ambiguum
3079 1112 3340 1166 sententia
3399 1112 3719 1166 duceretur.
3757 1130 3778 1162 ι

2191 1201 2258 1252 Et
2287 1199 2356 1252 ad
2387 1199 2620 1254 Felicem
2653 1200 3022 1254 Nucerianum
3070 1199 3382 1270 episcOpum
3449 1201 3636 1270 (epist.
3670 1199 3728 1269 3)
3769 1217 3782 1252 :

2197 1309 2218 1336 σι
2255 1287 2565 1357 Stupuimus
2593 1288 2911 1358 prudentem
2941 1287 3116 1342 virum
3146 1287 3214 1340 de
3245 1287 3328 1340 his
3366 1287 3608 1341 voluisse
3655 1301 3787 1341 con-

2193 1375 2389 1440 sulere,
2423 1391 2544 1446 quae
2572 1375 2824 1430 omnibus
2849 1383 2973 1429 sunt
3002 1382 3148 1429 certa
3177 1374 3386 1428 ratione
3415 1381 3721 1444 comperta.
3765 1397 3784 1422 η

2195 1463 2261 1516 Et
2291 1462 2346 1516 S.
2379 1463 2621 1516 Zosimus
2653 1464 2836 1534 (epist.
2873 1463 2927 1530 1)
2961 1481 2974 1517 :
3014 1484 3034 1510 ει
3063 1462 3204 1518 Sciat
3225 1463 3468 1533 quisquis
3487 1463 3616 1526 hoc,
3641 1469 3788 1532 post.

2194 1551 2368 1620 posita
2397 1552 2632 1615 Patrum,
2673 1559 2724 1605 et
2767 1551 3074 1621 apostolicae
3123 1551 3268 1605 sedis
3317 1549 3636 1604 auctoritate
3685 1566 3786 1604 ne-

493 1651 690 1721 quibus
719 1664 782 1704 ac
812 1647 1023 1719 quantis
1083 1647 1551 1702 constitutionibus
1607 1646 1938 1717 pertinacem
1999 1646 2093 1699 ob—
2123 1667 2177 1728 B
2198 1639 2448 1710 glexerit,
2481 1655 2510 1692 a
2537 1639 2693 1693 nobis
2722 1639 3015 1693 districtius
3040 1639 3410 1708 judicandum,
3459 1647 3511 1692 et
3551 1638 3660 1694 loci
3711 1638 3792 1692 sui

487 1737 620 1806 jecit
649 1743 1033 1806 contemptum.
1083 1735 1272 1788 Vestra
1313 1751 1444 1788 vero
1489 1736 1604 1788 Deo
1651 1733 1850 1803 placita
1894 1732 2091 1788 unani-

496 1825 677 1890 mitas,
711 1839 894 1878 coram
926 1839 984 1876 se
1033 1823 1252 1877 recitata
1296 1821 1540 1892 vigilanti
1602 1822 1874 1876 discernat
1921 1821 2092 1874 libra-

495 1913 642 1968 mine
677 1929 688 1964 :
724 1911 850 1982 quia
879 1911 1004 1964 licet
1037 1909 1409 1965 sacerdotibus
1440 1926 1676 1964 canones
1709 1910 1966 1980 ignorare
1985 1924 2092 1962 non

497 2000 688 2066 liceat;
715 1999 882 2054 levior
913 2006 1092 2052 tamen
1123 1997 1294 2054 fuerat
1325 2013 1496 2062 error,
1529 1998 1574 2050 si
1605 2014 1702 2067 per
1733 1997 2092 2068 ignorantiam

500 2087 837 2159 deliquisset,
859 2102 1020 2157 quam
1049 2103 1210 2150 nunc,
1247 2086 1368 2157 quia
1399 2087 1578 2142 sciens
1609 2093 1662 2138 et
1707 2086 1949 2156 prudens
1996 2101 2094 2139 ex-

499 2175 724 2232 consilio
756 2183 809 2230 et
839 2175 1018 2228 studio
1044 2189 1324 2228 sacrarum
1356 2174 1670 2244 regularum
1701 2189 1798 2243 per
1826 2181 2096 2228 contuma-

500 2263 640 2319 ciam
669 2270 1045 2333 transgressor
1073 2261 1270 2326 existit,
1305 2277 1532 2332 quarum
1561 2261 1864 2314 custodiam
1895 2268 1947 2314 et
2001 2261 2100 2314 ob-

503 2351 864 2406 servationem
901 2348 1240 2418 professione
1297 2363 1362 2402 ac
1409 2348 1799 2418 subscriptione
1849 2364 1948 2402 sua
2001 2347 2097 2401 fir—

503 2437 686 2492 mavit.
719 2435 934 2506 Duplici
964 2451 1098 2508 ergo
1129 2443 1282 2491 reatu
1311 2442 1525 2489 tenetur
1553 2436 1842 2500 astrictus;
1879 2437 2097 2506 quinon

506 2525 679 2580 solum
711 2531 897 2580 contra
925 2523 1316 2579 venerabilium
1347 2524 1589 2588 Patrum,
1615 2525 1712 2578 sed
1730 2525 1886 2578 etiam
1910 2533 2098 2580 contra

505 2629 602 2669 sua
643 2613 858 2669 venisse
901 2613 1120 2668 decreta
1168 2621 1369 2668 temere
1435 2613 1837 2682 comprobatur.
1907 2615 2100 2669 Utrum

509 2701 673 2772 igitur
719 2703 835 2756 Deo
874 2701 1054 2756 medio
1101 2701 1311 2770 prolata
1360 2700 1647 2764 sententia,
1715 2716 1837 2754 eum
1901 2700 2099 2754 debeat

507 2789 843 2860 percellere;
875 2803 946 2841 an
971 2788 1240 2842 veraciter
1269 2796 1776 2860 recognoscentem,
1820 2795 1870 2842 et
1919 2787 2098 2842 humi-

505 2876 630 2929 liter
659 2875 1052 2944 supplicantem
1082 2875 1384 2938 absolvere,
1420 2875 1585 2928 salvis
1616 2883 1928 2930 sanctorum
1970 2891 2103 2932 con-

507 2961 748 3016 ciliorum
779 2962 1010 3024 statutis,
1044 2969 1096 3014 et
1126 2961 1440 3030 apostolicae
1488 2963 1635 3016 sedis
1679 2961 1992 3032 pontificum
2033 2979 2099 3018 ex

505 3048 712 3104 eisdem
741 3049 909 3102 sacris
937 3049 1232 3102 canonibus
1274 3049 1647 3120 promulgatis,
1709 3059 1760 3103 et
1817 3057 2099 3106 reservato

509 3151 610 3205 per
637 3135 820 3190 omnia
849 3135 1040 3206 primae
1070 3143 1123 3190 et
1153 3136 1466 3206 apostolicae
1497 3137 1640 3191 sedis
1671 3137 1977 3210 privilegio,
2030 3153 2096 3193 ac

507 3223 838 3278 Rbemorum
859 3225 1175 3294 metropolis
1197 3225 1319 3292 jure
1351 3241 1364 3277 :
1402 3226 1546 3296 quod
1575 3241 1640 3284 ex
1669 3241 1758 3280 me
1808 3233 1909 3292 est,
1957 3241 2095 3280 con-

497 3311 642 3376 silio,
677 3319 728 3366 et
751 3312 956 3380 judicio
985 3321 1180 3368 vestrae
1209 3313 1579 3367 unanimitatis
1628 3315 1906 3368 committo
1931 3331 1943 3367 :
1991 3331 2094 3384 pro

492 3399 714 3454 modulo
741 3415 862 3454 meo
897 3416 1131 3471 sequens
1159 3401 1304 3454 dicta
1333 3401 1390 3454 B.
1426 3401 1700 3456 Ccelestini
1729 3403 1798 3456 ad
1838 3402 2094 3472 Cyrillum

496 3487 813 3558 episcopum
845 3489 912 3542 de
933 3487 1186 3542 Nestorio
1207 3488 1529 3558 (Coelestin.,
1555 3505 1641 3560 ep.
1685 3492 1770 3554 10,
1795 3490 1940 3559 apud
1993 3491 2094 3544 Ba-

506 3589 626 3628 ron.
661 3591 756 3629 an.
791 3577 917 3646 431)
951 3593 963 3628 :
1003 3597 1024 3626 α
1061 3576 1286 3641 Studeo,
1319 3575 1510 3646 inquit,
1561 3577 1725 3646 quieti
1791 3577 2089 3642 catholicae,

501 3661 694 3716 studeo
723 3663 1000 3732 pereuntis
1027 3664 1201 3732 saluti,
1235 3663 1282 3717 si
1310 3673 1490 3718 tamen
1537 3665 1764 3718 voluerit
1805 3665 2092 3736 aegritudi-

497 3765 624 3804 nem
652 3749 918 3806 confiteri.
943 3750 1102 3818 Quod
1122 3752 1246 3806 ideo
1280 3751 1530 3817 dicimus,
1564 3769 1632 3806 ne
1679 3752 1878 3806 volenti
1917 3753 2092 3807 corri-

495 3854 628 3910 gere
658 3837 754 3909 [αὶ.
807 3855 866 3892 se
911 3839 1233 3910 corrigere],
1286 3839 1508 3893 forsitan
1557 3841 1750 3894 deesse
1781 3841 2082 3894 videamur.

497 3925 637 3978 Nam
667 3925 712 3978 si
743 3933 794 3978 et
823 3925 982 3978 nobis
1027 3925 1149 3995 [al.,
1211 3926 1311 3979 etsi
1369 3935 1420 3979 et
1467 3925 1644 3996 nobis]
1703 3925 2091 3982 sustinentibus

496 4026 674 4078 uvam,
709 4011 894 4080 spinas
925 4011 1026 4064 sibi
1056 4010 1341 4076 addiderit,
1383 4013 1671 4082 impleatur
1725 4014 2086 4080 manentibus,

501 4097 714 4150 statutis
739 4097 1016 4166 prioribus
1071 4098 1152 4152 sui
1185 4098 1356 4154 fructu
1398 4100 1602 4168 judicii,
1669 4101 1888 4171 colligat
1944 4103 2088 4172 quod

499 4183 650 4238 sulco
681 4185 950 4239 diabolico
982 4186 1284 4252 seminavit,
1319 4203 1428 4242 non
1455 4197 1644 4242 nostro
1691 4189 1938 4256 consilio,
1991 4190 2088 4244 sed

496 4287 556 4326 se
586 4271 860 4340 periturus
890 4281 1132 4328 auctore.
1167 4275 1364 4329 Probat
1413 4275 1531 4347 [al.,
1575 4276 1790 4347 probet]
1839 4291 1940 4332 nos
1985 4293 2084 4332 ve-

2131 3011 2179 3073 C

2197 1726 2417 1780 minime
2447 1727 2654 1780 dubitet
2683 1727 2786 1780 sibi
2815 1742 2924 1780 non
2961 1735 3211 1782 constare
3259 1727 3538 1792 rationem,
3591 1725 3639 1778 si
3685 1727 3790 1780 hoc

2191 1821 2340 1885 putat
2371 1821 2492 1884 post
2523 1821 2600 1868 tot
2649 1814 3046 1884 prohibitiones
3093 1814 3310 1883 impune
3355 1829 3515 1884 posse
3565 1814 3785 1868 tentari.

2193 1902 2544 1956 Contumelia
2587 1903 2731 1956 enim
2777 1903 2953 1957 studio
2991 1901 3066 1970 fit,
3119 1902 3378 1973 quidquid
3441 1901 3802 1956 interdictum

2195 1990 2354 2046 toties
2385 1997 2692 2059 usurpatur.
2731 2011 2753 2040 ››
2799 1990 2866 2044 Et
2915 1990 2970 2044 S.
3024 1989 3348 2044 Ccelestinus
3395 1991 3582 2061 (epist.
3637 1990 3786 2058 lt):

2199 2099 2220 2128 π
2258 2077 2394 2145 Quae
2423 2077 2564 2131 enim
2593 2095 2622 2130 a
2651 2078 2808 2132 nobis
2839 2093 2928 2132 res
2958 2078 3125 2148 digna
3153 2077 3478 2142 servabitur,
3512 2077 3559 2130 si
3589 2079 3788 2132 decre-

2195 2166 2383 2220 talium
2413 2181 2602 2220 norma
2647 2165 3080 2230 constitutorum,
3125 2181 3223 2235 pro
3261 2165 3564 2234 aliquorum
3607 2165 3786 2228 libitu,

2195 2253 2408 2308 licentia
2431 2253 2643 2323 pOpulis
2660 2253 2926 2322 permissa
2945 2252 3222 2325 frangatur
3236 2253 3264 2306 ?
3291 2277 3312 2300 ι»
3331 2253 3400 2306 Et
3419 2253 3544 2306 item
3567 2253 3757 2320 tIibid.)
3777 2269 3791 2306 :

2203 2363 2224 2391 α
2260 2341 2392 2410 Qum
2421 2341 2564 2396 enim
2595 2339 2707 2394 sola
2737 2341 3122 2395 admonitionis
3152 2341 3470 2395 auctoritate
3507 2355 3618 2393 non
3659 2355 3790 2396 cor-

2199 2429 2444 2499 rigimus,
2461 2445 2685 2483 necesse
2703 2437 2782 2482 est
2803 2445 2900 2498 per
2920 2429 3259 2484 severitatem
3281 2435 3680 2499 congruentem
3703 2445 3794 2483 re-

2199 2517 2341 2586 gulis
2369 2517 2722 2571 vindicamus.
2750 2538 2771 2566 »
2795 2517 2864 2570 Et
2885 2517 3034 2586 (Leo,
3059 2533 3144 2589 ep.
3173 2521 3224 2584 t)
3251 2534 3263 2570 :
3289 2538 3310 2565 α
3337 2517 3463 2570 Ideo
3483 2517 3668 2570 omnia
3695 2517 3794 2572 de-

2199 2604 2418 2659 eretalia
2451 2605 2735 2659 constituta
2761 2613 2874 2660 tam
2904 2605 3076 2660 beatae
3107 2603 3490 2660 recordationis
3521 2605 3795 2659 Innocen-

2199 2692 2276 2760 tii,
2308 2708 2472 2764 quam
2499 2693 2738 2748 omnium
2767 2693 3122 2749 decessorum
3167 2700 3476 2747 nostrorum
3534 2709 3660 2762 qua;
3723 2693 3793 2748 de

2201 2781 2930 2850 ecclesiasticis‘ordinibus,
2999 2789 3070 2842 et,
3148 2797 3414 2836 canonum
3443 2781 3792 2851 promulgata

2202 2877 2326 2922 sunt
2353 2868 2676 2938 disciplinis,
2713 2869 2788 2924 ita
2843 2884 2877 2922 a
2934 2877 3116 2924 vestra
3173 2869 3461 2942 dilectione
3521 2868 3796 2923 custodiri

2201 2957 2402 3010 debere
2431 2955 2753 3010 mandamus
2785 2975 2797 3010 :
2829 2965 2902 3022 ut,
2951 2956 2998 3010 si
3041 2957 3160 3028 quis
3207 2957 3260 3010 in
3303 2957 3395 3010 illa
3431 2956 3794 3022 commiserit,

2199 3044 2410 3098 veniam
2438 3044 2539 3098 sibi
2565 3045 2823 3115 deinceps
2853 3045 3060 3100 noverit
3081 3045 3364 3116 denegari.
3405 3065 3425 3093 ι
3449 3045 3514 3098 Et
3533 3044 3793 3100 Gelasius

2198 3149 2282 3204 ep.
2316 3133 2405 3202 tl)
2436 3151 2448 3187 :
2485 3156 2506 3180 «
2545 3133 2683 3187 Satis
2715 3133 2996 3205 indignum
3027 3141 3126 3199 est,
3161 3149 3486 3206 quemquam
3517 3131 3604 3187 vel
3647 3149 3794 3202 pon-

2195 3219 2413 3285 tificem,
2454 3221 2541 3276 vel
2587 3222 2840 3276 ordinum
2889 3222 3354 3292 subsequentium,
3406 3223 3545 3276 hanc
3587 3221 3792 3276 obser-

2196 3309 2428 3362 vantiam
2459 3309 2712 3375 refutare,
2747 3326 2907 3380 quam
2935 3311 2992 3364 B.
3027 3309 3172 3364 Petri
3202 3309 3387 3363 sedem
3419 3309 3597 3364 videat
3645 3310 3794 3364 edo-

2195 3412 2318 3452 cere
2351 3415 2363 3450 :
2398 3397 2639 3468 satisque
2667 3397 2996 3452 conveniens
3027 3398 3113 3464 sit,
3145 3405 3201 3451 ut
3229 3405 3391 3452 totum
3423 3413 3626 3468 corpus
3673 3399 3794 3454 Ec-

2194 3484 2376 3540 clesiae
2405 3485 2458 3538 in
2487 3485 2586 3540 hac
2617 3485 2830 3540 sibimet
2859 3485 3241 3540 observatione
3271 3485 3584 3548 concordet,
3621 3501 3794 3556 quam

2193 3573 2301 3627 illic
2333 3573 2521 3645 vigere
2549 3573 2864 3643 conspiciat,
2900 3573 2990 3627 ubi
3019 3573 3281 3628 Dominus
3313 3573 3574 3628 Ecclesia:
3620 3575 3796 3628 totius

2191 3661 2371 3730 posuit
2401 3661 2781 3731 principatum.
2818 3681 2839 3710 ι
2873 3662 2944 3716 Et
2999 3661 3175 3716 item:
3239 3683 3260 3710 α
3323 3661 3444 3716 Non
3497 3677 3637 3730 Opus
3695 3661 3798 3716 fuit

2191 3764 2332 3802 nova
2363 3749 2610 3818 synodo;
2640 3765 2766 3804 cum
2793 3749 2990 3804 veteris
3020 3749 3294 3804 constituti
3323 3748 3651 3804 sufﬁcienter
3669 3749 3798 3805 haec

2191 3835 2358 3890 forma
2388 3837 2785 3906 praescriberet.
2816 3857 2837 3886 ι
2873 3837 3118 3892 Etitem:
3162 3859 3184 3888 ε
3231 3837 3524 3908 Nunquam
3553 3837 3799 3893 cessisse

2189 3924 2533 3978 manifestum
2583 3933 2685 3990 est,
2731 3925 2970 3995 qualibet
3017 3925 3344 3980 necessitate
3391 3933 3644 3996 cogente,
3693 3941 3798 3980 no-

2191 4013 2343 4078 viter,
2377 4029 2497 4084 quae
2527 4011 2745 4068 fuerant
2777 4013 3391 4082 salubriterconstituta,
3412 4021 3738 4069 temerasse.
3769 4035 3792 4062 ι

2187 4101 2254 4154 Et
2282 4101 2337 4154 S.
2374 4100 2671 4170 Gregorius
2702 4102 2770 4155 ad
2793 4101 3046 4171 Sergium
3066 4101 3411 4157 defensorem
3433 4103 3625 4173 (epist.
3659 4103 3760 4172 10)
3783 4119 3798 4156 :

2190 4211 2212 4234 ι
2245 4187 2300 4242 Si
2347 4189 2509 4242 homo
2566 4205 2738 4254 esses,
2789 4197 2876 4242 aut
2925 4190 3162 4259 aliquam
3207 4189 3599 4245 districtionem
3648 4189 3784 4260 [al.,

2196 4275 2600 4348 discretionem]
2659 4277 2961 4342 habuisses,
3019 4277 3090 4330 ita
3147 4277 3409 4349 regularis
3487 4277 3802 4346 disciplinae

491 4359 640 4414 loces
669 4360 837 4430 pedes
885 4361 953 4414 ad
1005 4360 1390 4416 effundendum
1450 4364 1772 4436 sanguinem
1827 4380 1934 4419 non
1992 4367 2092 4418 ha-
2123 4355 2482 4418 Ddebuisses
2510 4372 2690 4418 custos
2719 4365 2972 4430 existere,
3029 4373 3087 4418 ut
3143 4381 3204 4418 ea
3260 4381 3380 4436 quae
3437 4364 3548 4419 illic
3603 4365 3802 4420 illicita

492 4447 642 4514 bere,
677 4449 894 4518 quando
926 4449 1027 4502 sibi
1058 4450 1216 4504 etiam
1251 4451 1548 4506 remedium
1593 4461 1886 4523 cognoscat
1935 4453 2092 4506 obla-

495 4543 626 4589 tum.
668 4559 689 4582 ιι
715 4537 782 4590 Et
811 4537 926 4591 haec
957 4537 1077 4592 dico
1109 4554 1217 4592 non
1245 4539 1606 4608 praejudicans
1637 4549 1830 4594 vestrae
1878 4541 2090 4595 delibe-

491 4623 705 4688 rationi,
735 4633 916 4678 utrum
939 4625 1091 4692 juxta
1121 4627 1234 4680 haec
1268 4627 1321 4679 Β.
1366 4627 1642 4681 leestini
1695 4629 1859 4682 verba
1925 4645 2088 4684 vera-

492 4711 626 4766 citer
655 4727 1075 4782 recognoscens,
1109 4721 1162 4768 et
1193 4714 1466 4768 humiliter
1495 4716 1820 4785 supplicans,
1840 4716 2048 4772 absolvi
2072 4736 2085 4782 ;

491 4813 560 4852 an
591 4815 687 4868 pro
718 4807 828 4853 tam
859 4800 1066 4854 diutina
1112 4801 1372 4872 pertinaci
1411 4801 1466 4856 in
1511 4811 1818 4873 contemptu
1866 4812 2086 4859 sancta-

491 4901 610 4938 rum
636 4887 946 4957 regularum
997 4889 1375 4958 permansione
1419 4890 1616 4945 debeat
1659 4891 1898 4959 percelli.
1947 4891 2086 4958 Quia

491 4971 632 5028 sicut
669 4989 702 5026 a
749 4975 955 5044 regulis
1003 4977 1317 5044 praestitutis
1359 4977 1426 5032 de
1474 4977 1638 5033 certis
1686 4987 1740 5033 et
1785 4977 2085 5034 manifestis

485 5060 665 5115 causis
697 5077 820 5130 quae
851 5061 904 5115 in
951 5063 1099 5118 nullo
1137 5065 1293 5119 nobis
1339 5074 1461 5118 sunt
1507 5066 1671 5120 dubia
1717 5066 1802 5120 vel
1851 5067 2085 5122 obscura

485 5148 630 5202 nulla
685 5155 778 5202 aut
835 5150 1167 5222 negligentia
1225 5161 1316 5206 aut
1361 5153 1775 5222 praesumptione
1821 5154 2082 5208 debemus

481 5235 787 5300 discedere,
821 5237 958 5292 sicut
980 5239 1087 5292 Leo
1117 5239 1186 5292 ad
1217 5240 1556 5294 Anastasium
1589 5241 1838 5295 scribens
1886 5243 2075 5312 (epist.

483 5323 571 5390 84)
603 5324 847 5379 decrevit
880 5341 892 5378 :
923 5325 998 5378 ita
1027 5325 1094 5380 de
1143 5326 1342 5396 quibus
1393 5327 1700 5382 diffinitivas
1760 5329 2074 5394 sententias,

482 5425 602 5480 qua:
633 5411 776 5464 nulla
805 5421 1032 5484 possunt
1081 5413 1284 5470 ratione
1340 5415 1589 5480 convelli,
1623 5430 1656 5468 a
1711 5415 1914 5472 sanctis
1967 5417 2076 5474 Pa-

2191 4449 2617 4516 committuntur,
2676 4459 2799 4505 ante
2855 4451 3090 4505 vindicta
3146 4451 3466 4522 corrigeret,
3525 4467 3692 4522 quam
3727 4453 3800 4506 ad

2189 4553 2290 4592 nos
2325 4553 2512 4592 eorum
2545 4538 2768 4592 nuntius
2821 4539 3148 4608 perveniret.
3187 4560 3208 4588 »
3269 4539 3334 4593 Et
3391 4547 3512 4608 post
3569 4555 3797 4608 pauca:

2193 4647 2215 4674 «
2251 4626 2390 4679 Nam
2421 4626 2468 4679 si
2496 4625 2738 4696 quolibet
2769 4627 2932 4680 modo
2963 4627 3018 4680 in
3059 4628 3160 4682 hac
3213 4642 3272 4680 re
3331 4627 3643 4697 negligens,
3707 4628 3798 4682 vel

2187 4713 2364 4768 lentus
2392 4714 2680 4781 exstiteris,
2713 4713 2788 4768 ita
2825 4715 2880 4768 in
2907 4722 2960 4769 te
3007 4713 3414 4770 districtissime
3435 4715 3658 4768 noveris
3673 4716 3802 4769 vin-

2187 4801 2496 4865 dicandum,
2529 4809 2585 4856 ut
2616 4802 2761 4872 quod
2791 4818 2856 4856 ex
2905 4809 2957 4857 te
3004 4801 3203 4869 nescis,
3253 4819 3418 4873 pmna
3465 4803 3650 4872 possis
3699 4819 3798 4858 se-

2186 4895 2341 4942 cante
2399 4887 2519 4959 [al.,
2583 4889 2885 4960 reserante]
2943 4905 3360 4960 cognoscere.»
3421 4891 3486 4943 Et
3555 4890 3799 4945 domnus

2185 4975 2453 5030 Adrianus
2483 4991 2624 5046 papa
2655 4976 2710 5030 in
2741 4977 2985 5046 epistola,
3012 4977 3152 5032 sicut
3182 4977 3426 5043 audistis,
3475 4979 3802 5048 nuperrime

2183 5063 2390 5118 directa
2424 5081 2437 5117 :
2477 5085 2498 5114 ι
2537 5063 2818 5133 Fidelium,
2849 5065 3040 5134 inquit,
3095 5065 3351 5120 relatione
3397 5066 3794 5134 comperimus,

2182 5150 2329 5220 quod
2359 5159 2450 5205 tua
2481 5150 2787 5206 fraternitas
2819 5151 3060 5208 debitum
3111 5151 3357 5226 vigorem
3402 5153 3456 5206 in
3503 5154 3800 5222 provincia

2181 5238 2472 5293 Rbemensi
2503 5255 2611 5294 non
2642 5240 2877 5310 agitans,
2908 5241 3077 5294 multa
3105 5240 3532 5310 reprehensione
3566 5241 3792 5312 dignis-

2182 5325 2316 5378 sima
2345 5343 2375 5378 a
2405 5325 2509 5379 tuis
2558 5327 3104 5396 comprovincialibus
3158 5327 3561 5382 convalescant.
3615 5329 3792 5395 Cujus

2178 5425 2256 5478 rei
2287 5426 2456 5498 gratia
2487 5427 2873 5498 negligentiam
2904 5435 3138 5484 vestram
3167 5427 3252 5484 his
3281 5425 3595 5500 apostolicis
3645 5425 3792 5482 aifa-
