  <div class='ocr_page' id='page_1' title='image "/cluster/home/n/w/nwhite01/storage/ocr_20150623/126/hvd.32044052819513/322.png"; bbox 0 0 4020 6178; ppageno 0'>
   <div class='ocr_carea' id='block_1_1' title="bbox 250 205 365 259">
    <p class='ocr_par' dir='ltr' id='par_1_1' title="bbox 250 205 365 259">
     <span class='ocr_line' id='line_1_1' title="bbox 250 205 365 259; baseline 0.017 -2"><span class='ocrx_word' id='word_1_1' title='bbox 250 205 365 259; x_wconf 83' lang='lat'><strong>633</strong></span> 
     </span>
    </p>
   </div>
   <div class='ocr_carea' id='block_1_2' title="bbox 995 199 2807 268">
    <p class='ocr_par' dir='ltr' id='par_1_2' title="bbox 995 199 2807 268">
     <span class='ocr_line' id='line_1_2' title="bbox 995 199 2807 268; baseline 0 -10"><span class='ocrx_word' id='word_1_2' title='bbox 995 201 1237 260; x_wconf 89' lang='lat' dir='ltr'><strong>OPUSC.</strong></span> <span class='ocrx_word' id='word_1_3' title='bbox 1278 203 1369 258; x_wconf 85' lang='lat' dir='ltr'><strong>ET</strong></span> <span class='ocrx_word' id='word_1_4' title='bbox 1428 202 1643 258; x_wconf 84' lang='lat' dir='ltr'><strong>EPIST.</strong></span> <span class='ocrx_word' id='word_1_5' title='bbox 1697 201 1773 256; x_wconf 91' lang='lat' dir='ltr'><strong>IN</strong></span> <span class='ocrx_word' id='word_1_6' title='bbox 1825 200 2051 259; x_wconf 84' lang='lat' dir='ltr'><strong>CAUSA</strong></span> <span class='ocrx_word' id='word_1_7' title='bbox 2109 199 2453 257; x_wconf 82' lang='lat' dir='ltr'><strong>HINCMARI</strong></span> <span class='ocrx_word' id='word_1_8' title='bbox 2500 201 2807 268; x_wconf 86' lang='lat' dir='ltr'><strong>LAUDUN,</strong></span> 
     </span>
    </p>
   </div>
   <div class='ocr_carea' id='block_1_3' title="bbox 3460 208 3562 263">
    <p class='ocr_par' dir='ltr' id='par_1_3' title="bbox 3460 208 3562 263">
     <span class='ocr_line' id='line_1_3' title="bbox 3460 208 3562 263; baseline 0.029 -3"><span class='ocrx_word' id='word_1_9' title='bbox 3460 208 3562 263; x_wconf 73' lang='grc'><strong>634</strong></span> 
     </span>
    </p>
   </div>
   <div class='ocr_carea' id='block_1_4' title="bbox 260 311 3562 400">
    <p class='ocr_par' dir='ltr' id='par_1_4' title="bbox 260 311 3562 400">
     <span class='ocr_line' id='line_1_4' title="bbox 260 311 3562 400; baseline -0.002 -11"><span class='ocrx_word' id='word_1_10' title='bbox 260 334 415 389; x_wconf 88' lang='lat' dir='ltr'><strong>tibus</strong></span> <span class='ocrx_word' id='word_1_11' title='bbox 442 329 758 397; x_wconf 85' lang='lat' dir='ltr'><strong>excitamus,</strong></span> <span class='ocrx_word' id='word_1_12' title='bbox 798 335 855 384; x_wconf 89' lang='lat' dir='ltr'><strong>ut</strong></span> <span class='ocrx_word' id='word_1_13' title='bbox 903 328 1203 384; x_wconf 90' lang='lat' dir='ltr'><strong>secundum</strong></span> <span class='ocrx_word' id='word_1_14' title='bbox 1233 327 1671 383; x_wconf 89' lang='lat' dir='ltr'><strong>venerandorum</strong></span> <span class='ocrx_word' id='word_1_15' title='bbox 1701 340 1865 382; x_wconf 89' lang='lat' dir='ltr'><strong>cano-</strong></span> <span class='ocrx_word' id='word_1_16' title='bbox 1893 325 1950 386; x_wconf 85' lang='lat' dir='ltr'><strong>A</strong></span> <span class='ocrx_word' id='word_1_17' title='bbox 1968 332 2020 379; x_wconf 88' lang='lat' dir='ltr'><strong>et</strong></span> <span class='ocrx_word' id='word_1_18' title='bbox 2049 325 2266 380; x_wconf 79' lang='lat' dir='ltr'><strong>retinet.</strong></span> <span class='ocrx_word' id='word_1_19' title='bbox 2304 348 2326 373; x_wconf 68' lang='grc' dir='ltr'><strong><em>υ</em></strong></span> <span class='ocrx_word' id='word_1_20' title='bbox 2379 324 2556 394; x_wconf 86' lang='lat' dir='ltr'><strong>Quam</strong></span> <span class='ocrx_word' id='word_1_21' title='bbox 2608 324 2877 396; x_wconf 84' lang='lat' dir='ltr'><strong>synodum</strong></span> <span class='ocrx_word' id='word_1_22' title='bbox 2925 311 3306 384; x_wconf 88' lang='lat' dir='ltr'><strong>Sardicensem</strong></span> <span class='ocrx_word' id='word_1_23' title='bbox 3335 338 3562 400; x_wconf 89' lang='lat' dir='ltr'><strong>aposto-</strong></span> 
     </span>
    </p>
   </div>
   <div class='ocr_carea' id='block_1_5' title="bbox 252 413 1879 491">
    <p class='ocr_par' dir='ltr' id='par_1_5' title="bbox 252 413 1879 491">
     <span class='ocr_line' id='line_1_5' title="bbox 252 413 1879 491; baseline -0.006 -15"><span class='ocrx_word' id='word_1_24' title='bbox 252 437 396 476; x_wconf 89' lang='lat' dir='ltr'><strong>num</strong></span> <span class='ocrx_word' id='word_1_25' title='bbox 424 418 670 491; x_wconf 90' lang='lat' dir='ltr'><strong>regulas,</strong></span> <span class='ocrx_word' id='word_1_26' title='bbox 703 417 776 470; x_wconf 88' lang='lat' dir='ltr'><strong>ita</strong></span> <span class='ocrx_word' id='word_1_27' title='bbox 802 417 1042 471; x_wconf 91' lang='lat' dir='ltr'><strong>omnium</strong></span> <span class='ocrx_word' id='word_1_28' title='bbox 1074 416 1315 471; x_wconf 92' lang='lat' dir='ltr'><strong>omnimo</strong></span> <span class='ocrx_word' id='word_1_29' title='bbox 1336 413 1879 485; x_wconf 85' lang='lat' dir='ltr'><strong>comprovincialium</strong></span> 
     </span>
    </p>
   </div>
   <div class='ocr_carea' id='block_1_6' title="bbox 248 501 1873 576">
    <p class='ocr_par' dir='ltr' id='par_1_6' title="bbox 248 501 1873 576">
     <span class='ocr_line' id='line_1_6' title="bbox 248 501 1873 576; baseline -0.003 -14"><span class='ocrx_word' id='word_1_30' title='bbox 248 516 477 563; x_wconf 84' lang='lat' dir='ltr'><strong>tuorum</strong></span> <span class='ocrx_word' id='word_1_31' title='bbox 508 504 790 576; x_wconf 80' lang='lat' dir='ltr'><strong>synodica,</strong></span> <span class='ocrx_word' id='word_1_32' title='bbox 822 504 971 559; x_wconf 83' lang='lat' dir='ltr'><strong>salvo</strong></span> <span class='ocrx_word' id='word_1_33' title='bbox 1022 512 1229 559; x_wconf 86' lang='lat' dir='ltr'><strong>sancta</strong></span> <span class='ocrx_word' id='word_1_34' title='bbox 1287 504 1547 558; x_wconf 84' lang='lat' dir='ltr'><strong>Romana</strong></span> <span class='ocrx_word' id='word_1_35' title='bbox 1601 501 1873 558; x_wconf 86' lang='lat' dir='ltr'><strong>Ecclesia</strong></span> 
     </span>
    </p>
   </div>
   <div class='ocr_carea' id='block_1_7' title="bbox 251 591 1871 667">
    <p class='ocr_par' dir='ltr' id='par_1_7' title="bbox 251 591 1871 667">
     <span class='ocr_line' id='line_1_7' title="bbox 251 591 1871 667; baseline -0.004 -17"><span class='ocrx_word' id='word_1_36' title='bbox 251 594 572 667; x_wconf 84' lang='lat' dir='ltr'><strong>privilegio,</strong></span> <span class='ocrx_word' id='word_1_37' title='bbox 608 608 828 647; x_wconf 86' lang='lat' dir='ltr'><strong>reseces</strong></span> <span class='ocrx_word' id='word_1_38' title='bbox 857 591 1003 659; x_wconf 87' lang='lat' dir='ltr'><strong>vitia,</strong></span> <span class='ocrx_word' id='word_1_39' title='bbox 1037 599 1094 645; x_wconf 90' lang='lat' dir='ltr'><strong>ut</strong></span> <span class='ocrx_word' id='word_1_40' title='bbox 1116 591 1390 663; x_wconf 85' lang='lat' dir='ltr'><strong>privilegii</strong></span> <span class='ocrx_word' id='word_1_41' title='bbox 1418 591 1494 645; x_wconf 90' lang='lat' dir='ltr'><strong>tui</strong></span> <span class='ocrx_word' id='word_1_42' title='bbox 1514 605 1694 646; x_wconf 88' lang='lat' dir='ltr'><strong>coram</strong></span> <span class='ocrx_word' id='word_1_43' title='bbox 1733 591 1871 651; x_wconf 83' lang='lat' dir='ltr'><strong>Deo,</strong></span> 
     </span>
    </p>
   </div>
   <div class='ocr_carea' id='block_1_8' title="bbox 258 679 1869 753">
    <p class='ocr_par' dir='ltr' id='par_1_8' title="bbox 258 679 1869 753">
     <span class='ocr_line' id='line_1_8' title="bbox 258 679 1869 753; baseline -0.006 -16"><span class='ocrx_word' id='word_1_44' title='bbox 258 690 565 753; x_wconf 91' lang='lat' dir='ltr'><strong>nostroque</strong></span> <span class='ocrx_word' id='word_1_45' title='bbox 587 680 793 748; x_wconf 89' lang='lat' dir='ltr'><strong>judicio</strong></span> <span class='ocrx_word' id='word_1_46' title='bbox 822 694 931 734; x_wconf 87' lang='lat' dir='ltr'><strong>non</strong></span> <span class='ocrx_word' id='word_1_47' title='bbox 947 680 1210 735; x_wconf 88' lang='lat' dir='ltr'><strong>merearis</strong></span> <span class='ocrx_word' id='word_1_48' title='bbox 1233 679 1505 734; x_wconf 89' lang='lat' dir='ltr'><strong>sustinere</strong></span> <span class='ocrx_word' id='word_1_49' title='bbox 1518 680 1810 748; x_wconf 90' lang='lat' dir='ltr'><strong>jacturam.</strong></span> <span class='ocrx_word' id='word_1_50' title='bbox 1846 698 1869 727; x_wconf 77' lang='grc' dir='ltr'><strong>ι</strong></span> 
     </span>
    </p>
   </div>
   <div class='ocr_carea' id='block_1_9' title="bbox 254 766 1873 840">
    <p class='ocr_par' dir='ltr' id='par_1_9' title="bbox 254 766 1873 840">
     <span class='ocr_line' id='line_1_9' title="bbox 254 766 1873 840; baseline -0.002 -15"><span class='ocrx_word' id='word_1_51' title='bbox 254 773 330 826; x_wconf 88' lang='lat' dir='ltr'><strong>Et</strong></span> <span class='ocrx_word' id='word_1_52' title='bbox 380 769 508 840; x_wconf 89' lang='lat' dir='ltr'><strong>quia</strong></span> <span class='ocrx_word' id='word_1_53' title='bbox 553 766 722 822; x_wconf 79' lang='lat' dir='ltr'><strong>frater</strong></span> <span class='ocrx_word' id='word_1_54' title='bbox 770 766 1095 822; x_wconf 84' lang='lat' dir='ltr'><strong>Hincmarus</strong></span> <span class='ocrx_word' id='word_1_55' title='bbox 1145 782 1290 839; x_wconf 85' lang='lat' dir='ltr'><strong>sape</strong></span> <span class='ocrx_word' id='word_1_56' title='bbox 1334 782 1445 821; x_wconf 92' lang='lat' dir='ltr'><strong>non</strong></span> <span class='ocrx_word' id='word_1_57' title='bbox 1497 768 1553 821; x_wconf 91' lang='lat' dir='ltr'><strong>in</strong></span> <span class='ocrx_word' id='word_1_58' title='bbox 1611 766 1873 822; x_wconf 90' lang='lat' dir='ltr'><strong>canonico</strong></span> 
     </span>
    </p>
   </div>
   <div class='ocr_carea' id='block_1_10' title="bbox 248 854 1871 928">
    <p class='ocr_par' dir='ltr' id='par_1_10' title="bbox 248 854 1871 928">
     <span class='ocr_line' id='line_1_10' title="bbox 248 854 1871 928; baseline -0.002 -16"><span class='ocrx_word' id='word_1_59' title='bbox 248 857 484 928; x_wconf 88' lang='lat' dir='ltr'><strong>judicio,</strong></span> <span class='ocrx_word' id='word_1_60' title='bbox 519 870 622 911; x_wconf 90' lang='lat' dir='ltr'><strong>nec</strong></span> <span class='ocrx_word' id='word_1_61' title='bbox 656 870 759 925; x_wconf 92' lang='lat' dir='ltr'><strong>pro</strong></span> <span class='ocrx_word' id='word_1_62' title='bbox 805 855 970 910; x_wconf 88' lang='lat' dir='ltr'><strong>certis</strong></span> <span class='ocrx_word' id='word_1_63' title='bbox 1012 855 1216 924; x_wconf 86' lang='lat' dir='ltr'><strong>causis,</strong></span> <span class='ocrx_word' id='word_1_64' title='bbox 1266 854 1364 909; x_wconf 90' lang='lat' dir='ltr'><strong>sed</strong></span> <span class='ocrx_word' id='word_1_65' title='bbox 1413 869 1513 925; x_wconf 87' lang='lat' dir='ltr'><strong>pro</strong></span> <span class='ocrx_word' id='word_1_66' title='bbox 1563 854 1731 908; x_wconf 88' lang='lat' dir='ltr'><strong>animi</strong></span> <span class='ocrx_word' id='word_1_67' title='bbox 1788 854 1871 909; x_wconf 91' lang='lat' dir='ltr'><strong>sui</strong></span> 
     </span>
    </p>
   </div>
   <div class='ocr_carea' id='block_1_11' title="bbox 255 942 1859 1014">
    <p class='ocr_par' dir='ltr' id='par_1_11' title="bbox 255 942 1859 1014">
     <span class='ocr_line' id='line_1_11' title="bbox 255 942 1859 1014; baseline -0.002 -15"><span class='ocrx_word' id='word_1_68' title='bbox 255 944 506 1000; x_wconf 87' lang='lat' dir='ltr'><strong>motibus</strong></span> <span class='ocrx_word' id='word_1_69' title='bbox 533 942 914 1014; x_wconf 85' lang='lat' dir='ltr'><strong>irregulariter</strong></span> <span class='ocrx_word' id='word_1_70' title='bbox 939 942 1126 997; x_wconf 89' lang='lat' dir='ltr'><strong>sedem</strong></span> <span class='ocrx_word' id='word_1_71' title='bbox 1157 942 1512 1014; x_wconf 73' lang='lat' dir='ltr'><strong>apostolicam</strong></span> <span class='ocrx_word' id='word_1_72' title='bbox 1542 942 1859 1013; x_wconf 71' lang='lat' dir='ltr'><strong>appellavit,</strong></span> 
     </span>
    </p>
   </div>
   <div class='ocr_carea' id='block_1_12' title="bbox 260 1030 1867 1103">
    <p class='ocr_par' dir='ltr' id='par_1_12' title="bbox 260 1030 1867 1103">
     <span class='ocr_line' id='line_1_12' title="bbox 260 1030 1867 1103; baseline -0.002 -15"><span class='ocrx_word' id='word_1_73' title='bbox 260 1043 318 1088; x_wconf 91' lang='lat' dir='ltr'><strong>et</strong></span> <span class='ocrx_word' id='word_1_74' title='bbox 354 1031 620 1103; x_wconf 85' lang='lat' dir='ltr'><strong>prosequi</strong></span> <span class='ocrx_word' id='word_1_75' title='bbox 643 1031 1063 1101; x_wconf 75' lang='lat' dir='ltr'><strong>appellationem</strong></span> <span class='ocrx_word' id='word_1_76' title='bbox 1088 1046 1260 1097; x_wconf 92' lang='lat' dir='ltr'><strong>suam,</strong></span> <span class='ocrx_word' id='word_1_77' title='bbox 1292 1031 1455 1085; x_wconf 89' lang='lat' dir='ltr'><strong>etiam</strong></span> <span class='ocrx_word' id='word_1_78' title='bbox 1497 1030 1867 1103; x_wconf 87' lang='lat' dir='ltr'><strong>irregularem</strong></span> 
     </span>
    </p>
   </div>
   <div class='ocr_carea' id='block_1_13' title="bbox 266 1118 1872 1193">
    <p class='ocr_par' dir='ltr' id='par_1_13' title="bbox 266 1118 1872 1193">
     <span class='ocr_line' id='line_1_13' title="bbox 266 1118 1872 1193; baseline -0.001 -18"><span class='ocrx_word' id='word_1_79' title='bbox 266 1120 515 1193; x_wconf 80' lang='lat' dir='ltr'><strong>neglexit</strong></span> <span class='ocrx_word' id='word_1_80' title='bbox 545 1136 559 1173; x_wconf 90' lang='lat'>:</span> <span class='ocrx_word' id='word_1_81' title='bbox 602 1119 647 1174; x_wconf 91' lang='lat' dir='ltr'><strong>si</strong></span> <span class='ocrx_word' id='word_1_82' title='bbox 668 1118 997 1190; x_wconf 80' lang='lat' dir='ltr'><strong>regulariter</strong></span> <span class='ocrx_word' id='word_1_83' title='bbox 1025 1134 1167 1174; x_wconf 91' lang='lat' dir='ltr'><strong>nunc</strong></span> <span class='ocrx_word' id='word_1_84' title='bbox 1200 1119 1477 1189; x_wconf 87' lang='lat' dir='ltr'><strong>appellare</strong></span> <span class='ocrx_word' id='word_1_85' title='bbox 1507 1118 1756 1188; x_wconf 88' lang='lat' dir='ltr'><strong>voluerit,</strong></span> <span class='ocrx_word' id='word_1_86' title='bbox 1790 1118 1872 1173; x_wconf 87' lang='lat' dir='ltr'><strong>sic</strong></span> 
     </span>
    </p>
   </div>
   <div class='ocr_carea' id='block_1_14' title="bbox 260 1207 1870 1278">
    <p class='ocr_par' dir='ltr' id='par_1_14' title="bbox 260 1207 1870 1278">
     <span class='ocr_line' id='line_1_14' title="bbox 260 1207 1870 1278; baseline -0.002 -15"><span class='ocrx_word' id='word_1_87' title='bbox 260 1209 540 1264; x_wconf 86' lang='lat' dir='ltr'><strong>submisse</strong></span> <span class='ocrx_word' id='word_1_88' title='bbox 569 1214 623 1262; x_wconf 89' lang='lat' dir='ltr'><strong>et</strong></span> <span class='ocrx_word' id='word_1_89' title='bbox 653 1214 955 1277; x_wconf 83' lang='lat' dir='ltr'><strong>temperate</strong></span> <span class='ocrx_word' id='word_1_90' title='bbox 984 1207 1169 1278; x_wconf 89' lang='lat' dir='ltr'><strong>legum</strong></span> <span class='ocrx_word' id='word_1_91' title='bbox 1197 1215 1251 1262; x_wconf 90' lang='lat' dir='ltr'><strong>et</strong></span> <span class='ocrx_word' id='word_1_92' title='bbox 1296 1221 1565 1262; x_wconf 89' lang='lat' dir='ltr'><strong>canonum</strong></span> <span class='ocrx_word' id='word_1_93' title='bbox 1624 1212 1747 1260; x_wconf 92' lang='lat' dir='ltr'><strong>sunt</strong></span> <span class='ocrx_word' id='word_1_94' title='bbox 1777 1221 1870 1261; x_wconf 89' lang='lat' dir='ltr'><strong>ex-</strong></span> 
     </span>
    </p>
   </div>
   <div class='ocr_carea' id='block_1_15' title="bbox 264 1293 1868 1368">
    <p class='ocr_par' dir='ltr' id='par_1_15' title="bbox 264 1293 1868 1368">
     <span class='ocr_line' id='line_1_15' title="bbox 264 1293 1868 1368; baseline -0.001 -16"><span class='ocrx_word' id='word_1_95' title='bbox 264 1295 571 1368; x_wconf 86' lang='lat' dir='ltr'><strong>sequenda</strong></span> <span class='ocrx_word' id='word_1_96' title='bbox 600 1294 902 1361; x_wconf 89' lang='lat' dir='ltr'><strong>sententia,</strong></span> <span class='ocrx_word' id='word_1_97' title='bbox 935 1303 994 1349; x_wconf 90' lang='lat' dir='ltr'><strong>ut</strong></span> <span class='ocrx_word' id='word_1_98' title='bbox 1021 1302 1073 1349; x_wconf 90' lang='lat' dir='ltr'><strong>et</strong></span> <span class='ocrx_word' id='word_1_99' title='bbox 1101 1295 1218 1365; x_wconf 92' lang='lat' dir='ltr'><strong>ipse</strong></span> <span class='ocrx_word' id='word_1_100' title='bbox 1246 1295 1500 1350; x_wconf 82' lang='lat' dir='ltr'><strong>comedat</strong></span> <span class='ocrx_word' id='word_1_101' title='bbox 1528 1294 1731 1349; x_wconf 89' lang='lat' dir='ltr'><strong>fructus</strong></span> <span class='ocrx_word' id='word_1_102' title='bbox 1762 1293 1868 1350; x_wconf 84' lang='lat' dir='ltr'><strong>via</strong></span> 
     </span>
    </p>
   </div>
   <div class='ocr_carea' id='block_1_16' title="bbox 254 1382 1870 1454">
    <p class='ocr_par' dir='ltr' id='par_1_16' title="bbox 254 1382 1870 1454">
     <span class='ocr_line' id='line_1_16' title="bbox 254 1382 1870 1454; baseline -0.001 -15"><span class='ocrx_word' id='word_1_103' title='bbox 254 1399 394 1449; x_wconf 87' lang='lat' dir='ltr'><strong>sua,</strong></span> <span class='ocrx_word' id='word_1_104' title='bbox 430 1383 656 1454; x_wconf 86' lang='lat' dir='ltr'><strong>suisque</strong></span> <span class='ocrx_word' id='word_1_105' title='bbox 686 1382 928 1438; x_wconf 89' lang='lat' dir='ltr'><strong>consiliis</strong></span> <span class='ocrx_word' id='word_1_106' title='bbox 958 1390 1247 1448; x_wconf 86' lang='lat' dir='ltr'><strong>saturetur,</strong></span> <span class='ocrx_word' id='word_1_107' title='bbox 1281 1391 1333 1437; x_wconf 89' lang='lat' dir='ltr'><strong>et</strong></span> <span class='ocrx_word' id='word_1_108' title='bbox 1361 1382 1522 1437; x_wconf 88' lang='lat' dir='ltr'><strong>sedes</strong></span> <span class='ocrx_word' id='word_1_109' title='bbox 1570 1382 1870 1452; x_wconf 88' lang='lat' dir='ltr'><strong>apostolica</strong></span> 
     </span>
    </p>
   </div>
   <div class='ocr_carea' id='block_1_17' title="bbox 256 1470 1868 1541">
    <p class='ocr_par' dir='ltr' id='par_1_17' title="bbox 256 1470 1868 1541">
     <span class='ocr_line' id='line_1_17' title="bbox 256 1470 1868 1541; baseline -0.001 -14"><span class='ocrx_word' id='word_1_110' title='bbox 256 1471 569 1528; x_wconf 89' lang='lat' dir='ltr'><strong>secundum</strong></span> <span class='ocrx_word' id='word_1_111' title='bbox 599 1485 788 1525; x_wconf 90' lang='lat' dir='ltr'><strong>sacros</strong></span> <span class='ocrx_word' id='word_1_112' title='bbox 816 1485 1071 1535; x_wconf 88' lang='lat' dir='ltr'><strong>canones,</strong></span> <span class='ocrx_word' id='word_1_113' title='bbox 1104 1479 1163 1525; x_wconf 91' lang='lat' dir='ltr'><strong>ut</strong></span> <span class='ocrx_word' id='word_1_114' title='bbox 1210 1470 1436 1541; x_wconf 90' lang='lat' dir='ltr'><strong>dignum</strong></span> <span class='ocrx_word' id='word_1_115' title='bbox 1484 1478 1585 1541; x_wconf 91' lang='lat' dir='ltr'><strong>est,</strong></span> <span class='ocrx_word' id='word_1_116' title='bbox 1629 1472 1868 1525; x_wconf 83' lang='lat' dir='ltr'><strong>honore-</strong></span> 
     </span>
    </p>
   </div>
   <div class='ocr_carea' id='block_1_18' title="bbox 254 1558 1871 1629">
    <p class='ocr_par' dir='ltr' id='par_1_18' title="bbox 254 1558 1871 1629">
     <span class='ocr_line' id='line_1_18' title="bbox 254 1558 1871 1629; baseline 0.001 -16"><span class='ocrx_word' id='word_1_117' title='bbox 254 1567 385 1625; x_wconf 88' lang='lat' dir='ltr'><strong>tur;</strong></span> <span class='ocrx_word' id='word_1_118' title='bbox 417 1565 474 1613; x_wconf 89' lang='lat' dir='ltr'><strong>et</strong></span> <span class='ocrx_word' id='word_1_119' title='bbox 503 1573 604 1613; x_wconf 92' lang='lat' dir='ltr'><strong>nos</strong></span> <span class='ocrx_word' id='word_1_120' title='bbox 640 1573 740 1629; x_wconf 91' lang='lat' dir='ltr'><strong>pro</strong></span> <span class='ocrx_word' id='word_1_121' title='bbox 769 1558 1124 1613; x_wconf 88' lang='lat' dir='ltr'><strong>dissolutione</strong></span> <span class='ocrx_word' id='word_1_122' title='bbox 1159 1558 1424 1629; x_wconf 78' lang='lat' dir='ltr'><strong>regularis</strong></span> <span class='ocrx_word' id='word_1_123' title='bbox 1454 1558 1757 1628; x_wconf 88' lang='lat' dir='ltr'><strong>disciplina</strong></span> <span class='ocrx_word' id='word_1_124' title='bbox 1788 1575 1871 1614; x_wconf 90' lang='lat' dir='ltr'><strong>re-</strong></span> 
     </span>
    </p>
   </div>
   <div class='ocr_carea' id='block_1_19' title="bbox 254 1646 1863 1719">
    <p class='ocr_par' dir='ltr' id='par_1_19' title="bbox 254 1646 1863 1719">
     <span class='ocr_line' id='line_1_19' title="bbox 254 1646 1863 1719; baseline 0 -18"><span class='ocrx_word' id='word_1_125' title='bbox 254 1647 459 1719; x_wconf 87' lang='lat' dir='ltr'><strong>dargui</strong></span> <span class='ocrx_word' id='word_1_126' title='bbox 489 1662 598 1702; x_wconf 93' lang='lat' dir='ltr'><strong>non</strong></span> <span class='ocrx_word' id='word_1_127' title='bbox 626 1661 957 1702; x_wconf 88' lang='lat' dir='ltr'><strong>mereamur.</strong></span> <span class='ocrx_word' id='word_1_128' title='bbox 986 1648 1126 1701; x_wconf 83' lang='lat' dir='ltr'><strong>Nam</strong></span> <span class='ocrx_word' id='word_1_129' title='bbox 1171 1646 1239 1701; x_wconf 91' lang='lat' dir='ltr'><strong>de</strong></span> <span class='ocrx_word' id='word_1_130' title='bbox 1301 1646 1665 1717; x_wconf 87' lang='lat' dir='ltr'><strong>appellatione</strong></span> <span class='ocrx_word' id='word_1_131' title='bbox 1715 1648 1863 1701; x_wconf 86' lang='lat' dir='ltr'><strong>Con-</strong></span> 
     </span>
    </p>
   </div>
   <div class='ocr_carea' id='block_1_20' title="bbox 262 1733 1853 1806">
    <p class='ocr_par' dir='ltr' id='par_1_20' title="bbox 262 1733 1853 1806">
     <span class='ocr_line' id='line_1_20' title="bbox 262 1733 1853 1806; baseline 0.001 -18"><span class='ocrx_word' id='word_1_132' title='bbox 262 1735 539 1789; x_wconf 87' lang='lat' dir='ltr'><strong>stantinus</strong></span> <span class='ocrx_word' id='word_1_133' title='bbox 585 1737 728 1806; x_wconf 78' lang='lat' dir='ltr'><strong>Aug.</strong></span> <span class='ocrx_word' id='word_1_134' title='bbox 770 1734 841 1789; x_wconf 91' lang='lat' dir='ltr'><strong>ad</strong></span> <span class='ocrx_word' id='word_1_135' title='bbox 858 1733 1161 1789; x_wconf 88' lang='lat' dir='ltr'><strong>Catulinum</strong></span> <span class='ocrx_word' id='word_1_136' title='bbox 1209 1734 1456 1789; x_wconf 87' lang='lat' dir='ltr'><strong>decrevit</strong></span> <span class='ocrx_word' id='word_1_137' title='bbox 1506 1735 1610 1790; x_wconf 88' lang='lat' dir='ltr'><strong>hoc</strong></span> <span class='ocrx_word' id='word_1_138' title='bbox 1659 1735 1853 1790; x_wconf 92' lang='lat' dir='ltr'><strong>modo.</strong></span> 
     </span>
    </p>
   </div>
   <div class='ocr_carea' id='block_1_21' title="bbox 260 1821 1870 1893">
    <p class='ocr_par' dir='ltr' id='par_1_21' title="bbox 260 1821 1870 1893">
     <span class='ocr_line' id='line_1_21' title="bbox 260 1821 1870 1893; baseline 0.004 -21"><span class='ocrx_word' id='word_1_139' title='bbox 260 1844 285 1872; x_wconf 70' lang='grc' dir='ltr'><strong>ι</strong></span> <span class='ocrx_word' id='word_1_140' title='bbox 327 1822 662 1878; x_wconf 76' lang='lat' dir='ltr'><strong>Moratorias‘</strong></span> <span class='ocrx_word' id='word_1_141' title='bbox 688 1821 994 1887; x_wconf 87' lang='lat' dir='ltr'><strong>dilationes,</strong></span> <span class='ocrx_word' id='word_1_142' title='bbox 1055 1821 1534 1893; x_wconf 87' lang='lat' dir='ltr'><strong>frustratoriasque</strong></span> <span class='ocrx_word' id='word_1_143' title='bbox 1595 1838 1705 1878; x_wconf 90' lang='lat' dir='ltr'><strong>non</strong></span> <span class='ocrx_word' id='word_1_144' title='bbox 1762 1831 1870 1878; x_wconf 87' lang='lat' dir='ltr'><strong>tam</strong></span> 
     </span>
    </p>
   </div>
   <div class='ocr_carea' id='block_1_22' title="bbox 255 1907 1870 1981">
    <p class='ocr_par' dir='ltr' id='par_1_22' title="bbox 255 1907 1870 1981">
     <span class='ocr_line' id='line_1_22' title="bbox 255 1907 1870 1981; baseline 0 -16"><span class='ocrx_word' id='word_1_145' title='bbox 255 1909 662 1981; x_wconf 85' lang='lat' dir='ltr'><strong>appellationes</strong></span> <span class='ocrx_word' id='word_1_146' title='bbox 692 1924 856 1981; x_wconf 89' lang='lat' dir='ltr'><strong>quam</strong></span> <span class='ocrx_word' id='word_1_147' title='bbox 883 1907 1287 1965; x_wconf 86' lang='lat' dir='ltr'><strong>ludiﬁcationes</strong></span> <span class='ocrx_word' id='word_1_148' title='bbox 1315 1910 1529 1965; x_wconf 88' lang='lat' dir='ltr'><strong>admitti</strong></span> <span class='ocrx_word' id='word_1_149' title='bbox 1574 1925 1684 1965; x_wconf 90' lang='lat' dir='ltr'><strong>non</strong></span> <span class='ocrx_word' id='word_1_150' title='bbox 1732 1925 1870 1966; x_wconf 92' lang='lat' dir='ltr'><strong>con-</strong></span> 
     </span>
    </p>
   </div>
   <div class='ocr_carea' id='block_1_23' title="bbox 261 1996 1873 2069">
    <p class='ocr_par' dir='ltr' id='par_1_23' title="bbox 261 1996 1873 2069">
     <span class='ocr_line' id='line_1_23' title="bbox 261 1996 1873 2069; baseline -0.001 -15"><span class='ocrx_word' id='word_1_151' title='bbox 261 1999 434 2054; x_wconf 80' lang='lat' dir='ltr'><strong>venit.</strong></span> <span class='ocrx_word' id='word_1_152' title='bbox 459 1998 599 2052; x_wconf 89' lang='lat' dir='ltr'><strong>Nam</strong></span> <span class='ocrx_word' id='word_1_153' title='bbox 618 1996 758 2053; x_wconf 89' lang='lat' dir='ltr'><strong>sicut</strong></span> <span class='ocrx_word' id='word_1_154' title='bbox 788 1997 927 2052; x_wconf 87' lang='lat' dir='ltr'><strong>bene</strong></span> <span class='ocrx_word' id='word_1_155' title='bbox 963 1997 1361 2067; x_wconf 89' lang='lat' dir='ltr'><strong>appellantibus</strong></span> <span class='ocrx_word' id='word_1_156' title='bbox 1387 1997 1579 2069; x_wconf 84' lang='lat' dir='ltr'><strong>negari</strong></span> <span class='ocrx_word' id='word_1_157' title='bbox 1609 1998 1873 2053; x_wconf 84' lang='lat' dir='ltr'><strong>auxilium</strong></span> 
     </span>
    </p>
   </div>
   <div class='ocr_carea' id='block_1_24' title="bbox 255 2084 1875 2157">
    <p class='ocr_par' dir='ltr' id='par_1_24' title="bbox 255 2084 1875 2157">
     <span class='ocr_line' id='line_1_24' title="bbox 255 2084 1875 2157; baseline -0.001 -15"><span class='ocrx_word' id='word_1_158' title='bbox 255 2101 373 2142; x_wconf 91' lang='lat' dir='ltr'><strong>non</strong></span> <span class='ocrx_word' id='word_1_159' title='bbox 401 2092 654 2157; x_wconf 87' lang='lat' dir='ltr'><strong>oportet;</strong></span> <span class='ocrx_word' id='word_1_160' title='bbox 686 2085 758 2139; x_wconf 87' lang='lat' dir='ltr'><strong>ita</strong></span> <span class='ocrx_word' id='word_1_161' title='bbox 793 2086 877 2139; x_wconf 88' lang='lat' dir='ltr'><strong>his</strong></span> <span class='ocrx_word' id='word_1_162' title='bbox 917 2092 1109 2140; x_wconf 88' lang='lat' dir='ltr'><strong>contra</strong></span> <span class='ocrx_word' id='word_1_163' title='bbox 1163 2100 1301 2156; x_wconf 89' lang='lat' dir='ltr'><strong>quos</strong></span> <span class='ocrx_word' id='word_1_164' title='bbox 1330 2084 1524 2141; x_wconf 86' lang='lat' dir='ltr'><strong>merito</strong></span> <span class='ocrx_word' id='word_1_165' title='bbox 1571 2086 1875 2155; x_wconf 89' lang='lat' dir='ltr'><strong>judicatum</strong></span> 
     </span>
    </p>
   </div>
   <div class='ocr_carea' id='block_1_25' title="bbox 254 2170 1876 2244">
    <p class='ocr_par' dir='ltr' id='par_1_25' title="bbox 254 2170 1876 2244">
     <span class='ocr_line' id='line_1_25' title="bbox 254 2170 1876 2244; baseline 0 -14"><span class='ocrx_word' id='word_1_166' title='bbox 254 2184 362 2240; x_wconf 86' lang='lat' dir='ltr'><strong>est,</strong></span> <span class='ocrx_word' id='word_1_167' title='bbox 395 2173 631 2229; x_wconf 86' lang='lat' dir='ltr'><strong>inaniter</strong></span> <span class='ocrx_word' id='word_1_168' title='bbox 657 2172 1078 2244; x_wconf 81' lang='lat' dir='ltr'><strong>provocantibus</strong></span> <span class='ocrx_word' id='word_1_169' title='bbox 1125 2170 1334 2227; x_wconf 73' lang='lat' dir='ltr'><strong>differri</strong></span> <span class='ocrx_word' id='word_1_170' title='bbox 1366 2174 1506 2228; x_wconf 89' lang='lat' dir='ltr'><strong>bene</strong></span> <span class='ocrx_word' id='word_1_171' title='bbox 1563 2181 1718 2244; x_wconf 89' lang='lat' dir='ltr'><strong>gesta</strong></span> <span class='ocrx_word' id='word_1_172' title='bbox 1764 2190 1876 2230; x_wconf 90' lang='lat' dir='ltr'><strong>non</strong></span> 
     </span>
    </p>
   </div>
   <div class='ocr_carea' id='block_1_26' title="bbox 258 2260 1869 2341">
    <p class='ocr_par' dir='ltr' id='par_1_26' title="bbox 258 2260 1869 2341">
     <span class='ocr_line' id='line_1_26' title="bbox 258 2260 1869 2341; baseline -0.001 -23"><span class='ocrx_word' id='word_1_173' title='bbox 258 2263 441 2318; x_wconf 87' lang='lat' dir='ltr'><strong>decet.</strong></span> <span class='ocrx_word' id='word_1_174' title='bbox 484 2282 506 2310; x_wconf 80' lang='grc' dir='ltr'><strong>ι</strong></span> <span class='ocrx_word' id='word_1_175' title='bbox 564 2262 634 2316; x_wconf 85' lang='grc' dir='ltr'><strong><em>Ει</em></strong></span> <span class='ocrx_word' id='word_1_176' title='bbox 678 2277 744 2315; x_wconf 88' lang='lat' dir='ltr'><strong>ex</strong></span> <span class='ocrx_word' id='word_1_177' title='bbox 790 2260 1234 2341; x_wconf 74' lang='lat' dir='ltr'><strong>interpretatione</strong></span> <span class='ocrx_word' id='word_1_178' title='bbox 1280 2260 1422 2332; x_wconf 86' lang='lat' dir='ltr'><strong>legis</strong></span> <span class='ocrx_word' id='word_1_179' title='bbox 1480 2261 1869 2329; x_wconf 84' lang='lat' dir='ltr'><strong>Valentiniani,</strong></span> 
     </span>
    </p>
   </div>
   <div class='ocr_carea' id='block_1_27' title="bbox 258 2347 1876 2418">
    <p class='ocr_par' dir='ltr' id='par_1_27' title="bbox 258 2347 1876 2418">
     <span class='ocr_line' id='line_1_27' title="bbox 258 2347 1876 2418; baseline -0.001 -13"><span class='ocrx_word' id='word_1_180' title='bbox 258 2349 532 2417; x_wconf 79' lang='lat' dir='ltr'><strong>Valentis,</strong></span> <span class='ocrx_word' id='word_1_181' title='bbox 565 2356 617 2403; x_wconf 92' lang='lat' dir='ltr'><strong>et</strong></span> <span class='ocrx_word' id='word_1_182' title='bbox 662 2347 906 2404; x_wconf 89' lang='lat' dir='ltr'><strong>Gratiani</strong></span> <span class='ocrx_word' id='word_1_183' title='bbox 948 2351 1088 2418; x_wconf 85' lang='lat' dir='ltr'><strong>Aug.</strong></span> <span class='ocrx_word' id='word_1_184' title='bbox 1123 2348 1193 2401; x_wconf 92' lang='lat' dir='ltr'><strong>ad</strong></span> <span class='ocrx_word' id='word_1_185' title='bbox 1237 2348 1523 2403; x_wconf 91' lang='lat' dir='ltr'><strong>Claudium</strong></span> <span class='ocrx_word' id='word_1_186' title='bbox 1555 2366 1570 2402; x_wconf 90' lang='lat'><strong>:</strong></span> <span class='ocrx_word' id='word_1_187' title='bbox 1602 2350 1713 2404; x_wconf 83' lang='lat' dir='ltr'><strong>Lex</strong></span> <span class='ocrx_word' id='word_1_188' title='bbox 1771 2349 1876 2404; x_wconf 90' lang='lat' dir='ltr'><strong>ista</strong></span> 
     </span>
    </p>
   </div>
   <div class='ocr_carea' id='block_1_28' title="bbox 255 2436 1877 2508">
    <p class='ocr_par' dir='ltr' id='par_1_28' title="bbox 255 2436 1877 2508">
     <span class='ocr_line' id='line_1_28' title="bbox 255 2436 1877 2508; baseline -0.001 -14"><span class='ocrx_word' id='word_1_189' title='bbox 255 2440 365 2494; x_wconf 84' lang='lat' dir='ltr'><strong>hoc</strong></span> <span class='ocrx_word' id='word_1_190' title='bbox 385 2437 517 2493; x_wconf 84' lang='lat' dir='ltr'><strong>dicit</strong></span> <span class='ocrx_word' id='word_1_191' title='bbox 548 2454 563 2491; x_wconf 89' lang='lat'><strong>:</strong></span> <span class='ocrx_word' id='word_1_192' title='bbox 596 2436 929 2507; x_wconf 90' lang='lat' dir='ltr'><strong>Cronopium</strong></span> <span class='ocrx_word' id='word_1_193' title='bbox 961 2436 1280 2506; x_wconf 89' lang='lat' dir='ltr'><strong>episcopum</strong></span> <span class='ocrx_word' id='word_1_194' title='bbox 1308 2452 1339 2489; x_wconf 90' lang='lat' dir='ltr'><strong>a</strong></span> <span class='ocrx_word' id='word_1_195' title='bbox 1369 2436 1553 2491; x_wconf 90' lang='lat' dir='ltr'><strong>multis</strong></span> <span class='ocrx_word' id='word_1_196' title='bbox 1602 2437 1877 2508; x_wconf 90' lang='lat' dir='ltr'><strong>episcopis</strong></span> 
     </span>
    </p>
   </div>
   <div class='ocr_carea' id='block_1_29' title="bbox 254 2524 1873 2610">
    <p class='ocr_par' dir='ltr' id='par_1_29' title="bbox 254 2524 1873 2610">
     <span class='ocr_line' id='line_1_29' title="bbox 254 2524 1873 2610; baseline 0.001 -31"><span class='ocrx_word' id='word_1_197' title='bbox 254 2524 430 2581; x_wconf 86' lang='lat' dir='ltr'><strong>fuisse</strong></span> <span class='ocrx_word' id='word_1_198' title='bbox 469 2525 804 2590; x_wconf 87' lang='lat' dir='ltr'><strong>damnatum,</strong></span> <span class='ocrx_word' id='word_1_199' title='bbox 833 2532 887 2579; x_wconf 90' lang='lat' dir='ltr'><strong>et</strong></span> <span class='ocrx_word' id='word_1_200' title='bbox 917 2524 1190 2581; x_wconf 88' lang='lat' dir='ltr'><strong>studuisse</strong></span> <span class='ocrx_word' id='word_1_201' title='bbox 1220 2540 1363 2589; x_wconf 90' lang='lat' dir='ltr'><strong>eum,</strong></span> <span class='ocrx_word' id='word_1_202' title='bbox 1415 2532 1543 2580; x_wconf 90' lang='lat' dir='ltr'><strong>ante</strong></span> <span class='ocrx_word' id='word_1_203' title='bbox 1589 2524 1873 2610; x_wconf 54' lang='lat' dir='ltr'><strong>judicium,</strong></span> 
     </span>
    </p>
   </div>
   <div class='ocr_carea' id='block_1_30' title="bbox 256 2610 1880 2685">
    <p class='ocr_par' dir='ltr' id='par_1_30' title="bbox 256 2610 1880 2685">
     <span class='ocr_line' id='line_1_30' title="bbox 256 2610 1880 2685; baseline -0.001 -16"><span class='ocrx_word' id='word_1_204' title='bbox 256 2612 588 2670; x_wconf 86' lang='lat' dir='ltr'><strong>sententiam</strong></span> <span class='ocrx_word' id='word_1_205' title='bbox 617 2628 740 2683; x_wconf 86' lang='lat' dir='ltr'><strong>qua</strong></span> <span class='ocrx_word' id='word_1_206' title='bbox 766 2610 1169 2682; x_wconf 80' lang='lat' dir='ltr'><strong>proferebatur,</strong></span> <span class='ocrx_word' id='word_1_207' title='bbox 1223 2611 1586 2683; x_wconf 90' lang='lat' dir='ltr'><strong>appellatione</strong></span> <span class='ocrx_word' id='word_1_208' title='bbox 1646 2629 1880 2685; x_wconf 90' lang='lat' dir='ltr'><strong>suspen-</strong></span> 
     </span>
    </p>
   </div>
   <div class='ocr_carea' id='block_1_31' title="bbox 256 2699 1879 2772">
    <p class='ocr_par' dir='ltr' id='par_1_31' title="bbox 256 2699 1879 2772">
     <span class='ocr_line' id='line_1_31' title="bbox 256 2699 1879 2772; baseline 0 -16"><span class='ocrx_word' id='word_1_209' title='bbox 256 2702 395 2757; x_wconf 87' lang='lat' dir='ltr'><strong>dere</strong></span> <span class='ocrx_word' id='word_1_210' title='bbox 428 2718 443 2756; x_wconf 89' lang='lat'><strong>:</strong></span> <span class='ocrx_word' id='word_1_211' title='bbox 476 2717 506 2754; x_wconf 91' lang='lat' dir='ltr'><strong>a</strong></span> <span class='ocrx_word' id='word_1_212' title='bbox 536 2716 643 2772; x_wconf 88' lang='lat' dir='ltr'><strong>qua</strong></span> <span class='ocrx_word' id='word_1_213' title='bbox 674 2700 956 2767; x_wconf 89' lang='lat' dir='ltr'><strong>sententia,</strong></span> <span class='ocrx_word' id='word_1_214' title='bbox 992 2699 1120 2771; x_wconf 89' lang='lat' dir='ltr'><strong>quia</strong></span> <span class='ocrx_word' id='word_1_215' title='bbox 1134 2700 1281 2769; x_wconf 87' lang='lat' dir='ltr'><strong>juste</strong></span> <span class='ocrx_word' id='word_1_216' title='bbox 1310 2700 1522 2770; x_wconf 85' lang='lat' dir='ltr'><strong>prolata</strong></span> <span class='ocrx_word' id='word_1_217' title='bbox 1552 2699 1745 2770; x_wconf 83' lang='lat' dir='ltr'><strong>fuerat,</strong></span> <span class='ocrx_word' id='word_1_218' title='bbox 1780 2717 1879 2772; x_wconf 91' lang='lat' dir='ltr'><strong>ap-</strong></span> 
     </span>
    </p>
   </div>
   <div class='ocr_carea' id='block_1_32' title="bbox 254 2787 1879 2861">
    <p class='ocr_par' dir='ltr' id='par_1_32' title="bbox 254 2787 1879 2861">
     <span class='ocr_line' id='line_1_32' title="bbox 254 2787 1879 2861; baseline -0.001 -14"><span class='ocrx_word' id='word_1_219' title='bbox 254 2789 471 2861; x_wconf 83' lang='lat' dir='ltr'><strong>pellare</strong></span> <span class='ocrx_word' id='word_1_220' title='bbox 489 2787 713 2843; x_wconf 90' lang='lat' dir='ltr'><strong>minime</strong></span> <span class='ocrx_word' id='word_1_221' title='bbox 728 2788 1026 2843; x_wconf 85' lang='lat' dir='ltr'><strong>debuisset.</strong></span> <span class='ocrx_word' id='word_1_222' title='bbox 1058 2788 1119 2841; x_wconf 87' lang='lat' dir='ltr'><strong>In</strong></span> <span class='ocrx_word' id='word_1_223' title='bbox 1136 2803 1245 2859; x_wconf 90' lang='lat' dir='ltr'><strong>qua</strong></span> <span class='ocrx_word' id='word_1_224' title='bbox 1265 2804 1389 2843; x_wconf 92' lang='lat' dir='ltr'><strong>eum</strong></span> <span class='ocrx_word' id='word_1_225' title='bbox 1407 2787 1561 2860; x_wconf 83' lang='lat' dir='ltr'><strong>gravi</strong></span> <span class='ocrx_word' id='word_1_226' title='bbox 1580 2789 1800 2857; x_wconf 89' lang='lat' dir='ltr'><strong>mulcta,</strong></span> <span class='ocrx_word' id='word_1_227' title='bbox 1823 2790 1879 2845; x_wconf 92' lang='lat' dir='ltr'><strong>id</strong></span> 
     </span>
    </p>
   </div>
   <div class='ocr_carea' id='block_1_33' title="bbox 255 2875 1872 2949">
    <p class='ocr_par' dir='ltr' id='par_1_33' title="bbox 255 2875 1872 2949">
     <span class='ocr_line' id='line_1_33' title="bbox 255 2875 1872 2949; baseline 0 -16"><span class='ocrx_word' id='word_1_228' title='bbox 255 2887 341 2933; x_wconf 87' lang='lat' dir='ltr'><strong>est</strong></span> <span class='ocrx_word' id='word_1_229' title='bbox 386 2876 781 2949; x_wconf 87' lang='lat' dir='ltr'><strong>quinquaginta</strong></span> <span class='ocrx_word' id='word_1_230' title='bbox 830 2875 1001 2930; x_wconf 88' lang='lat' dir='ltr'><strong>libras</strong></span> <span class='ocrx_word' id='word_1_231' title='bbox 1029 2876 1239 2946; x_wconf 80' lang='lat' dir='ltr'><strong>argenti</strong></span> <span class='ocrx_word' id='word_1_232' title='bbox 1273 2876 1550 2932; x_wconf 86' lang='lat' dir='ltr'><strong>addictum</strong></span> <span class='ocrx_word' id='word_1_233' title='bbox 1579 2875 1750 2933; x_wconf 90' lang='lat' dir='ltr'><strong>fuisse</strong></span> <span class='ocrx_word' id='word_1_234' title='bbox 1791 2878 1872 2933; x_wconf 91' lang='lat' dir='ltr'><strong>di-</strong></span> 
     </span>
    </p>
   </div>
   <div class='ocr_carea' id='block_1_34' title="bbox 259 2964 1873 3034">
    <p class='ocr_par' dir='ltr' id='par_1_34' title="bbox 259 2964 1873 3034">
     <span class='ocr_line' id='line_1_34' title="bbox 259 2964 1873 3034; baseline -0.001 -11"><span class='ocrx_word' id='word_1_235' title='bbox 259 2967 354 3023; x_wconf 91' lang='lat' dir='ltr'><strong>cit.</strong></span> <span class='ocrx_word' id='word_1_236' title='bbox 406 2965 541 3034; x_wconf 83' lang='lat' dir='ltr'><strong>Qua</strong></span> <span class='ocrx_word' id='word_1_237' title='bbox 584 2972 767 3020; x_wconf 89' lang='lat' dir='ltr'><strong>tamen</strong></span> <span class='ocrx_word' id='word_1_238' title='bbox 809 2979 1023 3019; x_wconf 90' lang='lat' dir='ltr'><strong>summa</strong></span> <span class='ocrx_word' id='word_1_239' title='bbox 1059 2964 1229 3034; x_wconf 89' lang='lat' dir='ltr'><strong>ipsius</strong></span> <span class='ocrx_word' id='word_1_240' title='bbox 1287 2964 1523 3029; x_wconf 86' lang='lat' dir='ltr'><strong>mulcta,</strong></span> <span class='ocrx_word' id='word_1_241' title='bbox 1571 2980 1682 3021; x_wconf 89' lang='lat' dir='ltr'><strong>non</strong></span> <span class='ocrx_word' id='word_1_242' title='bbox 1738 2964 1873 3023; x_wconf 84' lang='lat' dir='ltr'><strong>ﬁsco</strong></span> 
     </span>
    </p>
   </div>
   <div class='ocr_carea' id='block_1_35' title="bbox 259 3052 1873 3126">
    <p class='ocr_par' dir='ltr' id='par_1_35' title="bbox 259 3052 1873 3126">
     <span class='ocr_line' id='line_1_35' title="bbox 259 3052 1873 3126; baseline 0.001 -17"><span class='ocrx_word' id='word_1_243' title='bbox 259 3054 530 3126; x_wconf 89' lang='lat' dir='ltr'><strong>prodesse</strong></span> <span class='ocrx_word' id='word_1_244' title='bbox 563 3055 718 3122; x_wconf 90' lang='lat' dir='ltr'><strong>jussa</strong></span> <span class='ocrx_word' id='word_1_245' title='bbox 762 3060 865 3119; x_wconf 89' lang='lat' dir='ltr'><strong>est,</strong></span> <span class='ocrx_word' id='word_1_246' title='bbox 898 3052 997 3107; x_wconf 91' lang='lat' dir='ltr'><strong>sed</strong></span> <span class='ocrx_word' id='word_1_247' title='bbox 1046 3052 1382 3123; x_wconf 89' lang='lat' dir='ltr'><strong>pauperibus</strong></span> <span class='ocrx_word' id='word_1_248' title='bbox 1431 3053 1662 3126; x_wconf 81' lang='lat' dir='ltr'><strong>erogari.</strong></span> <span class='ocrx_word' id='word_1_249' title='bbox 1717 3055 1873 3111; x_wconf 89' lang='lat' dir='ltr'><strong>Unde</strong></span> 
     </span>
    </p>
   </div>
   <div class='ocr_carea' id='block_1_36' title="bbox 256 3140 1872 3215">
    <p class='ocr_par' dir='ltr' id='par_1_36' title="bbox 256 3140 1872 3215">
     <span class='ocr_line' id='line_1_36' title="bbox 256 3140 1872 3215; baseline 0.001 -18"><span class='ocrx_word' id='word_1_250' title='bbox 256 3142 565 3214; x_wconf 85' lang='lat' dir='ltr'><strong>apostolica</strong></span> <span class='ocrx_word' id='word_1_251' title='bbox 624 3141 785 3197; x_wconf 90' lang='lat' dir='ltr'><strong>sedes</strong></span> <span class='ocrx_word' id='word_1_252' title='bbox 831 3140 1126 3205; x_wconf 84' lang='lat' dir='ltr'><strong>discernet,</strong></span> <span class='ocrx_word' id='word_1_253' title='bbox 1160 3140 1207 3195; x_wconf 90' lang='lat' dir='ltr'><strong>si</strong></span> <span class='ocrx_word' id='word_1_254' title='bbox 1247 3140 1533 3211; x_wconf 88' lang='lat' dir='ltr'><strong>appellans</strong></span> <span class='ocrx_word' id='word_1_255' title='bbox 1582 3142 1872 3215; x_wconf 90' lang='lat' dir='ltr'><strong>episcopus</strong></span> 
     </span>
    </p>
   </div>
   <div class='ocr_carea' id='block_1_37' title="bbox 258 3229 1873 3297">
    <p class='ocr_par' dir='ltr' id='par_1_37' title="bbox 258 3229 1873 3297">
     <span class='ocr_line' id='line_1_37' title="bbox 258 3229 1873 3297; baseline -0.001 -9"><span class='ocrx_word' id='word_1_256' title='bbox 258 3232 467 3288; x_wconf 88' lang='lat' dir='ltr'><strong>bonam</strong></span> <span class='ocrx_word' id='word_1_257' title='bbox 491 3246 714 3287; x_wconf 88' lang='lat' dir='ltr'><strong>causam</strong></span> <span class='ocrx_word' id='word_1_258' title='bbox 760 3229 1001 3297; x_wconf 85' lang='lat' dir='ltr'><strong>habebit,</strong></span> <span class='ocrx_word' id='word_1_259' title='bbox 1050 3229 1197 3285; x_wconf 91' lang='lat' dir='ltr'><strong>velut</strong></span> <span class='ocrx_word' id='word_1_260' title='bbox 1242 3229 1487 3285; x_wconf 89' lang='lat' dir='ltr'><strong>decrevit</strong></span> <span class='ocrx_word' id='word_1_261' title='bbox 1542 3231 1873 3288; x_wconf 90' lang='lat' dir='ltr'><strong>Sardicense</strong></span> 
     </span>
    </p>
   </div>
   <div class='ocr_carea' id='block_1_38' title="bbox 256 3317 1871 3390">
    <p class='ocr_par' dir='ltr' id='par_1_38' title="bbox 256 3317 1871 3390">
     <span class='ocr_line' id='line_1_38' title="bbox 256 3317 1871 3390; baseline -0.001 -14"><span class='ocrx_word' id='word_1_262' title='bbox 256 3319 559 3377; x_wconf 88' lang='lat' dir='ltr'><strong>concilium</strong></span> <span class='ocrx_word' id='word_1_263' title='bbox 587 3319 737 3389; x_wconf 82' lang='lat' dir='ltr'><strong>(can.</strong></span> <span class='ocrx_word' id='word_1_264' title='bbox 771 3318 828 3388; x_wconf 88' lang='lat'><strong>3)</strong></span> <span class='ocrx_word' id='word_1_265' title='bbox 862 3335 875 3372; x_wconf 90' lang='lat'><strong>:</strong></span> <span class='ocrx_word' id='word_1_266' title='bbox 913 3338 936 3368; x_wconf 71' lang='grc' dir='ltr'><strong>ι</strong></span> <span class='ocrx_word' id='word_1_267' title='bbox 958 3317 1035 3383; x_wconf 88' lang='lat' dir='ltr'><strong>Si,</strong></span> <span class='ocrx_word' id='word_1_268' title='bbox 1057 3317 1329 3389; x_wconf 87' lang='lat' dir='ltr'><strong>inquiens,</strong></span> <span class='ocrx_word' id='word_1_269' title='bbox 1353 3318 1551 3390; x_wconf 88' lang='lat' dir='ltr'><strong>aliquis</strong></span> <span class='ocrx_word' id='word_1_270' title='bbox 1582 3319 1871 3390; x_wconf 89' lang='lat' dir='ltr'><strong>episcopus</strong></span> 
     </span>
    </p>
   </div>
   <div class='ocr_carea' id='block_1_39' title="bbox 247 3405 1872 3478">
    <p class='ocr_par' dir='ltr' id='par_1_39' title="bbox 247 3405 1872 3478">
     <span class='ocr_line' id='line_1_39' title="bbox 247 3405 1872 3478; baseline 0.001 -15"><span class='ocrx_word' id='word_1_271' title='bbox 247 3408 536 3478; x_wconf 87' lang='lat' dir='ltr'><strong>judicatus</strong></span> <span class='ocrx_word' id='word_1_272' title='bbox 576 3406 735 3461; x_wconf 89' lang='lat' dir='ltr'><strong>fuerit</strong></span> <span class='ocrx_word' id='word_1_273' title='bbox 764 3405 820 3459; x_wconf 92' lang='lat' dir='ltr'><strong>in</strong></span> <span class='ocrx_word' id='word_1_274' title='bbox 843 3405 1023 3477; x_wconf 88' lang='lat' dir='ltr'><strong>aliqua</strong></span> <span class='ocrx_word' id='word_1_275' title='bbox 1052 3420 1235 3472; x_wconf 88' lang='lat' dir='ltr'><strong>causa,</strong></span> <span class='ocrx_word' id='word_1_276' title='bbox 1270 3413 1323 3460; x_wconf 89' lang='lat' dir='ltr'><strong>et</strong></span> <span class='ocrx_word' id='word_1_277' title='bbox 1356 3414 1508 3477; x_wconf 89' lang='lat' dir='ltr'><strong>putat</strong></span> <span class='ocrx_word' id='word_1_278' title='bbox 1554 3422 1616 3461; x_wconf 89' lang='lat' dir='ltr'><strong>se</strong></span> <span class='ocrx_word' id='word_1_279' title='bbox 1671 3407 1872 3464; x_wconf 89' lang='lat' dir='ltr'><strong>bonam</strong></span> 
     </span>
    </p>
   </div>
   <div class='ocr_carea' id='block_1_40' title="bbox 259 3494 1871 3562">
    <p class='ocr_par' dir='ltr' id='par_1_40' title="bbox 259 3494 1871 3562">
     <span class='ocr_line' id='line_1_40' title="bbox 259 3494 1871 3562; baseline -0.001 -10"><span class='ocrx_word' id='word_1_280' title='bbox 259 3511 491 3553; x_wconf 85' lang='lat' dir='ltr'><strong>causam</strong></span> <span class='ocrx_word' id='word_1_281' title='bbox 518 3495 742 3561; x_wconf 88' lang='lat' dir='ltr'><strong>habere,</strong></span> <span class='ocrx_word' id='word_1_282' title='bbox 774 3501 828 3549; x_wconf 91' lang='lat' dir='ltr'><strong>ut</strong></span> <span class='ocrx_word' id='word_1_283' title='bbox 872 3494 1065 3549; x_wconf 87' lang='lat' dir='ltr'><strong>iterum</strong></span> <span class='ocrx_word' id='word_1_284' title='bbox 1113 3494 1399 3550; x_wconf 88' lang='lat' dir='ltr'><strong>concilium</strong></span> <span class='ocrx_word' id='word_1_285' title='bbox 1447 3502 1762 3562; x_wconf 89' lang='lat' dir='ltr'><strong>renovetur,</strong></span> <span class='ocrx_word' id='word_1_286' title='bbox 1826 3496 1871 3551; x_wconf 92' lang='lat' dir='ltr'><strong>si</strong></span> 
     </span>
    </p>
   </div>
   <div class='ocr_carea' id='block_1_41' title="bbox 256 3582 1871 3654">
    <p class='ocr_par' dir='ltr' id='par_1_41' title="bbox 256 3582 1871 3654">
     <span class='ocr_line' id='line_1_41' title="bbox 256 3582 1871 3654; baseline -0.001 -14"><span class='ocrx_word' id='word_1_287' title='bbox 256 3584 418 3640; x_wconf 84' lang='lat' dir='ltr'><strong>vobis</strong></span> <span class='ocrx_word' id='word_1_288' title='bbox 500 3583 761 3654; x_wconf 83' lang='lat' dir='ltr'><strong>placeat,</strong></span> <span class='ocrx_word' id='word_1_289' title='bbox 824 3582 999 3637; x_wconf 89' lang='lat' dir='ltr'><strong>sancti</strong></span> <span class='ocrx_word' id='word_1_290' title='bbox 1066 3582 1209 3637; x_wconf 86' lang='lat' dir='ltr'><strong>Petri</strong></span> <span class='ocrx_word' id='word_1_291' title='bbox 1268 3582 1501 3653; x_wconf 87' lang='lat' dir='ltr'><strong>apostoli</strong></span> <span class='ocrx_word' id='word_1_292' title='bbox 1550 3582 1871 3639; x_wconf 89' lang='lat' dir='ltr'><strong>memoriam</strong></span> 
     </span>
    </p>
   </div>
   <div class='ocr_carea' id='block_1_42' title="bbox 255 3669 1871 3742">
    <p class='ocr_par' dir='ltr' id='par_1_42' title="bbox 255 3669 1871 3742">
     <span class='ocr_line' id='line_1_42' title="bbox 255 3669 1871 3742; baseline 0.001 -16"><span class='ocrx_word' id='word_1_293' title='bbox 255 3673 616 3737; x_wconf 80' lang='lat' dir='ltr'><strong>bonoremus,</strong></span> <span class='ocrx_word' id='word_1_294' title='bbox 647 3679 706 3726; x_wconf 91' lang='lat' dir='ltr'><strong>ut</strong></span> <span class='ocrx_word' id='word_1_295' title='bbox 734 3670 1006 3726; x_wconf 85' lang='lat' dir='ltr'><strong>scribatur</strong></span> <span class='ocrx_word' id='word_1_296' title='bbox 1035 3669 1104 3725; x_wconf 92' lang='lat' dir='ltr'><strong>ab</strong></span> <span class='ocrx_word' id='word_1_297' title='bbox 1134 3670 1219 3724; x_wconf 89' lang='lat' dir='ltr'><strong>his</strong></span> <span class='ocrx_word' id='word_1_298' title='bbox 1269 3670 1362 3742; x_wconf 88' lang='lat' dir='ltr'><strong>qui</strong></span> <span class='ocrx_word' id='word_1_299' title='bbox 1412 3686 1634 3726; x_wconf 88' lang='lat' dir='ltr'><strong>causam</strong></span> <span class='ocrx_word' id='word_1_300' title='bbox 1664 3672 1871 3727; x_wconf 90' lang='lat' dir='ltr'><strong>exami-</strong></span> 
     </span>
    </p>
   </div>
   <div class='ocr_carea' id='block_1_43' title="bbox 256 3758 1872 3830">
    <p class='ocr_par' dir='ltr' id='par_1_43' title="bbox 256 3758 1872 3830">
     <span class='ocr_line' id='line_1_43' title="bbox 256 3758 1872 3830; baseline -0.001 -14"><span class='ocrx_word' id='word_1_301' title='bbox 256 3767 481 3826; x_wconf 88' lang='lat' dir='ltr'><strong>narunt,</strong></span> <span class='ocrx_word' id='word_1_302' title='bbox 515 3758 658 3815; x_wconf 82' lang='lat' dir='ltr'><strong>Julio</strong></span> <span class='ocrx_word' id='word_1_303' title='bbox 709 3758 957 3814; x_wconf 82' lang='lat' dir='ltr'><strong>Romano</strong></span> <span class='ocrx_word' id='word_1_304' title='bbox 1013 3758 1275 3830; x_wconf 90' lang='lat' dir='ltr'><strong>episcopo</strong></span> <span class='ocrx_word' id='word_1_305' title='bbox 1327 3766 1424 3814; x_wconf 90' lang='lat' dir='ltr'><strong>:et</strong></span> <span class='ocrx_word' id='word_1_306' title='bbox 1452 3758 1500 3813; x_wconf 91' lang='lat' dir='ltr'><strong>si</strong></span> <span class='ocrx_word' id='word_1_307' title='bbox 1546 3759 1872 3828; x_wconf 87' lang='lat' dir='ltr'><strong>judicaverit</strong></span> 
     </span>
    </p>
   </div>
   <div class='ocr_carea' id='block_1_44' title="bbox 256 3846 1870 3918">
    <p class='ocr_par' dir='ltr' id='par_1_44' title="bbox 256 3846 1870 3918">
     <span class='ocr_line' id='line_1_44' title="bbox 256 3846 1870 3918; baseline -0.001 -13"><span class='ocrx_word' id='word_1_308' title='bbox 256 3847 641 3905; x_wconf 87' lang='lat' dir='ltr'><strong>renovandum</strong></span> <span class='ocrx_word' id='word_1_309' title='bbox 668 3862 793 3904; x_wconf 90' lang='lat' dir='ltr'><strong>esse</strong></span> <span class='ocrx_word' id='word_1_310' title='bbox 830 3846 1112 3916; x_wconf 88' lang='lat' dir='ltr'><strong>judicium,</strong></span> <span class='ocrx_word' id='word_1_311' title='bbox 1172 3854 1483 3914; x_wconf 89' lang='lat' dir='ltr'><strong>renovetur,</strong></span> <span class='ocrx_word' id='word_1_312' title='bbox 1545 3854 1599 3903; x_wconf 92' lang='lat' dir='ltr'><strong>et</strong></span> <span class='ocrx_word' id='word_1_313' title='bbox 1637 3848 1729 3904; x_wconf 89' lang='lat' dir='ltr'><strong>det</strong></span> <span class='ocrx_word' id='word_1_314' title='bbox 1778 3849 1870 3918; x_wconf 85' lang='lat' dir='ltr'><strong>ju-</strong></span> 
     </span>
    </p>
   </div>
   <div class='ocr_carea' id='block_1_45' title="bbox 258 3934 1872 4007">
    <p class='ocr_par' dir='ltr' id='par_1_45' title="bbox 258 3934 1872 4007">
     <span class='ocr_line' id='line_1_45' title="bbox 258 3934 1872 4007; baseline 0 -14"><span class='ocrx_word' id='word_1_315' title='bbox 258 3937 436 3993; x_wconf 90' lang='lat' dir='ltr'><strong>dices.</strong></span> <span class='ocrx_word' id='word_1_316' title='bbox 473 3936 532 3992; x_wconf 87' lang='lat' dir='ltr'><strong>Si</strong></span> <span class='ocrx_word' id='word_1_317' title='bbox 558 3943 739 3991; x_wconf 87' lang='lat' dir='ltr'><strong>autem</strong></span> <span class='ocrx_word' id='word_1_318' title='bbox 771 3934 1090 4007; x_wconf 90' lang='lat' dir='ltr'><strong>probaverit</strong></span> <span class='ocrx_word' id='word_1_319' title='bbox 1136 3934 1300 3991; x_wconf 82' lang='lat' dir='ltr'><strong>talem</strong></span> <span class='ocrx_word' id='word_1_320' title='bbox 1348 3951 1471 3991; x_wconf 90' lang='lat' dir='ltr'><strong>esse</strong></span> <span class='ocrx_word' id='word_1_321' title='bbox 1521 3951 1762 4006; x_wconf 89' lang='lat' dir='ltr'><strong>causam,</strong></span> <span class='ocrx_word' id='word_1_322' title='bbox 1813 3945 1872 3993; x_wconf 90' lang='lat' dir='ltr'><strong>ut</strong></span> 
     </span>
    </p>
   </div>
   <div class='ocr_carea' id='block_1_46' title="bbox 258 4023 1870 4096">
    <p class='ocr_par' dir='ltr' id='par_1_46' title="bbox 258 4023 1870 4096">
     <span class='ocr_line' id='line_1_46' title="bbox 258 4023 1870 4096; baseline 0.001 -16"><span class='ocrx_word' id='word_1_323' title='bbox 258 4041 376 4081; x_wconf 90' lang='lat' dir='ltr'><strong>non</strong></span> <span class='ocrx_word' id='word_1_324' title='bbox 404 4023 729 4080; x_wconf 88' lang='lat' dir='ltr'><strong>refricentur</strong></span> <span class='ocrx_word' id='word_1_325' title='bbox 776 4039 842 4080; x_wconf 89' lang='lat' dir='ltr'><strong>ea</strong></span> <span class='ocrx_word' id='word_1_326' title='bbox 900 4039 1022 4096; x_wconf 86' lang='lat' dir='ltr'><strong>qua</strong></span> <span class='ocrx_word' id='word_1_327' title='bbox 1080 4030 1200 4079; x_wconf 88' lang='lat' dir='ltr'><strong>acta</strong></span> <span class='ocrx_word' id='word_1_328' title='bbox 1250 4030 1377 4078; x_wconf 89' lang='lat' dir='ltr'><strong>sunt</strong></span> <span class='ocrx_word' id='word_1_329' title='bbox 1433 4041 1448 4079; x_wconf 91' lang='lat'>:</span> <span class='ocrx_word' id='word_1_330' title='bbox 1492 4041 1615 4095; x_wconf 83' lang='lat' dir='ltr'><strong>qua</strong></span> <span class='ocrx_word' id='word_1_331' title='bbox 1671 4026 1870 4082; x_wconf 90' lang='lat' dir='ltr'><strong>decre-</strong></span> 
     </span>
    </p>
   </div>
   <div class='ocr_carea' id='block_1_47' title="bbox 260 4110 1869 4181">
    <p class='ocr_par' dir='ltr' id='par_1_47' title="bbox 260 4110 1869 4181">
     <span class='ocr_line' id='line_1_47' title="bbox 260 4110 1869 4181; baseline 0 -12"><span class='ocrx_word' id='word_1_332' title='bbox 260 4114 421 4181; x_wconf 86' lang='lat' dir='ltr'><strong>verit,</strong></span> <span class='ocrx_word' id='word_1_333' title='bbox 473 4111 792 4169; x_wconf 83' lang='lat' dir='ltr'><strong>coniirmata</strong></span> <span class='ocrx_word' id='word_1_334' title='bbox 837 4119 1013 4166; x_wconf 91' lang='lat' dir='ltr'><strong>erunt.</strong></span> <span class='ocrx_word' id='word_1_335' title='bbox 1064 4132 1087 4161; x_wconf 76' lang='lat'><strong>)</strong></span> <span class='ocrx_word' id='word_1_336' title='bbox 1135 4112 1202 4167; x_wconf 87' lang='lat' dir='ltr'><strong>Et</strong></span> <span class='ocrx_word' id='word_1_337' title='bbox 1243 4111 1371 4168; x_wconf 90' lang='lat' dir='ltr'><strong>hinc</strong></span> <span class='ocrx_word' id='word_1_338' title='bbox 1416 4110 1472 4166; x_wconf 89' lang='lat' dir='ltr'><strong>in</strong></span> <span class='ocrx_word' id='word_1_339' title='bbox 1520 4127 1643 4169; x_wconf 89' lang='lat' dir='ltr'><strong>can.</strong></span> <span class='ocrx_word' id='word_1_340' title='bbox 1694 4115 1725 4168; x_wconf 76' lang='grc'>4</span> <span class='ocrx_word' id='word_1_341' title='bbox 1755 4121 1809 4169; x_wconf 90' lang='lat' dir='ltr'><strong>et</strong></span> <span class='ocrx_word' id='word_1_342' title='bbox 1836 4117 1869 4169; x_wconf 89' lang='lat'><strong>7</strong></span> 
     </span>
    </p>
   </div>
   <div class='ocr_carea' id='block_1_48' title="bbox 261 4199 1869 4272">
    <p class='ocr_par' dir='ltr' id='par_1_48' title="bbox 261 4199 1869 4272">
     <span class='ocr_line' id='line_1_48' title="bbox 261 4199 1869 4272; baseline 0 -15"><span class='ocrx_word' id='word_1_343' title='bbox 261 4202 403 4257; x_wconf 89' lang='lat' dir='ltr'><strong>ordo</strong></span> <span class='ocrx_word' id='word_1_344' title='bbox 460 4200 840 4271; x_wconf 89' lang='lat' dir='ltr'><strong>appellationis</strong></span> <span class='ocrx_word' id='word_1_345' title='bbox 887 4199 1129 4271; x_wconf 90' lang='lat' dir='ltr'><strong>episcopi</strong></span> <span class='ocrx_word' id='word_1_346' title='bbox 1186 4208 1310 4271; x_wconf 88' lang='lat' dir='ltr'><strong>post</strong></span> <span class='ocrx_word' id='word_1_347' title='bbox 1361 4200 1674 4272; x_wconf 88' lang='lat' dir='ltr'><strong>episcopale</strong></span> <span class='ocrx_word' id='word_1_348' title='bbox 1724 4202 1869 4271; x_wconf 86' lang='lat' dir='ltr'><strong>judi-</strong></span> 
     </span>
    </p>
   </div>
   <div class='ocr_carea' id='block_1_49' title="bbox 259 4288 1869 4361">
    <p class='ocr_par' dir='ltr' id='par_1_49' title="bbox 259 4288 1869 4361">
     <span class='ocr_line' id='line_1_49' title="bbox 259 4288 1869 4361; baseline 0 -15"><span class='ocrx_word' id='word_1_349' title='bbox 259 4290 408 4346; x_wconf 89' lang='lat' dir='ltr'><strong>cium</strong></span> <span class='ocrx_word' id='word_1_350' title='bbox 439 4289 510 4343; x_wconf 89' lang='lat' dir='ltr'><strong>ad</strong></span> <span class='ocrx_word' id='word_1_351' title='bbox 540 4288 894 4361; x_wconf 89' lang='lat' dir='ltr'><strong>apostolicam</strong></span> <span class='ocrx_word' id='word_1_352' title='bbox 939 4289 1127 4344; x_wconf 90' lang='lat' dir='ltr'><strong>sedem</strong></span> <span class='ocrx_word' id='word_1_353' title='bbox 1183 4288 1526 4345; x_wconf 88' lang='lat' dir='ltr'><strong>describitur.</strong></span> <span class='ocrx_word' id='word_1_354' title='bbox 1574 4288 1745 4358; x_wconf 86' lang='lat' dir='ltr'><strong>Quem</strong></span> <span class='ocrx_word' id='word_1_355' title='bbox 1776 4306 1869 4346; x_wconf 91' lang='lat' dir='ltr'><strong>eo-</strong></span> 
     </span>
    </p>
   </div>
   <div class='ocr_carea' id='block_1_50' title="bbox 1903 3018 1953 3082">
    <p class='ocr_par' dir='ltr' id='par_1_50' title="bbox 1903 3018 1953 3082">
     <span class='ocr_line' id='line_1_50' title="bbox 1903 3018 1953 3082; baseline 0 0"><span class='ocrx_word' id='word_1_356' title='bbox 1903 3018 1953 3082; x_wconf 87' lang='lat' dir='ltr'><strong>G</strong></span> 
     </span>
    </p>
   </div>
   <div class='ocr_carea' id='block_1_51' title="bbox 1972 413 3562 485">
    <p class='ocr_par' dir='ltr' id='par_1_51' title="bbox 1972 413 3562 485">
     <span class='ocr_line' id='line_1_51' title="bbox 1972 413 3562 485; baseline 0.003 -17"><span class='ocrx_word' id='word_1_357' title='bbox 1972 413 2075 469; x_wconf 90' lang='lat' dir='ltr'><strong>lica</strong></span> <span class='ocrx_word' id='word_1_358' title='bbox 2104 413 2265 469; x_wconf 88' lang='lat' dir='ltr'><strong>sedes</strong></span> <span class='ocrx_word' id='word_1_359' title='bbox 2319 430 2420 485; x_wconf 91' lang='lat' dir='ltr'><strong>per</strong></span> <span class='ocrx_word' id='word_1_360' title='bbox 2475 413 2665 469; x_wconf 87' lang='lat' dir='ltr'><strong>Osium</strong></span> <span class='ocrx_word' id='word_1_361' title='bbox 2723 414 3154 484; x_wconf 86' lang='lat' dir='ltr'><strong>Cordubensem,</strong></span> <span class='ocrx_word' id='word_1_362' title='bbox 3212 423 3266 471; x_wconf 89' lang='lat' dir='ltr'><strong>et</strong></span> <span class='ocrx_word' id='word_1_363' title='bbox 3312 416 3562 473; x_wconf 89' lang='lat' dir='ltr'><strong>Gentium</strong></span> 
     </span>
    </p>
   </div>
   <div class='ocr_carea' id='block_1_52' title="bbox 1974 502 3561 575">
    <p class='ocr_par' dir='ltr' id='par_1_52' title="bbox 1974 502 3561 575">
     <span class='ocr_line' id='line_1_52' title="bbox 1974 502 3561 575; baseline 0.003 -19"><span class='ocrx_word' id='word_1_364' title='bbox 1974 502 2334 572; x_wconf 87' lang='lat' dir='ltr'><strong>Capuensem,</strong></span> <span class='ocrx_word' id='word_1_365' title='bbox 2366 509 2421 556; x_wconf 89' lang='lat' dir='ltr'><strong>et</strong></span> <span class='ocrx_word' id='word_1_366' title='bbox 2475 502 2829 572; x_wconf 88' lang='lat' dir='ltr'><strong>Calepodium</strong></span> <span class='ocrx_word' id='word_1_367' title='bbox 2872 503 3292 574; x_wconf 88' lang='lat' dir='ltr'><strong>Neapolitanum</strong></span> <span class='ocrx_word' id='word_1_368' title='bbox 3341 506 3561 575; x_wconf 89' lang='lat' dir='ltr'><strong>episco-</strong></span> 
     </span>
    </p>
   </div>
   <div class='ocr_carea' id='block_1_53' title="bbox 1972 588 3563 660">
    <p class='ocr_par' dir='ltr' id='par_1_53' title="bbox 1972 588 3563 660">
     <span class='ocr_line' id='line_1_53' title="bbox 1972 588 3563 660; baseline 0.004 -17"><span class='ocrx_word' id='word_1_369' title='bbox 1972 604 2093 660; x_wconf 91' lang='lat' dir='ltr'><strong>pos,</strong></span> <span class='ocrx_word' id='word_1_370' title='bbox 2126 606 2253 645; x_wconf 91' lang='lat' dir='ltr'><strong>suos</strong></span> <span class='ocrx_word' id='word_1_371' title='bbox 2273 590 2509 646; x_wconf 89' lang='lat' dir='ltr'><strong>vicarios</strong></span> <span class='ocrx_word' id='word_1_372' title='bbox 2537 588 2877 645; x_wconf 82' lang='lat' dir='ltr'><strong>cenﬁrmavit</strong></span> <span class='ocrx_word' id='word_1_373' title='bbox 2910 608 2924 643; x_wconf 93' lang='lat'>:</span> <span class='ocrx_word' id='word_1_374' title='bbox 2965 598 3021 645; x_wconf 90' lang='lat' dir='ltr'><strong>et</strong></span> <span class='ocrx_word' id='word_1_375' title='bbox 3066 592 3314 648; x_wconf 89' lang='lat' dir='ltr'><strong>Ecclesia</strong></span> <span class='ocrx_word' id='word_1_376' title='bbox 3360 592 3563 649; x_wconf 84' lang='lat' dir='ltr'><strong>nihilo-</strong></span> 
     </span>
    </p>
   </div>
   <div class='ocr_carea' id='block_1_54' title="bbox 1972 676 3567 752">
    <p class='ocr_par' dir='ltr' id='par_1_54' title="bbox 1972 676 3567 752">
     <span class='ocr_line' id='line_1_54' title="bbox 1972 676 3567 752; baseline 0.004 -22"><span class='ocrx_word' id='word_1_377' title='bbox 1972 678 2150 732; x_wconf 89' lang='lat' dir='ltr'><strong>minus</strong></span> <span class='ocrx_word' id='word_1_378' title='bbox 2193 678 2558 750; x_wconf 89' lang='lat' dir='ltr'><strong>subsequente</strong></span> <span class='ocrx_word' id='word_1_379' title='bbox 2587 676 2967 735; x_wconf 84' lang='lat' dir='ltr'><strong>confirmatam</strong></span> <span class='ocrx_word' id='word_1_380' title='bbox 3023 680 3196 735; x_wconf 87' lang='lat' dir='ltr'><strong>tenuit</strong></span> <span class='ocrx_word' id='word_1_381' title='bbox 3241 697 3481 752; x_wconf 91' lang='lat' dir='ltr'><strong>semper,</strong></span> <span class='ocrx_word' id='word_1_382' title='bbox 3513 689 3567 737; x_wconf 79' lang='lat' dir='ltr'><strong>et</strong></span> 
     </span>
    </p>
   </div>
   <div class='ocr_carea' id='block_1_55' title="bbox 1974 765 2185 821">
    <p class='ocr_par' dir='ltr' id='par_1_55' title="bbox 1974 765 2185 821">
     <span class='ocr_line' id='line_1_55' title="bbox 1974 765 2185 821; baseline 0.009 -2"><span class='ocrx_word' id='word_1_383' title='bbox 1974 765 2185 821; x_wconf 88' lang='lat' dir='ltr'><strong>retinet.</strong></span> 
     </span>
    </p>
   </div>
   <div class='ocr_carea' id='block_1_56' title="bbox 2252 925 3322 991">
    <p class='ocr_par' dir='ltr' id='par_1_56' title="bbox 2252 925 3322 991">
     <span class='ocr_line' id='line_1_56' title="bbox 2252 925 3322 991; baseline 0.004 -5"><span class='ocrx_word' id='word_1_384' title='bbox 2252 925 2711 987; x_wconf 86' lang='lat' dir='ltr'><strong>SENTENTIA</strong></span> <span class='ocrx_word' id='word_1_385' title='bbox 2753 927 3322 991; x_wconf 87' lang='lat' dir='ltr'><strong>DEPOSITIONIS</strong></span> 
     </span>
    </p>
   </div>
   <div class='ocr_carea' id='block_1_57' title="bbox 2417 1045 3104 1088">
    <p class='ocr_par' dir='ltr' id='par_1_57' title="bbox 2417 1045 3104 1088">
     <span class='ocr_line' id='line_1_57' title="bbox 2417 1045 3104 1088; baseline 0.006 -5"><span class='ocrx_word' id='word_1_386' title='bbox 2417 1045 2690 1085; x_wconf 66' lang='lat' dir='ltr'><strong>HINCIARI</strong></span> <span class='ocrx_word' id='word_1_387' title='bbox 2717 1046 3104 1088; x_wconf 78' lang='lat' dir='ltr'><strong>LAUDUNENSIS</strong></span> 
     </span>
    </p>
   </div>
   <div class='ocr_carea' id='block_1_58' title="bbox 1970 1126 3564 1199">
    <p class='ocr_par' dir='ltr' id='par_1_58' title="bbox 1970 1126 3564 1199">
     <span class='ocr_line' id='line_1_58' title="bbox 1970 1126 3564 1199; baseline 0.006 -19"><span class='ocrx_word' id='word_1_388' title='bbox 1970 1126 2046 1180; x_wconf 87' lang='lat' dir='ltr'><strong>Ab</strong></span> <span class='ocrx_word' id='word_1_389' title='bbox 2063 1127 2362 1182; x_wconf 82' lang='lat' dir='ltr'><strong>Hincmaro</strong></span> <span class='ocrx_word' id='word_1_390' title='bbox 2392 1129 2828 1199; x_wconf 80' lang='lat' dir='ltr'><strong>metropolitano</strong></span> <span class='ocrx_word' id='word_1_391' title='bbox 2872 1130 3174 1186; x_wconf 77' lang='lat' dir='ltr'><strong>Rhemensi</strong></span> <span class='ocrx_word' id='word_1_392' title='bbox 3214 1131 3279 1186; x_wconf 76' lang='lat' dir='ltr'><strong>in</strong></span> <span class='ocrx_word' id='word_1_393' title='bbox 3322 1133 3564 1190; x_wconf 81' lang='lat' dir='ltr'><strong>concilio</strong></span> 
     </span>
    </p>
   </div>
   <div class='ocr_carea' id='block_1_59' title="bbox 2395 1199 3180 1270">
    <p class='ocr_par' dir='ltr' id='par_1_59' title="bbox 2395 1199 3180 1270">
     <span class='ocr_line' id='line_1_59' title="bbox 2395 1199 3180 1270; baseline 0.006 -19"><span class='ocrx_word' id='word_1_394' title='bbox 2395 1199 2731 1254; x_wconf 74' lang='lat' dir='ltr'><strong>Duziacensi</strong></span> <span class='ocrx_word' id='word_1_395' title='bbox 2776 1202 3180 1270; x_wconf 81' lang='lat' dir='ltr'><strong>pronuntiata.</strong></span> 
     </span>
    </p>
   </div>
   <div class='ocr_carea' id='block_1_60' title="bbox 2330 1300 3189 1360">
    <p class='ocr_par' dir='ltr' id='par_1_60' title="bbox 2330 1300 3189 1360">
     <span class='ocr_line' id='line_1_60' title="bbox 2330 1300 3189 1360; baseline 0.003 -15"><span class='ocrx_word' id='word_1_396' title='bbox 2330 1300 2491 1356; x_wconf 82' lang='lat' dir='ltr'><strong>(Apud</strong></span> <span class='ocrx_word' id='word_1_397' title='bbox 2509 1300 2675 1357; x_wconf 84' lang='lat' dir='ltr'><strong>Labb.,</strong></span> <span class='ocrx_word' id='word_1_398' title='bbox 2697 1303 2874 1348; x_wconf 86' lang='lat' dir='ltr'><strong>Coneil.</strong></span> <span class='ocrx_word' id='word_1_399' title='bbox 2901 1305 3020 1349; x_wconf 91' lang='lat' dir='ltr'><strong>tom.</strong></span> <span class='ocrx_word' id='word_1_400' title='bbox 3040 1306 3189 1360; x_wconf 79' lang='lat' dir='ltr'><strong>Vili.)</strong></span> 
     </span>
    </p>
   </div>
   <div class='ocr_carea' id='block_1_61' title="bbox 2040 1379 3565 1458">
    <p class='ocr_par' dir='ltr' id='par_1_61' title="bbox 2040 1379 3565 1458">
     <span class='ocr_line' id='line_1_61' title="bbox 2040 1379 3565 1458; baseline 0.006 -25"><span class='ocrx_word' id='word_1_401' title='bbox 2040 1379 2363 1435; x_wconf 85' lang='lat' dir='ltr'><strong>Hincmarus</strong></span> <span class='ocrx_word' id='word_1_402' title='bbox 2392 1382 2728 1437; x_wconf 84' lang='lat' dir='ltr'><strong>Rhemorum</strong></span> <span class='ocrx_word' id='word_1_403' title='bbox 2757 1383 3044 1454; x_wconf 89' lang='lat' dir='ltr'><strong>episcopus</strong></span> <span class='ocrx_word' id='word_1_404' title='bbox 3062 1385 3197 1440; x_wconf 81' lang='lat' dir='ltr'><strong>dixit</strong></span> <span class='ocrx_word' id='word_1_405' title='bbox 3227 1403 3241 1439; x_wconf 90' lang='lat'>:</span> <span class='ocrx_word' id='word_1_406' title='bbox 3272 1386 3565 1458; x_wconf 87' lang='lat' dir='ltr'><strong>Nunquam</strong></span> 
     </span>
    </p>
   </div>
   <div class='ocr_carea' id='block_1_62' title="bbox 1968 1468 3567 1543">
    <p class='ocr_par' dir='ltr' id='par_1_62' title="bbox 1968 1468 3567 1543">
     <span class='ocr_line' id='line_1_62' title="bbox 1968 1468 3567 1543; baseline 0.005 -20"><span class='ocrx_word' id='word_1_407' title='bbox 1968 1468 2167 1523; x_wconf 88' lang='lat' dir='ltr'><strong>vellem</strong></span> <span class='ocrx_word' id='word_1_408' title='bbox 2218 1468 2275 1522; x_wconf 91' lang='lat' dir='ltr'><strong>in</strong></span> <span class='ocrx_word' id='word_1_409' title='bbox 2322 1485 2444 1524; x_wconf 90' lang='lat' dir='ltr'><strong>eum</strong></span> <span class='ocrx_word' id='word_1_410' title='bbox 2491 1486 2580 1525; x_wconf 92' lang='lat' dir='ltr'><strong>me</strong></span> <span class='ocrx_word' id='word_1_411' title='bbox 2618 1471 2867 1539; x_wconf 89' lang='lat' dir='ltr'><strong>judicare</strong></span> <span class='ocrx_word' id='word_1_412' title='bbox 2923 1481 3234 1543; x_wconf 88' lang='lat' dir='ltr'><strong>oporteret;</strong></span> <span class='ocrx_word' id='word_1_413' title='bbox 3267 1482 3320 1529; x_wconf 92' lang='lat' dir='ltr'><strong>et</strong></span> <span class='ocrx_word' id='word_1_414' title='bbox 3360 1476 3567 1531; x_wconf 87' lang='lat' dir='ltr'><strong>utinam</strong></span> 
     </span>
    </p>
   </div>
   <div class='ocr_carea' id='block_1_63' title="bbox 1967 1556 3569 1634">
    <p class='ocr_par' dir='ltr' id='par_1_63' title="bbox 1967 1556 3569 1634">
     <span class='ocr_line' id='line_1_63' title="bbox 1967 1556 3569 1634; baseline 0.006 -25"><span class='ocrx_word' id='word_1_415' title='bbox 1967 1572 2069 1611; x_wconf 90' lang='lat' dir='ltr'><strong>nec</strong></span> <span class='ocrx_word' id='word_1_416' title='bbox 2096 1556 2348 1611; x_wconf 89' lang='lat' dir='ltr'><strong>ordinare</strong></span> <span class='ocrx_word' id='word_1_417' title='bbox 2377 1558 2718 1630; x_wconf 81' lang='lat' dir='ltr'><strong>contigisset,</strong></span> <span class='ocrx_word' id='word_1_418' title='bbox 2750 1559 2821 1614; x_wconf 89' lang='lat' dir='ltr'><strong>de</strong></span> <span class='ocrx_word' id='word_1_419' title='bbox 2851 1575 2961 1631; x_wconf 89' lang='lat' dir='ltr'><strong>quo</strong></span> <span class='ocrx_word' id='word_1_420' title='bbox 2986 1576 3206 1631; x_wconf 90' lang='lat' dir='ltr'><strong>semper</strong></span> <span class='ocrx_word' id='word_1_421' title='bbox 3224 1561 3395 1631; x_wconf 90' lang='lat' dir='ltr'><strong>timui,</strong></span> <span class='ocrx_word' id='word_1_422' title='bbox 3419 1563 3569 1634; x_wconf 87' lang='lat' dir='ltr'><strong>quod</strong></span> 
     </span>
    </p>
   </div>
   <div class='ocr_carea' id='block_1_64' title="bbox 1892 1645 3565 1733">
    <p class='ocr_par' dir='ltr' id='par_1_64' title="bbox 1892 1645 3565 1733">
     <span class='ocr_line' id='line_1_64' title="bbox 1892 1645 3565 1733; baseline 0.004 -35"><span class='ocrx_word' id='word_1_423' title='bbox 1892 1672 1947 1733; x_wconf 82' lang='grc' dir='ltr'>Β</span> <span class='ocrx_word' id='word_1_424' title='bbox 1970 1659 2114 1700; x_wconf 91' lang='lat' dir='ltr'><strong>nunc</strong></span> <span class='ocrx_word' id='word_1_425' title='bbox 2170 1645 2349 1712; x_wconf 90' lang='lat' dir='ltr'><strong>video,</strong></span> <span class='ocrx_word' id='word_1_426' title='bbox 2411 1654 2697 1718; x_wconf 88' lang='lat' dir='ltr'><strong>postquam</strong></span> <span class='ocrx_word' id='word_1_427' title='bbox 2744 1664 2869 1702; x_wconf 92' lang='lat' dir='ltr'><strong>eum</strong></span> <span class='ocrx_word' id='word_1_428' title='bbox 2916 1648 3020 1703; x_wconf 90' lang='lat' dir='ltr'><strong>sibi</strong></span> <span class='ocrx_word' id='word_1_429' title='bbox 3064 1650 3323 1705; x_wconf 86' lang='lat' dir='ltr'><strong>saeculum</strong></span> <span class='ocrx_word' id='word_1_430' title='bbox 3367 1650 3565 1721; x_wconf 87' lang='lat' dir='ltr'><strong>rapuit,</strong></span> 
     </span>
    </p>
   </div>
   <div class='ocr_carea' id='block_1_65' title="bbox 1971 1731 3565 1806">
    <p class='ocr_par' dir='ltr' id='par_1_65' title="bbox 1971 1731 3565 1806">
     <span class='ocr_line' id='line_1_65' title="bbox 1971 1731 3565 1806; baseline 0.006 -20"><span class='ocrx_word' id='word_1_431' title='bbox 1971 1740 2026 1787; x_wconf 90' lang='lat' dir='ltr'><strong>et</strong></span> <span class='ocrx_word' id='word_1_432' title='bbox 2054 1732 2104 1787; x_wconf 91' lang='lat' dir='ltr'><strong>ei</strong></span> <span class='ocrx_word' id='word_1_433' title='bbox 2134 1731 2445 1804; x_wconf 88' lang='lat' dir='ltr'><strong>frequenter</strong></span> <span class='ocrx_word' id='word_1_434' title='bbox 2486 1734 2746 1805; x_wconf 89' lang='lat' dir='ltr'><strong>scriptum</strong></span> <span class='ocrx_word' id='word_1_435' title='bbox 2775 1736 3004 1806; x_wconf 84' lang='lat' dir='ltr'><strong>pradixi</strong></span> <span class='ocrx_word' id='word_1_436' title='bbox 3037 1754 3051 1790; x_wconf 91' lang='lat'><strong>:</strong></span> <span class='ocrx_word' id='word_1_437' title='bbox 3084 1737 3191 1805; x_wconf 83' lang='lat' dir='ltr'><strong>Qui</strong></span> <span class='ocrx_word' id='word_1_438' title='bbox 3236 1741 3448 1795; x_wconf 77' lang='lat' dir='ltr'><strong>menti:</strong></span> <span class='ocrx_word' id='word_1_439' title='bbox 3478 1744 3565 1795; x_wconf 75' lang='lat' dir='ltr'><strong>est</strong></span> 
     </span>
    </p>
   </div>
   <div class='ocr_carea' id='block_1_66' title="bbox 1970 1821 3574 1897">
    <p class='ocr_par' dir='ltr' id='par_1_66' title="bbox 1970 1821 3574 1897">
     <span class='ocr_line' id='line_1_66' title="bbox 1970 1821 3574 1897; baseline 0.005 -22"><span class='ocrx_word' id='word_1_440' title='bbox 1970 1821 2146 1887; x_wconf 70' lang='lat' dir='ltr'><strong>duraz,</strong></span> <span class='ocrx_word' id='word_1_441' title='bbox 2183 1826 2410 1877; x_wconf 78' lang='lat' dir='ltr'><strong>corruet</strong></span> <span class='ocrx_word' id='word_1_442' title='bbox 2442 1822 2508 1877; x_wconf 80' lang='lat' dir='ltr'><strong>in</strong></span> <span class='ocrx_word' id='word_1_443' title='bbox 2527 1825 2747 1879; x_wconf 84' lang='lat' dir='ltr'><strong>malum</strong></span> <span class='ocrx_word' id='word_1_444' title='bbox 2768 1825 2919 1894; x_wconf 90' lang='lat' dir='ltr'><strong>(Pro.</strong></span> <span class='ocrx_word' id='word_1_445' title='bbox 2941 1825 3155 1894; x_wconf 86' lang='lat' dir='ltr'><strong>xxvm).</strong></span> <span class='ocrx_word' id='word_1_446' title='bbox 3182 1826 3291 1881; x_wconf 90' lang='lat' dir='ltr'><strong>Sed</strong></span> <span class='ocrx_word' id='word_1_447' title='bbox 3307 1826 3437 1897; x_wconf 91' lang='lat' dir='ltr'><strong>quia</strong></span> <span class='ocrx_word' id='word_1_448' title='bbox 3454 1826 3574 1897; x_wconf 91' lang='lat' dir='ltr'><strong>ipse</strong></span> 
     </span>
    </p>
   </div>
   <div class='ocr_carea' id='block_1_67' title="bbox 1973 1907 3566 1983">
    <p class='ocr_par' dir='ltr' id='par_1_67' title="bbox 1973 1907 3566 1983">
     <span class='ocr_line' id='line_1_67' title="bbox 1973 1907 3566 1983; baseline 0.004 -21"><span class='ocrx_word' id='word_1_449' title='bbox 1973 1907 2077 1963; x_wconf 88' lang='lat' dir='ltr'><strong>sibi</strong></span> <span class='ocrx_word' id='word_1_450' title='bbox 2097 1908 2363 1976; x_wconf 89' lang='lat' dir='ltr'><strong>judicium</strong></span> <span class='ocrx_word' id='word_1_451' title='bbox 2389 1908 2519 1964; x_wconf 86' lang='lat' dir='ltr'><strong>ferri</strong></span> <span class='ocrx_word' id='word_1_452' title='bbox 2548 1911 2729 1982; x_wconf 82' lang='lat' dir='ltr'><strong>exegit</strong></span> <span class='ocrx_word' id='word_1_453' title='bbox 2761 1929 2775 1965; x_wconf 88' lang='lat'><strong>:</strong></span> <span class='ocrx_word' id='word_1_454' title='bbox 2808 1920 2989 1967; x_wconf 89' lang='lat' dir='ltr'><strong>vestra</strong></span> <span class='ocrx_word' id='word_1_455' title='bbox 3025 1912 3358 1968; x_wconf 87' lang='lat' dir='ltr'><strong>unanimitas</strong></span> <span class='ocrx_word' id='word_1_456' title='bbox 3401 1913 3566 1983; x_wconf 89' lang='lat' dir='ltr'><strong>dicat,</strong></span> 
     </span>
    </p>
   </div>
   <div class='ocr_carea' id='block_1_68' title="bbox 1972 1995 3566 2068">
    <p class='ocr_par' dir='ltr' id='par_1_68' title="bbox 1972 1995 3566 2068">
     <span class='ocr_line' id='line_1_68' title="bbox 1972 1995 3566 2068; baseline 0.005 -19"><span class='ocrx_word' id='word_1_457' title='bbox 1972 1995 2019 2050; x_wconf 92' lang='lat' dir='ltr'><strong>si</strong></span> <span class='ocrx_word' id='word_1_458' title='bbox 2042 2010 2150 2068; x_wconf 85' lang='lat' dir='ltr'><strong>ego</strong></span> <span class='ocrx_word' id='word_1_459' title='bbox 2174 2012 2277 2067; x_wconf 91' lang='lat' dir='ltr'><strong>pro</strong></span> <span class='ocrx_word' id='word_1_460' title='bbox 2313 1998 2610 2067; x_wconf 87' lang='lat' dir='ltr'><strong>pramissis</strong></span> <span class='ocrx_word' id='word_1_461' title='bbox 2665 1999 2845 2055; x_wconf 91' lang='lat' dir='ltr'><strong>causis</strong></span> <span class='ocrx_word' id='word_1_462' title='bbox 2873 2015 2998 2054; x_wconf 91' lang='lat' dir='ltr'><strong>eum</strong></span> <span class='ocrx_word' id='word_1_463' title='bbox 3007 2000 3350 2068; x_wconf 90' lang='lat' dir='ltr'><strong>judicavero,</strong></span> <span class='ocrx_word' id='word_1_464' title='bbox 3383 2010 3566 2057; x_wconf 90' lang='lat' dir='ltr'><strong>utrum</strong></span> 
     </span>
    </p>
   </div>
   <div class='ocr_carea' id='block_1_69' title="bbox 1974 2084 3567 2155">
    <p class='ocr_par' dir='ltr' id='par_1_69' title="bbox 1974 2084 3567 2155">
     <span class='ocr_line' id='line_1_69' title="bbox 1974 2084 3567 2155; baseline 0.003 -17"><span class='ocrx_word' id='word_1_465' title='bbox 1974 2099 2072 2139; x_wconf 89' lang='lat' dir='ltr'><strong>vos</strong></span> <span class='ocrx_word' id='word_1_466' title='bbox 2121 2084 2273 2138; x_wconf 90' lang='lat' dir='ltr'><strong>illum</strong></span> <span class='ocrx_word' id='word_1_467' title='bbox 2302 2100 2514 2141; x_wconf 89' lang='lat' dir='ltr'><strong>mecum</strong></span> <span class='ocrx_word' id='word_1_468' title='bbox 2561 2087 2888 2143; x_wconf 89' lang='lat' dir='ltr'><strong>unanimiter</strong></span> <span class='ocrx_word' id='word_1_469' title='bbox 2935 2087 3267 2155; x_wconf 89' lang='lat' dir='ltr'><strong>judicabitis,</strong></span> <span class='ocrx_word' id='word_1_470' title='bbox 3302 2103 3374 2143; x_wconf 91' lang='lat' dir='ltr'><strong>an</strong></span> <span class='ocrx_word' id='word_1_471' title='bbox 3400 2105 3512 2145; x_wconf 91' lang='lat' dir='ltr'><strong>non</strong></span> <span class='ocrx_word' id='word_1_472' title='bbox 3536 2089 3567 2143; x_wconf 70' lang='lat'><strong>7</strong></span> 
     </span>
    </p>
   </div>
   <div class='ocr_carea' id='block_1_70' title="bbox 1972 2171 3564 2245">
    <p class='ocr_par' dir='ltr' id='par_1_70' title="bbox 1972 2171 3564 2245">
     <span class='ocr_line' id='line_1_70' title="bbox 1972 2171 3564 2245; baseline 0.004 -20"><span class='ocrx_word' id='word_1_473' title='bbox 1972 2172 2042 2226; x_wconf 86' lang='lat' dir='ltr'><strong>Et</strong></span> <span class='ocrx_word' id='word_1_474' title='bbox 2092 2171 2406 2244; x_wconf 88' lang='lat' dir='ltr'><strong>singillatim</strong></span> <span class='ocrx_word' id='word_1_475' title='bbox 2461 2174 2733 2245; x_wconf 89' lang='lat' dir='ltr'><strong>episcopis</strong></span> <span class='ocrx_word' id='word_1_476' title='bbox 2780 2175 3254 2245; x_wconf 88' lang='lat' dir='ltr'><strong>respondentibus,</strong></span> <span class='ocrx_word' id='word_1_477' title='bbox 3306 2192 3368 2232; x_wconf 90' lang='lat' dir='ltr'><strong>se</strong></span> <span class='ocrx_word' id='word_1_478' title='bbox 3414 2176 3564 2232; x_wconf 89' lang='lat' dir='ltr'><strong>illum</strong></span> 
     </span>
    </p>
   </div>
   <div class='ocr_carea' id='block_1_71' title="bbox 1973 2262 3567 2329">
    <p class='ocr_par' dir='ltr' id='par_1_71' title="bbox 1973 2262 3567 2329">
     <span class='ocr_line' id='line_1_71' title="bbox 1973 2262 3567 2329; baseline 0.004 -15"><span class='ocrx_word' id='word_1_479' title='bbox 1973 2276 2079 2314; x_wconf 89' lang='lat' dir='ltr'><strong>una</strong></span> <span class='ocrx_word' id='word_1_480' title='bbox 2130 2276 2255 2316; x_wconf 92' lang='lat' dir='ltr'><strong>cum</strong></span> <span class='ocrx_word' id='word_1_481' title='bbox 2313 2277 2379 2316; x_wconf 91' lang='lat' dir='ltr'><strong>eo</strong></span> <span class='ocrx_word' id='word_1_482' title='bbox 2430 2262 2768 2329; x_wconf 88' lang='lat' dir='ltr'><strong>judicaturos</strong></span> <span class='ocrx_word' id='word_1_483' title='bbox 2788 2304 2804 2319; x_wconf 94' lang='lat'><strong>.</strong></span> <span class='ocrx_word' id='word_1_484' title='bbox 2858 2264 3184 2319; x_wconf 83' lang='lat' dir='ltr'><strong>Hincmarus</strong></span> <span class='ocrx_word' id='word_1_485' title='bbox 3235 2264 3567 2320; x_wconf 82' lang='lat' dir='ltr'><strong>Rbemorum</strong></span> 
     </span>
    </p>
   </div>
   <div class='ocr_carea' id='block_1_72' title="bbox 1977 2338 3574 2423">
    <p class='ocr_par' dir='ltr' id='par_1_72' title="bbox 1977 2338 3574 2423">
     <span class='ocr_line' id='line_1_72' title="bbox 1977 2338 3574 2423; baseline 0.004 -22"><span class='ocrx_word' id='word_1_486' title='bbox 1977 2348 2269 2418; x_wconf 90' lang='lat' dir='ltr'><strong>episcopus</strong></span> <span class='ocrx_word' id='word_1_487' title='bbox 2317 2338 2451 2403; x_wconf 83' lang='lat' dir='ltr'><strong>dixit</strong></span> <span class='ocrx_word' id='word_1_488' title='bbox 2482 2367 2495 2402; x_wconf 93' lang='lat'><strong>:</strong></span> <span class='ocrx_word' id='word_1_489' title='bbox 2528 2351 2596 2405; x_wconf 89' lang='lat' dir='ltr'><strong>Et</strong></span> <span class='ocrx_word' id='word_1_490' title='bbox 2639 2358 2930 2422; x_wconf 86' lang='lat' dir='ltr'><strong>postquam</strong></span> <span class='ocrx_word' id='word_1_491' title='bbox 2984 2366 3092 2423; x_wconf 88' lang='lat' dir='ltr'><strong>ego</strong></span> <span class='ocrx_word' id='word_1_492' title='bbox 3119 2351 3327 2422; x_wconf 88' lang='lat' dir='ltr'><strong>judicio</strong></span> <span class='ocrx_word' id='word_1_493' title='bbox 3373 2367 3574 2409; x_wconf 86' lang='lat' dir='ltr'><strong>secun-</strong></span> 
     </span>
    </p>
   </div>
   <div class='ocr_carea' id='block_1_73' title="bbox 1977 2436 3572 2510">
    <p class='ocr_par' dir='ltr' id='par_1_73' title="bbox 1977 2436 3572 2510">
     <span class='ocr_line' id='line_1_73' title="bbox 1977 2436 3572 2510; baseline 0.004 -20"><span class='ocrx_word' id='word_1_494' title='bbox 1977 2436 2107 2490; x_wconf 92' lang='lat' dir='ltr'><strong>dum</strong></span> <span class='ocrx_word' id='word_1_495' title='bbox 2134 2451 2345 2491; x_wconf 90' lang='lat' dir='ltr'><strong>morem</strong></span> <span class='ocrx_word' id='word_1_496' title='bbox 2401 2437 2830 2495; x_wconf 89' lang='lat' dir='ltr'><strong>ecclesiasticum</strong></span> <span class='ocrx_word' id='word_1_497' title='bbox 2877 2439 3275 2510; x_wconf 90' lang='lat' dir='ltr'><strong>subscripsero,</strong></span> <span class='ocrx_word' id='word_1_498' title='bbox 3325 2441 3572 2497; x_wconf 86' lang='lat' dir='ltr'><strong>subscri-</strong></span> 
     </span>
    </p>
   </div>
   <div class='ocr_carea' id='block_1_74' title="bbox 1977 2523 3572 2600">
    <p class='ocr_par' dir='ltr' id='par_1_74' title="bbox 1977 2523 3572 2600">
     <span class='ocr_line' id='line_1_74' title="bbox 1977 2523 3572 2600; baseline 0.005 -22"><span class='ocrx_word' id='word_1_499' title='bbox 1977 2523 2116 2579; x_wconf 90' lang='lat' dir='ltr'><strong>betis</strong></span> <span class='ocrx_word' id='word_1_500' title='bbox 2170 2540 2386 2581; x_wconf 91' lang='lat' dir='ltr'><strong>mecum</strong></span> <span class='ocrx_word' id='word_1_501' title='bbox 2430 2524 2608 2581; x_wconf 90' lang='lat' dir='ltr'><strong>eidem</strong></span> <span class='ocrx_word' id='word_1_502' title='bbox 2648 2526 2853 2594; x_wconf 90' lang='lat' dir='ltr'><strong>judicio</strong></span> <span class='ocrx_word' id='word_1_503' title='bbox 2872 2527 2899 2581; x_wconf 86' lang='lat'><strong>?</strong></span> <span class='ocrx_word' id='word_1_504' title='bbox 2948 2528 3386 2598; x_wconf 85' lang='lat' dir='ltr'><strong>Responderunt,</strong></span> <span class='ocrx_word' id='word_1_505' title='bbox 3441 2529 3572 2600; x_wconf 88' lang='lat' dir='ltr'><strong>quia</strong></span> 
     </span>
    </p>
   </div>
   <div class='ocr_carea' id='block_1_75' title="bbox 1979 2612 3563 2683">
    <p class='ocr_par' dir='ltr' id='par_1_75' title="bbox 1979 2612 3563 2683">
     <span class='ocr_line' id='line_1_75' title="bbox 1979 2612 3563 2683; baseline 0.004 -17"><span class='ocrx_word' id='word_1_506' title='bbox 1979 2612 2128 2683; x_wconf 91' lang='lat' dir='ltr'><strong>quod</strong></span> <span class='ocrx_word' id='word_1_507' title='bbox 2156 2627 2278 2667; x_wconf 91' lang='lat' dir='ltr'><strong>cum</strong></span> <span class='ocrx_word' id='word_1_508' title='bbox 2309 2629 2375 2668; x_wconf 91' lang='lat' dir='ltr'><strong>eo</strong></span> <span class='ocrx_word' id='word_1_509' title='bbox 2423 2613 2799 2682; x_wconf 87' lang='lat' dir='ltr'><strong>judicaverint,</strong></span> <span class='ocrx_word' id='word_1_510' title='bbox 2842 2630 2904 2671; x_wconf 90' lang='lat' dir='ltr'><strong>se</strong></span> <span class='ocrx_word' id='word_1_511' title='bbox 2940 2615 3094 2683; x_wconf 83' lang='lat' dir='ltr'><strong>juxta</strong></span> <span class='ocrx_word' id='word_1_512' title='bbox 3144 2631 3355 2671; x_wconf 89' lang='lat' dir='ltr'><strong>morem</strong></span> <span class='ocrx_word' id='word_1_513' title='bbox 3384 2616 3563 2673; x_wconf 86' lang='lat' dir='ltr'><strong>eccle-</strong></span> 
     </span>
    </p>
   </div>
   <div class='ocr_carea' id='block_1_76' title="bbox 1980 2699 3572 2772">
    <p class='ocr_par' dir='ltr' id='par_1_76' title="bbox 1980 2699 3572 2772">
     <span class='ocr_line' id='line_1_76' title="bbox 1980 2699 3572 2772; baseline 0.004 -19"><span class='ocrx_word' id='word_1_514' title='bbox 1980 2699 2254 2755; x_wconf 87' lang='lat' dir='ltr'><strong>siasticum</strong></span> <span class='ocrx_word' id='word_1_515' title='bbox 2286 2699 2401 2755; x_wconf 88' lang='lat' dir='ltr'><strong>fore</strong></span> <span class='ocrx_word' id='word_1_516' title='bbox 2430 2702 2858 2772; x_wconf 87' lang='lat' dir='ltr'><strong>subscripturos.</strong></span> <span class='ocrx_word' id='word_1_517' title='bbox 2886 2703 2957 2758; x_wconf 89' lang='lat' dir='ltr'><strong>Et</strong></span> <span class='ocrx_word' id='word_1_518' title='bbox 2997 2710 3125 2759; x_wconf 89' lang='lat' dir='ltr'><strong>tunc</strong></span> <span class='ocrx_word' id='word_1_519' title='bbox 3151 2702 3308 2760; x_wconf 82' lang='lat' dir='ltr'><strong>lecta</strong></span> <span class='ocrx_word' id='word_1_520' title='bbox 3358 2711 3482 2759; x_wconf 90' lang='lat' dir='ltr'><strong>sunt</strong></span> <span class='ocrx_word' id='word_1_521' title='bbox 3512 2705 3572 2760; x_wconf 93' lang='lat' dir='ltr'><strong>in</strong></span> 
     </span>
    </p>
   </div>
   <div class='ocr_carea' id='block_1_77' title="bbox 1979 2788 3573 2861">
    <p class='ocr_par' dir='ltr' id='par_1_77' title="bbox 1979 2788 3573 2861">
     <span class='ocr_line' id='line_1_77' title="bbox 1979 2788 3573 2861; baseline 0.004 -19"><span class='ocrx_word' id='word_1_522' title='bbox 1979 2788 2191 2857; x_wconf 81' lang='lat' dir='ltr'><strong>synodo</strong></span> <span class='ocrx_word' id='word_1_523' title='bbox 2220 2789 2290 2842; x_wconf 89' lang='lat' dir='ltr'><strong>ab</strong></span> <span class='ocrx_word' id='word_1_524' title='bbox 2307 2788 2601 2859; x_wconf 82' lang='lat' dir='ltr'><strong>Adalgario</strong></span> <span class='ocrx_word' id='word_1_525' title='bbox 2620 2790 2853 2847; x_wconf 89' lang='lat' dir='ltr'><strong>diacono</strong></span> <span class='ocrx_word' id='word_1_526' title='bbox 2874 2790 3157 2846; x_wconf 88' lang='lat' dir='ltr'><strong>sententia</strong></span> <span class='ocrx_word' id='word_1_527' title='bbox 3180 2806 3468 2861; x_wconf 86' lang='lat' dir='ltr'><strong>canonum,</strong></span> <span class='ocrx_word' id='word_1_528' title='bbox 3499 2793 3573 2849; x_wconf 89' lang='lat' dir='ltr'><strong>ita</strong></span> 
     </span>
    </p>
   </div>
   <div class='ocr_carea' id='block_1_78' title="bbox 1980 2876 3571 2950">
    <p class='ocr_par' dir='ltr' id='par_1_78' title="bbox 1980 2876 3571 2950">
     <span class='ocr_line' id='line_1_78' title="bbox 1980 2876 3571 2950; baseline 0.004 -20"><span class='ocrx_word' id='word_1_529' title='bbox 1980 2891 2048 2931; x_wconf 91' lang='lat' dir='ltr'><strong>eo</strong></span> <span class='ocrx_word' id='word_1_530' title='bbox 2089 2876 2304 2932; x_wconf 90' lang='lat' dir='ltr'><strong>dicente</strong></span> <span class='ocrx_word' id='word_1_531' title='bbox 2327 2920 2340 2931; x_wconf 94' lang='lat'><strong>.</strong></span> <span class='ocrx_word' id='word_1_532' title='bbox 2367 2876 2719 2934; x_wconf 88' lang='lat' dir='ltr'><strong>Sardicenses</strong></span> <span class='ocrx_word' id='word_1_533' title='bbox 2747 2893 2989 2935; x_wconf 90' lang='lat' dir='ltr'><strong>canones</strong></span> <span class='ocrx_word' id='word_1_534' title='bbox 3018 2879 3379 2936; x_wconf 85' lang='lat' dir='ltr'><strong>decreverunt</strong></span> <span class='ocrx_word' id='word_1_535' title='bbox 3415 2881 3571 2950; x_wconf 78' lang='lat' dir='ltr'><strong>(can.</strong></span> 
     </span>
    </p>
   </div>
   <div class='ocr_carea' id='block_1_79' title="bbox 1984 2964 3577 3041">
    <p class='ocr_par' dir='ltr' id='par_1_79' title="bbox 1984 2964 3577 3041">
     <span class='ocr_line' id='line_1_79' title="bbox 1984 2964 3577 3041; baseline 0.005 -23"><span class='ocrx_word' id='word_1_536' title='bbox 1984 2965 2040 3035; x_wconf 86' lang='lat'><strong>3)</strong></span> <span class='ocrx_word' id='word_1_537' title='bbox 2070 2982 2083 3018; x_wconf 88' lang='lat'><strong>:</strong></span> <span class='ocrx_word' id='word_1_538' title='bbox 2114 2987 2137 3012; x_wconf 83' lang='grc' dir='ltr'><strong><em>«ι</em></strong></span> <span class='ocrx_word' id='word_1_539' title='bbox 2170 2966 2238 3020; x_wconf 91' lang='lat' dir='ltr'><strong>Ut</strong></span> <span class='ocrx_word' id='word_1_540' title='bbox 2256 2965 2305 3019; x_wconf 91' lang='lat' dir='ltr'><strong>si</strong></span> <span class='ocrx_word' id='word_1_541' title='bbox 2325 2964 2521 3037; x_wconf 89' lang='lat' dir='ltr'><strong>aliquis</strong></span> <span class='ocrx_word' id='word_1_542' title='bbox 2541 2967 2830 3038; x_wconf 90' lang='lat' dir='ltr'><strong>episcopus</strong></span> <span class='ocrx_word' id='word_1_543' title='bbox 2842 2967 3113 3036; x_wconf 90' lang='lat' dir='ltr'><strong>judicatus</strong></span> <span class='ocrx_word' id='word_1_544' title='bbox 3133 2966 3366 3025; x_wconf 85' lang='lat' dir='ltr'><strong>fueritin</strong></span> <span class='ocrx_word' id='word_1_545' title='bbox 3392 2970 3577 3041; x_wconf 86' lang='lat' dir='ltr'><strong>aliqua</strong></span> 
     </span>
    </p>
   </div>
   <div class='ocr_carea' id='block_1_80' title="bbox 1975 3055 3574 3127">
    <p class='ocr_par' dir='ltr' id='par_1_80' title="bbox 1975 3055 3574 3127">
     <span class='ocr_line' id='line_1_80' title="bbox 1975 3055 3574 3127; baseline 0.005 -20"><span class='ocrx_word' id='word_1_546' title='bbox 1975 3068 2162 3118; x_wconf 88' lang='lat' dir='ltr'><strong>causa,</strong></span> <span class='ocrx_word' id='word_1_547' title='bbox 2196 3061 2250 3108; x_wconf 89' lang='lat' dir='ltr'><strong>et</strong></span> <span class='ocrx_word' id='word_1_548' title='bbox 2275 3061 2429 3124; x_wconf 81' lang='lat' dir='ltr'><strong>putet</strong></span> <span class='ocrx_word' id='word_1_549' title='bbox 2457 3069 2518 3109; x_wconf 90' lang='lat' dir='ltr'><strong>se</strong></span> <span class='ocrx_word' id='word_1_550' title='bbox 2564 3055 2767 3110; x_wconf 88' lang='lat' dir='ltr'><strong>bonam</strong></span> <span class='ocrx_word' id='word_1_551' title='bbox 2824 3071 3048 3111; x_wconf 87' lang='lat' dir='ltr'><strong>causam</strong></span> <span class='ocrx_word' id='word_1_552' title='bbox 3087 3057 3415 3127; x_wconf 40' lang='lat' dir='ltr'><strong>haberehut</strong></span> <span class='ocrx_word' id='word_1_553' title='bbox 3467 3059 3574 3115; x_wconf 84' lang='lat' dir='ltr'><strong>ite—</strong></span> 
     </span>
    </p>
   </div>
   <div class='ocr_carea' id='block_1_81' title="bbox 1973 3141 3575 3217">
    <p class='ocr_par' dir='ltr' id='par_1_81' title="bbox 1973 3141 3575 3217">
     <span class='ocr_line' id='line_1_81' title="bbox 1973 3141 3575 3217; baseline 0.006 -22"><span class='ocrx_word' id='word_1_554' title='bbox 1973 3157 2089 3195; x_wconf 89' lang='lat' dir='ltr'><strong>rum</strong></span> <span class='ocrx_word' id='word_1_555' title='bbox 2147 3141 2438 3197; x_wconf 90' lang='lat' dir='ltr'><strong>concilium</strong></span> <span class='ocrx_word' id='word_1_556' title='bbox 2484 3151 2798 3209; x_wconf 90' lang='lat' dir='ltr'><strong>renovetur,</strong></span> <span class='ocrx_word' id='word_1_557' title='bbox 2857 3144 2905 3198; x_wconf 91' lang='lat' dir='ltr'><strong>si</strong></span> <span class='ocrx_word' id='word_1_558' title='bbox 2952 3145 3109 3201; x_wconf 89' lang='lat' dir='ltr'><strong>vobis</strong></span> <span class='ocrx_word' id='word_1_559' title='bbox 3166 3146 3347 3217; x_wconf 88' lang='lat' dir='ltr'><strong>placet</strong></span> <span class='ocrx_word' id='word_1_560' title='bbox 3398 3148 3575 3204; x_wconf 89' lang='lat' dir='ltr'><strong>sancti</strong></span> 
     </span>
    </p>
   </div>
   <div class='ocr_carea' id='block_1_82' title="bbox 1946 3229 3578 3298">
    <p class='ocr_par' dir='ltr' id='par_1_82' title="bbox 1946 3229 3578 3298">
     <span class='ocr_line' id='line_1_82' title="bbox 1946 3229 3578 3298; baseline 0.006 -16"><span class='ocrx_word' id='word_1_561' title='bbox 1946 3229 2117 3284; x_wconf 89' lang='lat' dir='ltr'><strong>.Petri</strong></span> <span class='ocrx_word' id='word_1_562' title='bbox 2169 3231 2488 3285; x_wconf 88' lang='lat' dir='ltr'><strong>memoriam</strong></span> <span class='ocrx_word' id='word_1_563' title='bbox 2543 3231 2899 3298; x_wconf 88' lang='lat' dir='ltr'><strong>honoremus,</strong></span> <span class='ocrx_word' id='word_1_564' title='bbox 2949 3241 3007 3288; x_wconf 90' lang='lat' dir='ltr'><strong>ut</strong></span> <span class='ocrx_word' id='word_1_565' title='bbox 3059 3234 3330 3290; x_wconf 86' lang='lat' dir='ltr'><strong>scribatur</strong></span> <span class='ocrx_word' id='word_1_566' title='bbox 3375 3235 3444 3289; x_wconf 88' lang='lat' dir='ltr'><strong>ab</strong></span> <span class='ocrx_word' id='word_1_567' title='bbox 3491 3236 3578 3291; x_wconf 89' lang='lat' dir='ltr'><strong>his</strong></span> 
     </span>
    </p>
   </div>
   <div class='ocr_carea' id='block_1_83' title="bbox 1973 3317 3566 3393">
    <p class='ocr_par' dir='ltr' id='par_1_83' title="bbox 1973 3317 3566 3393">
     <span class='ocr_line' id='line_1_83' title="bbox 1973 3317 3566 3393; baseline 0.004 -21"><span class='ocrx_word' id='word_1_568' title='bbox 1973 3317 2066 3387; x_wconf 91' lang='lat' dir='ltr'><strong>qui</strong></span> <span class='ocrx_word' id='word_1_569' title='bbox 2094 3332 2314 3373; x_wconf 91' lang='lat' dir='ltr'><strong>causam</strong></span> <span class='ocrx_word' id='word_1_570' title='bbox 2356 3318 2746 3387; x_wconf 88' lang='lat' dir='ltr'><strong>examinarunt,</strong></span> <span class='ocrx_word' id='word_1_571' title='bbox 2795 3319 2940 3374; x_wconf 86' lang='lat' dir='ltr'><strong>Julio</strong></span> <span class='ocrx_word' id='word_1_572' title='bbox 2998 3321 3243 3378; x_wconf 80' lang='lat' dir='ltr'><strong>Romano</strong></span> <span class='ocrx_word' id='word_1_573' title='bbox 3287 3322 3566 3393; x_wconf 90' lang='lat' dir='ltr'><strong>episcopo,</strong></span> 
     </span>
    </p>
   </div>
   <div class='ocr_carea' id='block_1_84' title="bbox 1971 3405 3573 3478">
    <p class='ocr_par' dir='ltr' id='par_1_84' title="bbox 1971 3405 3573 3478">
     <span class='ocr_line' id='line_1_84' title="bbox 1971 3405 3573 3478; baseline 0.005 -19"><span class='ocrx_word' id='word_1_574' title='bbox 1971 3413 2026 3460; x_wconf 94' lang='lat' dir='ltr'><strong>et</strong></span> <span class='ocrx_word' id='word_1_575' title='bbox 2055 3405 2102 3459; x_wconf 90' lang='lat' dir='ltr'><strong>si</strong></span> <span class='ocrx_word' id='word_1_576' title='bbox 2123 3405 2451 3474; x_wconf 89' lang='lat' dir='ltr'><strong>judicaverit</strong></span> <span class='ocrx_word' id='word_1_577' title='bbox 2479 3407 2861 3463; x_wconf 87' lang='lat' dir='ltr'><strong>renovandum</strong></span> <span class='ocrx_word' id='word_1_578' title='bbox 2904 3423 3029 3465; x_wconf 91' lang='lat' dir='ltr'><strong>esse</strong></span> <span class='ocrx_word' id='word_1_579' title='bbox 3071 3409 3353 3478; x_wconf 89' lang='lat' dir='ltr'><strong>judicium,</strong></span> <span class='ocrx_word' id='word_1_580' title='bbox 3405 3426 3573 3467; x_wconf 81' lang='lat' dir='ltr'><strong>reno-</strong></span> 
     </span>
    </p>
   </div>
   <div class='ocr_carea' id='block_1_85' title="bbox 1971 3494 3571 3568">
    <p class='ocr_par' dir='ltr' id='par_1_85' title="bbox 1971 3494 3571 3568">
     <span class='ocr_line' id='line_1_85' title="bbox 1971 3494 3571 3568; baseline 0.004 -21"><span class='ocrx_word' id='word_1_581' title='bbox 1971 3499 2148 3562; x_wconf 90' lang='lat' dir='ltr'><strong>vetur,</strong></span> <span class='ocrx_word' id='word_1_582' title='bbox 2192 3502 2246 3549; x_wconf 89' lang='lat' dir='ltr'><strong>et</strong></span> <span class='ocrx_word' id='word_1_583' title='bbox 2293 3494 2387 3549; x_wconf 89' lang='lat' dir='ltr'><strong>det</strong></span> <span class='ocrx_word' id='word_1_584' title='bbox 2418 3494 2632 3562; x_wconf 88' lang='lat' dir='ltr'><strong>judices</strong></span> <span class='ocrx_word' id='word_1_585' title='bbox 2662 3513 2677 3549; x_wconf 91' lang='lat'><strong>:</strong></span> <span class='ocrx_word' id='word_1_586' title='bbox 2708 3495 2756 3550; x_wconf 92' lang='lat' dir='ltr'><strong>si</strong></span> <span class='ocrx_word' id='word_1_587' title='bbox 2798 3504 2987 3552; x_wconf 89' lang='lat' dir='ltr'><strong>contra</strong></span> <span class='ocrx_word' id='word_1_588' title='bbox 3035 3497 3350 3568; x_wconf 89' lang='lat' dir='ltr'><strong>probaverit</strong></span> <span class='ocrx_word' id='word_1_589' title='bbox 3404 3498 3571 3554; x_wconf 86' lang='lat' dir='ltr'><strong>talem</strong></span> 
     </span>
    </p>
   </div>
   <div class='ocr_carea' id='block_1_86' title="bbox 1972 3582 3565 3657">
    <p class='ocr_par' dir='ltr' id='par_1_86' title="bbox 1972 3582 3565 3657">
     <span class='ocr_line' id='line_1_86' title="bbox 1972 3582 3565 3657; baseline 0.004 -21"><span class='ocrx_word' id='word_1_590' title='bbox 1972 3597 2097 3637; x_wconf 88' lang='lat' dir='ltr'><strong>esse</strong></span> <span class='ocrx_word' id='word_1_591' title='bbox 2124 3596 2367 3650; x_wconf 89' lang='lat' dir='ltr'><strong>causam,</strong></span> <span class='ocrx_word' id='word_1_592' title='bbox 2397 3590 2455 3637; x_wconf 88' lang='lat' dir='ltr'><strong>ut</strong></span> <span class='ocrx_word' id='word_1_593' title='bbox 2483 3598 2595 3639; x_wconf 92' lang='lat' dir='ltr'><strong>non</strong></span> <span class='ocrx_word' id='word_1_594' title='bbox 2638 3582 2969 3640; x_wconf 82' lang='lat' dir='ltr'><strong>refricentur</strong></span> <span class='ocrx_word' id='word_1_595' title='bbox 3012 3601 3077 3641; x_wconf 89' lang='lat' dir='ltr'><strong>ea</strong></span> <span class='ocrx_word' id='word_1_596' title='bbox 3102 3602 3224 3657; x_wconf 89' lang='lat' dir='ltr'><strong>qua</strong></span> <span class='ocrx_word' id='word_1_597' title='bbox 3253 3592 3380 3642; x_wconf 88' lang='lat' dir='ltr'><strong>acta</strong></span> <span class='ocrx_word' id='word_1_598' title='bbox 3403 3595 3565 3653; x_wconf 85' lang='lat' dir='ltr'><strong>sunt;</strong></span> 
     </span>
    </p>
   </div>
   <div class='ocr_carea' id='block_1_87' title="bbox 1971 3669 3566 3741">
    <p class='ocr_par' dir='ltr' id='par_1_87' title="bbox 1971 3669 3566 3741">
     <span class='ocr_line' id='line_1_87' title="bbox 1971 3669 3566 3741; baseline 0.003 -16"><span class='ocrx_word' id='word_1_599' title='bbox 1971 3685 2094 3741; x_wconf 87' lang='lat' dir='ltr'><strong>qua</strong></span> <span class='ocrx_word' id='word_1_600' title='bbox 2119 3669 2448 3737; x_wconf 89' lang='lat' dir='ltr'><strong>decreverit,</strong></span> <span class='ocrx_word' id='word_1_601' title='bbox 2481 3669 2799 3727; x_wconf 83' lang='lat' dir='ltr'><strong>conﬁrmata</strong></span> <span class='ocrx_word' id='word_1_602' title='bbox 2827 3680 3007 3729; x_wconf 87' lang='lat' dir='ltr'><strong>erunt.</strong></span> <span class='ocrx_word' id='word_1_603' title='bbox 3045 3696 3070 3723; x_wconf 71' lang='grc' dir='ltr'><strong>ιι</strong></span> <span class='ocrx_word' id='word_1_604' title='bbox 3119 3674 3190 3729; x_wconf 87' lang='grc' dir='ltr'><strong><em>Ει</em></strong></span> <span class='ocrx_word' id='word_1_605' title='bbox 3220 3675 3566 3731; x_wconf 88' lang='lat' dir='ltr'><strong>Innocentius</strong></span> 
     </span>
    </p>
   </div>
   <div class='ocr_carea' id='block_1_88' title="bbox 1969 3758 3568 3832">
    <p class='ocr_par' dir='ltr' id='par_1_88' title="bbox 1969 3758 3568 3832">
     <span class='ocr_line' id='line_1_88' title="bbox 1969 3758 3568 3832; baseline 0.005 -20"><span class='ocrx_word' id='word_1_606' title='bbox 1969 3773 2114 3829; x_wconf 91' lang='lat' dir='ltr'><strong>papa</strong></span> <span class='ocrx_word' id='word_1_607' title='bbox 2142 3758 2381 3815; x_wconf 88' lang='lat' dir='ltr'><strong>decrevit</strong></span> <span class='ocrx_word' id='word_1_608' title='bbox 2412 3760 2597 3832; x_wconf 79' lang='lat' dir='ltr'><strong>(epist.</strong></span> <span class='ocrx_word' id='word_1_609' title='bbox 2640 3761 2717 3832; x_wconf 77' lang='grc'><strong>1),</strong></span> <span class='ocrx_word' id='word_1_610' title='bbox 2749 3768 2809 3815; x_wconf 83' lang='grc' dir='ltr'><strong>ιιι</strong></span> <span class='ocrx_word' id='word_1_611' title='bbox 2836 3782 2859 3812; x_wconf 73' lang='grc' dir='ltr'><strong>ι</strong></span> <span class='ocrx_word' id='word_1_612' title='bbox 2918 3761 2976 3816; x_wconf 91' lang='lat' dir='ltr'><strong>Si</strong></span> <span class='ocrx_word' id='word_1_613' title='bbox 3026 3762 3265 3832; x_wconf 90' lang='lat' dir='ltr'><strong>majores</strong></span> <span class='ocrx_word' id='word_1_614' title='bbox 3301 3778 3484 3820; x_wconf 88' lang='lat' dir='ltr'><strong>causa</strong></span> <span class='ocrx_word' id='word_1_615' title='bbox 3509 3763 3568 3819; x_wconf 87' lang='lat' dir='ltr'><strong>in</strong></span> 
     </span>
    </p>
   </div>
   <div class='ocr_carea' id='block_1_89' title="bbox 1970 3846 3572 3921">
    <p class='ocr_par' dir='ltr' id='par_1_89' title="bbox 1970 3846 3572 3921">
     <span class='ocr_line' id='line_1_89' title="bbox 1970 3846 3572 3921; baseline 0.005 -20"><span class='ocrx_word' id='word_1_616' title='bbox 1970 3846 2153 3903; x_wconf 89' lang='lat' dir='ltr'><strong>medio</strong></span> <span class='ocrx_word' id='word_1_617' title='bbox 2182 3847 2383 3904; x_wconf 86' lang='lat' dir='ltr'><strong>fuerint</strong></span> <span class='ocrx_word' id='word_1_618' title='bbox 2409 3848 2698 3914; x_wconf 84' lang='lat' dir='ltr'><strong>devoluta,</strong></span> <span class='ocrx_word' id='word_1_619' title='bbox 2730 3850 2803 3905; x_wconf 91' lang='lat' dir='ltr'><strong>ad</strong></span> <span class='ocrx_word' id='word_1_620' title='bbox 2820 3848 3011 3906; x_wconf 89' lang='lat' dir='ltr'><strong>sedem</strong></span> <span class='ocrx_word' id='word_1_621' title='bbox 3031 3851 3408 3921; x_wconf 89' lang='lat' dir='ltr'><strong>apostolicam,</strong></span> <span class='ocrx_word' id='word_1_622' title='bbox 3430 3852 3572 3909; x_wconf 90' lang='lat' dir='ltr'><strong>sicut</strong></span> 
     </span>
    </p>
   </div>
   <div class='ocr_carea' id='block_1_90' title="bbox 1972 3936 3567 4013">
    <p class='ocr_par' dir='ltr' id='par_1_90' title="bbox 1972 3936 3567 4013">
     <span class='ocr_line' id='line_1_90' title="bbox 1972 3936 3567 4013; baseline 0.004 -22"><span class='ocrx_word' id='word_1_623' title='bbox 1972 3936 2214 4008; x_wconf 89' lang='lat' dir='ltr'><strong>synodus</strong></span> <span class='ocrx_word' id='word_1_624' title='bbox 2262 3937 2467 4004; x_wconf 90' lang='lat' dir='ltr'><strong>statuit,</strong></span> <span class='ocrx_word' id='word_1_625' title='bbox 2518 3944 2572 3993; x_wconf 92' lang='lat' dir='ltr'><strong>et</strong></span> <span class='ocrx_word' id='word_1_626' title='bbox 2623 3946 2779 3994; x_wconf 89' lang='lat' dir='ltr'><strong>vetus</strong></span> <span class='ocrx_word' id='word_1_627' title='bbox 2836 3941 3174 3996; x_wconf 91' lang='lat' dir='ltr'><strong>consuetudo</strong></span> <span class='ocrx_word' id='word_1_628' title='bbox 3195 3939 3215 4013; x_wconf 96' lang='lat'>[</span> <span class='ocrx_word' id='word_1_629' title='bbox 3237 3942 3316 3997; x_wconf 85' lang='lat' dir='ltr'><strong>ai.</strong></span> <span class='ocrx_word' id='word_1_630' title='bbox 3338 3981 3353 4009; x_wconf 94' lang='lat'><strong>,</strong></span> <span class='ocrx_word' id='word_1_631' title='bbox 3410 3940 3567 3997; x_wconf 82' lang='lat' dir='ltr'><strong>beata</strong></span> 
     </span>
    </p>
   </div>
   <div class='ocr_carea' id='block_1_91' title="bbox 1970 4025 3566 4100">
    <p class='ocr_par' dir='ltr' id='par_1_91' title="bbox 1970 4025 3566 4100">
     <span class='ocr_line' id='line_1_91' title="bbox 1970 4025 3566 4100; baseline 0.003 -19"><span class='ocrx_word' id='word_1_632' title='bbox 1970 4025 2242 4097; x_wconf 89' lang='lat' dir='ltr'><strong>consuet.]</strong></span> <span class='ocrx_word' id='word_1_633' title='bbox 2273 4025 2461 4098; x_wconf 84' lang='lat' dir='ltr'><strong>exigit,</strong></span> <span class='ocrx_word' id='word_1_634' title='bbox 2480 4033 2605 4096; x_wconf 92' lang='lat' dir='ltr'><strong>post</strong></span> <span class='ocrx_word' id='word_1_635' title='bbox 2626 4026 2891 4094; x_wconf 91' lang='lat' dir='ltr'><strong>judicium</strong></span> <span class='ocrx_word' id='word_1_636' title='bbox 2910 4027 3223 4100; x_wconf 88' lang='lat' dir='ltr'><strong>episcopale</strong></span> <span class='ocrx_word' id='word_1_637' title='bbox 3241 4028 3517 4085; x_wconf 87' lang='lat' dir='ltr'><strong>referatur.</strong></span> <span class='ocrx_word' id='word_1_638' title='bbox 3543 4053 3566 4079; x_wconf 75' lang='grc' dir='ltr'><strong>ι</strong></span> 
     </span>
    </p>
   </div>
   <div class='ocr_carea' id='block_1_92' title="bbox 1970 4112 3575 4188">
    <p class='ocr_par' dir='ltr' id='par_1_92' title="bbox 1970 4112 3575 4188">
     <span class='ocr_line' id='line_1_92' title="bbox 1970 4112 3575 4188; baseline 0.006 -21"><span class='ocrx_word' id='word_1_639' title='bbox 1970 4114 2039 4168; x_wconf 83' lang='grc' dir='ltr'><strong><em>Ει</em></strong></span> <span class='ocrx_word' id='word_1_640' title='bbox 2069 4112 2379 4170; x_wconf 87' lang='lat' dir='ltr'><strong>Bonifacius</strong></span> <span class='ocrx_word' id='word_1_641' title='bbox 2402 4129 2544 4184; x_wconf 91' lang='lat' dir='ltr'><strong>papa</strong></span> <span class='ocrx_word' id='word_1_642' title='bbox 2570 4114 2700 4170; x_wconf 89' lang='lat' dir='ltr'><strong>dicit</strong></span> <span class='ocrx_word' id='word_1_643' title='bbox 2728 4114 2917 4188; x_wconf 83' lang='lat' dir='ltr'><strong>(epist.</strong></span> <span class='ocrx_word' id='word_1_644' title='bbox 2951 4117 3009 4186; x_wconf 79' lang='lat'><strong>2)</strong></span> <span class='ocrx_word' id='word_1_645' title='bbox 3044 4134 3058 4171; x_wconf 90' lang='lat'><strong>:</strong></span> <span class='ocrx_word' id='word_1_646' title='bbox 3083 4118 3197 4173; x_wconf 87' lang='lat' dir='ltr'><strong>Nos</strong></span> <span class='ocrx_word' id='word_1_647' title='bbox 3252 4133 3354 4188; x_wconf 91' lang='lat' dir='ltr'><strong>per</strong></span> <span class='ocrx_word' id='word_1_648' title='bbox 3382 4133 3575 4176; x_wconf 87' lang='lat' dir='ltr'><strong>omnes</strong></span> 
     </span>
    </p>
   </div>
   <div class='ocr_carea' id='block_1_93' title="bbox 1972 4201 3574 4274">
    <p class='ocr_par' dir='ltr' id='par_1_93' title="bbox 1972 4201 3574 4274">
     <span class='ocr_line' id='line_1_93' title="bbox 1972 4201 3574 4274; baseline 0.003 -18"><span class='ocrx_word' id='word_1_649' title='bbox 1972 4201 2286 4271; x_wconf 89' lang='lat' dir='ltr'><strong>provincias</strong></span> <span class='ocrx_word' id='word_1_650' title='bbox 2314 4201 2527 4257; x_wconf 89' lang='lat' dir='ltr'><strong>litteras</strong></span> <span class='ocrx_word' id='word_1_651' title='bbox 2556 4202 2879 4274; x_wconf 86' lang='lat' dir='ltr'><strong>dirigemus,</strong></span> <span class='ocrx_word' id='word_1_652' title='bbox 2914 4219 2984 4259; x_wconf 87' lang='lat' dir='ltr'><strong>ne</strong></span> <span class='ocrx_word' id='word_1_653' title='bbox 3031 4205 3438 4261; x_wconf 82' lang='lat' dir='ltr'><strong>excusationem</strong></span> <span class='ocrx_word' id='word_1_654' title='bbox 3468 4206 3574 4262; x_wconf 89' lang='lat' dir='ltr'><strong>sibi</strong></span> 
     </span>
    </p>
   </div>
   <div class='ocr_carea' id='block_1_94' title="bbox 1973 4289 3572 4363">
    <p class='ocr_par' dir='ltr' id='par_1_94' title="bbox 1973 4289 3572 4363">
     <span class='ocr_line' id='line_1_94' title="bbox 1973 4289 3572 4363; baseline 0.004 -20"><span class='ocrx_word' id='word_1_655' title='bbox 1973 4289 2335 4359; x_wconf 86' lang='lat' dir='ltr'><strong>ignorationis</strong></span> <span class='ocrx_word' id='word_1_656' title='bbox 2359 4290 2483 4358; x_wconf 90' lang='lat' dir='ltr'><strong>jure</strong></span> <span class='ocrx_word' id='word_1_657' title='bbox 2511 4289 2779 4345; x_wconf 86' lang='lat' dir='ltr'><strong>Maximus</strong></span> <span class='ocrx_word' id='word_1_658' title='bbox 2810 4290 3085 4357; x_wconf 88' lang='lat' dir='ltr'><strong>obtendat,</strong></span> <span class='ocrx_word' id='word_1_659' title='bbox 3128 4300 3187 4347; x_wconf 88' lang='lat' dir='ltr'><strong>ut</strong></span> <span class='ocrx_word' id='word_1_660' title='bbox 3231 4292 3303 4347; x_wconf 90' lang='lat' dir='ltr'><strong>ad</strong></span> <span class='ocrx_word' id='word_1_661' title='bbox 3349 4293 3572 4363; x_wconf 89' lang='lat' dir='ltr'><strong>provin-</strong></span> 
     </span>
    </p>
   </div>
   <div class='ocr_carea' id='block_1_95' title="bbox 258 4368 3571 4449">
    <p class='ocr_par' dir='ltr' id='par_1_95' title="bbox 258 4368 3571 4449">
     <span class='ocr_line' id='line_1_95' title="bbox 258 4368 3571 4449; baseline 0.001 -16"><span class='ocrx_word' id='word_1_662' title='bbox 258 4378 387 4433; x_wconf 90' lang='lat' dir='ltr'><strong>dem</strong></span> <span class='ocrx_word' id='word_1_663' title='bbox 431 4377 600 4432; x_wconf 88' lang='lat' dir='ltr'><strong>modo</strong></span> <span class='ocrx_word' id='word_1_664' title='bbox 650 4377 1056 4449; x_wconf 83' lang='lat' dir='ltr'><strong>exsequendum</strong></span> <span class='ocrx_word' id='word_1_665' title='bbox 1100 4377 1465 4441; x_wconf 89' lang='lat' dir='ltr'><strong>Innocentius,</strong></span> <span class='ocrx_word' id='word_1_666' title='bbox 1534 4377 1862 4445; x_wconf 88' lang='lat' dir='ltr'><strong>Bonifacius,</strong></span> <span class='ocrx_word' id='word_1_667' title='bbox 1894 4368 1952 4431; x_wconf 91' lang='lat' dir='ltr'><strong>D</strong></span> <span class='ocrx_word' id='word_1_668' title='bbox 1974 4377 2113 4432; x_wconf 90' lang='lat' dir='ltr'><strong>ciam</strong></span> <span class='ocrx_word' id='word_1_669' title='bbox 2143 4377 2328 4433; x_wconf 88' lang='lat' dir='ltr'><strong>venire</strong></span> <span class='ocrx_word' id='word_1_670' title='bbox 2375 4384 2622 4449; x_wconf 88' lang='lat' dir='ltr'><strong>cogatur,</strong></span> <span class='ocrx_word' id='word_1_671' title='bbox 2655 4384 2710 4432; x_wconf 89' lang='lat' dir='ltr'><strong>et</strong></span> <span class='ocrx_word' id='word_1_672' title='bbox 2734 4376 2848 4432; x_wconf 89' lang='lat' dir='ltr'><strong>illic</strong></span> <span class='ocrx_word' id='word_1_673' title='bbox 2874 4394 2936 4433; x_wconf 90' lang='lat' dir='ltr'><strong>se</strong></span> <span class='ocrx_word' id='word_1_674' title='bbox 2977 4378 3272 4433; x_wconf 90' lang='lat' dir='ltr'><strong>constituto</strong></span> <span class='ocrx_word' id='word_1_675' title='bbox 3323 4395 3571 4449; x_wconf 86' lang='lat' dir='ltr'><strong>prasen-</strong></span> 
     </span>
    </p>
   </div>
   <div class='ocr_carea' id='block_1_96' title="bbox 264 4464 1867 4522">
    <p class='ocr_par' dir='ltr' id='par_1_96' title="bbox 264 4464 1867 4522">
     <span class='ocr_line' id='line_1_96' title="bbox 264 4464 1867 4522; baseline 0 -1"><span class='ocrx_word' id='word_1_676' title='bbox 264 4474 322 4522; x_wconf 92' lang='lat' dir='ltr'><strong>et</strong></span> <span class='ocrx_word' id='word_1_677' title='bbox 366 4467 479 4521; x_wconf 86' lang='lat' dir='ltr'><strong>Leo</strong></span> <span class='ocrx_word' id='word_1_678' title='bbox 510 4465 561 4519; x_wconf 91' lang='lat' dir='ltr'><strong>ie</strong></span> <span class='ocrx_word' id='word_1_679' title='bbox 592 4465 825 4520; x_wconf 89' lang='lat' dir='ltr'><strong>decretis</strong></span> <span class='ocrx_word' id='word_1_680' title='bbox 855 4465 967 4520; x_wconf 92' lang='lat' dir='ltr'><strong>suis</strong></span> <span class='ocrx_word' id='word_1_681' title='bbox 998 4481 1064 4520; x_wconf 89' lang='lat' dir='ltr'><strong>ex</strong></span> <span class='ocrx_word' id='word_1_682' title='bbox 1094 4464 1303 4521; x_wconf 89' lang='lat' dir='ltr'><strong>eisdem</strong></span> <span class='ocrx_word' id='word_1_683' title='bbox 1334 4465 1506 4521; x_wconf 89' lang='lat' dir='ltr'><strong>sacris</strong></span> <span class='ocrx_word' id='word_1_684' title='bbox 1564 4467 1867 4521; x_wconf 90' lang='lat' dir='ltr'><strong>canonibus</strong></span> 
     </span>
    </p>
   </div>
   <div class='ocr_carea' id='block_1_97' title="bbox 263 4553 1869 4626">
    <p class='ocr_par' dir='ltr' id='par_1_97' title="bbox 263 4553 1869 4626">
     <span class='ocr_line' id='line_1_97' title="bbox 263 4553 1869 4626; baseline 0.001 -18"><span class='ocrx_word' id='word_1_685' title='bbox 263 4554 616 4626; x_wconf 90' lang='lat' dir='ltr'><strong>apertissime</strong></span> <span class='ocrx_word' id='word_1_686' title='bbox 628 4554 1132 4625; x_wconf 86' lang='lat' dir='ltr'><strong>promulgaverunt.</strong></span> <span class='ocrx_word' id='word_1_687' title='bbox 1171 4554 1327 4610; x_wconf 89' lang='lat' dir='ltr'><strong>Unde</strong></span> <span class='ocrx_word' id='word_1_688' title='bbox 1341 4561 1395 4609; x_wconf 92' lang='lat' dir='ltr'><strong>et</strong></span> <span class='ocrx_word' id='word_1_689' title='bbox 1410 4553 1659 4609; x_wconf 88' lang='lat' dir='ltr'><strong>Geiasius</strong></span> <span class='ocrx_word' id='word_1_690' title='bbox 1681 4555 1869 4610; x_wconf 86' lang='lat' dir='ltr'><strong>scribit</strong></span> 
     </span>
    </p>
   </div>
   <div class='ocr_carea' id='block_1_98' title="bbox 267 4640 1871 4716">
    <p class='ocr_par' dir='ltr' id='par_1_98' title="bbox 267 4640 1871 4716">
     <span class='ocr_line' id='line_1_98' title="bbox 267 4640 1871 4716; baseline 0 -18"><span class='ocrx_word' id='word_1_691' title='bbox 267 4644 464 4716; x_wconf 70' lang='lat' dir='ltr'><strong>(epist.</strong></span> <span class='ocrx_word' id='word_1_692' title='bbox 500 4642 590 4712; x_wconf 80' lang='grc'><strong>11)</strong></span> <span class='ocrx_word' id='word_1_693' title='bbox 623 4660 637 4696; x_wconf 92' lang='lat'>:</span> <span class='ocrx_word' id='word_1_694' title='bbox 673 4664 696 4690; x_wconf 78' lang='grc' dir='ltr'><strong><em>α</em></strong></span> <span class='ocrx_word' id='word_1_695' title='bbox 732 4640 1066 4697; x_wconf 84' lang='lat' dir='ltr'><strong>Confidimus</strong></span> <span class='ocrx_word' id='word_1_696' title='bbox 1113 4643 1259 4714; x_wconf 88' lang='lat' dir='ltr'><strong>quod</strong></span> <span class='ocrx_word' id='word_1_697' title='bbox 1315 4642 1499 4697; x_wconf 90' lang='lat' dir='ltr'><strong>nullus</strong></span> <span class='ocrx_word' id='word_1_698' title='bbox 1546 4643 1663 4711; x_wconf 91' lang='lat' dir='ltr'><strong>jam</strong></span> <span class='ocrx_word' id='word_1_699' title='bbox 1707 4658 1871 4698; x_wconf 89' lang='lat' dir='ltr'><strong>vera-</strong></span> 
     </span>
    </p>
   </div>
   <div class='ocr_carea' id='block_1_99' title="bbox 261 4729 1867 4803">
    <p class='ocr_par' dir='ltr' id='par_1_99' title="bbox 261 4729 1867 4803">
     <span class='ocr_line' id='line_1_99' title="bbox 261 4729 1867 4803; baseline -0.001 -16"><span class='ocrx_word' id='word_1_700' title='bbox 261 4731 399 4788; x_wconf 88' lang='lat' dir='ltr'><strong>citer</strong></span> <span class='ocrx_word' id='word_1_701' title='bbox 426 4729 767 4785; x_wconf 87' lang='lat' dir='ltr'><strong>Christianus</strong></span> <span class='ocrx_word' id='word_1_702' title='bbox 793 4731 1010 4803; x_wconf 88' lang='lat' dir='ltr'><strong>ignoret</strong></span> <span class='ocrx_word' id='word_1_703' title='bbox 1047 4730 1472 4803; x_wconf 87' lang='lat' dir='ltr'><strong>uniuscujusque</strong></span> <span class='ocrx_word' id='word_1_704' title='bbox 1513 4731 1706 4802; x_wconf 86' lang='lat' dir='ltr'><strong>synodi</strong></span> <span class='ocrx_word' id='word_1_705' title='bbox 1737 4746 1867 4787; x_wconf 91' lang='lat' dir='ltr'><strong>con-</strong></span> 
     </span>
    </p>
   </div>
   <div class='ocr_carea' id='block_1_100' title="bbox 261 4818 1869 4890">
    <p class='ocr_par' dir='ltr' id='par_1_100' title="bbox 261 4818 1869 4890">
     <span class='ocr_line' id='line_1_100' title="bbox 261 4818 1869 4890; baseline 0 -17"><span class='ocrx_word' id='word_1_706' title='bbox 261 4819 530 4884; x_wconf 88' lang='lat' dir='ltr'><strong>stitutum,</strong></span> <span class='ocrx_word' id='word_1_707' title='bbox 582 4819 728 4890; x_wconf 90' lang='lat' dir='ltr'><strong>quod</strong></span> <span class='ocrx_word' id='word_1_708' title='bbox 790 4818 1110 4875; x_wconf 86' lang='lat' dir='ltr'><strong>universalis</strong></span> <span class='ocrx_word' id='word_1_709' title='bbox 1156 4818 1420 4875; x_wconf 80' lang='lat' dir='ltr'><strong>Ecclesia</strong></span> <span class='ocrx_word' id='word_1_710' title='bbox 1472 4820 1725 4890; x_wconf 88' lang='lat' dir='ltr'><strong>probavit</strong></span> <span class='ocrx_word' id='word_1_711' title='bbox 1779 4833 1869 4874; x_wconf 87' lang='lat' dir='ltr'><strong>as-</strong></span> 
     </span>
    </p>
   </div>
   <div class='ocr_carea' id='block_1_101' title="bbox 259 4906 1868 4980">
    <p class='ocr_par' dir='ltr' id='par_1_101' title="bbox 259 4906 1868 4980">
     <span class='ocr_line' id='line_1_101' title="bbox 259 4906 1868 4980; baseline 0 -17"><span class='ocrx_word' id='word_1_712' title='bbox 259 4923 463 4963; x_wconf 86' lang='lat' dir='ltr'><strong>sensus</strong></span> <span class='ocrx_word' id='word_1_713' title='bbox 505 4908 707 4962; x_wconf 87' lang='lat' dir='ltr'><strong>nullam</strong></span> <span class='ocrx_word' id='word_1_714' title='bbox 755 4906 852 4979; x_wconf 85' lang='grc' dir='ltr'><strong>[αι.</strong></span> <span class='ocrx_word' id='word_1_715' title='bbox 879 4950 891 4973; x_wconf 92' lang='grc'>,</span> <span class='ocrx_word' id='word_1_716' title='bbox 924 4922 1034 4963; x_wconf 91' lang='lat' dir='ltr'><strong>non</strong></span> <span class='ocrx_word' id='word_1_717' title='bbox 1081 4906 1340 4979; x_wconf 89' lang='lat' dir='ltr'><strong>aliquam]</strong></span> <span class='ocrx_word' id='word_1_718' title='bbox 1404 4907 1580 4979; x_wconf 88' lang='lat' dir='ltr'><strong>magis</strong></span> <span class='ocrx_word' id='word_1_719' title='bbox 1642 4908 1868 4980; x_wconf 90' lang='lat' dir='ltr'><strong>exsequi</strong></span> 
     </span>
    </p>
   </div>
   <div class='ocr_carea' id='block_1_102' title="bbox 260 4994 1869 5069">
    <p class='ocr_par' dir='ltr' id='par_1_102' title="bbox 260 4994 1869 5069">
     <span class='ocr_line' id='line_1_102' title="bbox 260 4994 1869 5069; baseline 0.001 -19"><span class='ocrx_word' id='word_1_720' title='bbox 260 4997 456 5051; x_wconf 89' lang='lat' dir='ltr'><strong>sedem</strong></span> <span class='ocrx_word' id='word_1_721' title='bbox 493 5003 749 5066; x_wconf 90' lang='lat' dir='ltr'><strong>oportere</strong></span> <span class='ocrx_word' id='word_1_722' title='bbox 794 4994 924 5067; x_wconf 86' lang='lat' dir='ltr'><strong>[al.,</strong></span> <span class='ocrx_word' id='word_1_723' title='bbox 957 5011 1072 5066; x_wconf 86' lang='lat' dir='ltr'><strong>pra</strong></span> <span class='ocrx_word' id='word_1_724' title='bbox 1118 4995 1329 5051; x_wconf 83' lang='lat' dir='ltr'><strong>cateris</strong></span> <span class='ocrx_word' id='word_1_725' title='bbox 1361 4995 1659 5069; x_wconf 88' lang='lat' dir='ltr'><strong>oportere],</strong></span> <span class='ocrx_word' id='word_1_726' title='bbox 1704 5011 1869 5069; x_wconf 91' lang='lat' dir='ltr'><strong>quam</strong></span> 
     </span>
    </p>
   </div>
   <div class='ocr_carea' id='block_1_103' title="bbox 262 5084 1868 5156">
    <p class='ocr_par' dir='ltr' id='par_1_103' title="bbox 262 5084 1868 5156">
     <span class='ocr_line' id='line_1_103' title="bbox 262 5084 1868 5156; baseline 0.001 -17"><span class='ocrx_word' id='word_1_727' title='bbox 262 5084 501 5154; x_wconf 89' lang='lat' dir='ltr'><strong>primam</strong></span> <span class='ocrx_word' id='word_1_728' title='bbox 548 5099 670 5155; x_wconf 88' lang='lat' dir='ltr'><strong>qua</strong></span> <span class='ocrx_word' id='word_1_729' title='bbox 717 5091 769 5139; x_wconf 94' lang='lat' dir='ltr'><strong>et</strong></span> <span class='ocrx_word' id='word_1_730' title='bbox 800 5099 1240 5156; x_wconf 88' lang='lat' dir='ltr'><strong>unamquamque</strong></span> <span class='ocrx_word' id='word_1_731' title='bbox 1285 5085 1552 5156; x_wconf 88' lang='lat' dir='ltr'><strong>synodum</strong></span> <span class='ocrx_word' id='word_1_732' title='bbox 1602 5101 1700 5140; x_wconf 89' lang='lat' dir='ltr'><strong>sua</strong></span> <span class='ocrx_word' id='word_1_733' title='bbox 1773 5100 1868 5140; x_wconf 82' lang='lat' dir='ltr'><strong>au-</strong></span> 
     </span>
    </p>
   </div>
   <div class='ocr_carea' id='block_1_104' title="bbox 254 5170 1851 5240">
    <p class='ocr_par' dir='ltr' id='par_1_104' title="bbox 254 5170 1851 5240">
     <span class='ocr_line' id='line_1_104' title="bbox 254 5170 1851 5240; baseline 0.001 -13"><span class='ocrx_word' id='word_1_734' title='bbox 254 5172 514 5227; x_wconf 89' lang='lat' dir='ltr'><strong>ctoritate</strong></span> <span class='ocrx_word' id='word_1_735' title='bbox 571 5170 875 5240; x_wconf 84' lang='lat' dir='ltr'><strong>conﬁrmat,</strong></span> <span class='ocrx_word' id='word_1_736' title='bbox 908 5179 961 5226; x_wconf 88' lang='lat' dir='ltr'><strong>et</strong></span> <span class='ocrx_word' id='word_1_737' title='bbox 992 5173 1302 5228; x_wconf 88' lang='lat' dir='ltr'><strong>continuata</strong></span> <span class='ocrx_word' id='word_1_738' title='bbox 1349 5172 1725 5229; x_wconf 87' lang='lat' dir='ltr'><strong>moderatione</strong></span> <span class='ocrx_word' id='word_1_739' title='bbox 1764 5189 1851 5228; x_wconf 91' lang='lat' dir='ltr'><strong>cu-</strong></span> 
     </span>
    </p>
   </div>
   <div class='ocr_carea' id='block_1_105' title="bbox 262 5260 1867 5333">
    <p class='ocr_par' dir='ltr' id='par_1_105' title="bbox 262 5260 1867 5333">
     <span class='ocr_line' id='line_1_105' title="bbox 262 5260 1867 5333; baseline 0.002 -20"><span class='ocrx_word' id='word_1_740' title='bbox 262 5260 451 5327; x_wconf 88' lang='lat' dir='ltr'><strong>stodit,</strong></span> <span class='ocrx_word' id='word_1_741' title='bbox 503 5275 602 5331; x_wconf 88' lang='lat' dir='ltr'><strong>pro</strong></span> <span class='ocrx_word' id='word_1_742' title='bbox 648 5275 747 5314; x_wconf 90' lang='lat' dir='ltr'><strong>suo</strong></span> <span class='ocrx_word' id='word_1_743' title='bbox 817 5260 1025 5315; x_wconf 90' lang='lat' dir='ltr'><strong>scilicet</strong></span> <span class='ocrx_word' id='word_1_744' title='bbox 1078 5260 1404 5331; x_wconf 85' lang='lat' dir='ltr'><strong>principatu,</strong></span> <span class='ocrx_word' id='word_1_745' title='bbox 1466 5277 1629 5333; x_wconf 90' lang='lat' dir='ltr'><strong>quem</strong></span> <span class='ocrx_word' id='word_1_746' title='bbox 1676 5261 1867 5318; x_wconf 89' lang='lat' dir='ltr'><strong>beatus</strong></span> 
     </span>
    </p>
   </div>
   <div class='ocr_carea' id='block_1_106' title="bbox 261 5342 1865 5422">
    <p class='ocr_par' dir='ltr' id='par_1_106' title="bbox 261 5342 1865 5422">
     <span class='ocr_line' id='line_1_106' title="bbox 261 5342 1865 5422; baseline 0.001 -20"><span class='ocrx_word' id='word_1_747' title='bbox 261 5348 461 5402; x_wconf 86' lang='lat' dir='ltr'><strong>Petrus</strong></span> <span class='ocrx_word' id='word_1_748' title='bbox 528 5347 807 5418; x_wconf 86' lang='lat' dir='ltr'><strong>apostolus</strong></span> <span class='ocrx_word' id='word_1_749' title='bbox 876 5342 1095 5404; x_wconf 88' lang='lat' dir='ltr'><strong>Domini</strong></span> <span class='ocrx_word' id='word_1_750' title='bbox 1150 5364 1285 5405; x_wconf 90' lang='lat' dir='ltr'><strong>voce</strong></span> <span class='ocrx_word' id='word_1_751' title='bbox 1358 5356 1697 5422; x_wconf 89' lang='lat' dir='ltr'><strong>perceptum,</strong></span> <span class='ocrx_word' id='word_1_752' title='bbox 1756 5349 1865 5404; x_wconf 87' lang='lat' dir='ltr'><strong>Ec-</strong></span> 
     </span>
    </p>
   </div>
   <div class='ocr_carea' id='block_1_107' title="bbox 257 5434 1859 5519">
    <p class='ocr_par' dir='ltr' id='par_1_107' title="bbox 257 5434 1859 5519">
     <span class='ocr_line' id='line_1_107' title="bbox 257 5434 1859 5519; baseline 0.001 -28"><span class='ocrx_word' id='word_1_753' title='bbox 257 5434 434 5491; x_wconf 88' lang='lat' dir='ltr'><strong>clesia</strong></span> <span class='ocrx_word' id='word_1_754' title='bbox 480 5435 832 5492; x_wconf 84' lang='lat' dir='ltr'><strong>nihilominus</strong></span> <span class='ocrx_word' id='word_1_755' title='bbox 872 5441 1257 5513; x_wconf 88' lang='lat' dir='ltr'><strong>subsequente,</strong></span> <span class='ocrx_word' id='word_1_756' title='bbox 1292 5445 1345 5494; x_wconf 91' lang='lat' dir='ltr'><strong>et</strong></span> <span class='ocrx_word' id='word_1_757' title='bbox 1403 5437 1575 5519; x_wconf 83' lang='lat' dir='ltr'><strong>tenuit</strong></span> <span class='ocrx_word' id='word_1_758' title='bbox 1622 5451 1859 5509; x_wconf 89' lang='lat' dir='ltr'><strong>semper,</strong></span> 
     </span>
    </p>
   </div>
   <div class='ocr_carea' id='block_1_108' title="bbox 1973 4464 3570 4536">
    <p class='ocr_par' dir='ltr' id='par_1_108' title="bbox 1973 4464 3570 4536">
     <span class='ocr_line' id='line_1_108' title="bbox 1973 4464 3570 4536; baseline 0.003 -16"><span class='ocrx_word' id='word_1_759' title='bbox 1973 4473 2090 4520; x_wconf 88' lang='lat' dir='ltr'><strong>tare</strong></span> <span class='ocrx_word' id='word_1_760' title='bbox 2113 4465 2340 4533; x_wconf 91' lang='lat' dir='ltr'><strong>judicio.</strong></span> <span class='ocrx_word' id='word_1_761' title='bbox 2373 4464 2651 4536; x_wconf 84' lang='lat' dir='ltr'><strong>Quidquid</strong></span> <span class='ocrx_word' id='word_1_762' title='bbox 2679 4472 2861 4521; x_wconf 89' lang='lat' dir='ltr'><strong>autem</strong></span> <span class='ocrx_word' id='word_1_763' title='bbox 2886 4473 3066 4521; x_wconf 89' lang='lat' dir='ltr'><strong>vestra</strong></span> <span class='ocrx_word' id='word_1_764' title='bbox 3099 4465 3337 4522; x_wconf 88' lang='lat' dir='ltr'><strong>charitas</strong></span> <span class='ocrx_word' id='word_1_765' title='bbox 3365 4467 3435 4522; x_wconf 87' lang='lat' dir='ltr'><strong>de</strong></span> <span class='ocrx_word' id='word_1_766' title='bbox 3464 4468 3570 4525; x_wconf 87' lang='lat' dir='ltr'><strong>hac</strong></span> 
     </span>
    </p>
   </div>
   <div class='ocr_carea' id='block_1_109' title="bbox 1971 4553 3568 4621">
    <p class='ocr_par' dir='ltr' id='par_1_109' title="bbox 1971 4553 3568 4621">
     <span class='ocr_line' id='line_1_109' title="bbox 1971 4553 3568 4621; baseline 0.002 -12"><span class='ocrx_word' id='word_1_767' title='bbox 1971 4569 2134 4610; x_wconf 91' lang='lat' dir='ltr'><strong>causa</strong></span> <span class='ocrx_word' id='word_1_768' title='bbox 2178 4553 2394 4609; x_wconf 88' lang='lat' dir='ltr'><strong>duxerit</strong></span> <span class='ocrx_word' id='word_1_769' title='bbox 2442 4553 2869 4621; x_wconf 89' lang='lat' dir='ltr'><strong>decernendum,</strong></span> <span class='ocrx_word' id='word_1_770' title='bbox 2922 4568 3049 4610; x_wconf 89' lang='lat' dir='ltr'><strong>cum</strong></span> <span class='ocrx_word' id='word_1_771' title='bbox 3095 4554 3167 4609; x_wconf 92' lang='lat' dir='ltr'><strong>ad</strong></span> <span class='ocrx_word' id='word_1_772' title='bbox 3209 4569 3314 4610; x_wconf 91' lang='lat' dir='ltr'><strong>nos</strong></span> <span class='ocrx_word' id='word_1_773' title='bbox 3341 4553 3568 4612; x_wconf 90' lang='lat' dir='ltr'><strong>relatum</strong></span> 
     </span>
    </p>
   </div>
   <div class='ocr_carea' id='block_1_110' title="bbox 1970 4641 3572 4710">
    <p class='ocr_par' dir='ltr' id='par_1_110' title="bbox 1970 4641 3572 4710">
     <span class='ocr_line' id='line_1_110' title="bbox 1970 4641 3572 4710; baseline 0.002 -14"><span class='ocrx_word' id='word_1_774' title='bbox 1970 4641 2149 4708; x_wconf 90' lang='lat' dir='ltr'><strong>fuerit,</strong></span> <span class='ocrx_word' id='word_1_775' title='bbox 2200 4649 2405 4709; x_wconf 88' lang='lat' dir='ltr'><strong>nostra,</strong></span> <span class='ocrx_word' id='word_1_776' title='bbox 2450 4649 2507 4697; x_wconf 90' lang='lat' dir='ltr'><strong>ut</strong></span> <span class='ocrx_word' id='word_1_777' title='bbox 2555 4642 2843 4710; x_wconf 87' lang='lat' dir='ltr'><strong>condecet,</strong></span> <span class='ocrx_word' id='word_1_778' title='bbox 2890 4658 3119 4699; x_wconf 90' lang='lat' dir='ltr'><strong>necesse</strong></span> <span class='ocrx_word' id='word_1_779' title='bbox 3149 4650 3232 4698; x_wconf 88' lang='lat' dir='ltr'><strong>est</strong></span> <span class='ocrx_word' id='word_1_780' title='bbox 3250 4643 3572 4700; x_wconf 87' lang='lat' dir='ltr'><strong>auctoritate</strong></span> 
     </span>
    </p>
   </div>
   <div class='ocr_carea' id='block_1_111' title="bbox 1970 4728 3557 4803">
    <p class='ocr_par' dir='ltr' id='par_1_111' title="bbox 1970 4728 3557 4803">
     <span class='ocr_line' id='line_1_111' title="bbox 1970 4728 3557 4803; baseline 0.002 -20"><span class='ocrx_word' id='word_1_781' title='bbox 1970 4728 2233 4785; x_wconf 85' lang='lat' dir='ltr'><strong>ﬁrmetur.</strong></span> <span class='ocrx_word' id='word_1_782' title='bbox 2290 4751 2312 4780; x_wconf 72' lang='lat'><strong><em>»</em></strong></span> <span class='ocrx_word' id='word_1_783' title='bbox 2346 4731 2413 4786; x_wconf 84' lang='lat' dir='ltr'><strong>Et</strong></span> <span class='ocrx_word' id='word_1_784' title='bbox 2473 4730 2531 4787; x_wconf 91' lang='lat' dir='ltr'><strong>S.</strong></span> <span class='ocrx_word' id='word_1_785' title='bbox 2577 4731 2687 4787; x_wconf 92' lang='lat' dir='ltr'><strong>Leo</strong></span> <span class='ocrx_word' id='word_1_786' title='bbox 2744 4745 2890 4802; x_wconf 89' lang='lat' dir='ltr'><strong>papa</strong></span> <span class='ocrx_word' id='word_1_787' title='bbox 2915 4730 3156 4787; x_wconf 88' lang='lat' dir='ltr'><strong>decrevit</strong></span> <span class='ocrx_word' id='word_1_788' title='bbox 3199 4729 3388 4803; x_wconf 73' lang='lat' dir='ltr'><strong>(epist.</strong></span> <span class='ocrx_word' id='word_1_789' title='bbox 3419 4732 3557 4803; x_wconf 87' lang='lat'><strong>87):</strong></span> 
     </span>
    </p>
   </div>
   <div class='ocr_carea' id='block_1_112' title="bbox 1974 4818 3561 4891">
    <p class='ocr_par' dir='ltr' id='par_1_112' title="bbox 1974 4818 3561 4891">
     <span class='ocr_line' id='line_1_112' title="bbox 1974 4818 3561 4891; baseline 0.004 -22"><span class='ocrx_word' id='word_1_790' title='bbox 1974 4839 1996 4869; x_wconf 83' lang='grc'><strong>«</strong></span> <span class='ocrx_word' id='word_1_791' title='bbox 2031 4818 2088 4875; x_wconf 90' lang='lat' dir='ltr'><strong>Si</strong></span> <span class='ocrx_word' id='word_1_792' title='bbox 2118 4835 2259 4891; x_wconf 88' lang='lat' dir='ltr'><strong>qua,</strong></span> <span class='ocrx_word' id='word_1_793' title='bbox 2293 4819 2564 4891; x_wconf 89' lang='lat' dir='ltr'><strong>inquiens,</strong></span> <span class='ocrx_word' id='word_1_794' title='bbox 2595 4819 2717 4875; x_wconf 85' lang='lat' dir='ltr'><strong>alia</strong></span> <span class='ocrx_word' id='word_1_795' title='bbox 2743 4818 3068 4875; x_wconf 88' lang='lat' dir='ltr'><strong>emerserint</strong></span> <span class='ocrx_word' id='word_1_796' title='bbox 3096 4834 3296 4887; x_wconf 82' lang='lat' dir='ltr'><strong>causa,</strong></span> <span class='ocrx_word' id='word_1_797' title='bbox 3331 4834 3453 4891; x_wconf 88' lang='lat' dir='ltr'><strong>qua</strong></span> <span class='ocrx_word' id='word_1_798' title='bbox 3491 4820 3561 4877; x_wconf 90' lang='lat' dir='ltr'><strong>ad</strong></span> 
     </span>
    </p>
   </div>
   <div class='ocr_carea' id='block_1_113' title="bbox 1969 4907 3565 4979">
    <p class='ocr_par' dir='ltr' id='par_1_113' title="bbox 1969 4907 3565 4979">
     <span class='ocr_line' id='line_1_113' title="bbox 1969 4907 3565 4979; baseline 0.001 -17"><span class='ocrx_word' id='word_1_799' title='bbox 1969 4914 2167 4963; x_wconf 89' lang='lat' dir='ltr'><strong>statum</strong></span> <span class='ocrx_word' id='word_1_800' title='bbox 2196 4908 2584 4977; x_wconf 89' lang='lat' dir='ltr'><strong>Ecclesiarum,</strong></span> <span class='ocrx_word' id='word_1_801' title='bbox 2646 4915 2699 4963; x_wconf 91' lang='lat' dir='ltr'><strong>et</strong></span> <span class='ocrx_word' id='word_1_802' title='bbox 2747 4907 2817 4962; x_wconf 90' lang='lat' dir='ltr'><strong>ad</strong></span> <span class='ocrx_word' id='word_1_803' title='bbox 2859 4907 3211 4963; x_wconf 89' lang='lat' dir='ltr'><strong>concordiam</strong></span> <span class='ocrx_word' id='word_1_804' title='bbox 3255 4908 3565 4979; x_wconf 90' lang='lat' dir='ltr'><strong>pertineant</strong></span> 
     </span>
    </p>
   </div>
   <div class='ocr_carea' id='block_1_114' title="bbox 1970 4994 3563 5062">
    <p class='ocr_par' dir='ltr' id='par_1_114' title="bbox 1970 4994 3563 5062">
     <span class='ocr_line' id='line_1_114' title="bbox 1970 4994 3563 5062; baseline 0.001 -13"><span class='ocrx_word' id='word_1_805' title='bbox 1970 4996 2335 5062; x_wconf 90' lang='lat' dir='ltr'><strong>sacerdotum,</strong></span> <span class='ocrx_word' id='word_1_806' title='bbox 2365 4996 2478 5051; x_wconf 91' lang='lat' dir='ltr'><strong>illic</strong></span> <span class='ocrx_word' id='word_1_807' title='bbox 2523 4994 2624 5049; x_wconf 90' lang='lat' dir='ltr'><strong>sub</strong></span> <span class='ocrx_word' id='word_1_808' title='bbox 2667 4995 2857 5050; x_wconf 89' lang='lat' dir='ltr'><strong>timore</strong></span> <span class='ocrx_word' id='word_1_809' title='bbox 2883 4994 3101 5051; x_wconf 93' lang='lat' dir='ltr'><strong>Domini</strong></span> <span class='ocrx_word' id='word_1_810' title='bbox 3129 4995 3383 5052; x_wconf 88' lang='lat' dir='ltr'><strong>volumus</strong></span> <span class='ocrx_word' id='word_1_811' title='bbox 3429 5012 3563 5051; x_wconf 89' lang='lat' dir='ltr'><strong>ven-</strong></span> 
     </span>
    </p>
   </div>
   <div class='ocr_carea' id='block_1_115' title="bbox 1969 5076 3558 5155">
    <p class='ocr_par' dir='ltr' id='par_1_115' title="bbox 1969 5076 3558 5155">
     <span class='ocr_line' id='line_1_115' title="bbox 1969 5076 3558 5155; baseline 0.001 -16"><span class='ocrx_word' id='word_1_812' title='bbox 1969 5084 2215 5151; x_wconf 84' lang='lat' dir='ltr'><strong>tilentur;</strong></span> <span class='ocrx_word' id='word_1_813' title='bbox 2275 5093 2329 5140; x_wconf 90' lang='lat' dir='ltr'><strong>et</strong></span> <span class='ocrx_word' id='word_1_814' title='bbox 2372 5084 2442 5139; x_wconf 87' lang='lat' dir='ltr'><strong>de</strong></span> <span class='ocrx_word' id='word_1_815' title='bbox 2480 5076 2872 5153; x_wconf 86' lang='lat' dir='ltr'><strong>componendis</strong></span> <span class='ocrx_word' id='word_1_816' title='bbox 2897 5090 3060 5155; x_wconf 88' lang='lat' dir='ltr'><strong>atque</strong></span> <span class='ocrx_word' id='word_1_817' title='bbox 3089 5084 3405 5155; x_wconf 90' lang='lat' dir='ltr'><strong>compositis</strong></span> <span class='ocrx_word' id='word_1_818' title='bbox 3434 5100 3558 5140; x_wconf 92' lang='lat' dir='ltr'><strong>om-</strong></span> 
     </span>
    </p>
   </div>
   <div class='ocr_carea' id='block_1_116' title="bbox 1967 5170 3563 5244">
    <p class='ocr_par' dir='ltr' id='par_1_116' title="bbox 1967 5170 3563 5244">
     <span class='ocr_line' id='line_1_116' title="bbox 1967 5170 3563 5244; baseline 0.001 -17"><span class='ocrx_word' id='word_1_819' title='bbox 1967 5172 2127 5227; x_wconf 87' lang='lat' dir='ltr'><strong>nibus</strong></span> <span class='ocrx_word' id='word_1_820' title='bbox 2173 5173 2245 5227; x_wconf 87' lang='lat' dir='ltr'><strong>ad</strong></span> <span class='ocrx_word' id='word_1_821' title='bbox 2299 5187 2401 5227; x_wconf 91' lang='lat' dir='ltr'><strong>nos</strong></span> <span class='ocrx_word' id='word_1_822' title='bbox 2445 5170 2640 5226; x_wconf 90' lang='lat' dir='ltr'><strong>relatio</strong></span> <span class='ocrx_word' id='word_1_823' title='bbox 2676 5170 2841 5241; x_wconf 88' lang='lat' dir='ltr'><strong>plena</strong></span> <span class='ocrx_word' id='word_1_824' title='bbox 2892 5171 3134 5227; x_wconf 88' lang='lat' dir='ltr'><strong>mittatur</strong></span> <span class='ocrx_word' id='word_1_825' title='bbox 3165 5188 3180 5227; x_wconf 89' lang='lat'><strong>:</strong></span> <span class='ocrx_word' id='word_1_826' title='bbox 3209 5180 3267 5227; x_wconf 88' lang='lat' dir='ltr'><strong>ut</strong></span> <span class='ocrx_word' id='word_1_827' title='bbox 3319 5187 3388 5226; x_wconf 91' lang='lat' dir='ltr'><strong>ea</strong></span> <span class='ocrx_word' id='word_1_828' title='bbox 3442 5188 3563 5244; x_wconf 87' lang='lat' dir='ltr'><strong>qua</strong></span> 
     </span>
    </p>
   </div>
   <div class='ocr_carea' id='block_1_117' title="bbox 1961 5258 3562 5328">
    <p class='ocr_par' dir='ltr' id='par_1_117' title="bbox 1961 5258 3562 5328">
     <span class='ocr_line' id='line_1_117' title="bbox 1961 5258 3562 5328; baseline 0.001 -14"><span class='ocrx_word' id='word_1_829' title='bbox 1961 5260 2114 5328; x_wconf 86' lang='lat' dir='ltr'><strong>juxta</strong></span> <span class='ocrx_word' id='word_1_830' title='bbox 2146 5259 2517 5315; x_wconf 89' lang='lat' dir='ltr'><strong>Ecclesiarum</strong></span> <span class='ocrx_word' id='word_1_831' title='bbox 2537 5273 2751 5314; x_wconf 90' lang='lat' dir='ltr'><strong>morem</strong></span> <span class='ocrx_word' id='word_1_832' title='bbox 2773 5258 2918 5328; x_wconf 89' lang='lat' dir='ltr'><strong>juste</strong></span> <span class='ocrx_word' id='word_1_833' title='bbox 2957 5268 3011 5315; x_wconf 89' lang='lat' dir='ltr'><strong>et</strong></span> <span class='ocrx_word' id='word_1_834' title='bbox 3029 5259 3424 5316; x_wconf 83' lang='lat' dir='ltr'><strong>rationabiliter</strong></span> <span class='ocrx_word' id='word_1_835' title='bbox 3441 5259 3562 5316; x_wconf 85' lang='lat' dir='ltr'><strong>fue-</strong></span> 
     </span>
    </p>
   </div>
   <div class='ocr_carea' id='block_1_118' title="bbox 1966 5345 3562 5420">
    <p class='ocr_par' dir='ltr' id='par_1_118' title="bbox 1966 5345 3562 5420">
     <span class='ocr_line' id='line_1_118' title="bbox 1966 5345 3562 5420; baseline 0.003 -19"><span class='ocrx_word' id='word_1_836' title='bbox 1966 5348 2069 5402; x_wconf 90' lang='lat' dir='ltr'><strong>rint</strong></span> <span class='ocrx_word' id='word_1_837' title='bbox 2115 5345 2361 5412; x_wconf 77' lang='lat' dir='ltr'><strong>diﬁinita,</strong></span> <span class='ocrx_word' id='word_1_838' title='bbox 2418 5353 2602 5403; x_wconf 87' lang='lat' dir='ltr'><strong>nostra</strong></span> <span class='ocrx_word' id='word_1_839' title='bbox 2659 5347 2756 5420; x_wconf 83' lang='grc' dir='ltr'><strong>[αι.</strong></span> <span class='ocrx_word' id='word_1_840' title='bbox 2781 5389 2795 5416; x_wconf 89' lang='grc'>,</span> <span class='ocrx_word' id='word_1_841' title='bbox 2829 5346 2969 5420; x_wconf 85' lang='lat' dir='ltr'><strong>mea]</strong></span> <span class='ocrx_word' id='word_1_842' title='bbox 3018 5362 3234 5419; x_wconf 89' lang='lat' dir='ltr'><strong>quoque</strong></span> <span class='ocrx_word' id='word_1_843' title='bbox 3291 5348 3562 5405; x_wconf 86' lang='lat' dir='ltr'><strong>sententia</strong></span> 
     </span>
    </p>
   </div>
   <div class='ocr_carea' id='block_1_119' title="bbox 1965 5435 2369 5491">
    <p class='ocr_par' dir='ltr' id='par_1_119' title="bbox 1965 5435 2369 5491">
     <span class='ocr_line' id='line_1_119' title="bbox 1965 5435 2369 5491; baseline -0.015 0"><span class='ocrx_word' id='word_1_844' title='bbox 1965 5435 2304 5491; x_wconf 90' lang='lat' dir='ltr'><strong>roborentur.</strong></span> <span class='ocrx_word' id='word_1_845' title='bbox 2347 5457 2369 5484; x_wconf 77' lang='grc' dir='ltr'><strong>ι</strong></span> 
     </span>
    </p>
   </div>
  </div>
