4056 6178
443 262 546 314 635

1419 249 1763 307 HINCMARI
1799 245 2199 306 RHEMENSIS
2237 247 2790 306 ARCHIEPISCOPI.

3639 252 3740 304 636

518 381 668 436 Tunc
695 379 1022 434 Hincmarus
1066 376 1514 448 metropolitanus
1561 373 1896 430 Rhemorum
1926 372 2048 444 epi-
2079 371 2134 431 Α
2155 387 2305 442 sedis
2330 403 2505 458 papm’
2539 387 2886 452 Hincmarus,
2919 384 3244 452 Bardaicus,
3277 385 3578 458 Remigius,
3601 386 3744 440 Fro-

447 483 644 539 scapus
673 467 885 537 legens,
909 466 1079 521 dixit:
1115 465 1441 520 Hincmarus
1471 468 1802 522 Rhemorum
1835 462 2050 533 episco-

445 573 550 628 pus
609 556 960 612 Hincmarum
1023 554 1288 610 hactenus
1351 554 1616 610 Ecclesiae
1673 549 2050 608 Laudunensis

448 645 762 716 episcOpum
821 641 1154 712 evangelicae
1228 641 1462 710 veritati,
1519 650 1684 714 atque
1739 637 2050 710 apostolicae

449 731 756 788 auctoritati
787 731 842 784 in
879 729 1178 800 pertinacia
1211 730 1654 801 praesumptionis
1701 729 1901 783 illicitae
1949 741 2048 782 ex-

449 818 960 876 communicationis
1018 825 1478 889 repugnatorem;
1513 826 1565 872 et
1612 825 1922 872 sanctorum
1953 829 2046 870 ca-

449 923 654 963 nonum
701 905 1134 962 venerandorum
1191 905 1566 974 conciliorum,
1601 913 1654 960 et
1707 905 2049 960 decretorum

449 995 596 1050 sedis
625 994 956 1065 apostolicae,
992 1009 1058 1048 ex
1108 993 1315 1048 eisdem
1366 994 1540 1050 sacris
1567 993 1869 1048 canonibus
1917 1007 2044 1061 pro-

449 1083 834 1154 mulgatorum,
869 1089 1370 1152 transgressorem;
1407 1089 1460 1137 et
1489 1080 1848 1136 ecclesiastici
1895 1078 2049 1136 ordi—

450 1171 536 1225 nis
565 1186 630 1226 ac
675 1168 949 1242 regularis
1006 1168 1309 1239 discipline
1338 1169 1394 1222 in
1438 1175 1750 1238 contemptu
1781 1166 2052 1238 privilegii

448 1274 562 1314 sum
589 1257 908 1328 metropolis
939 1264 1128 1313 contra
1157 1271 1372 1312 sacram
1411 1256 1699 1312 Ninamam
1759 1255 2047 1327 synodum,

453 1355 752 1418 contraque
804 1353 1002 1400 caetera
1051 1353 1239 1400 sancta
1293 1345 1544 1410 concilia,
1595 1353 1648 1401 et
1703 1345 1928 1400 decreta
1965 1360 2051 1399 se-

450 1443 534 1498 dis
593 1441 906 1513 apostolica:
953 1456 1153 1496 novum
1200 1441 1640 1514 impugnatorem
1691 1459 1704 1497 :
1747 1441 2050 1498 veternosis

451 1531 678 1586 faecibus
736 1536 1070 1599 corruptum,
1131 1530 1414 1584 seditionis
1459 1529 1663 1586 scilicet
1713 1530 1926 1600 Chorae,
1987 1546 2052 1586 ac

451 1625 578 1688 post
627 1617 864 1672 Nicaeus;
919 1617 1113 1687 synodi
1160 1617 1630 1685 constitutionem,
1691 1618 2052 1690 quorumdam

2147 475 2340 542 tarius,
2369 475 2683 542 Walfadus,
2715 474 3000 542 Bertulfus,
3043 473 3368 540 Adalardus,
3414 473 3740 546 Ansegisus,

2149 563 2379 630 Franco,
2409 563 2777 636 Hildegarius,
2809 563 3124 630 Adventius,
3158 560 3520 627 Gislebertus,
3557 562 3736 626 Hodo,

2149 651 2482 718 Rainelmus,
2515 651 2889 723 Engenoldus,
2921 651 3176 716 Joannes,
3207 649 3564 716 Waltharius,
3601 649 3746 702 Wil-

2148 738 2414 806 lebertus,
2435 739 2809 808 Hildeboldus,
2829 737 3460 808 Berardus,lngilwinus,
3482 735 3747 806 episcopi,

2151 827 2242 898 qui
2271 843 2392 882 cum
2414 827 2748 882 diversarum
2777 827 3135 882 ecclesiarum
3163 826 3358 897 legatis
3385 823 3442 878 in
3473 824 3744 895 synodum

2151 916 2296 986 apud
2359 915 2652 972 Duziacum
2719 915 3044 970 Rbemensis
3087 913 3362 986 parochias
3419 912 3476 966 in
3523 911 3746 968 nomine

2151 1003 2352 1058 Christi
2381 1003 2754 1059 convenimus.

2221 1091 2476 1156 Diutinis,
2535 1106 2600 1146 ac
2643 1091 2846 1157 multis,
2896 1090 3365 1163 gravissimisque,
3425 1099 3592 1161 atque
3639 1088 3746 1144 fre-

2154 1179 2442 1250 quentibus
2459 1180 2528 1234 ab
2549 1179 2851 1236 insolentiis
2869 1179 3150 1234 Hincmari
3167 1178 3562 1244 Laudunensis,
3587 1192 3750 1232 vexa-

2153 1267 2390 1322 tionibus
2419 1267 2646 1338 fatigati,
2668 1283 2827 1338 quem
2857 1282 2960 1322 nec
2989 1267 3435 1336 metropolitanus
3465 1282 3620 1335 suus,
3653 1265 3748 1336 qui

2151 1357 2456 1426 orphanum
2511 1356 2746 1428 benigne
2787 1355 2938 1409 illum
2984 1355 3226 1424 nutrivit,
3266 1355 3323 1409 in
3365 1354 3630 1410 clericum
3660 1361 3750 1406 to-

2152 1443 2346 1510 tondit,
2359 1443 2553 1498 litteris
2571 1443 2824 1509 erudivit,
2845 1459 2942 1513 per
2957 1442 3204 1514 singulos
3223 1443 3450 1514 gradus,
3475 1441 3770 1498 electione-

2153 1531 2289 1586 cleri
2320 1539 2373 1586 et
2401 1532 2578 1602 plebis
2607 1531 2982 1586 Laudunensis
3035 1531 3318 1596 Ecclesiae,
3375 1546 3500 1586 cum
3559 1529 3751 1584 favore

2151 1619 2338 1674 domni
2368 1621 2520 1692 regis
2541 1619 2738 1687 Caroli,
2774 1620 2844 1673 ad
2878 1618 3090 1690 apicem
3115 1618 3458 1689 episcopatus
3477 1617 3750 1688 provexit,

454 1705 830 1773 subjectorum
867 1704 1182 1761 rebellionis
1229 1713 1418 1762 contra
1464 1707 1706 1778 potiores
1738 1723 1867 1763 suos
1898 1723 2052 1762 resu-
2083 1707 2445 1778 Bmultifarie
2510 1708 2801 1778 multisque
2854 1707 3032 1762 modis
3081 1715 3134 1760 et
3161 1706 3362 1772 verbis,
3423 1713 3476 1761 et
3527 1705 3752 1775 scriptis

453 1793 801 1860 scitatorem;
863 1800 916 1848 et
963 1801 1146 1848 contra
1194 1794 1442 1849 ordinem
1501 1794 1933 1850 ecclesiasticum
1989 1809 2056 1850 ac

456 1880 766 1954 regularem
797 1880 1138 1952 disciplinam
1191 1881 1565 1952 professorem
1609 1898 1674 1938 ac
1717 1882 2054 1953 subscripto-

453 1984 604 2036 rem;
657 1983 870 2025 necnon
913 1977 967 2024 et
1013 1969 1286 2024 canonicae
1317 1969 1672 2040 professionis
1699 1985 1762 2026 ac
1816 1970 2056 2026 subscri-

453 2056 655 2128 ptionis
702 2073 814 2112 suae
860 2057 1366 2128 praevaricatorem;
1429 2073 1709 2129 sacraeque
1759 2059 2056 2128 Scriptura

455 2144 901 2209 adulteratorem,
933 2153 986 2200 et
1030 2145 1321 2200 verborum
1353 2146 1742 2201 catholicorum
1789 2146 2056 2201 interver-

459 2247 660 2301 sorem,
717 2241 770 2288 et
811 2233 1302 2302 imposturatorem.
1365 2233 1554 2305 Hegias
1613 2233 1878 2304 siquidem
1929 2233 2060 2287 sub-

453 2320 699 2390 jectioni,
741 2327 793 2374 et
822 2319 1242 2375 honorificentia:
1297 2329 1492 2376 contra
1550 2321 1802 2391 regulam
1831 2328 2060 2392 aposto-

447 2416 606 2472 licam
643 2415 1064 2492 resultatorem;
1105 2416 1380 2486 perjurum
1412 2433 1649 2488 quoque,
1717 2417 2053 2482 seditiosum,

454 2512 508 2560 et
528 2520 712 2560 rerum
743 2503 1040 2560 alienarum
1088 2519 1153 2559 ac
1185 2503 1498 2560 facultatum
1543 2521 1920 2575 pervasorem,
1963 2520 2060 2561 ca-

455 2593 858 2660 lumniatorem,
912 2608 976 2648 ac
1033 2593 1347 2663 injuriarum
1387 2609 1572 2660 reum;
1607 2602 1660 2648 et
1690 2602 1814 2664 post
1842 2594 2056 2650 tertiam

451 2683 787 2738 vocationem
818 2696 852 2736 a
899 2682 1314 2752 metrOpolitano
1371 2697 1472 2738 suo
1514 2683 1584 2737 ad
1631 2684 1902 2753 synodum
1937 2699 2061 2738 evo-

451 2777 636 2826 catum
661 2791 675 2837 ;
709 2771 948 2841 itemque
983 2771 1053 2824 ab
1081 2771 1198 2840 ipsa
1219 2771 1430 2841 synodo
1457 2787 1558 2841 per
1589 2779 1691 2839 ter,
1743 2772 1912 2826 ternis
1933 2772 2057 2842 epi-

454 2859 658 2927 scopis,
691 2859 970 2928 ternisque
1012 2858 1367 2929 presbyteris,
1417 2874 1484 2914 ac
1523 2860 1690 2914 ternis
1742 2859 2060 2915 diaconibus

457 2944 653 2999 iterum
709 2952 1016 3008 evocatum,
1077 2945 1132 2998 in
1189 2945 1392 3000 diutina
1439 2947 1775 3001 contumacia
1814 2963 1909 3000 sua
1937 2963 2060 3018 per-

454 3031 702 3086 tinaciter
730 3031 1132 3101 persistentem,
1181 3040 1234 3087 et
1274 3048 1382 3086 non
1423 3033 1871 3102 resipiscentem;
1904 3043 1956 3090 et
1988 3036 2056 3089 ad

461 3118 676 3188 objecta
722 3119 826 3174 sibi
870 3119 1193 3192 regulariter
1238 3121 1568 3190 respondere
1599 3129 2057 3178 contemnentem.

459 3207 565 3263 Per
590 3207 879 3263 Dominum
909 3215 1156 3263 nostrum
1183 3209 1370 3263 Jesum
1401 3209 1692 3270 Christum.
1719 3211 1873 3278 cujus
1891 3226 2074 3266 evan-.

457 3295 652 3370 gelica:
679 3297 911 3366 veritati,
944 3297 1211 3367 pertinaci
1257 3299 1680 3368 praesumptione
1737 3299 2061 3369 perniciosae

455 3385 1035 3442 excommunicationis
1094 3387 1436 3457 repugnavit,
1492 3387 1698 3454 judicio
1730 3389 1898 3443 sancti
1931 3389 2058 3459 Spi-

453 3473 610 3538 ritus,
668 3474 760 3545 qui
799 3474 1009 3530 locutus
1055 3483 1139 3530 est
1187 3475 1242 3528 in
1298 3475 1627 3531 beatissimis
1675 3476 1958 3547 apostolis,
2005 3485 2060 3532 et

453 3561 765 3631 apostolica:
808 3563 954 3617 sedis
1010 3561 1234 3634 pontific
1248 3563 1388 3632 ibus,
1459 3580 1690 3635 quorum
1753 3565 2016 3621 doctrinae
2039 3608 2054 3632 ,

457 3655 621 3721 atque
652 3650 888 3706 decretis
918 3666 1082 3706 causa
1111 3667 1224 3706 suae
1251 3651 1464 3720 injuriae
1491 3653 1788 3708 crudeliter
1819 3661 1872 3708 et
1919 3669 2057 3709 con-

459 3739 744 3794 tumaciter
804 3739 1073 3804 obviavit,
1135 3740 1434 3794 secundum
1493 3755 1687 3795 sacros
1745 3749 2058 3797 sanctorum

457 3827 810 3883 conciliorum
840 3842 1082 3882 canones
1109 3826 1313 3896 Spiritu
1363 3827 1463 3881 Dei
1491 3828 1761 3894 conditos,
1796 3837 1849 3882 et
1896 3831 2059 3884 totius

455 3914 644 3968 mundi
687 3915 988 3969 reverentia
1053 3921 1416 3978 consecratos,
1482 3915 1678 3984 quibus
1726 3931 1872 3986 saepe
1929 3933 2058 3972 cor-

461 4008 669 4071 reptus,
721 4008 776 4056 et
811 4016 922 4054 non
965 4009 1260 4068 correctus,
1312 4001 1589 4056 multoties
1631 4003 1912 4059 resultavit
1957 4023 1972 4058 :
2007 4014 2058 4060 et

457 4096 584 4151 ideo
625 4097 744 4166 ipse
789 4104 980 4151 contra
1019 4113 1080 4153 se
1127 4097 1307 4154 elicuit
1345 4098 1664 4154 canonicam
1695 4100 2059 4156 damnationis

457 4190 691 4262 proferri
719 4192 1046 4248 sententiam
1080 4211 1094 4247 :
1129 4193 1424 4266 episcOpali
1455 4195 1666 4252 honore
1705 4211 1770 4253 ac
1801 4197 2060 4269 dignitate

457 4279 728 4350 privatum
759 4279 964 4352 judico,
1042 4289 1095 4338 et
1137 4283 1285 4338 omni
1332 4283 1657 4340 sacerdotali
1703 4285 1881 4341 oﬁicio
1927 4302 2059 4357 spo-

455 4367 646 4423 liatum
692 4369 930 4426 decerno
972 4387 986 4426 :
1028 4379 1309 4427 reservato
1345 4388 1445 4443 per
1492 4374 1680 4428 omnia
1716 4374 1852 4443 juris
1885 4375 2058 4446 privi-

457 4456 605 4529 legio
641 4456 828 4514 domni
883 4467 936 4514 et
989 4459 1157 4514 Patris
1223 4460 1395 4516 nostri
1455 4461 1691 4529 Adriani,
1737 4463 2052 4533 apostolica

458 4559 525 4601 ac
589 4546 782 4616 prima
849 4547 998 4602 sedis
1053 4563 1211 4620 papae
1264 4563 1276 4602 :
1326 4549 1466 4604 sicut
1515 4551 1657 4606 sacri
1705 4551 2061 4609 Sardicenses

467 4647 710 4689 canones
759 4635 1140 4702 decreverunt,
1195 4643 1248 4691 et
1291 4637 1534 4704 ejusdem
1573 4639 1884 4709 apostolicae
1913 4641 2059 4696 sedis

463 4721 750 4792 pontiﬁces
789 4724 1152 4793 Innocentius,
1202 4723 1528 4790 Bonifacius,
1569 4727 1696 4792 Leo,
1745 4743 1810 4782 ex
1851 4727 2060 4784 eisdem

461 4810 636 4864 sacris
671 4813 974 4868 canonibus
992 4813 1498 4883 promulgaverunt.

812 4935 1044 4997 EPIST
1054 4935 1217 4998 OLA
1275 4936 1738 4999 SYNODALIS

974 5065 1048 5105 AD
1061 5065 1352 5107 ADRIANUH
1381 5064 1564 5108 PAPAM

493 5159 602 5215 Sua
635 5157 868 5214 nomine
911 5153 1142 5208 concilii
1175 5153 1538 5209 Duziacensi:
1580 5153 1646 5210 ab
1685 5155 1987 5210 Hincmaro

967 5223 1266 5279 llhcmensi
1309 5225 1543 5294 scripta.

965 5351 972 5354 _
993 5308 1156 5366 (Apud
1179 5309 1348 5364 Labb.,
1369 5310 1504 5365 ibid.)

535 5412 767 5469 Domino
797 5411 1142 5469 sanctissimo
1161 5425 1228 5467 ac
1247 5411 1686 5468 reverentissimo
1708 5411 1850 5468 Patri
1871 5411 2064 5468 Adria-

461 5517 555 5570 no,
585 5508 785 5558 sancta
820 5500 1102 5558 catholica
1136 5507 1192 5555 et
1228 5499 1543 5572 apostolicae
1580 5500 1841 5558 Romanae
1870 5500 2060 5573 primae

2158 1795 2567 1860 commonitum,
2627 1795 2912 1866 corrigere
2954 1809 3064 1848 non
3094 1795 3284 1864 potuit.
3347 1792 3522 1862 Quem
3563 1791 3756 1846 domui

2154 1883 2326 1938 nostri
2347 1883 2498 1953 regis
2517 1883 2697 1938 Caroli
2715 1882 3021 1954 benignitas
3041 1882 3332 1936 multorum
3361 1880 3756 1937 beneﬁciorum

2155 1971 2540 2042 largitionibus
2566 2013 2578 2036 ,
2613 1979 2666 2026 et
2721 1970 3198 2042 castigationibus,
3259 1971 3330 2024 ad
3383 1968 3756 2040 episcopalem

2155 2059 2644 2124 mansuetudinem,
2679 2067 2733 2112 et
2763 2059 3080 2130 gravitatem
3117 2059 3406 2114 attrahere
3435 2073 3546 2112 non
3599 2072 3754 2127 pra:-

2155 2147 2324 2202 valuit
2358 2164 2371 2200 :
2406 2155 2459 2201 et
2488 2161 2590 2202 nec
2619 2147 2758 2215 ipse,
2803 2162 2980 2216 neque
3022 2145 3470 2215 metropolitanus
3525 2161 3659 2199 suus
3689 2144 3762 2200 ad

2158 2236 2265 2290 hoc
2296 2251 2420 2289 eum
2449 2234 2776 2304 compellere
2806 2241 3117 2303 potuerunt,
3149 2241 3207 2286 ut
3235 2233 3447 2289 clericis
3476 2248 3540 2288 ac
3571 2231 3752 2298 laicis,

2159 2323 2357 2394 quibus
2386 2322 2584 2391 injuste
2613 2321 2838 2386 fecerat,
2871 2321 3019 2392 quod
3047 2321 3156 2386 lex,
3188 2329 3241 2376 et
3261 2321 3464 2390 justitia
3493 2319 3754 2386 dictabat,

2156 2410 2483 2466 restitueret.
2529 2409 2638 2464 Sed
2661 2409 2842 2480 potius
2891 2409 3198 2480 quicunque
3229 2409 3300 2463 ad
3329 2425 3536 2481 regem,
3567 2407 3658 2463 vel
3689 2407 3762 2462 ad

2157 2499 2638 2568 metropolitanum
2686 2513 2845 2552 suum
2897 2513 2958 2552 se
3008 2505 3194 2554 contra
3243 2513 3366 2552 cum
3419 2495 3756 2564 reclamavit,

2157 2602 2505 2657 nequaquam
2521 2585 2774 2654 cessavit,
2804 2585 2980 2640 donec
3001 2600 3096 2640 eos
3125 2585 3341 2655 penitus
3360 2584 3756 2640 exterminavit.

2159 2674 2258 2730 Cui
2290 2673 2453 2730 etiam
2493 2673 2782 2744 synodales
2829 2673 3182 2740 invectiones,
3235 2681 3354 2726 uta
3409 2671 3758 2728 contumacia

2159 2769 2213 2817 et
2269 2761 2488 2817 levitate
2518 2777 2614 2816 sua
2675 2761 3040 2832 resipisceret,
3099 2761 3301 2815 bonum
3339 2774 3558 2822 nomen,
3611 2760 3760 2829 quod

2160 2850 2462 2921 apostolica
2487 2849 2681 2920 regula
2719 2850 3034 2918 episcopum
3081 2849 3240 2904 etiam
3280 2848 3350 2902 ab
3385 2848 3468 2902 his
3499 2848 3592 2918 qui
3615 2846 3752 2902 foris

2161 2946 2304 3004 sunt,
2339 2940 2542 2993 habere
2565 2938 2720 3008 jubet
2749 2937 2801 3007 (Ι
2835 2938 2970 2992 Tim.
3004 2936 3108 3006 ut),
3133 2953 3346 2991 morum
3383 2935 3670 3006 probitate,
3705 2943 3760 2990 et

2174 3026 2384 3082 ordinis
2421 3027 2506 3081 sui
2533 3025 2800 3097 religione
2843 3024 3110 3090 obtinere,
3142 3032 3194 3080 et
3239 3025 3504 3079 bonorum
3531 3039 3760 3093 operum

2165 3115 2474 3185 exemplum
2517 3115 2893 3170 demonstrare
2940 3113 3208 3180 studeret,
3259 3111 3589 3182 persuadere
3642 3126 3794 3172 non.

2161 3211 2471 3274 potuerunt.
2523 3202 2700 3270 Quem
2739 3201 2900 3256 etiam
2939 3203 3176 3255 humana
3223 3199 3546 3256 verecundia
3575 3213 3610 3253 a
3637 3199 3755 3252 suis

2162 3291 2700 3362 reprehensibilibus,
2732 3298 2786 3346 et
2815 3289 3264 3360 improbabilibus
3293 3288 3522 3352 actibus,
3553 3294 3612 3340 ut
3639 3303 3752 3342 non

2161 3381 2556 3451 vituperaretur
2583 3379 2944 3434 ministerium
2965 3385 3212 3432 nostrum
3242 3377 3528 3431 extrahere
3555 3375 3748 3446 nequi-

2159 3479 2371 3526 verunt.
2409 3469 2584 3536 Quem
2611 3476 2809 3524 vestrae
2845 3475 3122 3537 postremo
3154 3465 3468 3536 apostolicae
3487 3463 3748 3534 epistolae,

2159 3558 2568 3623 obtestationes,
2629 3563 2678 3610 et
2735 3555 3186 3612 commonitiones
3239 3553 3537 3624 corrigere,
3585 3559 3638 3606 et
3683 3551 3750 3604 ad

2157 3647 2520 3702 obedientiam
2537 3645 2778 3700 debitam
2796 3643 3016 3699 ﬂectere
3030 3659 3140 3698 non
3160 3648 3468 3712 potuerunt.

2228 3736 2468 3790 Tandem
2516 3734 2662 3806 quod
2711 3748 2820 3789 non
2867 3733 2984 3791 sine
3030 3731 3238 3803 gemitu
3277 3737 3330 3785 et
3351 3728 3533 3786 cordis
3563 3727 3750 3784 dolore

2157 3823 2407 3890 dicimus,
2461 3823 2715 3894 quoniam
2764 3821 2910 3876 aliud
2955 3821 3408 3875 medicamentum
3452 3832 3561 3888 quo
3593 3831 3752 3871 sana-

2159 3920 2322 3977 retur,
2373 3911 2618 3981 reperire
2663 3909 3024 3981 nequivimus,
3077 3909 3142 3963 ab
3191 3907 3386 3962 ordine
3428 3903 3748 3960 sacerdotali

2158 4000 2492 4056 removimus
2523 3999 2699 4054 :sicut
2735 3999 2786 4052 in
2826 4005 3106 4069 gestorum
3121 3995 3263 4052 serie
3297 3993 3556 4050 sanctitas
3577 4003 3754 4048 vestra

2156 4089 2414 4150 inveniet.
2447 4103 2612 4159 quam
2653 4103 2750 4157 per
2797 4087 2940 4142 bunc
2991 4085 3237 4153 fratrem,
3279 4090 3334 4138 et
3384 4081 3749 4138 venerabilem

2159 4176 2540 4246 coepiscopum
2572 4183 2820 4229 nostrum
2867 4173 3184 4238 Actardum,
3217 4171 3310 4243 qui
3340 4169 3628 4225 nobiscum
3675 4185 3756 4224 re-

2159 4264 2302 4319 sedit
2335 4263 2390 4317 in
2421 4263 2647 4334 synodo,
2679 4262 2986 4318 auctoritati
3042 4269 3239 4316 vestra:
3269 4257 3579 4330 dirigimus.
3613 4256 3754 4326 Quia

2158 4352 2358 4407 diutius
2387 4366 2489 4407 nec
2523 4351 2626 4406 sibi
2658 4351 2949 4406 commissa
2993 4349 3260 4415 Ecclesia,
3295 4365 3416 4418 qua:
3451 4347 3554 4402 sub
3580 4361 3646 4400 eo
3675 4362 3760 4402 ve-

2092 4419 2150 4482 D
2172 4441 2266 4496 luti
2297 4441 2394 4496 sub
2447 4439 2770 4512 gravrssimo
2817 4438 2962 4494 fasce
2993 4437 3263 4508 gemebat,
3322 4438 3475 4492 illum
3502 4442 3756 4507 portare;

2158 4545 2260 4585 nec
2279 4530 2508 4584 aliarum
2527 4527 2896 4586 Ecclesiarum
2915 4534 3174 4591 rectores,
3196 4525 3314 4581 sine
3335 4523 3762 4596 reprehensione

2159 4617 2477 4674 insolentias
2507 4617 2623 4685 ejus
2651 4615 2828 4680 ferre;
2859 4629 2962 4670 nec
2991 4613 3161 4684 regias
3189 4613 3480 4686 dignitatis
3495 4617 3756 4683 potestas,

2159 4706 2247 4762 vel
2283 4705 2438 4778 regni
2467 4704 2813 4768 unanimitas,
2847 4703 2963 4772 ejus
2993 4701 3420 4774 inquietudinem
3479 4716 3544 4756 ac
3587 4699 3762 4754 deho-

2161 4793 2501 4850 norationem
2531 4793 2800 4848 sustinere
2849 4791 3080 4846 valebat.
3132 4791 3212 4844 De
3243 4789 3442 4860 quibus
3481 4787 3760 4860 quaedam,

2161 4889 2215 4937 et
2257 4883 2406 4950 juxta
2433 4881 2794 4953 pluralitatem
2823 4879 3052 4934 aliorum
3079 4893 3423 4944 excessuum,
3454 4877 3510 4930 in
3538 4875 3756 4948 prafata

2166 4977 2453 5044 gestorum
2478 4969 2622 5025 serie
2649 4984 2824 5040 pauca
2853 4967 3138 5023 invenietis
3171 4983 3186 5022 :
3219 4965 3344 5038 quia
3365 4973 3420 5020 et
3436 4980 3534 5036 pro
3553 4971 3762 5034 tempo-

2163 5059 2240 5114 ris
2272 5058 2553 5124 brevitate,
2587 5057 2844 5129 quoniam
2871 5055 3048 5112 isdem
3090 5054 3414 5110 Hincmarus
3469 5052 3762 5108 constituta

2164 5147 2268 5202 sibi
2299 5148 2386 5204 die
2432 5147 2601 5203 noluit
2647 5145 2834 5201 venire
2863 5145 2933 5199 ad
2961 5143 3262 5215 synodum;
3296 5149 3350 5198 et
3381 5141 3620 5197 domnus
3667 5155 3760 5194 rex

2163 5251 2289 5292 cum
2317 5236 2646 5307 quibusdam
2666 5233 2936 5305 episcopis
2981 5231 3050 5286 ad
3066 5231 3397 5302 colloquium
3437 5227 3628 5286 fratris
3663 5226 3762 5290 sui,

2167 5340 2265 5396 pro
2294 5323 2730 5380 reconciliatione
2757 5321 2992 5377 filiorum
3023 5321 3158 5389 ejus,
3190 5319 3257 5373 ad
3287 5327 3500 5390 patrem
3550 5316 3764 5372 illorum

2165 5419 2218 5467 et
2244 5411 2462 5468 fratrem
2489 5427 2647 5468 suum
2675 5410 2932 5467 festinare
2961 5407 3310 5466 accelerabat
3336 5425 3349 5472 ;
3381 5421 3450 5460 ne
3481 5411 3764 5462 commota

2167 5500 2404 5556 editione
2447 5516 2614 5557 carne
2675 5498 3013 5571 propinquos
3043 5496 3192 5552 inter
3238 5511 3298 5551 se
3338 5500 3768 5567 compugnantes
