4020 6178
234 310 341 364 637

955 309 1195 367 OPUSC.
1253 310 1344 366 ET
1388 310 1605 367 EPIST.
1666 310 1741 366 IN
1793 310 2019 367 CAUSA
2064 311 2408 370 HINCMARI
2469 314 2781 373 LAUDUN.

3431 324 3534 377 638

248 448 682 505 Christianorum
701 449 1047 521 parricidalis
1069 451 1295 525 sanguis
1315 450 1684 507 eﬁ‘underetur
1702 450 1851 524 [leg..

1952 520 1959 525 _
2026 434 2137 491 Sed
2167 444 2220 492 et
2247 436 2407 508 plura
2435 446 2560 493 sunt
2588 439 2709 506 alia,
2726 457 2848 513 qua
2868 441 3264 515 nobislongum
3292 450 3375 500 est
3403 443 3541 500 scri-

242 536 612 610 eﬂunderet];
645 546 698 594 et
745 538 849 595 hac
890 538 959 595 de
1001 554 1168 594 causa
1214 538 1568 595 ecclesiarum
1613 539 1715 595 Dei
1756 555 1848 595 res

243 624 612 692 scinderetur,
645 633 696 680 et
742 626 1086 681 sacerdotum
1122 642 1189 681 ac
1234 643 1519 683 servorum
1548 627 1648 682 Dei
1677 626 1848 683 facul-

243 720 385 767 tates
415 713 803 785 diriperentur,
835 722 888 769 et
923 730 1191 785 pauperes
1235 714 1710 786 depopularentur.
1742 716 1847 772 Ve-

245 816 370 855 rum
400 808 457 855 et
484 801 662 871 ipsum
681 800 1029 856 Hincmarum
1059 802 1131 856 ad
1161 802 1267 858 hoc
1287 802 1589 873 perducere
1619 802 1848 858 multum

243 887 568 943 laborantes
600 904 708 943 non
738 889 1030 960 potuimus,
1066 897 1121 944 ut
1159 890 1459 945 secundum
1491 890 1760 946 rationem
1795 898 1849 947 et

244 975 631 1031 auctoritatem
660 976 731 1031 ad
761 976 977 1045 objecta
1003 976 1107 1031 sibi
1139 977 1392 1033 redderet
1420 978 1704 1034 rationem.
1737 979 1847 1034 Sed

244 1063 622 1134 obstrependo
672 1063 1020 1134 clamoribus,
1056 1073 1108 1119 et
1155 1065 1446 1121 inconditis
1490 1066 1748 1134 vocibus,
1782 1082 1848 1122 ea

246 1166 368 1223 quae
397 1151 587 1206 verbis
613 1150 990 1218 conﬁtebatur,
1014 1159 1067 1208 et
1095 1152 1152 1206 in
1182 1152 1397 1223 scriptis
1426 1152 1539 1208 suis
1565 1152 1847 1224 professus

198 1254 205 1261 ’
244 1237 446 1306 fuerat,
479 1240 673 1294 iterum
706 1239 1031 1312 denegabat,
1065 1247 1117 1296 et
1147 1256 1212 1296 ea
1241 1257 1360 1312 quae
1388 1250 1706 1315 negaverat,
1740 1242 1846 1297 ite-

244 1343 366 1381 rum
385 1325 678 1382 fatebatur.

316 1414 620 1485 Propterea
664 1415 961 1486 praemissis
1004 1414 1427 1489 [praetermissis]
1456 1416 1597 1485 aliis,
1643 1433 1764 1490 quae
1792 1418 1848 1473 in

251 1509 535 1573 gestorum
587 1503 728 1558 serie
774 1502 1077 1569 invenietis,
1112 1512 1316 1576 etquae
1363 1504 1420 1559 in
1473 1504 1723 1575 plurimis
1765 1505 1849 1561 sui

246 1589 662 1661 metropolitani
690 1590 955 1661 epistolis,
999 1599 1050 1646 et
1102 1608 1224 1663 quae
1274 1592 1330 1646 in
1373 1591 1545 1663 ipsius
1574 1593 1850 1649 Hincmari

242 1678 464 1749 scriptis
505 1678 771 1734 habentur
804 1696 818 1733 :
851 1679 1178 1734 intermissis
1225 1680 1386 1735 etiam
1440 1681 1849 1752 quamplurimis

1945 520 2073 577 bere
2106 540 2121 577 :
2152 530 2354 579 tantum
2380 526 2563 595 dehis
2594 544 2714 599 qua:
2742 528 2799 583 in
2844 529 3105 599 petitione
3153 531 3339 586 domni
3390 531 3542 604 regis

1946 616 2134 665 contra
2161 626 2281 667 cum
2311 613 2368 667 in
2393 613 2603 685 synodo
2633 615 2763 671 data
2804 616 3168 688 continentur,
3190 618 3398 688 judicia
3423 626 3541 674 ter-

1945 697 2269 754 minavimus
2292 717 2305 753 :
2327 709 2606 758 reservato
2672 718 2772 773 per
2832 704 3013 760 omnia
3059 705 3199 774 juris
3254 706 3542 778 privilegio

1946 785 2258 855 apostolicae
2289 787 2455 856 sedis,
2488 804 2552 845 ac
2582 798 2764 846 vestro
2786 791 2992 860 judicio
3026 808 3039 848 :
3070 792 3208 849 sicut
3238 796 3384 850 sacri
3413 795 3544 850 Sar-

1946 872 2196 929 dicenses
2226 889 2486 944 canones,
2518 884 2570 931 et
2598 876 2821 934 decreta
2850 879 2997 934 sedis
3025 880 3339 952 apostolicae
3356 882 3545 953 ponti-

1944 958 2143 1028 ﬁcum,
2173 961 2489 1029 Innocenti,
2538 963 2825 1032 Bonifacii,
2877 974 2931 1021 et
2977 968 3172 1023 Leonis
3195 1011 3207 1033 ,
3237 984 3302 1023 ex
3337 968 3546 1024 eisdem

1947 1047 2117 1103 sacris
2137 1048 2435 1104 canonibus
2463 1052 2805 1125 promulgata
2834 1054 3155 1110 decernunt.
3173 1056 3254 1111 Ea
3267 1070 3395 1112 vero
3424 1072 3546 1129 quae

1946 1136 2399 1207 metropolitanus
2430 1153 2559 1193 suus
2609 1147 2662 1194 et
2684 1140 2800 1209 jam
2855 1141 2910 1196 in
2954 1142 3141 1198 altera.
3176 1144 3321 1215 (Non
3351 1148 3545 1199 exstat

1947 1224 2220 1280 schedula
2250 1225 2437 1280 oblata
2466 1226 2671 1297 synodo
2700 1228 2852 1300 apud
2882 1229 3277 1302 Attiniacum),
3302 1239 3355 1287 et
3374 1247 3548 1303 nuper

1947 1311 2003 1365 in
2031 1311 2137 1365 ista
2166 1312 2377 1383 synodo
2407 1313 2476 1367 ad
2506 1314 2905 1370 correctionem
2939 1316 3114 1382 illius,
3152 1335 3315 1389 quem
3357 1335 3459 1390 per
3488 1335 3550 1375 se

1947 1413 2057 1455 non
2086 1398 2304 1454 valebat
2332 1400 2634 1473 corrigere,
2666 1401 2900 1475 legenda
2931 1403 3143 1473 obtulit,
3173 1405 3342 1462 idciro
3371 1415 3552 1462 aucto-

1949 1485 2308 1543 ritativestra:
2337 1486 2645 1561 dirigimus,
2678 1498 2737 1543 ut
2782 1490 3096 1563 expressius
3117 1499 3169 1547 et
3197 1493 3417 1561 certius,
3449 1510 3547 1550 seu

1947 1573 2181 1645 plenius,
2213 1573 2410 1630 fastum
2440 1584 2495 1631 et
2523 1576 2687 1632 animi
2716 1578 2834 1647 ejus
2862 1578 3139 1650 duritiam,
3170 1588 3223 1635 et
3267 1580 3550 1639 irrevoca-

1948 1661 2114 1716 bilem
2143 1662 2312 1733 ipsius
2360 1663 2640 1719 Hincmari
2678 1665 3035 1737 pertinaciam
3078 1669 3464 1739 cognoscatis;
3498 1677 3553 1725 et

244 1747 612 1839 plurimorum
632 1766 889 1838 querelis,
923 1767 1014 1838 qui
1043 1767 1182 1822 datis
1201 1747 1550 1838 petitionibus
1641 1771 1850 1841 synodo

1954 1761 2064 1801 non
2092 1761 2461 1818 praepropere,
2494 1747 2581 1803 vel
2637 1749 2943 1817 immutare,
3006 1766 3070 1807 ac
3096 1751 3421 1820 inconsulte,
3456 1753 3554 1810 sed

246 1855 520 1909 adversus
549 1870 674 1910 eum
704 1855 1087 1926 querebantur,
1120 1863 1229 1909 tam
1258 1856 1327 1911 de
1358 1856 1572 1912 clericis
1601 1865 1654 1913 et
1674 1839 1851 1914 Vlaicis

1954 1839 2091 1889 satis‘
2113 1842 2297 1890 coacte
2334 1851 2436 1890 nos
2464 1839 2521 1889 in
2569 1851 2712 1903 eum,
2746 1839 2868 1909 ipso
2916 1839 3299 1911 compellente,
3325 1841 3555 1899 damna-

244 1942 501 1999 ecclesiae
530 1958 661 2008 sua,
711 1957 873 2013 quam
904 1951 955 1997 et
983 1943 1052 1998 de
1104 1943 1452 2014 parochianis
1492 1944 1849 2017 presbyteris,

244 2037 295 2085 et
311 2030 509 2085 liberis
529 2029 861 2096 hominibus,
879 2046 988 2089 non
1009 2031 1185 2086 solum
1208 2048 1319 2087 suae
1334 2032 1630 2103 parochias,
1664 2049 1853 2089 verum

243 2126 293 2173 et
350 2118 583 2173 aliarum
663 2118 1074 2189 parochiarum.
1126 2120 1443 2175 Intermissa
1499 2120 1852 2178 nihilominus

245 2206 464 2262 ratione
495 2206 563 2261 de
592 2221 745 2273 auro,
780 2214 834 2261 et
863 2206 1097 2279 gemmis
1127 2207 1540 2279 quamplurimis
1569 2216 1622 2264 et
1649 2211 1853 2281 pretio-

243 2294 361 2360 sis;
395 2302 450 2348 et
478 2293 739 2349 multisac
768 2294 931 2349 variis
963 2295 1302 2350 ornamentis
1346 2312 1413 2350 ex
1445 2311 1581 2351 auro
1612 2306 1665 2351 et
1694 2313 1851 2368 gem-

244 2381 352 2435 mis
382 2381 723 2451 compositis,
759 2382 954 2453 quibus
988 2383 1255 2438 Pardulus
1276 2382 1566 2455 episcopus
1587 2384 1852 2441 decessor

245 2469 393 2524 illius
426 2469 593 2524 altare
614 2476 814 2525 sancta
844 2469 1028 2525 Mariae
1049 2471 1418 2526 Laudunensis
1437 2472 1700 2529 Ecclesiae
1729 2474 1852 2544 pul-

247 2558 385 2614 chre
414 2558 549 2612 satis
586 2558 798 2613 ornavit
829 2574 843 2614 :
878 2559 1024 2629 quod
1076 2558 1179 2614 iste
1208 2559 1561 2617 defabricavit
1594 2579 1607 2615 :
1641 2570 1695 2617 et
1714 2562 1853 2619 sicut

246 2645 637 2702 ministeriales
666 2646 836 2717 ipsius
883 2646 1130 2703 ecclesia:
1159 2648 1372 2715 dicunt,
1403 2649 1530 2705 inde
1557 2666 1754 2723 umgas
1781 2651 1852 2707 ad

247 2742 461 2806 Spatas,
480 2742 534 2789 et
552 2734 780 2799 balteos,
816 2741 869 2789 et
913 2734 1169 2805 calcaria,
1201 2744 1363 2808 atque
1391 2736 1652 2809 ligaturas
1681 2739 1850 2794 bosa-

246 2839 411 2891 rum,
448 2838 583 2893 quas
618 2822 954 2877 hosobindas
992 2823 1208 2891 dicunt,
1252 2822 1374 2879 ﬁeri
1409 2825 1609 2894 jussit;
1651 2833 1705 2881 et
1751 2842 1851 2882 suo

247 2911 402 2967 fratri
436 2953 449 2977 ,
484 2919 537 2965 et
580 2910 775 2982 quibus
813 2910 917 2964 sibi
960 2911 1162 2981 placuit
1191 2912 1358 2967 dedit.
1402 2913 1510 2968 Sed
1539 2920 1591 2983 et
1621 2914 1689 2969 de
1718 2930 1850 2971 auro

249 2999 547 3071 purissimo
596 3014 662 3055 ex
708 2998 898 3065 calice,
945 3000 1088 3071 quod
1145 3000 1404 3071 praefatus
1430 3002 1693 3058 decessor
1721 3019 1850 3058 suus

250 3088 435 3144 eidem
484 3087 731 3143 ecclesiae
781 3087 1026 3143 contulit.
1083 3088 1310 3144 Necnon
1348 3097 1399 3143 et
1452 3089 1520 3145 de
1549 3090 1657 3146 alio
1689 3107 1845 3159 auro,
1871 3123 1921 3187 Ο

246 3193 439 3235 verum
481 3184 535 3232 et
561 3176 630 3231 de
660 3184 887 3248 argento
917 3175 1089 3247 ipsius
1118 3176 1396 3245 ecclesia;
1445 3178 1542 3233 sed
1575 3186 1628 3233 et
1655 3179 1724 3234 de
1754 3195 1853 3235 ca-

244 3265 383 3321 sulis
428 3264 687 3336 pretiosis
716 3305 731 3331 ,
765 3281 901 3336 quas
950 3265 1096 3319 dedit
1139 3266 1336 3336 quibus
1369 3266 1474 3321 sibi
1524 3267 1699 3322 visum
1730 3267 1850 3324 fuit.

247 3356 483 3410 Necnon
510 3361 564 3408 et
590 3353 659 3408 de
686 3360 899 3408 sacrato
913 3369 1095 3424 panno
1117 3354 1319 3425 optimo
1351 3371 1416 3410 ex
1446 3355 1618 3410 altare
1652 3364 1853 3413 sanctas

248 3443 475 3508 Maria,
532 3458 695 3513 quem
751 3442 820 3496 ad
871 3441 1164 3498 saeculares
1207 3459 1338 3498 usus
1405 3443 1602 3498 dedit:
1637 3452 1691 3499 et
1746 3444 1854 3500 alia

246 3531 508 3603 plurima,
540 3546 662 3602 qua:
717 3530 785 3584 ad
830 3531 1091 3587 rationem
1120 3538 1174 3587 et
1196 3531 1602 3600 judicationem
1632 3532 1850 3589 mittere

245 3637 361 3679 non
391 3620 789 3676 concurrimus.

323 3709 479 3766 Sicut
514 3724 619 3764 nec
658 3708 727 3764 de
781 3708 1136 3764 seditionibus
1166 3709 1305 3776 aliis,
1364 3718 1567 3781 praeter
1611 3724 1735 3767 eam
1780 3710 1851 3766 de

245 3815 360 3872 qua
414 3814 510 3853 rex
557 3813 683 3852 eum
729 3797 1001 3853 accusavit
1055 3813 1158 3868 per
1205 3798 1534 3869 scripturam
1557 3839 1572 3868 ,
1609 3814 1851 3871 praesens

245 3895 580 3960 praesentem
635 3887 692 3941 in
738 3886 998 3957 synodo:
1050 3884 1105 3941 in
1152 3902 1382 3959 quarum
1440 3903 1547 3942 una
1592 3887 1711 3959 ipse
1754 3887 1853 3943 fuit

248 3984 301 4032 et
333 3976 562 4031 veniens
590 3990 714 4031 cum
742 3974 988 4045 pluribus
1035 3975 1253 4029 armatis
1282 3975 1611 4041 hominibus,
1635 3984 1690 4031 et
1718 3992 1851 4047 per-

247 4064 414 4119 mista
468 4063 619 4136 vulgi
653 4062 1018 4127 multitudine,
1072 4077 1197 4118 cum
1250 4063 1449 4135 gladiis
1518 4071 1571 4119 et
1615 4062 1850 4120 fustibus

248 4154 316 4208 ad
347 4167 602 4208 mansum
632 4151 726 4206 ubi
753 4151 947 4206 mulier
985 4151 1201 4207 comitis
1232 4152 1399 4224 regis,
1434 4153 1654 4209 nomine
1685 4153 1851 4208 Nort-

250 4242 467 4308 manni,
500 4240 571 4296 de
599 4247 757 4310 partu
782 4239 958 4312 [more
1006 4238 1242 4295 femineo
1264 4239 1502 4311 jacebat,
1549 4242 1708 4311 ejecit
1726 4257 1849 4298 eam

247 4331 394 4397 inde,
429 4338 486 4384 et
543 4329 727 4383 omnia
756 4343 877 4399 qua
901 4327 975 4382 ibi
1023 4326 1229 4397 habuit,
1263 4343 1491 4397 aurum,
1534 4339 1844 4402 argentum,

247 4419 596 4482 vestimenta,
627 4397 839 4488 pannos
892 4416 1154 4487 plurimos
1179 4456 1194 4484 ,
1229 4431 1525 4483 annonam,
1554 4397 1760 4487 vinum,
1795 4428 1848 4475 et
1884 4397 2117 4488 -ίθηίη
2155 4397 2438 4488 mbomfre’
2473 4402 2583 4488 no‘n
2611 4397 2719 4488 anis

1768 4508 1857 4563 vel
1884 4480 1936 4539 D
1954 4492 1987 4533 a
2015 4491 2121 4548 qua
2152 4481 2433 4547 separatus
2480 4482 2563 4530 est
2591 4480 2909 4529 restituatur
2932 4517 2945 4539 ,
2994 4481 3317 4563 antequam,
3350 4491 3551 4532 secun-

251 4508 476 4581 generis
507 4505 712 4562 diversi
758 4520 824 4561 ac
859 4520 1022 4561 sexus
1059 4505 1368 4576 pecuniam,
1401 4505 1518 4561 sine
1546 4506 1735 4575 misso,

249 4596 463 4662 litteris,
493 4603 588 4650 aut
614 4594 786 4651 verbo
845 4594 1014 4664 regis,
1047 4593 1103 4648 in
1131 4610 1226 4649 sua
1262 4593 1540 4666 parochia,
1572 4600 1626 4649 et
1653 4594 1856 4650 missa-

253 4685 375 4750 tico,
407 4683 488 4738 illi
518 4698 619 4753 per
649 4680 961 4737 violentiam
1014 4681 1237 4738 abstulit
1272 4701 1284 4737 :
1318 4682 1456 4739 sicut
1482 4682 1537 4737 in
1594 4682 1855 4753 petitione

251 4772 423 4844 ipsius
451 4770 780 4826 Nortmanni
810 4770 969 4827 nobis
990 4778 1237 4843 porrecta
1264 4771 1322 4825 in
1368 4771 1577 4841 synodo
1608 4770 1853 4826 contine-

252 4869 356 4916 tur.
381 4862 446 4915 In
466 4860 635 4914 altera
666 4874 799 4915 vero
836 4860 1101 4915 seditione
1142 4876 1263 4931 quae
1292 4859 1463 4930 ipsius
1488 4857 1736 4928 jussione
1755 4856 1856 4912 fuit

256 4950 546 5013 concitata,
577 4949 720 5004 sicut
764 4947 842 5003 illi
872 4947 1057 5004 dicunt
1093 4948 1185 5019 qui
1212 4947 1267 5002 in
1313 4962 1378 5002 ea
1425 4947 1639 5001 luerunt
1669 4987 1683 5016 ,
1714 4961 1856 5001 unus

256 5039 418 5094 homo
448 5038 547 5092 fuit
589 5036 829 5093 occisus.
882 5038 1020 5092 Nam
1070 5036 1197 5108 quia
1250 5035 1484 5091 domnus
1515 5051 1607 5091 rex
1641 5035 1855 5091 cuidam

259 5126 498 5183 vassallo
508 5126 579 5181 de
595 5125 943 5181 Laudunensi
954 5124 1250 5195 episcopio,
1266 5124 1486 5178 nomine
1516 5124 1852 5191 Amalberto,

257 5216 343 5271 cui
389 5213 722 5270 beneficium
776 5214 1007 5268 reddere
1045 5212 1222 5280 jussit,
1256 5211 1403 5283 quod
1460 5212 1532 5266 ab
1563 5228 1629 5268 eo
1657 5211 1855 5281 injuste

254 5304 468 5369 tulerat,
502 5301 764 5378 praecepit
791 5300 1102 5356 hominibus
1135 5317 1250 5355 81118
1281 5307 1334 5355 et
1351 5299 1572 5355 familiae
1592 5300 1855 5372 episcopii

263 5390 639 5446 Laudunensis
659 5390 785 5445 illuc
813 5389 893 5443 ire
924 5404 1049 5444 cum
1085 5387 1249 5443 armis
1278 5396 1329 5443 et
1362 5387 1616 5453 fustibus,
1650 5396 1701 5443 et
1730 5389 1857 5442 inde

262 5479 410 5534 illum
460 5479 659 5547 ejicere
693 5496 706 5532 :
744 5478 883 5534 sicut
917 5485 972 5532 et
1037 5476 1238 5532 factum
1288 5484 1371 5533 est
1408 5494 1425 5545 ;
1457 5484 1510 5534 et
1540 5475 1725 5547 fugato
1767 5490 1852 5543 eo,

259 5583 397 5623 unus
424 5569 589 5624 homo
617 5566 694 5624 ibi
723 5566 821 5623 fuit
840 5566 1075 5626 occisus.

1953 1921 2117 1977 tionis
2148 1923 2470 1978 sententiam
2499 1924 2815 1995 protulisse.

2024 2009 2181 2066 Unde
2237 2010 2435 2067 obnixe
2480 2027 2764 2083 precamur
2793 2021 3031 2070 vestram
3068 2015 3461 2084 auctoritatem,
3495 2024 3554 2073 ut

1953 2112 1987 2152 a
2017 2104 2166 2153 tanto
2194 2100 2357 2167 hujus
2403 2099 2791 2173 incorrigibilis
2817 2102 2990 2173 pestis
3046 2103 3228 2170 taedio,
3258 2120 3360 2159 nos
3389 2105 3550 2161 etiam

1955 2201 2055 2241 suo
2078 2186 2314 2255 judicio,
2351 2204 2511 2258 quem
2556 2189 2776 2261 longius
2822 2198 3145 2261 supportare
3185 2192 3548 2264 nequivimus,

1952 2272 2148 2329 liberet
2182 2293 2195 2329 :
2229 2275 2528 2331 secundum
2587 2277 2810 2332 decreta
2839 2278 3100 2335 Bonifacii
3142 2286 3197 2335 et
3242 2280 3459 2351 Leonis,
3489 2296 3556 2352 ea

1953 2374 2074 2429 quae
2097 2359 2251 2427 juxta
2283 2359 2713 2416 ecclesiasticum
2733 2377 2964 2429 morem,
2986 2370 3148 2434 prout
3167 2362 3553 2422 intelleximus:

1928 2452 2062 2501 'non
2090 2445 2310 2502 inimico
2341 2448 2552 2515 animo,
2581 2448 2669 2503 vel
2698 2448 2882 2521 aliqua
2909 2450 3197 2522 cupiditate
3217 2492 3231 2521 ,
3263 2460 3352 2506 aut
3382 2452 3558 2526 gratia

1952 2534 2255 2605 depravati,
2283 2535 2431 2604 juste
2457 2543 2511 2590 et
2538 2536 2929 2593 rationabiliter
2975 2538 3344 2609 diﬂinivimus,
3376 2548 3555 2597 vestra

1953 2638 2170 2695 quoque
2206 2622 2471 2678 sententia
2514 2624 2848 2681 roboranda.
2880 2627 2948 2681 Et
2995 2626 3042 2681 si
3069 2626 3232 2695 forte,
3267 2629 3412 2701 quod
3441 2644 3553 2685 non

1950 2718 2221 2781 putamus,
2246 2710 2422 2766 visum
2450 2711 2605 2766 vobis
2634 2713 2946 2768 necessario
2977 2712 3158 2781 fuerit,
3182 2722 3240 2770 ut
3259 2718 3557 2772 secundum

1954 2797 2312 2853 Sardicenses
2339 2813 2579 2854 canones
2608 2800 2884 2857 renovetis
2907 2801 3191 2870 judicium,
3225 2810 3279 2858 et
3308 2804 3447 2860 detis
3463 2806 3549 2874 ju-

1952 2885 2123 2955 dices,
2155 2885 2443 2942 scribendo
2473 2887 2746 2959 episcopis
2776 2889 2869 2960 qui
2897 2889 2955 2944 in
3008 2888 3249 2946 finitimis
3280 2900 3333 2947 et
3360 2892 3557 2949 vicinis

1951 2973 2250 3044 provinciis
2278 2982 2421 3041 sunt,
2454 2983 2511 3031 ut
2540 2984 2593 3031 et
2620 2976 2725 3048 ipsi
2778 2976 3072 3050 diligenter
3102 2980 3323 3035 omnino
3368 2980 3556 3053 requi-

1952 3069 2093 3129 rant,
2127 3069 2180 3117 et
2202 3062 2359 3131 juxta
2387 3060 2553 3118 ﬁdem
2573 3064 2818 3120 veritatis
2843 3064 3128 3123 diﬂiniant.
3167 3066 3264 3123 Vel
3290 3067 3337 3122 si
3353 3067 3553 3125 decre-

1956 3150 2138 3206 veritis
2167 3150 2383 3206 mittere
2413 3166 2447 3207 a
2473 3150 2643 3208 latere
2672 3160 2855 3209 vestro
2894 3155 3157 3210 habentes
3187 3156 3559 3212 auctoritatem

1954 3246 2216 3309 vestram,
2263 3240 2355 3310 qui
2387 3255 2510 3295 cum
2568 3240 2842 3312 episcOpis
2884 3242 3150 3311 judicent,
3201 3259 3266 3298 eo
3293 3245 3349 3298 in
3381 3244 3557 3316 gradu

1954 3326 2133 3382 adhuc
2162 3343 2272 3382 non
2328 3327 2592 3394 restituto,
2640 3328 2780 3383 sicut
2809 3330 2952 3385 sacri
3007 3330 3356 3387 Sardicenses
3386 3347 3557 3388 cano-

1952 3429 2051 3468 nes
2079 3413 2421 3485 praecipiunt,
2445 3430 2554 3469 non
2583 3414 2888 3472 abnuimus.
2921 3417 3098 3485 Licet,
3130 3425 3386 3491 quantum
3419 3434 3555 3489 pos-

1952 3518 2158 3571 sumus,
2192 3501 2367 3557 redire
2396 3502 2464 3556 ad
2495 3502 2742 3559 laborem
2797 3519 2907 3576 quo
2963 3504 3055 3560 diu
3100 3509 3279 3561 vexati
3332 3522 3520 3562 sumus
3541 3549 3555 3578 ,

1951 3589 2210 3663 refugere
2240 3589 2521 3662 cupiamus
2560 3609 2573 3645 :
2605 3598 2659 3646 et
2688 3607 2754 3648 ea
2783 3608 2904 3665 quae
2933 3600 3157 3665 propter
3174 3595 3556 3651 verecundiam

1952 3678 2308 3735 sacerdotalis
2337 3679 2657 3734 reverentia;
2691 3680 2802 3751 tegi
2830 3680 3036 3750 potius,
3072 3696 3237 3754 quam
3292 3682 3558 3754 publicari

1951 3775 2222 3838 Optamus,
2257 3767 2304 3822 si
2332 3766 2679 3834 valuerimus,
2705 3767 2775 3823 ad
2804 3767 3163 3839 plurimorum
3181 3769 3425 3825 notitiam
3456 3771 3555 3827 de-

1951 3854 2084 3911 ferri
2113 3855 2291 3912 modis
2324 3855 2937 3912 omnibusresultemus.
2958 3857 3340 3914 Verumtamen
3358 3867 3556 3931 quanta

1951 3960 2245 4016 possumus
2273 3944 2579 4002 devotionis
2606 3944 2909 4001 humilitate
2936 3945 3303 4017 deposcimus,
3326 3955 3385 4003 ut
3396 3948 3557 4004 etiam

1945 4033 2004 4088 in
2021 4035 2127 4089 hac
2154 4049 2322 4089 causa
2376 4035 2535 4090 nobis
2587 4034 2907 4091 canonicam
2935 4034 3307 4092 diﬁinitionem
3357 4053 3552 4094 serve-

1954 4121 2043 4178 tis.
2077 4122 2343 4179 Videlicet
2362 4130 2421 4177 ut
2458 4123 2524 4189 si,
2562 4123 2707 4195 quod
2737 4139 2846 4179 non
2892 4123 3200 4195 credimus,
3233 4141 3297 4180 ea
3325 4141 3445 4198 quae
3472 4141 3559 4184 re-

1948 4211 2217 4285 gulariter
2246 4211 2594 4267 ditﬁnivimus
2622 4219 2785 4282 prout
2814 4227 3000 4268 sacras
3022 4212 3239 4285 regulas
3284 4213 3559 4271 intellexi-

1954 4318 2100 4367 mus,
2133 4301 2289 4357 vobis
2317 4299 2713 4370 praesentaliter
2741 4314 2852 4355 non
2878 4300 3147 4370 placuerit
3192 4308 3377 4357 vestra
3421 4318 3554 4358 sen-

1972 4390 2117 4446 entia
2155 4389 2438 4454 roborare,
2473 4402 2583 4442 non
2611 4395 2771 4441 antea
2801 4387 3183 4443 communione
3206 4388 3550 4456 sacerdotali,

1953 4564 2081 4620 dum
2128 4563 2353 4635 regulas
2408 4570 2461 4618 et
2508 4561 2682 4635 leges,
2715 4562 2772 4616 in
2803 4560 3103 4633 provincia,
3134 4563 3192 4619 in
3237 4560 3347 4636 qua
3374 4578 3555 4622 causa

1954 4660 2141 4723 gestae,
2176 4659 2231 4707 et
2271 4651 2527 4720 judicatae
2578 4658 2719 4721 sunt,
2776 4650 3134 4725 requirantur.
3187 4650 3332 4720 Quia
3388 4668 3563 4725 usque

1953 4739 2021 4794 ad
2051 4745 2240 4794 nostra
2268 4746 2511 4810 tempora
2539 4740 2690 4795 nulla
2719 4740 2935 4795 Patrum
2970 4739 3284 4796 difﬁnitione
3310 4740 3417 4798 hoc
3442 4741 3553 4797 Ec—

1954 4828 2135 4885 clesiis
2170 4828 2465 4885 Gallicanis
2515 4828 2829 4900 et.Belgicis
2859 4836 2943 4885 est
2997 4828 3320 4900 derogatum
3352 4848 3366 4885 :
3400 4846 3551 4903 prae-

1954 4916 2135 4971 sertim
2178 4918 2301 4989 quia
2369 4917 2588 4973 decreta
2641 4917 2898 4985 Nicaena,
2927 4915 3043 4971 sive
3100 4915 3373 4975 inferioris
3413 4936 3549 4992 gra-

1955 5005 2056 5060 dus
2108 5005 2335 5062 clericos
2368 5047 2381 5070 ,
2442 5004 2558 5060 sive
2589 5004 2877 5075 episcOpos
2920 5003 3090 5075 ipsos,
3140 5014 3201 5060 ut
3239 5007 3550 5065 Africanum

1955 5093 2141 5151 scribit
2206 5091 2495 5149 concilium
2523 5132 2536 5159 ,
2582 5091 2695 5147 suis
2767 5091 3200 5163 metropolitanis
3271 5095 3548 5166 aptissime

1954 5181 2359 5239 commiserunt.
2394 5179 2544 5234 Sicut
2572 5186 2625 5234 et
2674 5178 2731 5234 S.
2777 5178 3089 5236 Bonifacius
3150 5182 3388 5253 exponit,
3413 5183 3552 5238 scri-

1956 5270 2089 5324 bens
2120 5269 2191 5323 ad
2242 5265 2502 5322 Hilarium
2543 5266 2956 5323 Narbonensem
3005 5268 3324 5340 episcopum
3364 5269 3554 5342 (epist.

1955 5357 2010 5427 3)
2045 5373 2058 5411 :
2095 5379 2116 5403 α
2198 5353 2462 5411 Convenit
2507 5369 2609 5410 nos
2642 5399 2654 5421 ,
2684 5355 2887 5427 inquit,
2969 5363 3323 5426 paternarum
3413 5374 3548 5415 san-

1954 5444 2195 5502 ctionum
2262 5443 2553 5515 diligentes
2597 5459 2721 5498 esse
2774 5441 3054 5499 custodes.
3124 5443 3274 5499 Nulli
3353 5445 3552 5502 etenim

1955 5540 2171 5598 videtur
2208 5538 2488 5615 incognita
2532 5539 2725 5614 synodi
2778 5539 3094 5599 constitutio
3146 5540 3403 5613 Nicena,
3436 5559 3557 5622 quia
