4020 6178
486 265 590 319 639

1373 261 1714 316 HINCMARI
1768 256 2170 315 RHEMENSIS
2223 255 2770 316 ARCHIEPISCOPI.

3687 260 3776 314 640

487 387 561 442 ita
587 387 866 459 praecepit,
899 394 956 442 ut
984 387 1175 444 eadem
1203 385 1421 457 proprie
1447 385 1618 440 verba
1645 399 1928 454 ponamus.
1976 379 2083 437 Per
2101 381 2159 442 A
2187 383 2273 438 xel
2299 383 2678 454 postulatione,
2712 383 3030 454 apostolica:
3059 384 3176 439 sedi
3225 385 3546 454 subreptum
3593 383 3764 451 fuerit,

487 492 926 548 unamquamque
951 474 1286 547 provinciam
1311 474 1400 542 jus
1430 471 1873 543 metropolitanos
1902 471 2090 543 singu-

489 563 574 618 los
594 563 800 636 habere
820 564 1050 628 debere;
1075 576 1179 618 nec
1207 562 1454 633 cuiquam
1485 559 1624 614 duas
1653 575 1776 614 esse
1795 560 2088 629 [al.,posse

490 651 635 724 esse]
665 653 955 721 subjectas.
989 649 1148 718 Quod
1179 649 1275 716 illi,
1308 649 1436 720 quia
1453 647 1612 702 aliter
1629 647 1959 702 credendum
1979 662 2086 702 non

491 747 594 804 est,
630 748 815 794 sancto
845 738 1042 809 Spiritu
1069 745 1401 810 suggerente
1432 736 1667 800 sibimet,
1687 742 2034 790 censuerunt.
2061 755 2083 784 ι

489 827 560 882 Et
585 827 744 896 paulo
772 834 896 896 post
927 843 938 881 :
977 847 1000 876 α
1037 825 1197 894 Quod
1227 824 1430 880 idcirco
1461 823 1712 887 dicimus,
1749 830 1807 876 ut
1839 823 2087 877 advertat

488 913 725 970 charitas
754 921 862 979 tua,
894 914 1034 968 adeo
1076 929 1177 968 nos
1215 927 1484 968 canonum
1511 917 1814 981 .praacepta
1846 925 2084 975 servare,

487 1008 544 1054 ut
599 1001 672 1054 ita
719 1001 1027 1056 constitutio
1073 1016 1289 1072 quoque
1315 1007 1500 1053 nostra
1541 996 1788 1062 ditﬁniat,
1821 1005 2087 1068 quatenus

485 1088 886 1158 metropolitani
934 1089 1019 1142 sui
1046 1103 1386 1158 unaqumque
1441 1086 1723 1156 provincia
1752 1085 1807 1140 in
1836 1084 2087 1140 omnibus

488 1175 654 1231 rebus
695 1176 1088 1231 ordinationem
1137 1191 1356 1246 semper
1411 1181 1706 1244 exspectet.
1764 1173 2086 1227 Prudentis-

491 1263 627 1318 sime
655 1263 800 1317 enim
822 1265 990 1319 sancti
1016 1265 1205 1318 Patres
1271 1261 1439 1317 nostri
1479 1261 1886 1332 justissimeque
1929 1260 2086 1316 vide-

487 1359 634 1419 runt,
663 1372 686 1402 ›
721 1360 779 1408 ιιι
808 1351 1119 1406 Africanum
1169 1350 1457 1406 concilium
1487 1349 1558 1403 ad
1592 1347 1944 1403 Caelestinum
1981 1364 2086 1419 pa-

489 1454 618 1509 pam
649 1439 867 1510 scripsit
893 1437 1070 1511 [c0120.
1090 1436 1174 1492 Af.
1211 1453 1297 1508 ep.
1331 1437 1402 1492 ad
1431 1435 1672 1508 Caelest.]
1707 1457 1729 1486 κ
1763 1434 2086 1508 Quicunque

486 1526 706 1596 negotia
734 1527 789 1580 in
818 1526 931 1580 suis
947 1526 1082 1582 locis
1102 1525 1224 1580 urbi
1245 1534 1365 1580 orta
1381 1533 1524 1590 sunt,
1547 1523 1783 1578 ﬁnienda
1807 1541 1820 1578 :
1845 1540 1946 1578 nec
1968 1523 2086 1578 uni-

485 1614 680 1685 cuique
709 1613 1004 1684 provinciae
1028 1613 1259 1684 gratiam
1287 1612 1462 1672 sancti
1488 1611 1722 1682 Spiritus
1753 1611 2081 1675 defuturam,

2192 478 2247 524 ut
2275 471 2420 526 idem
2447 479 2786 543 contemptor
2813 480 2866 526 et
2891 471 3239 527 conculcator
3266 488 3550 528 sacrorum
3606 489 3765 528 cano-

2187 575 2316 612 num
2345 558 2398 612 in
2429 559 2602 631 gradu
2629 559 2924 629 restitutus,
2943 568 3031 614 aut
3050 559 3104 614 in
3125 569 3344 615 nostras
3359 560 3680 632 provincias
3705 561 3766 616 ad

2187 646 2514 701 audientiam
2545 647 2866 715 remittatur,
2901 655 2992 702 aut
3019 648 3138 704 sine
3181 648 3460 704 audientia
3505 649 3563 703 in
3609 649 3764 703 resti-

2189 734 2392 790 tutione
2420 750 2641 790 manere
2673 735 2949 804 jubeatur,
2973 744 3031 790 ut
3059 752 3181 790 cum
3203 736 3360 792 venia
3390 744 3574 792 vestra
3619 736 3768 792 dica-

2187 838 2328 887 mus,
2363 823 2591 877 ulterius
2622 823 2766 894 quod
2786 823 2961 878 isdem
2988 823 3058 878 ab
3085 823 3219 894 ipsis
3263 823 3621 880 ordinationis
3675 841 3770 880 suae

2188 909 2504 981 primordiis
2534 927 2754 983 semper
2781 911 3048 982 quaesivit,
3083 911 3216 966 utin
3235 913 3438 967 nostris
3457 912 3770 984 provinciis,

2187 1006 2385 1060 nullius
2415 1007 2760 1062 coercitionis
2788 1015 3039 1078 respectu
3069 1007 3331 1080 quidquid
3361 1008 3546 1076 vellet,
3606 1008 3770 1063 licen-

2187 1102 2271 1149 ter
2301 1110 2469 1166 agere
2497 1103 2700 1166 posset,
2736 1094 2915 1150 sciens
2943 1111 3044 1150 nos
3075 1096 3142 1150 de
3160 1095 3389 1167 singulis
3410 1097 3646 1152 Romam
3669 1097 3774 1150 mit-

2189 1190 2302 1239 tere
2331 1199 2441 1238 non
2470 1199 2632 1253 posse
2666 1199 2678 1238 :
2712 1199 2997 1254 usquequo
3024 1184 3190 1238 iidem
3227 1184 3402 1238 sancti
3441 1185 3630 1239 Patres
3682 1199 3771 1240 no-

2187 1271 2305 1337 stri,
2352 1269 2444 1342 qui
2485 1271 2661 1325 adhuc
2705 1271 2990 1325 nobiscum
3036 1270 3092 1324 in
3140 1271 3253 1326 suis
3301 1271 3772 1327 constitutionibus

2185 1357 2390 1428 vivunt,
2421 1367 2474 1412 et
2505 1359 2806 1414 secundum
2835 1359 3109 1414 tramitem
3135 1366 3448 1414 sanctarum
3498 1359 3770 1416 Scritura-

2185 1462 2328 1512 rum,
2361 1446 2812 1518 traditionemque
2839 1446 3230 1518 apostolorum,
3272 1447 3553 1518 praventi,
3588 1463 3658 1503 ac
3701 1447 3772 1501 in-

2187 1534 2416 1604 spiritati
2447 1535 2618 1604 gratia
2649 1535 2822 1590 sancti
2850 1534 3102 1604 Spiritus,
3135 1535 3204 1590 de
3233 1535 3586 1604 hujusmondi
3605 1534 3770 1601 factis,

2187 1638 2308 1692 quae
2335 1623 2593 1686 insolens,
2614 1631 2666 1677 et
2687 1630 3068 1696 transgressor
3087 1639 3366 1678 sacrarum
3384 1623 3592 1696 legum,
3613 1639 3680 1678 ac
3698 1641 3772 1680 re-

489 1717 610 1792 qua:
631 1701 855 1773 aequitas
885 1718 918 1756 a
957 1701 1167 1792 Christi
1190 1700 1558 1758 sacerdotibus
1593 1700 1968 1792 etprudenter
1995 1699 2083 1754 vi-
2111 1732 2166 1792 Β
2187 1711 2442 1782 gum-um
2472 1711 2844 1765 Laudunensis
2899 1710 3228 1766 Hincmarus
3281 1711 3524 1766 ηοεοίιιπ
3578 1727 3772 1782 ρει-με-

486 1789 697 1856 deatur,
731 1797 783 1844 et
825 1789 1262 1844 constantissime
1305 1796 1566 1845 teneatur.
1597 1808 1618 1836 ι
1655 1787 1882 1842 Maxime
1902 1795 2082 1842 autem

493 1893 615 1932 cum
651 1875 967 1932 diﬂinitione
997 1894 1058 1932 ac
1095 1877 1398 1948 patrocinio
1456 1883 1656 1931 sancta:
1697 1883 1750 1930 et
1774 1875 2086 1946 apostolicae

487 1964 634 2020 sedis
665 1965 966 2020 secundum
993 1965 1148 2038 leges
1180 1972 1233 2020 et
1263 1963 1459 2020 Africa:
1495 1964 1796 2036 provinciae
1823 1978 2081 2032 canones,

485 2052 621 2108 illud
651 2061 820 2106 ratum
849 2053 1044 2108 haberi
1070 2068 1234 2123 posse
1251 2053 1566 2108 ostendatur
1587 2049 1908 2121 judicatum,
1946 2074 1966 2097 ιι
1992 2050 2084 2106 ubi

485 2139 705 2196 testium
735 2141 1056 2196 necessariae
1075 2156 1327 2211 persona;
1345 2141 1554 2212 absque
1576 2155 1760 2206 sexus,
1781 2139 1867 2194 vel
1891 2153 2083 2194 senec-

482 2228 628 2298 tutis,
663 2245 758 2285 seu
786 2227 1128 2294 inﬁrmitatis,
1152 2229 1241 2283 vel
1268 2229 1558 2284 multorum
1596 2227 1821 2282 aliorum
1850 2241 2083 2282 excusa-

483 2317 629 2372 tione
667 2317 1200 2387 impedimentorum,
1231 2323 1457 2387 possunt
1493 2315 1706 2370 adduci.
1759 2337 1781 2360 ι
1815 2313 2084 2382 Quoniam

483 2419 644 2460 nemo
699 2404 805 2459 nisi
833 2411 924 2459 aut
976 2404 1263 2475 scriptura,
1324 2412 1414 2458 aut
1470 2403 1713 2468 testibus,
1745 2403 1994 2475 legaliter
2021 2417 2085 2458 ac

485 2491 806 2564 regulariter
841 2499 1020 2563 potest
1064 2491 1315 2548 convinci
1361 2509 1374 2546 :
1424 2491 1558 2547 sicut
1602 2491 1928 2546 Hincmarus
1972 2490 2085 2545 suis

486 2579 724 2652 scriptis,
756 2595 820 2636 ac
850 2579 1367 2652 subscriptionibus,
1401 2587 1452 2635 et
1482 2579 1694 2634 idoneis
1741 2579 1973 2634 testibus
2001 2586 2084 2634 est

482 2667 538 2724 in
567 2669 778 2740 synodo
810 2684 990 2725 coram
1009 2669 1166 2724 nobis
1197 2669 1495 2724 convictus.

559 2755 698 2826 Quia
753 2773 916 2830 argos
968 2773 1088 2824 nos,
1151 2766 1408 2829 quantum
1463 2756 1664 2812 scimus
1711 2762 1764 2811 et
1791 2770 2084 2827 possumus

483 2844 828 2917 privilegium
859 2853 1061 2900 sancta:
1090 2861 1152 2900 ac
1181 2845 1374 2916 prima:
1401 2845 1546 2900 sedis
1575 2845 1852 2908 Romamn,
1873 2850 1924 2898 et
1953 2859 2085 2900 con-

485 2947 747 2998 servare,
784 2941 836 2987 et
884 2932 1176 2998 obaudire,
1210 2940 1262 2986 et
1309 2932 1569 2986 extollere
1616 2931 1886 3001 cupimus,
1921 2939 2082 3003 atque

487 3019 784 3090 satagimus
805 3061 818 3086 ,
846 3041 868 3070 α
903 3036 1002 3090 pro
1041 3035 1140 3073 suo
1190 3019 1394 3074 scilicet
1436 3018 1744 3090 principatu
1769 3061 1782 3086 ,
1815 3034 1978 3090 quem
2019 3020 2079 3074 B.

489 3107 678 3164 Petrus
706 3107 984 3178 apostolus
1013 3106 1229 3162 Domini
1259 3122 1392 3162 voce
1447 3114 1782 3178 perceptum,
1830 3107 2080 3162 Ecclesia

479 3193 830 3252 nihilominus
875 3195 1243 3267 subsequente
1286 3202 1338 3250 et
1356 3195 1526 3250 tenuit
1563 3210 1782 3265 semper
1835 3201 1889 3250 et
1945 3193 2081 3249 reti-

486 3289 578 3338 net
609 3300 624 3338 :
656 3302 684 3335 »
719 3290 896 3339 servet
925 3290 1105 3338 vestra
1132 3282 1450 3354 paternitas,
1483 3290 1535 3338 et
1590 3298 1624 3337 a
1661 3283 1777 3337 Deo
1807 3281 1862 3336 in
1903 3283 2082 3352 prima

486 3369 618 3427 sede
666 3371 954 3428 constituta
996 3371 1304 3440 auctoritas,
1339 3371 1514 3437 nobis,
1551 3370 1675 3424 filiis
1723 3377 1774 3426 et
1823 3369 2081 3440 subjectis

487 3459 592 3516 sibi
622 3459 892 3531 episcopis
922 3459 1286 3516 ecclesiastica
1315 3459 1622 3533 privilegia,
1654 3475 1688 3514 a
1719 3459 1890 3514 sacris
1917 3473 2080 3515 cano-

487 3547 668 3614 nibus,
701 3556 755 3602 et
781 3549 978 3604 vestris
1005 3548 1411 3613 decessoribus,
1458 3564 1522 3603 ac
1579 3547 2080 3618 praedecessoribus

487 3644 830 3692 conservata.
865 3636 1142 3706 Quatenus
1173 3644 1224 3692 et
1253 3637 1552 3708 apostolica
1583 3637 1744 3692 sedes
1799 3636 2080 3708 prOprium

489 3723 736 3797 vigorem
764 3724 1017 3792 retineat,
1043 3731 1097 3780 et
1116 3742 1146 3780 a
1175 3741 1234 3781 se
1254 3740 1522 3780 concessa
1553 3725 1675 3780 aliis
1703 3741 1798 3778 sua
1819 3724 1943 3793 jura
1970 3739 2080 3779 nou

487 3812 714 3869 minuat.
749 3812 899 3868 Sicut
926 3815 986 3867 B.
1023 3813 1328 3886 Gregorius
1361 3813 1609 3868 scribens
1639 3813 1708 3867 ad
1737 3811 2080 3868 Dominicum

488 3899 978 3972 Carthaginensem
1007 3900 1324 3970 episc0pum
1353 3899 1537 3972 [epist
1570 3899 1684 3973 39.]
1717 3918 1730 3954 :
1759 3921 1780 3950 α
1807 3901 1887 3956 De
1905 3900 2082 3956 eccle-

494 3986 745 4052 siasticis,
779 3987 972 4058 inquit,
1005 3987 1307 4060 privilegiis
1355 3987 1498 4060 quod
1543 3996 1725 4043 vestra
1773 3987 2080 4043 fraternitas

489 4073 696 4140 scribit,
717 4075 820 4130 hoc
835 4074 1136 4144 postposita
1166 4075 1503 4130 dubitatione
1532 4083 1729 4143 teneat,
1763 4076 1889 4147 quia
1946 4076 2081 4132 sicut

492 4169 680 4218 nostra
709 4161 1072 4228 defendimus,
1104 4162 1174 4217 ita
1205 4163 1436 4237 singulis
1464 4163 1765 4236 quibusque
1818 4164 2080 4220 Ecclesiis

489 4267 584 4309 sua
634 4251 759 4321 jura
815 4245 1142 4308 servamus:
1193 4267 1293 4308 nec
1343 4252 1559 4308 cuilibet
1617 4251 1830 4308 favente
1881 4253 2074 4326 gratia,

489 4340 630 4395 ultra
659 4356 821 4412 quam
849 4347 1094 4396 meretur
1121 4341 1442 4412 impertior;
1475 4357 1577 4397 nec
1623 4341 1717 4395 ulli
1771 4343 1876 4398 hoc
1933 4343 2079 4413 quod

488 4429 572 4484 sui
595 4428 734 4498 juris
764 4436 868 4496 est,
901 4428 1102 4485 ambitu
1130 4429 1438 4485 stimulante
1482 4430 1762 4504 derogabo
1811 4429 1932 4503 [al.,
1983 4431 2080 4486 de-
2107 4433 2160 4494 D

487 4517 642 4590 rogo]
668 4535 682 4584 ;
707 4517 804 4574 sed
835 4515 1034 4573 fratres
1063 4533 1218 4573 meos
1247 4519 1512 4574 honorare
1543 4535 1642 4588 per
1668 4518 1850 4574 omnia
1894 4519 2074 4590 cupio,

487 4605 674 4676 sicque
703 4605 894 4661 studeo
924 4621 1020 4660 eos
1045 4605 1102 4660 in
1133 4607 1370 4661 honores
1400 4607 1626 4661 subvehi
1675 4607 1806 4680 [al.,
1869 4609 2078 4662 honore

489 4693 736 4764 singulos
765 4693 1036 4766 subvehi],
1070 4693 1364 4749 dummodo
1417 4710 1526 4750 non
1587 4695 1674 4762 sit,
1735 4695 1880 4767 quod
1927 4693 2080 4749 alteri

483 4782 608 4851 jure
636 4782 704 4836 ab
729 4782 900 4838 altero
930 4781 1104 4853 possit
1145 4783 1362 4854 apponi.
1392 4803 1414 4832 ι
1446 4782 1515 4836 Et
1543 4782 1612 4836 ad
1642 4783 1886 4838 Natalem
1917 4783 2080 4838 Salo-

491 4868 732 4922 nitanum
763 4870 1076 4941 episcOpum
1112 4889 1124 4924 :
1161 4870 1381 4943 [indict.
1433 4875 1518 4925 lO.
1579 4887 1664 4942 ep.
1723 4870 1834 4943 37.]
1869 4893 1891 4921 κ
1923 4869 2081 4940 Quod

490 4971 624 5013 vero
645 4956 822 5012 dicitis
854 4959 1048 5014 vestris
1079 4959 1410 5031 temporibus
1441 4958 1564 5032 [al.,
1605 4959 1807 5014 nostris
1863 4967 2079 5030 tempo-

491 5043 665 5118 ribus]
696 5045 898 5101 debere
947 5039 1170 5118 servari,
1201 5065 1322 5120 quae
1347 5064 1381 5102 a
1423 5047 1808 5104 decessoribus
1864 5063 2080 5120 quoque

491 5133 611 5207 [al.,
641 5151 673 5188 a
700 5133 838 5189 meis
860 5150 1076 5206 quoque
1092 5136 1330 5209 decess.]
1350 5135 1544 5191 tradita
1567 5144 1620 5191 et
1639 5136 1909 5192 custodita
1929 5143 2082 5192 sunt:

489 5223 629 5278 absit
647 5240 678 5278 a
705 5239 794 5278 me
822 5239 892 5278 ne
921 5229 1118 5278 statuta
1145 5225 1413 5294 majorum
1441 5223 1924 5282 consacerdotibus
1944 5224 2082 5281 meis

493 5307 551 5362 in
578 5311 818 5382 qualibet
847 5311 1081 5368 ecclesia
1107 5311 1398 5385 infringam
1429 5331 1442 5367 :
1475 5314 1601 5386 quia
1643 5313 1774 5368 mihi
1827 5312 2082 5383 injuriam

488 5395 652 5463 jacio,
684 5399 729 5452 si
759 5399 984 5456 fratrum
1013 5417 1262 5456 meorum
1287 5401 1412 5470 jura
1441 5403 1716 5472 perturbo.
1755 5423 1777 5451 ι

478 5557 482 5562 _
565 5491 634 5548 Et
663 5491 710 5548 si
737 5493 892 5564 forte,
924 5498 1072 5569 quod
1099 5497 1254 5566 absit,
1304 5498 1671 5571 cujuscunque
1727 5500 2080 5570 suggestione

2112 3079 2160 3142 C

2187 1805 2379 1864 trasse,
2414 1805 2556 1853 certa
2583 1798 2868 1868 praefixere
2890 1797 3114 1868 judicia,
3149 1815 3272 1854 cum
3302 1799 3525 1854 domino
3553 1799 3682 1854 inde
3693 1800 3773 1868 ju-

2186 1884 2416 1940 dicaturi
2430 1885 2736 1952 adveniant,
2770 1887 2838 1941 de
2863 1887 3035 1956 ipsius
3063 1886 3119 1940 in
3149 1886 3447 1957 episcopali
3475 1903 3603 1942 cum
3621 1903 3767 1943 ma...

2185 1973 2376 2028 ordine
2406 1975 2748 2044 perpetratis,
2781 1989 2844 2030 ac
2872 1975 3252 2045 perpetrandis
3283 1975 3618 2041 excessibus,
3643 1975 3773 2032 sicut

2187 2061 2448 2116 hactenus
2475 2061 2688 2117 actibus
2719 2063 2832 2130 ejus
2862 2063 3207 2118 conhibendo
3254 2078 3361 2118 non
3401 2063 3768 2119 communica-

2185 2149 2399 2216 vimus;
2430 2149 2503 2204 ita
2522 2149 2578 2202 in
2604 2151 2952 2220 postmodum
2983 2150 3129 2204 nulla
3157 2150 3226 2205 de
3256 2166 3320 2206 eo
3347 2151 3555 2220 judicia
3583 2151 3769 2208 decer-

2185 2253 2398 2303 nemus,
2417 2237 2504 2292 vel
2531 2253 2911 2308 quamcunque
2941 2238 3412 2308 proclamationem
3424 2239 3571 2310 apud
3589 2255 3771 2311 quem-

2185 2340 2400 2395 cunque
2431 2323 2708 2380 faciemus.
2741 2325 2899 2381 Vivat
2929 2327 2975 2380 si
3004 2327 3109 2381 sibi
3138 2327 3274 2383 sicut
3303 2327 3432 2392 vult,
3457 2328 3770 2384 consolante

2184 2413 2342 2467 nobis
2385 2428 2448 2468 ac
2485 2413 2800 2469 consulente
2859 2415 3141 2486 Apostolo,
3187 2416 3278 2487 qui
3330 2415 3506 2470 dicit:
3592 2417 3767 2472 Nolite

2184 2503 2604 2558 communicare
2646 2503 2901 2574 operibus
2967 2504 3342 2574 infructuosi:
3385 2503 3760 2570 tenebrarum,

2184 2591 2361 2661 magis
2379 2593 2435 2644 et
2451 2591 2772 2660 redarguite
2793 2592 3014 2663 (Ephes.
3039 2590 3142 2661 v.).
3167 2590 3392 2664 Egimus
3419 2591 3566 2646 enim
3595 2592 3666 2647 de
3683 2591 3769 2647 illo

2182 2693 2284 2748 pro
2313 2677 2533 2732 modulo
2563 2677 2917 2748 nostro.Quia
2943 2678 3076 2734 sicut
3101 2679 3162 2734 B.
3185 2679 3517 2753 Augustinus
3533 2680 3766 2750 exponit,

2190 2788 2211 2815 ει
2245 2766 2456 2821 duobus
2485 2765 2661 2821 modis
2689 2782 2788 2822 nos
2819 2783 2927 2822 non
2955 2767 3192 2823 maculat
3221 2768 3416 2836 malus,
3452 2768 3678 2834 scilicet,
3725 2769 3769 2822 si

2183 2871 2292 2910 non
2323 2854 2726 2910 consentiamus
2755 2857 2871 2924 ejus
2901 2855 3155 2926 operibus
3184 2856 3379 2923 malis;
3409 2864 3464 2912 et
3490 2856 3536 2910 si
3567 2873 3633 2912 ea
3679 2873 3764 2912 re-

2183 2942 2536 3016 darguamus.
2574 2963 2596 2993 ι
2631 2944 2753 2998 Non
2795 2943 3172 2999 consensimus
3231 2945 3450 3016 quidem
3483 2963 3496 2998 :
3557 2945 3666 3000 imo
3718 2953 3768 3000 et

2183 3031 2301 3100 ejus
2329 3045 2498 3101 opera
2525 3031 2900 3102 redarguimus
2923 3049 2939 3098 ;
2971 3040 3022 3086 et
3053 3047 3218 3104 quem
3246 3032 3526 3104 corrigere
3547 3049 3658 3088 non
3675 3048 3763 3104 po-

2181 3119 2397 3185 tuimus,
2423 3118 2721 3186 judicatum
2751 3134 2784 3174 a
2811 3118 2970 3174 nobis
3001 3119 3101 3174 Dei
3153 3120 3430 3177 mediante
3481 3121 3759 3190 sententia,

2178 3205 2510 3261 diﬁlnitionis
2540 3214 2732 3263 vestrae
2753 3207 2961 3276 judicio
2990 3208 3392 3263 reservavimus
3428 3227 3441 3262 :
3473 3217 3526 3264 et
3555 3209 3656 3264 sub
3673 3225 3762 3282 ge—

2181 3301 2387 3349 storum
2417 3294 2580 3361 serie,
2613 3311 2734 3367 qua:
2753 3303 2874 3350 acta
2896 3296 3516 3367 suntpervenerabilem
3557 3297 3764 3368 episco-

2178 3399 2310 3453 pum
2335 3391 2584 3439 nostrum
2614 3383 2923 3449 Actardum,
2958 3383 3050 3454 qui
3093 3384 3447 3455 synodalibus
3489 3384 3761 3440 dit'ﬁnitio-

2178 3471 2339 3527 nibus
2368 3471 2570 3526 nostris
2598 3471 2855 3540 interfuit,
2877 3471 3193 3543 paternitati
3238 3481 3437 3528 vestrae
3482 3473 3760 3545 dirigimus

2179 3557 2374 3631 [Locus
2403 3559 2740 3632 corruptus].
2783 3559 2944 3628 Quod
2976 3567 3029 3615 et
3063 3559 3133 3614 de
3163 3561 3416 3616 Rothado
3443 3560 3756 3626 faceremus,

2179 3647 2227 3701 si
2255 3647 2449 3718 legatis
2478 3646 2678 3702 nostris
2707 3647 2936 3704 facultas
2965 3649 3276 3703 transeundi
3323 3649 3494 3720 Alpes
3547 3650 3602 3704 in
3652 3648 3760 3703 illis

2179 3735 2512 3806 temporibus
2541 3736 2950 3792 concederetur.
2983 3735 3196 3794 Credite
3224 3753 3362 3810 ergo
3391 3735 3519 3793 ﬁdei
3546 3745 3754 3806 nostrae,

2180 3824 2308 3895 quia
2335 3840 2446 3880 non
2475 3823 2693 3880 inimico
2721 3825 2922 3890 animo,
2956 3825 3043 3880 vel
3087 3824 3272 3896 aliqua
3317 3825 3624 3896 cupiditate,
3667 3832 3757 3880 aut

2178 3913 2351 3983 gratia
2379 3912 2662 3984 depravati
2689 3929 2814 3968 eum
2856 3912 3221 3982 judicavimus
3252 3930 3267 3969 :
3315 3914 3415 3969 sed
3453 3913 3573 3986 ipso
3589 3913 3758 3967 multis

2179 4009 2232 4056 et
2259 4000 2530 4070 maximis,
2563 4009 2724 4072 atque
2753 4001 2974 4056 diutinis
3005 4001 3322 4057 excessibus
3369 4017 3471 4058 nos
3525 4000 3755 4072 compel-

2177 4089 2322 4144 lente
2355 4107 2368 4143 :
2402 4105 2465 4146 ac
2494 4105 2591 4160 per
2624 4091 2728 4145 hoc
2754 4089 2981 4159 credite,
3007 4091 3161 4160 juxta
3189 4089 3547 4146 Sardicenses
3599 4104 3754 4146 cano-

2180 4194 2296 4243 nes,
2329 4193 2494 4248 posse
2523 4176 2783 4251 suﬁicere,
2817 4178 2955 4233 sicut
2981 4177 3309 4251 regulariter
3337 4179 3558 4251 negotio
3585 4177 3757 4233 termi-

2177 4282 2309 4320 num
2333 4249 2976 4336 imposuimus,~nostrum
2990 4249 3250 4336 judicium
3272 4249 3454 4322 vestra
3476 4267 3752 4322 roborante

2181 4353 2463 4408 sententia.

2251 4441 2662 4512 (Flodoard.,[l.
2703 4457 2783 4512 ιιι,
2826 4459 2874 4498 c.
2915 4443 3030 4512 21.)
3097 4441 3485 4498 Venerabilem
3544 4441 3761 4513 denique

2178 4529 2416 4600 fratrem,
2449 4538 2501 4586 et
2529 4530 2913 4602 coepiscOpum
2954 4539 3200 4586 nostrum
3243 4531 3555 4600 Actardum,
3605 4544 3752 4602 quem

2178 4618 2354 4673 clerus
2383 4626 2436 4674 et
2463 4618 2622 4689 plebs
2651 4618 2968 4690 metropolis
3008 4619 3270 4676 Ecclesia
3317 4619 3662 4685 Turonensis,
3698 4617 3748 4671 in

2179 4707 2372 4762 eadem
2402 4707 2636 4763 ecclesia
2661 4707 3010 4777 baptizatum,
3044 4715 3280 4776 tonsum,
3315 4715 3370 4762 et
3397 4707 3666 4772 nutritum,
3687 4719 3744 4760 ac

2177 4811 2276 4866 per
2304 4795 2550 4866 singulos
2577 4795 2781 4868 gradus
2812 4795 2882 4850 ad
2908 4795 3159 4852 ordinem
3187 4795 3536 4867 episcopatus
3563 4809 3746 4866 prove-

2179 4892 2344 4949 ctum,
2395 4883 2497 4938 sibi
2543 4883 2878 4940 incardinari
2921 4883 3212 4956 deposcit:
3260 4901 3534 4957 quemque
3583 4889 3746 4940 vestra

2178 4972 2478 5044 paternitas
2505 4972 2664 5028 nobis
2691 4973 3164 5036 incardinandum,
3197 4971 3361 5028 etiam
3392 4974 3438 5028 si
3467 4973 3615 5030 locus
3641 4984 3744 5026 eve-

2178 5059 2316 5116 niret
2343 5061 2400 5115 in
2429 5060 2629 5116 nostris
2657 5061 2972 5134 regionibus
2999 5061 3056 5115 in
3085 5061 3370 5132 metropoli
3425 5072 3742 5117 recommen-

2180 5149 2348 5216 davit,
2371 5149 2676 5205 auctoritati
2707 5156 2900 5206 vestrae
2927 5149 3270 5204 remittimus.
3307 5149 3586 5217 Quatenus
3613 5145 3743 5201 illum

2163 5236 2232 5314 in
2263 5237 2481 5308 praefata
2508 5237 2813 5309 metropoli,
2872 5253 2956 5304 eo,
3015 5237 3063 5292 si
3117 5237 3273 5292 vobis
3328 5237 3524 5308 placet,
3579 5244 3744 5290 tenore

2177 5325 2646 5396 archiepiscopum
2675 5325 3044 5392 incardinetis,
3076 5333 3134 5380 ut
3160 5333 3281 5397 post
3311 5326 3594 5382 decessum
3617 5321 3741 5377 illius

2151 5412 2417 5483 praefata
2445 5413 2730 5484 metrOpoli
2759 5413 3006 5471 ecclesia:
3035 5414 3168 5470 cleri
3199 5429 3265 5469 ac
3285 5413 3459 5484 plebis
3477 5410 3738 5472 electione.

2182 5501 2316 5558 sicut
2343 5503 2552 5576 regula;
2578 5518 2746 5558 sacrae
2775 5503 3114 5576 praecipiunt,
3151 5510 3202 5558 et
3233 5509 3388 5560 vetus
3429 5495 3740 5558 conSuetudo
