4056 6178
463 205 584 260 643-

1501 205 1841 262 HINCMARI
1897 203 2298 262 RHEMENSIS
2351 207 2904 266 ARCHIEPISCOPI.

3673 210 3778 263 644

473 327 774 398 subripere,
830 335 900 394 et,
933 323 1008 384 'ut
1056 327 1229 384 dicam
1269 327 1526 400 apertius,
1575 346 1764 400 rapere
1797 347 1810 384 :
1843 328 2345 400 indequeApotuit
2378 348 2392 386 :
2425 331 2522 386 sed
2569 339 2626 386 ut
2670 333 2833 386 homo
2877 331 3127 386 nesciens
3172 330 3317 402 quod
3365 329 3606 384 futurum
3637 339 3776 396 erat,

469 416 596 471 illos
640 415 708 470 de
753 415 894 483 loco,
944 417 1000 470 in
1045 431 1152 488 quo
1201 417 1382 472 nutriti
1429 417 1664 484 fuerant,
1697 418 2074 484 exterminare,

477 513 530 560 et
557 503 694 559 alios
727 521 912 574 pravae
940 505 1208 576 opinionis
1238 522 1306 560 ex
1336 506 1570 562 diversis
1601 507 1898 577 provinciis
1931 505 2077 561 reci—

471 609 622 664 pere.
658 592 812 648 Unde
863 591 1042 648 aﬂ‘licti
1089 601 1200 648 tam
1253 594 1460 664 clerici,
1508 611 1670 666 quam
1715 594 1841 650 laici
1873 595 1940 649 de
1977 593 2078 648 sibi

469 681 758 736 commissa
806 680 1057 748 ecclesia,
1107 691 1383 753 cmperunt
1437 699 1495 738 se
1537 683 1841 739 reclamare
1873 683 1942 738 ad
1974 683 2078 737 do-

471 783 658 822 mnum
689 784 896 841 regem,
927 777 981 824 et
1008 771 1078 824 ad
1110 785 1291 825 meam
1323 771 1676 843 exiguitatem
1710 789 1722 825 :
1757 787 1857 842 pro
1883 771 2078 842 quibus

470 857 598 910 satis
643 873 912 928 superque
958 857 1243 920 laboravi;
1277 859 1374 913 sed
1424 867 1512 912 aut
1559 875 1776 930 parum,
1825 867 1916 913 aut
1943 857 2074 912 nihil

473 943 695 1015 profeci.
769 945 948 1000 Isdem
1019 953 1196 1001 autem
1252 963 1350 1016 pro
1406 946 1788 1002 reclamatione
1861 961 2080 1002 suorum

474 1032 754 1087 hominum
811 1041 1002 1088 contra
1059 1035 1320 1089 domuum
1377 1051 1568 1106 regem
1625 1042 1948 1100 commotus,
2010 1035 2078 1088 de

478 1120 641 1176 rebus
671 1135 703 1174 a
731 1120 1066 1175 Nortmanno
1095 1121 1317 1190 invasis,
1351 1137 1488 1192 quas
1517 1122 1633 1193 ipse
1663 1123 1778 1195 regi
1811 1123 1926 1177 sine
1955 1137 2078 1177 meo

477 1223 540 1264 ac
595 1207 1038 1279 coepiscoporum
1084 1225 1332 1264 meorum
1381 1224 1653 1265 consensu
1710 1218 2076 1284 concesserat,

475 1303 532 1351 ut
561 1312 656 1352 eas
685 1298 1020 1352 Nortmanno
1069 1295 1436 1366 beneﬁciaret,
1485 1298 1622 1353 sicut
1653 1305 1704 1352 et
1734 1298 1851 1368 ipse
1881 1298 1937 1352 in
1968 1297 2080 1352 suis

471 1385 684 1454 scriptis
736 1383 934 1440 fatetur
967 1401 980 1436 :
1013 1384 1159 1438 misit
1213 1385 1363 1439 illum
1409 1386 1552 1456 apud
1617 1393 1854 1441 vestram
1885 1393 2080 1442 auclo-

475 1472 712 1540 ritatem,
767 1487 856 1526 me
902 1471 1096 1537 inscio,
1143 1471 1261 1527 sine
1303 1473 1412 1527 ulla
1441 1474 1764 1529 necessitate
1797 1489 2076 1540 accusare,

474 1576 578 1630 per
626 1559 857 1613 missum
911 1575 1068 1614 suum
1115 1561 1425 1616 Celsanum.
1475 1563 1542 1616 Et
1595 1561 1870 1617 mandavit
1927 1563 2078 1630 mihi,

473 1647 618 1717 quod
669 1647 903 1701 domnus
952 1663 1046 1702 rex
1095 1663 1239 1714 eum,
1274 1657 1328 1704 et
1357 1665 1524 1706 omne.
1570 1651 1908 1721 episcopium
1937 1651 2152 1735 Lau—B

473 1734 733 1788 dunensis
783 1735 1060 1804 Ecclesia,
1112 1737 1352 1808 exceptis
1409 1738 1699 1809 principali
1747 1739 1993 1802 ecclesia,
2029 1748 2082 1793 et

473 1822 735 1893 episcopii
778 1823 960 1892 domo,
1012 1832 1066 1879 et
1115 1825 1352 1880 claustro
1403 1825 1652 1890 fratrum,
1704 1827 2082 1897 proscripserit

468 1917 520 1965 et
549 1908 946 1976 conﬁscaverit,
991 1911 1120 1984 quia
1171 1913 1288 1983 ipse
1341 1914 1606 1969 szeculare
1631 1915 1896 1982 judicium
1928 1915 2080 1969 adire

469 1997 717 2053 noluerit.
751 1999 870 2071 Ego
902 2007 1083 2055 autem
1121 2000 1199 2054 illi
1225 2008 1280 2054 ut
1313 2001 1570 2072 episcOpo
1599 2002 1851 2068 credens,
1888 2002 2083 2073 scripsi

471 2085 597 2140 inde
629 2085 829 2142 domno
875 2087 994 2158 regi
1033 2087 1211 2158 plura,
1246 2097 1298 2143 et
1326 2091 1505 2144 minus
1554 2097 1732 2155 caute,
1782 2089 2080 2160 reprehen-

470 2174 605 2228 dens
659 2174 810 2228 illum
865 2175 934 2230 de
981 2175 1182 2244 injusto
1232 2177 1454 2245 judicio.
1505 2177 1574 2232 Et
1621 2178 1749 2249 quia
1779 2194 1888 2233 non
1917 2179 1992 2232 ita
2021 2193 2082 2234 se

471 2279 559 2317 res
607 2262 860 2328 habebat,
896 2263 1035 2319 sicut
1065 2265 1212 2319 idem
1263 2265 1588 2320 Hincmarus
1617 2265 1752 2320 mihi
1777 2266 2079 2322 mandave-

471 2357 578 2418 rat,
620 2357 673 2406 et
718 2357 912 2421 postea
957 2351 1077 2422 ipse
1124 2352 1380 2408 dixerat:
1414 2361 1692 2424 assumpto
1741 2369 1806 2408 eo
1845 2369 2078 2424 mecum,

470 2437 598 2493 veni
637 2438 706 2493 ad
754 2439 1012 2494 domnum
1063 2455 1273 2512 regem,
1321 2448 1374 2496 et
1421 2457 1530 2496 una
1587 2458 1709 2496 cum
1741 2441 2082 2513 coepiscopis

471 2525 688 2596 nostris,
741 2527 881 2584 sicut
929 2535 1107 2594 antea,
1145 2535 1196 2583 et
1225 2537 1418 2600 postea
1449 2530 1648 2601 sapius
1679 2531 1788 2601 egi,
1821 2531 2082 2586 domuum

474 2631 663 2687 regem
721 2615 772 2670 ei
826 2615 1152 2686 placabilem
1199 2615 1324 2673 feci.
1375 2619 1574 2674 Postea
1618 2635 1748 2675 vero
1794 2619 1911 2674 sine
1957 2635 2084 2675 mea

479 2703 831 2770 conscientia,
881 2704 968 2760 vel
1010 2720 1302 2773 consensu,
1333 2706 1482 2762 misit
1511 2707 1711 2762 iterum
1743 2705 1812 2762 ad
1841 2715 2082 2763 vestram

479 2792 876 2858 auctoritatem,
909 2809 1019 2848 non
1066 2793 1242 2849 solum
1282 2811 1492 2868 regem,
1527 2795 1625 2851 sed
1655 2802 1710 2850 et
1736 2813 1824 2851 me
1853 2811 2082 2852 accusa-

479 2895 560 2944 re,
593 2879 732 2934 sicut
761 2880 818 2933 in
845 2881 1148 2935 sanctitatis
1177 2891 1370 2937 vestrae
1397 2883 1592 2938 litteris
1629 2883 1829 2938 inveni.
1863 2884 1923 2938 In
1956 2883 2082 2954 qui-

479 2965 584 3020 bus
641 2965 784 3020 inter
840 2975 1036 3022 caetera
1083 2967 1387 3023 continetur
1431 2987 1446 3024 :
1495 2993 1516 3018 ιι
1553 2969 1734 3038 Quare
1783 2971 2081 3026 ministerio

475 3051 614 3122 juris
646 3051 970 3124 episcopalis
1001 3055 1054 3110 in
1085 3055 1403 3128 regionibus
1441 3057 1559 3112 istis
1589 3058 1797 3124 abutar,
1833 3067 1885 3114 et
1913 3059 2085 3115 Hinc-

479 3156 669 3196 marus
713 3157 906 3213 nepos,
941 3151 994 3200 et
1023 3143 1334 3216 aequivocus
1381 3161 1554 3212 meus,
1589 3147 1916 3202 venerabilis
1945 3148 2087 3202 dun-

475 3237 626 3284 taxat
673 3229 983 3302 episcopus,
1036 3231 1174 3288 sicut
1219 3233 1468 3300 audistis,
1503 3250 1615 3290 non
1653 3233 1878 3290 minima
1905 3235 1960 3289 in
1991 3250 2088 3291 ec-

479 3316 645 3374 clesia
702 3333 805 3374 sua
858 3319 1087 3376 sustinet
1142 3320 1515 3378 detrimenta:
1551 3322 1596 3378 si
1645 3339 1731 3378 me
1779 3331 2088 3394 tepescente

481 3406 686 3462 nullam
731 3407 904 3478 potuit
951 3409 1378 3466 consolationem
1427 3411 1690 3466 invenire.
1731 3431 1753 3461 ›
1791 3412 1944 3466 Unde
1967 3412 2088 3480 jure

481 3503 680 3551 vestra
710 3495 1020 3552 auctoritati
1049 3499 1306 3569 rescripsi
1337 3499 1475 3570 (non
1509 3503 1702 3556 exstat
1734 3499 1850 3556 haec
1872 3501 2086 3573 epist),

483 3584 630 3654 quod
659 3599 770 3639 non
801 3593 884 3640 est
911 3585 1076 3642 modo
1105 3603 1333 3642 necesse
1361 3595 1627 3659 repetere.

555 3697 664 3754 Sed
689 3698 808 3770 ipse
829 3700 1152 3756 Hincmarus
1183 3702 1329 3756 unde
1361 3703 1568 3758 cautior
1597 3711 1650 3758 et
1678 3703 1934 3758 humilior
1966 3718 2089 3758 esse

485 3786 768 3855 debuerat,
819 3788 1028 3844 scilicet
1075 3789 1143 3844 de
1189 3805 1315 3845 mea
1360 3790 1773 3859 intercessione,
1822 3799 1874 3845 et
1903 3790 2090 3846 domni

485 3876 636 3948 regis
669 3875 1025 3946 benignitate,
1061 3876 1186 3931 inde
1215 3877 1387 3932 elatus
1415 3879 1469 3932 in
1500 3879 1826 3949 superbiam,
1859 3886 1913 3933 et
1940 3894 2088 3933 ama-

483 3979 579 4016 rus
609 3963 791 4018 animo
827 3961 1071 4028 effectus,
1105 3979 1216 4019 non
1263 3965 1438 4019 solum
1469 3982 1528 4020 se
1558 3982 1666 4021 non
1707 3966 1957 4032 correxit,
1990 3967 2087 4022 sed

487 4049 648 4103 malis
697 4049 887 4120 pejora
933 4065 1148 4120 semper
1197 4051 1412 4120 adjecit.
1464 4053 1535 4108 Et
1582 4053 1708 4124 quia
1751 4053 1863 4108 suis
1911 4054 2089 4124 pravis

485 4136 697 4192 actibus
743 4144 796 4192 et
843 4137 1289 4208 improbabilibus
1335 4141 1580 4195 moribus
1629 4141 1935 4196 consentire
1980 4157 2092 4196 non

485 4222 651 4294 volui,
686 4231 738 4279 et
771 4223 986 4282 incaute
1015 4225 1130 4280 suis
1151 4228 1452 4284 mendaciis
1481 4228 1646 4284 fidem
1675 4229 2090 4285 accommodare

487 4312 654 4368 vitavi
679 4331 693 4380 ;
727 4313 836 4368 imo
857 4321 908 4368 et
940 4313 1092 4369 illum
1122 4316 1456 4388 redarguere
1486 4317 1626 4389 ccepi
1660 4335 1674 4372 :
1707 4317 1870 4373 etiam
1900 4327 2092 4374 contra

486 4416 576 4456 me
623 4401 1094 4459 irremediabiliter
1142 4421 1200 4460 se
1250 4405 1579 4472 commovit;
1611 4414 1664 4462 et
1709 4407 1864 4478 plura
1896 4415 1948 4462 et
1977 4423 2092 4462 ma-

481 4487 606 4558 jora
654 4491 918 4546 scandala
966 4499 1018 4547 et
1049 4493 1187 4564 regi,
1223 4501 1275 4549 et
1299 4510 1492 4568 regno,
1529 4503 1578 4550 et
1607 4495 1760 4566 mihi,
1812 4512 1876 4552 ac
1903 4495 2093 4567 coepi-

488 4577 671 4649 sc0pis
713 4579 938 4648 nostris,
989 4587 1042 4635 et
1091 4580 1342 4638 ecclesiae
1387 4599 1501 4640 suae
1547 4591 1652 4639 tam
1681 4583 1898 4641 clericis
1931 4599 2094 4656 quam

486 4664 642 4722 laicis
672 4683 892 4739 semper
920 4669 1302 4725 accumulavit.

561 4780 633 4834 Et
658 4781 854 4838 horum
887 4782 1294 4850 scandalorum,
1325 4783 1454 4840 licet
1482 4799 1592 4840 non
1619 4785 1823 4856 apertis
1847 4786 2089 4852 vocibus,

493 4867 844 4926 scandalizati
891 4871 960 4926 ab
1015 4887 1099 4941 eo,
1149 4879 1210 4928 ut
1253 4871 1456 4940 audivi,
1503 4889 1592 4929 me
1642 4881 1922 4929 auctorem
1972 4891 2094 4930 esse

493 4953 750 5010 dicebant
790 4975 804 5012 :
847 4959 1102 5030 quoniam
1159 4977 1284 5016 eum
1339 4959 1546 5018 scilicet
1601 4970 1854 5034 nepotem
1911 4979 2094 5019 meum

493 5052 812 5124 episcopum
843 5055 1244 5114 ordinaveram.
1277 5057 1398 5114 Non
1439 5060 1800 5130 attendentes,
1833 5060 1956 5132 quia
1985 5075 2094 5116 non

491 5157 551 5205 ut
590 5151 788 5207 Judam
833 5151 1062 5210 electum
1107 5157 1365 5226 praesenti
1413 5157 1622 5226 justitia
1663 5157 1988 5228 apostolum,
2043 5165 2097 5213 et

495 5247 624 5304 Saul
667 5264 854 5322 regem
913 5257 1102 5320 postea
1159 5253 1530 5322 reprobatum,
1579 5253 1650 5308 de
1690 5269 1797 5324 quo
1831 5254 2095 5324 scriptum

496 5352 578 5398 est
601 5361 614 5400 :
641 5349 778 5402 Erat
797 5351 884 5405 vir
898 5351 1112 5406 electus
1133 5353 1190 5406 et
1209 5351 1401 5418 bonus,
1423 5355 1478 5406 et
1493 5367 1610 5408 non
1631 5355 1756 5406 erat
1773 5352 1858 5408 vir
1873 5352 1938 5407 de
1956 5353 2094 5421 ﬁliis

497 5440 674 5498 Israel
693 5445 896 5501 melior
919 5445 1020 5504 illo
1049 5447 1102 5517 (1
1116 5449 1241 5520 Reg.
1263 5449 1366 5520 ιχ).
1399 5449 1547 5504 Deus
1575 5447 1758 5504 omnia
1791 5448 1970 5504 sciens
2000 5465 2094 5504 or-

498 5537 723 5608 dinavit,
755 5547 808 5596 et
853 5540 986 5598 nihil
1030 5543 1205 5616 culpa
1241 5545 1524 5613 contraxit,
1556 5545 1686 5618 quia
1725 5559 1956 5618 peccare
1985 5559 2098 5600 non

2175 417 2336 471 istum
2364 435 2466 488 per
2519 419 2988 488 improvidentiam
3016 417 3278 487 ordinavi,
3311 425 3363 472 et
3395 417 3562 473 divini
3589 417 3782 487 judicii

2176 521 2285 559 non
2315 505 2496 575 injusti
2543 507 2790 562 minister
2835 507 3012 561 exstiti
3048 525 3062 560 :
3095 507 3236 577 quia,
3271 507 3408 561 sicut
3441 506 3628 575 timeo,
3662 505 3782 560 aliis

2175 593 2414 664 peccatis
2443 595 2578 649 meis
2607 595 2712 650 hoc
2745 611 2864 650 esse
2895 595 3187 664 promerui.
3221 593 3540 665 Quanquam
3573 601 3628 648 et
3663 609 3786 647 san-

2177 681 2248 736 cti
2289 681 2521 752 apostoli
2567 697 2692 738 cum
2735 683 2793 736 B.
2845 683 3137 752 Stephano,
3187 689 3240 736 et
3268 682 3386 736 aliis
3433 682 3780 749 diaconibus,

2175 769 2460 824 Nicolaum
2506 771 2898 836 ordinaverint,
2951 787 3053 826 nec
3094 779 3274 824 tamen
3321 770 3477 825 dictis
3529 777 3582 824 et
3627 769 3784 824 factis

2177 857 2320 911 illius
2351 857 2801 928 improbabilibus
2827 867 3018 928 postea
3045 857 3364 922 manifestis,
3387 874 3489 928 per
3521 873 3784 911 manuum

2180 961 2402 1000 suarum
2453 946 2850 1016 impositionem
2899 947 3428 1002 communicaverunt
3475 947 3628 1017 (Act.
3685 947 3782 1012 γι).

2181 1033 2330 1088 Sicut
2366 1049 2468 1089 nec
2517 1033 2735 1089 Samuel
2779 1034 2992 1104 culpam
3038 1035 3302 1088 contraxit
3343 1033 3396 1087 in
3437 1033 3787 1088 ordinatione

2182 1121 2310 1176 Saul
2359 1139 2374 1175 :
2423 1137 2586 1192 quem
2624 1122 2810 1176 divina
2847 1122 3090 1190 jussione
3121 1137 3153 1176 a
3183 1138 3241 1176 se
3291 1121 3626 1187 ordinatum,
3681 1129 3788 1176 eta

2179 1209 2412 1264 Domino
2467 1217 2656 1280 postea
2709 1209 2976 1278 abjectum
3034 1209 3333 1264 diutissime
3389 1209 3556 1276 ﬂevit,
3618 1209 3788 1263 veluti

2181 1313 2340 1352 sacra
2369 1305 2553 1352 narrat
2581 1297 2804 1351 historia
2834 1299 2886 1366 (Ι
2909 1301 3034 1368 Reg.
3066 1297 3187 1366 xv).
3223 1297 3363 1365 Quia
3412 1305 3598 1351 autem
3629 1297 3788 1352 dice-

2181 1381 2310 1435 bant
2340 1381 2484 1452 quod
2528 1389 2784 1452 nepotem
2829 1397 3010 1436 meum
3039 1382 3352 1452 epise0pum
3383 1381 3786 1446 ordinaverim,

2181 1485 2288 1523 non
2329 1470 2681 1524 attendebant
2729 1469 2855 1540 quia
2903 1476 2954 1524 et
3003 1468 3095 1524 alii
3137 1486 3237 1539 per
3266 1485 3352 1524 me
3383 1477 3510 1522 sunt
3541 1469 3792 1539 episc0pi

2181 1557 2432 1623 ordinati,
2467 1557 2556 1627 qui
2589 1573 2696 1612 non
2724 1565 2848 1610 sunt
2877 1557 3006 1610 mihi
3037 1573 3202 1611 carne
3231 1557 3556 1628 propinqui:
3583 1565 3636 1611 et
3669 1557 3792 1628 quia

2181 1659 2292 1698 non
2321 1644 2543 1714 impedit
2573 1645 2640 1698 ad
2690 1660 3016 1716 quemquam
3047 1645 3409 1698 ordinandum
3438 1645 3627 1699 carnis
3657 1659 3790 1714 pro-

2181 1731 2469 1802 pinquitas,
2531 1732 2576 1786 si
2633 1732 2967 1786 ordinandus
3025 1731 3185 1786 fuerit
3228 1732 3452 1797 electus,
3501 1739 3556 1786 et
3585 1732 3794 1802 petitus

2181 1819 2484 1874 secundum
2515 1819 2919 1874 ecclesiasticas
2947 1819 3186 1892 regulas.
3243 1821 3383 1874 Nam
3407 1829 3458 1874 et
3489 1819 3792 1874 Dominum

2181 1923 2214 1962 a
2244 1923 2368 1978 quo,
2401 1915 2454 1962 et
2481 1923 2581 1978 per
2629 1923 2790 1978 quem
2839 1907 3002 1977 cmpit
3051 1907 3411 1978 episcOpatus,
3465 1923 3638 1963 carne
3689 1907 3794 1961 sibi

2181 1996 2520 2066 propinquos
2550 1995 2786 2067 legimus
2815 1995 3098 2050 ordinasse
3129 1997 3434 2066 episcopos.

2255 2084 2363 2140 Sed
2406 2083 2532 2138 licet
2574 2083 2629 2137 in
2660 2085 2764 2139 isto
2801 2093 3000 2154 nepote
3029 2100 3152 2139 meo
3179 2084 3390 2156 egerim
3419 2083 3568 2138 unde
3597 2098 3792 2156 gemo,

2183 2172 2308 2244 quia
2355 2172 2542 2228 nescio
2589 2172 2823 2242 qualiter
2869 2173 2938 2226 de
2969 2173 3093 2238 hoc,
3127 2180 3180 2227 et
3209 2173 3278 2227 de
3308 2172 3428 2227 aliis
3457 2172 3600 2226 meis
3631 2172 3796 2228 factis

2185 2262 2452 2316 terribilis
2495 2261 2557 2314 in
2601 2261 2856 2316 consiliis
2895 2277 3062 2332 super
3093 2260 3240 2329 ﬁlios
3277 2262 3572 2316 hominum
3609 2261 3792 2330 (Psal.

2183 2349 2316 2418 va)
2345 2349 2401 2402 in
2429 2347 2641 2404 occulto
2671 2363 2770 2402 suo
2786 2347 3016 2416 judicio,
3045 2349 3141 2419 qui
3156 2349 3346 2420 posuit
3377 2349 3640 2404 tenebras
3667 2351 3800 2403 lati-

2184 2437 2380 2492 bulum
2401 2453 2568 2492 suum
2587 2436 2760 2504 (Psal.
2789 2437 2934 2506 xvn)
2957 2436 3242 2506 disponet:
3270 2436 3383 2492 scio
3405 2444 3594 2492 tamen
3615 2435 3798 2490 omni-

2181 2532 2456 2594 potentem
2478 2524 2817 2589 advocatum,
2840 2531 2893 2578 et
2913 2523 3318 2579 misericordem
3335 2525 3600 2594 judicem,
3627 2547 3650 2574 ε
3669 2533 3798 2579 ante

2185 2627 2344 2683 quem
2376 2619 2456 2667 est
2487 2627 2646 2666 omne
2676 2612 3006 2667 desiderium
3043 2627 3222 2666 meum
3277 2621 3330 2666 et
3363 2613 3602 2684 gemitus
3633 2629 3798 2668 meus

2183 2715 2293 2754 non
2340 2708 2423 2754 est
2469 2699 2821 2756 absconditus
2867 2701 3043 2768 (Psal.
3093 2699 3341 2770 xxxvn).
3389 2721 3410 2749 ι
3459 2701 3801 2756 Consolatur

2185 2787 2329 2841 enim
2361 2803 2469 2852 me,
2505 2787 2633 2858 quia
2671 2785 2856 2856 recepi
2883 2803 2984 2858 pro
3013 2787 3105 2842 illo
3135 2795 3186 2842 et
3215 2803 3311 2857 per
3339 2787 3490 2841 illum
3518 2787 3794 2858 duplicia.

2185 2873 2452 2943 Quoniam
2485 2874 2624 2930 sicut
2654 2883 2873 2930 sanctus
2903 2875 3033 2930 dicit
3062 2875 3365 2948 Gregorius
3389 2893 3402 2928 :
3430 2897 3452 2924 ι
3481 2875 3639 2943 Quos
3671 2875 3801 2946 plus

2186 2963 2396 3018 caeteris
2425 2962 2722 3033 diligimus,
2759 2978 2880 3018 cum
2912 2963 2980 3017 ab
3011 2963 3089 3018 eis
3118 2963 3353 3018 adversa
3380 2963 3643 3034 patimur,
3683 2981 3804 3018 ma-

2181 3043 2358 3120 jorem
2407 3049 2652 3106 dolorem
2682 3051 2828 3105 mala
2875 3051 3033 3106 nobis
3061 3051 3335 3124 ingerunt,
3371 3067 3532 3123 quam
3567 3068 3695 3124 quae
3731 3052 3804 3107 ab

2187 3137 2426 3194 externis
2471 3138 2821 3193 inferuntur:
2857 3147 2910 3194 et
2936 3139 3058 3210 plus
3104 3140 3158 3193 in
3203 3139 3359 3194 nobis
3401 3157 3467 3194 ea
3513 3147 3803 3196 tormenta

2187 3226 2412 3282 saeviunt
2437 3243 2560 3298 quae
2587 3227 2654 3280 ab
2685 3227 2790 3281 illis
2837 3227 3090 3298 patimur,
3144 3227 3213 3282 de
3257 3243 3484 3299 quorum
3511 3229 3806 3284 mentibus

2185 3315 2648 3386 praesumebamus
2672 3333 2686 3382 ;
2721 3315 2846 3386 quia
2879 3331 3004 3370 cum
3029 3316 3228 3370 damno
3250 3315 3495 3386 corporis
3517 3317 3668 3371 mala
3693 3332 3802 3372 nos

2187 3403 2427 3459 cruciant
2471 3403 2686 3458 amissae
2733 3403 3030 3458 charitatis.
3077 3405 3216 3458 Hinc
3244 3413 3324 3458 est
3365 3404 3509 3458 enim
3543 3405 3697 3475 quod
3729 3405 3802 3460 de

2186 3491 2322 3546 Juda
2349 3491 2606 3546 traditore
2651 3507 2749 3546 suo
2793 3507 2893 3563 per
2937 3492 3274 3562 psalmistam
3316 3491 3582 3546 Dominus
3613 3493 3802 3547 dicit:

2188 3581 2258 3634 Et
2272 3581 2494 3651 quidem
2518 3582 2566 3636 si
2583 3582 2852 3636 inimicus
2871 3597 3031 3636 meus
3053 3581 3446 3635 maledixisset
3465 3581 3632 3646 mihi,
3659 3599 3806 3636 sus-

2189 3670 2488 3724 tinuissem
2523 3668 2745 3740 utique;
2770 3672 2824 3724 et
2845 3669 2895 3724 si
2927 3671 2977 3723 is
3007 3669 3101 3740 qui
3138 3669 3332 3724 oderat
3363 3685 3470 3734 me,
3513 3685 3689 3740 super
3707 3686 3806 3725 me

2187 3773 2396 3828 magna
2421 3757 2640 3812 locutus
2657 3757 2880 3827 fuisset,
2906 3757 3313 3812 abscondissem
3335 3773 3420 3812 me
3451 3757 3708 3827 forsitan
3733 3759 3805 3812 ab

2188 3860 2270 3900 eo.
2297 3845 2372 3899 Tu
2389 3861 2518 3900 vero
2557 3845 2715 3900 homo
2738 3847 3049 3914 unanimis,
3070 3845 3190 3899 dux
3223 3861 3401 3910 meus,
3425 3845 3520 3916 qui
3539 3849 3598 3899 et
3617 3849 3804 3902 notus

2187 3947 2366 3997 meus,
2390 3933 2566 3987 simul
2585 3949 2808 3988 mecum
2845 3932 3037 3988 dulces
3063 3933 3317 4002 cupiebas
3333 3933 3477 3989 cibos
3499 3951 3518 3988 :
3535 3934 3596 3987 in
3629 3931 3806 3990 domo

2187 4021 2418 4076 Domini
2451 4021 2866 4076 ambulavi-mus
2903 4037 3030 4076 cum
3052 4037 3330 4076 consensu
3354 4021 3527 4090 (Psal.
3549 4021 3694 4090 LIV),
3733 4023 3808 4078 Et

2188 4109 2632 4164 rursum:Homo
2673 4109 2828 4180 pacis
2867 4125 3006 4164 mete
3043 4109 3105 4163 in
3136 4123 3238 4180 quo
3277 4109 3586 4180 sperabam,
3619 4114 3680 4164 et
3701 4113 3810 4182 qui

2189 4195 2384 4250 edebat
2396 4213 2573 4268 panes
2607 4213 2776 4262 meos,
2801 4197 3189 4268 magniﬁcavit
3207 4197 3504 4252 adversum
3537 4213 3628 4252 me
3647 4215 3808 4270 sup-

2190 4285 2606 4356 plantationem
2656 4285 2828 4353 (Psal.
2869 4285 2985 4355 χι).
3033 4305 3056 4333 ν
3092 4287 3170 4340 Ac
3203 4285 3248 4338 si
3281 4285 3350 4340 de
3387 4284 3646 4340 traditore
3695 4301 3808 4342 suo

2119 4367 2172 4429 D
2191 4372 2392 4443 apertis
2413 4373 2636 4427 vocibus
2653 4371 2798 4427 dicat
2819 4390 2830 4426 :
2852 4371 3340 4444 transgressionem
3359 4373 3474 4441 ejus
3495 4381 3642 4427 tanto
3663 4389 3810 4445 gra-

2191 4461 2310 4516 vius
2337 4459 2552 4531 pertuli,
2587 4467 2789 4532 quanto
2815 4459 2954 4516 hanc
2984 4461 3053 4515 ab
3083 4476 3148 4516 eo
3178 4459 3271 4532 qui
3299 4477 3456 4516 meus
3483 4475 3607 4515 esse
3635 4461 3810 4518 vide-

2193 4549 2368 4616 batur,
2403 4549 2570 4604 sensi.

2263 4655 2364 4710 Cui
2391 4655 2562 4711 multa
2590 4663 2642 4710 et
2659 4655 3025 4727 multipliciter
3042 4663 3099 4710 ut
3123 4671 3181 4711 se
3207 4656 3524 4727 corrigeret,
3554 4655 3766 4726 scripsi
3795 4674 3812 4712 :

2194 4761 2315 4815 quae
2345 4745 2390 4799 si
2419 4745 2472 4798 in
2503 4761 2668 4800 unum
2698 4759 2898 4814 corpus
2919 4743 3116 4798 fuerint
3144 4753 3498 4816 congregata,
3520 4760 3630 4798 non
3661 4753 3810 4814 puto

2191 4833 2416 4888 minoris
2463 4831 2576 4887 fore
2620 4832 2932 4899 voluminis,
2987 4847 3147 4903 quam
3195 4831 3434 4902 quinque
3491 4841 3614 4886 sunt
3671 4832 3812 4887 libri

2193 4921 2387 4992 Moysi.
2427 4923 2494 4974 Et
2541 4920 2664 4976 ideo
2693 4921 2760 4976 ad
2808 4920 3156 4976 scribendum
3187 4919 3265 4974 illi
3293 4937 3382 4975 me
3411 4919 3635 4986 contuli,
3671 4921 3812 4992 quia

2195 5008 2424 5064 sufferre
2453 5025 2564 5064 non
2611 5017 2843 5080 poterat,
2879 5025 2998 5080 quae
3027 5009 3104 5062 illi
3133 5025 3164 5062 a
3191 5025 3277 5062 me
3307 5008 3649 5064 dicebantur.
3687 5009 3814 5064 Sed

2193 5113 2296 5154 nec
2325 5097 2392 5152 de
2423 5097 2532 5152 ullo
2581 5097 2798 5152 homine
2833 5097 3103 5168 patienter
3141 5097 3344 5168 aliquid
3371 5105 3552 5168 potest
3579 5096 3808 5162 audire,

2193 5193 2250 5242 ut
2271 5202 2488 5257 semper
2507 5201 2615 5240 non
2643 5186 2761 5256 ipse
2791 5185 3041 5256 loquatur
3065 5185 3204 5250 ;nisi
3223 5200 3288 5240 ea
3307 5185 3384 5238 illi
3415 5185 3538 5257 quis
3567 5185 3814 5256 dixerit,

2195 5292 2317 5346 qua:
2345 5275 2400 5328 in
2432 5289 2530 5329 suo
2559 5275 2721 5330 corde
2749 5282 3056 5330 versantur.
3090 5275 3286 5328 Contra
3314 5291 3436 5344 quae
3467 5274 3628 5328 etiam
3657 5275 3816 5328 scri-

2193 5371 2284 5434 pta
2313 5363 2429 5434 ipse
2472 5363 2636 5418 multa
2677 5361 3065 5432 multipliciter,
3099 5369 3152 5416 et
3181 5361 3616 5417 irrationabiliter
3663 5362 3816 5416 mihi

2193 5450 2474 5522 rescripsit
2507 5469 2520 5506 ε
2555 5449 2748 5506 nolens
2779 5466 2841 5505 ea
2871 5466 2992 5522 quae
3021 5450 3099 5504 illi
3129 5449 3442 5506 scribebam
3483 5451 3562 5506 sic
3591 5449 3814 5504 intelli-

2194 5563 2344 5620 gere,
2377 5549 2516 5605 sicut
2553 5549 2758 5620 scripta
2803 5555 2957 5604 erant
2990 5565 3002 5603 :
3036 5549 3134 5605 sed
3176 5564 3285 5618 me,
3333 5555 3386 5603 et
3427 5547 3551 5618 ipsa
3593 5545 3818 5618 scripta
