4020 6178
263 244 372 297 645

914 239 1155 297 OPUSC.
1213 238 1305 294 ET
1349 239 1569 294 EPIST.
1628 238 1701 292 IN
1774 234 2003 291 CAUSA
2048 237 2390 296 HINCMARI
2436 241 2741 298 LAUDUN.

3469 247 3572 301 646

260 364 692 436 reprehendere,
725 371 777 420 et
820 364 1161 430 calumniari,
1211 371 1372 436 atque
1419 362 1674 419 refellere
1719 359 1880 416 labo-
1903 358 1959 420 A
1978 361 2197 435 pinquis
2228 372 2282 420 et
2305 365 2577 421 extraneis
2611 384 2626 431 ;
2658 374 2770 421 non
2815 374 2997 421 tamen
3026 380 3130 436 pro
3152 367 3341 422 eadem
3391 368 3580 423 chari-

269 453 450 508 rabat.

335 542 445 595 Per
492 558 615 613 qua:
669 540 982 614 intelligens
1024 540 1178 595 illum
1242 556 1365 595 esse
1420 538 1872 611 incorrigibilem,

266 629 435 683 statui
464 629 519 683 in
542 630 709 684 corde
738 628 1120 694 meo,ulterius
1150 644 1237 683 me
1268 628 1410 699 apud
1439 627 1586 682 illum
1607 642 1716 681 non
1769 626 1877 681 ina-

266 717 413 772 niter
441 716 864 772 laboraturum:
914 717 1107 772 videns
1135 716 1190 770 in
1230 731 1295 771 eo
1324 715 1557 787 impleri,
1611 714 1756 786 quod
1807 714 1876 769 de

269 805 509 861 Domino
573 805 859 876 psalmista
898 804 1068 861 dicit:
1106 806 1484 860 Immissiones
1507 821 1611 877 per
1652 804 1878 875 angelos

267 895 473 960 malos,
510 896 659 949 viam
682 896 826 964 fecit
852 895 1071 948 semitae
1117 895 1218 949 ira:
1253 910 1368 949 sua:
1408 894 1582 962 (Psal.
1631 891 1875 957 Lxxvn).

274 1002 296 1030 ι
334 981 465 1048 Cor,
499 980 675 1052 inquit
707 980 1028 1053 Gregorius,
1063 982 1326 1035 Dominus
1354 980 1627 1050 prioribus
1669 980 1879 1033 meritis

267 1077 654 1141 aggravatum,
681 1068 829 1137 juste
880 1068 1141 1139 permittit
1195 1069 1359 1123 etiam
1418 1068 1881 1139 subsequentibus

270 1156 637 1229 malignorum
693 1156 973 1226 spirituum
1027 1155 1471 1226 persuasionibus
1542 1155 1699 1210 falli:
1736 1156 1883 1226 quod

273 1245 406 1299 dum
439 1245 606 1317 digne
653 1243 707 1297 in
741 1244 902 1315 culpa
931 1244 1180 1311 trahitur,
1230 1251 1415 1299 reatus
1464 1243 1575 1313 jam
1629 1244 1683 1298 in
1718 1259 1883 1315 pcena

276 1332 608 1388 cumulatur.
643 1332 798 1388 Unde
826 1340 879 1387 et
915 1331 1012 1386 ira:
1043 1348 1153 1387 sum
1184 1332 1417 1386 Domino
1469 1332 1612 1386 viam
1652 1331 1832 1387 facere
1865 1351 1880 1399 ;

278 1429 362 1475 est
394 1419 451 1473 in
482 1436 578 1474 eos
610 1420 702 1491 qui
736 1419 930 1490 punire
968 1419 1022 1473 in
1056 1435 1115 1473 se
1158 1435 1355 1475 causas
1385 1427 1529 1475 recte
1572 1419 1881 1485 noluerunt,

276 1508 525 1563 districle
557 1507 857 1576 judicando
889 1507 1115 1561 dilatare
1150 1524 1163 1560 :
1196 1516 1254 1561 ut
1284 1508 1377 1578 qui
1403 1507 1883 1580 illuminati-agere

278 1605 430 1651 recta
460 1595 772 1664 noluerunt,
817 1594 959 1663 juste
1006 1594 1195 1650 caecati
1253 1595 1431 1649 adhuc
1488 1594 1688 1650 faciant
1742 1596 1886 1651 unde

276 1684 510 1754 amplius
531 1684 709 1754 puniri
739 1688 1066 1738 mereantur.
1101 1683 1181 1737 De
1213 1681 1407 1754 quibus
1456 1682 1586 1739 dicit
1643 1686 1849 1754 Aposto
1870 1715 1882 1725 -

275 1772 364 1826 lus
396 1789 409 1825 :
448 1773 516 1828 Ut
546 1772 824 1835 impleant
847 1774 1081 1843 peccata
1113 1788 1216 1826 sua
1248 1787 1469 1843 semper
1505 1770 1557 1840 (I
1587 1773 1766 1827 Thess.
1795 1772 1877 1841 ιι).

274 1859 345 1913 Ει
374 1859 503 1913 hinc
534 1874 667 1914 voce
698 1858 881 1931 angeli
897 1858 964 1912 ad
992 1860 1257 1913 Joannem
1278 1859 1475 1913 dicitur
1506 1859 1649 1927 :Qui
1695 1865 1882 1927 nocet,

276 1951 483 2003 noceat
502 1947 689 2001 adhuc
709 1967 727 2012 ;
745 1950 800 2001 et
812 1948 907 2019 qui
935 1947 996 2001 in
1018 1947 1270 2002 sordibus
1288 1947 1684 2012 est,sordescat
1700 1948 1885 2004 adhuc

277 2036 470 2107 (Apoc.
505 2037 670 2103 χχιι).
688 2034 756 2088 Et
787 2034 913 2089 hinc
929 2033 1103 2089 David
1124 2035 1198 2090 ait
1227 2052 1239 2087 :
1275 2035 1497 2107 Appone
1521 2036 1886 2108 iniquitatem

279 2138 454 2195 super
468 2124 837 2195 iniquitatem
853 2138 1069 2188 eorum,
1095 2126 1151 2177 et
1173 2139 1288 2178 non
1311 2125 1532 2178 intrent
1558 2125 1619 2177 in
1650 2126 1886 2195 justitia

281 2215 384 2265 tua
402 2211 583 2282 (Psal.
602 2212 823 2280 vam).
844 2211 911 2265 Et
933 2209 1060 2265 hinc
1089 2226 1190 2281 per
1223 2211 1447 2281 Moysen
1477 2210 1675 2265 dicitur
1696 2229 1710 2264 :
1730 2213 1884 2269 Non-

280 2299 353 2354 du
363 2317 416 2352 ,ιη
434 2299 715 2370 completa
727 2301 865 2353 sunt
871 2302 1109 2370 peccata
1121 2298 1603 2369 Amorrhazorum(
1613 2300 1744 2355 Gen.
1761 2302 1885 2371 xv).

282 2387 425 2442 Hinc
448 2403 552 2458 per
583 2387 841 2441 eumdem
870 2387 1094 2458 Moysen
1115 2386 1381 2441 Dominus
1411 2387 1542 2442 dicit
1563 2403 1575 2442 :
1594 2389 1683 2443 Ex
1720 2390 1887 2445 vinea

281 2478 440 2531 enim
464 2475 853 2541 Sodomorum,
873 2476 1005 2531 vitis
1021 2491 1215 2531 eorum
1234 2495 1252 2542 ;
1267 2479 1324 2531 et
1347 2492 1586 2548 propago
1600 2492 1795 2533 eorum
1810 2493 1885 2532 ex

285 2563 619 2619 Gomorrha.
646 2564 753 2620 Uva
766 2579 960 2619 eorum
977 2578 1085 2617 uva
1114 2563 1285 2633 fellis,
1309 2566 1367 2618 et
1392 2564 1583 2619 botrus
1613 2567 1887 2620 amaritu-

288 2651 445 2707 dinis
476 2651 634 2724 ipsis.
668 2652 849 2707 Furor
863 2651 1172 2707 draconum
1185 2653 1382 2707 vinum
1414 2667 1628 2718 eorum,
1648 2656 1704 2708 et
1724 2668 1886 2708 vene-

284 2756 428 2795 num
448 2738 713 2812 aspidum
742 2739 1081 2795 insanabile.
1112 2740 1306 2796 Nonne
1337 2738 1452 2795 haec
1482 2740 1711 2797 condita
1748 2744 1889 2796 sunt

286 2827 440 2898 apud
467 2843 579 2896 me,
615 2830 672 2882 et
687 2828 913 2899 signata
924 2827 988 2881 in
1006 2827 1287 2883 thesauris
1306 2828 1443 2883 meis
1464 2832 1487 2883 ?
1513 2827 1577 2882 In
1592 2828 1681 2883 die
1708 2828 1886 2884 ultio-

281 2917 374 2971 nis
386 2914 622 2971 reddam
638 2915 718 2971 eis
734 2916 920 2985 (Deut.
940 2914 1224 2987 xxxn).Et
1245 2914 1373 2986 quia
1388 2915 1553 2970 multa
1565 2931 1758 2971 eorum
1779 2931 1889 2970 ma-

283 3003 333 3058 la
360 3003 616 3071 narravit,
649 3010 829 3058 tamen
858 3003 1001 3059 illico
1040 3003 1304 3074 adjunxit.
1334 3004 1400 3058 In
1423 3008 1783 3077 temporequo
1798 3005 1887 3060 la—

282 3109 418 3166 psus
440 3093 623 3163 fuerit
639 3106 735 3164 pes
747 3107 939 3147 eorum
951 3091 1089 3163 (ibid
1095 3090 1230 3162 .).Et
1243 3091 1577 3147 atrocissima
1588 3098 1814 3163 peccata
1822 3091 1887 3146 il-

284 3180 467 3237 lorum
487 3180 969 3236 describunturzet
986 3186 1169 3234 tamen
1184 3180 1254 3235 ad
1280 3179 1500 3235 ultionis
1527 3181 1674 3236 diem
1703 3180 1887 3237 adhuc

282 3269 632 3341 subsequens
673 3268 860 3339 lapsus
904 3266 1237 3338 adipiscitur,
1296 3284 1403 3342 quo
1467 3284 1657 3324 eorum
1712 3268 1888 3340 culpae

284 3357 652 3415 cumulentur.
684 3356 899 3412 Habent
933 3356 1049 3425 jam
1096 3355 1335 3428 quidem,
1394 3358 1539 3411 unde
1568 3356 1718 3412 feriri
1764 3373 1886 3411 me-

286 3454 515 3503 reantur
556 3461 571 3500 :
616 3445 715 3500 sed
769 3444 1065 3499 sustinetur
1132 3451 1316 3501 tamen
1370 3445 1547 3500 adhuc
1598 3452 1889 3517 peccatum

284 3549 565 3600 crescens,
593 3540 652 3588 ut
677 3540 965 3605 peccantes
993 3531 1168 3603 possit
1192 3532 1371 3588 acrior
1398 3531 1553 3603 culpa
1586 3532 1885 3588 cumulare.

288 3625 316 3679 .l
321 3638 410 3679 am
443 3629 685 3678 meretur
704 3621 1030 3693 supplicium
1046 3628 1352 3692 peccatum,
1371 3628 1425 3676 et
1458 3635 1625 3677 causa
1642 3620 1851 3692 peccati
1871 3637 1885 3674 :

287 3713 387 3768 sed
417 3717 769 3782 exspectatur
796 3710 995 3776 adhuc,
1010 3717 1069 3764 ut
1096 3716 1448 3783 augmentum
1474 3708 1724 3780 supplicii
1750 3708 1887 3763 sub-

288 3807 451 3873 roget
478 3806 767 3871 peccatum
795 3806 849 3853 et
875 3812 1040 3869 poma
1067 3797 1299 3869 peccati.
1332 3796 1466 3866 Quae
1510 3797 1567 3851 in
1611 3796 1706 3851 illo
1733 3811 1889 3852 com-

288 3888 431 3959 pleri
461 3888 677 3955 videns,
710 3902 812 3958 pro
839 3885 1061 3943 modulo
1100 3900 1224 3941 meo
1279 3885 1436 3957 sequi
1487 3884 1707 3941 decrevi
1745 3884 1891 3956 quod

289 3975 560 4032 Dominus
578 3975 709 4030 dicit
741 3975 897 4031 :Non
924 3974 1144 4030 audivit
1197 3975 1434 4046 populus
1488 3989 1650 4031 meus
1704 3988 1892 4029 vocem

291 4081 501 4131 meam,
536 4068 594 4121 et
606 4064 906 4120 Israelnon
925 4062 1177 4118 intendit
1199 4062 1346 4117 mihi
1360 4066 1444 4117 :et
1469 4062 1665 4117 dimisi
1694 4077 1783 4117 eos
1806 4077 1892 4116 se-

291 4153 549 4210 cundum
578 4151 860 4208 desideria
875 4151 1061 4208 cordis
1090 4166 1282 4207 eorum
1300 4169 1319 4205 :
1335 4151 1504 4206 ibunt
1532 4151 1593 4206 in
1614 4150 1892 4205 adiuven-

298 4242 552 4298 tionibus
584 4242 707 4296 suis
736 4240 913 4310 (Psal.
946 4238 1270 4307 Lxxx).Et:
1302 4239 1496 4295 Vocavi
1514 4242 1573 4294 et
1598 4238 1893 4308 renuistis,

294 4333 351 4385 et
375 4329 724 4402 despexistis
747 4343 913 4384 omne
930 4328 1236 4384 consilium
1250 4343 1462 4396 meum,
1487 4330 1543 4382 et
1556 4327 1899 4398 increpatio-

293 4434 393 4474 nes
419 4433 577 4473 meas
604 4417 965 4488 neglexistis.
1007 4416 1307 4473 Comedent
1337 4416 1515 4487 igitur
1559 4413 1883 4483 hujusmodi,
1907 4408 1962 4470 D

295 4508 524 4576 fructus
559 4506 663 4561 vice
695 4521 834 4571 suae,
873 4506 1099 4577 suisque
1166 4504 1423 4562 consiliis
1475 4503 1893 4560 saturabuntur

299 4594 485 4664 (Prov.
518 4593 582 4664 ι).
622 4616 645 4641 ι»

364 4683 435 4737 Et
453 4681 582 4754 quia
610 4680 730 4752 ipse
759 4679 1023 4736 Dominus
1044 4678 1178 4737 dicit
1197 4697 1211 4735 :
1235 4680 1297 4737 Si
1306 4664 1503 4737 oculus
1518 4682 1649 4736 tuus
1665 4678 1887 4745 dexter,

295 4771 383 4827 vel
396 4786 610 4826 manus
631 4773 729 4826 tua
748 4770 986 4825 dextera
997 4769 1355 4826 scandalizat
1376 4773 1449 4835 te,
1470 4768 1683 4840 profice
1702 4783 1769 4823 ea
1796 4767 1892 4822 abs

298 4859 666 4929 te(Matth.v)
700 4875 714 4912 :
748 4864 803 4913 et
830 4857 983 4912 odire
1010 4871 1113 4913 nos
1143 4856 1425 4927 proximos
1455 4860 1673 4912 nostros
1701 4854 1895 4927 preci-

294 4946 388 5017 pit,
422 4946 608 5002 adhuc
638 4952 821 5001 autem
877 4953 931 5001 et
967 4944 1205 5001 animam
1257 4952 1500 5000 nostram
1556 4945 1714 5014 (Luc.
1745 4941 1890 5012 xxv).

294 5034 449 5091 Unde
477 5034 669 5089 beatus
688 5033 821 5090 dicit
849 5033 1149 5104 Gregorius
1181 5033 1398 5104 (homil.
1446 5035 1513 5087 57
1543 5032 1607 5087 in
1652 5030 1893 5102 Evang.)

294 5123 421 5194 quia
452 5122 725 5179 amandus
753 5121 979 5194 quilibet
993 5121 1049 5176 in
1078 5122 1183 5179 hoc
1203 5121 1409 5176 mundo
1452 5120 1612 5176 nobis
1657 5127 1741 5175 est
1787 5118 1894 5174 ad-

292 5211 609 5268 versarius:
642 5211 739 5267 sed
773 5210 830 5265 in
859 5210 951 5265 via
995 5209 1092 5265 Dei
1134 5209 1437 5266 contrarius
1483 5224 1592 5265 non
1633 5207 1895 5263 amandus

295 5307 379 5356 est
405 5300 585 5371 nobis,
618 5300 785 5356 etiam
812 5298 1114 5371 proximus.
1178 5297 1320 5367 Quia
1346 5298 1473 5355 licet
1518 5296 1735 5354 amandi
1789 5295 1896 5351 sint

294 5395 545 5465 proximi,
581 5402 636 5451 et
670 5394 1043 5466 impendenda
1085 5391 1326 5449 charitas
1371 5391 1649 5459 omnibus,
1680 5396 1734 5447 et
1760 5404 1895 5461 pro-

379 5544 403 5574 ι
450 5520 511 5573 Se
544 5521 768 5585 prendre
810 5521 871 5573 de

299 5592 469 5642 contra
490 5586 611 5654 ιω..
640 5598 694 5639 ιι.
720 5586 808 5640 46.

1976 459 2084 507 tate
2113 452 2165 506 in
2196 452 2296 508 Dei
2323 461 2407 508 est
2435 468 2623 509 amore
2665 453 3014 509 ﬂectendum.
3068 453 3206 524 Quia
3233 471 3336 526 pro
3377 452 3571 510 affectu

1976 541 2199 607 carnali,
2233 542 2372 597 sicut
2402 558 2504 598 nec
2540 557 2723 598 vaccae
2755 544 3030 614 quondam
3070 551 3349 615 portantes
3385 558 3573 599 arcam

1978 629 2311 699 Bethsames,
2344 646 2454 685 non
2483 630 2756 707 declinant
2778 647 2810 685 a
2842 640 2988 687 recto
3019 631 3211 687 itinere
3230 632 3283 703 (Ι
3306 634 3432 704 Reg.
3466 631 3568 703 vi),

1979 716 2072 787 qui
2100 733 2274 772 arcam
2296 718 2396 773 Dei
2426 726 2641 789 portant
2670 719 2724 772 in
2757 728 2938 774 mente
2973 738 2986 773 :
3020 728 3417 792 cognoscentes
3446 719 3575 791 quia

1980 806 2289 875 compassio
2319 806 2598 876 proximis,
2622 814 2675 861 et
2704 807 2968 862 rectitudo
2984 807 3212 863 debetur
3239 808 3403 863 vitiis.
3439 806 3576 875 Quae

1981 893 2186 948 idcirco
2205 902 2401 949 vestrae
2424 895 2787 951 sanctissimae
2816 896 3123 951 auctoritati
3150 896 3416 963 scribens,
3468 896 3575 950 do-
3626 914 3631 917 ·

1985 981 2104 1036 lore
2135 982 2319 1037 cordis
2363 983 2711 1049 constrictus,
2752 983 2820 1038 de
2868 984 2959 1039 illo
3017 1000 3119 1055 per
3162 999 3354 1039 vocem
3398 983 3576 1039 luctus

1981 1069 2169 1125 emitto
2203 1087 2216 1122 :
2246 1078 2304 1124 ut
2334 1070 2539 1135 sciatis,
2574 1079 2773 1142 quanta
2803 1088 2913 1127 non
2964 1071 3140 1127 solum
3180 1087 3306 1143 ego,
3366 1071 3465 1125 sed
3522 1078 3578 1125 et

1982 1158 2231 1213 ecclesia:
2259 1157 2655 1229 Cisalpinarum
2677 1159 2982 1229 regionum,
3014 1166 3067 1215 et
3103 1176 3222 1229 rex,
3248 1174 3313 1214 ac
3344 1174 3575 1231 regnum

1982 1254 2288 1300 nostrarum
2308 1246 2543 1317 partium
2566 1262 2664 1317 per
2679 1246 2827 1301 illum
2855 1247 3117 1302 hactenus
3180 1246 3573 1301 sustinuerunt.

1984 1333 2235 1406 Suggero
2265 1334 2409 1390 enim
2431 1333 2747 1405 paternitati
2795 1343 3012 1403 vestrae,
3062 1335 3187 1405 quia
3234 1334 3473 1406 quandiu
3521 1334 3578 1388 in

1982 1422 2086 1477 hac
2114 1422 2331 1477 mortali
2354 1438 2520 1477 carne
2549 1422 2756 1487 vixero,
2793 1423 2931 1477 sicut
2962 1422 3402 1492 metropolitanus
3453 1438 3577 1477 cum

1982 1508 2240 1578 episcOpo
2263 1510 2528 1564 rationem
2554 1511 2761 1565 habere
2792 1510 2976 1575 debet,
3005 1516 3263 1581 quantum
3282 1525 3348 1564 ex
3366 1500 3453 1565 me
3473 1517 3573 1579 est,

1982 1612 2085 1652 nec
2113 1597 2181 1651 de
2212 1598 2492 1667 parochia,
2531 1614 2634 1653 nec
2662 1599 2729 1653 de
2796 1614 3118 1669 quacunque
3161 1612 3345 1661 causa,
3375 1606 3580 1653 metro-

1904 1711 1958 1770 B
1988 1684 2232 1755 politana
2263 1685 2657 1751 sollicitudine,-
2708 1702 2831 1741 cum
2861 1685 2956 1741 illo
2984 1685 3147 1739 ullam
3180 1685 3441 1741 rationem
3488 1686 3583 1740 ha-

1990 1772 2343 1845 bebozquem
2373 1774 2570 1828 diutius
2610 1773 2933 1829 insolentem
2976 1772 3206 1828 sufferre
3246 1790 3356 1829 non
3398 1773 3575 1830 valeo.

1986 1862 2054 1917 Et
2082 1862 2416 1917 tolerabilius
2438 1861 2568 1916 mihi
2597 1870 2698 1931 est,
2732 1862 2893 1917 etiam
2917 1861 3293 1932 corporaliter,
3340 1863 3578 1931 oculum,

1986 1958 2077 2005 aut
2143 1967 2383 2017 manum,
2466 1958 2557 2005 aut
2629 1950 2829 2022 pedem
2923 1950 3235 2005 abscisione
3308 1951 3578 2021 amittere,

1987 2054 2151 2111 quam
2182 2054 2306 2095 cum
2336 2039 2450 2105 illo,
2502 2055 2665 2111 quem
2718 2054 2815 2110 spe
2872 2038 3120 2110 gaudens
3176 2038 3360 2105 dilexi,
3410 2046 3464 2093 et
3518 2054 3583 2095 ea

1987 2143 2215 2199 gemens
2273 2127 2443 2200 diligo
2498 2135 2723 2198 propter
2769 2127 2965 2193 Deum,
3033 2126 3103 2181 de
3160 2125 3274 2181 suis
3332 2125 3579 2183 insolen-

1985 2215 2077 2269 tiis
2112 2215 2486 2271 contentiones
2511 2216 2628 2270 sine
2657 2215 2769 2270 ulla
2822 2214 3051 2269 utilitate
3104 2229 3419 2270 conserere.
3459 2216 3578 2269 Jam

1986 2303 2133 2359 enim
2163 2304 2217 2357 in
2246 2303 2453 2370 multis,
2489 2312 2544 2359 et
2571 2320 2672 2375 per
2700 2303 2885 2375 plures
2914 2303 2984 2358 ab
3009 2318 3074 2357 eo
3103 2310 3318 2372 vexato,
3348 2317 3579 2359 necesse

1986 2399 2069 2447 est
2097 2392 2249 2459 mihi,
2272 2399 2330 2447 ut
2358 2408 2467 2447 non
2498 2392 2659 2458 rixas,
2694 2391 2792 2447 sed
2822 2382 3391 2464 quietem'exquiram.
3426 2389 3578 2461 Qua-

1984 2487 2144 2536 tenus
2166 2481 2260 2553 qui
2284 2481 2398 2550 jam
2424 2480 2719 2535 terminum
2753 2495 2931 2535 meum
2961 2486 3239 2549 exspecto,
3274 2478 3360 2535 vel
3394 2478 3451 2533 in
3479 2494 3580 2535 eo-

1989 2571 2113 2625 dem
2143 2568 2395 2636 termino,
2417 2585 2514 2640 per
2541 2568 2643 2624 Dei
2662 2565 3091 2623 misericordiam
3122 2567 3303 2623 dicere
3330 2565 3576 2637 possim:

1988 2659 2148 2715 Nunc
2204 2658 2452 2713 dimittis
2486 2674 2711 2714 servum
2730 2660 2915 2724 tuum,
2954 2656 3217 2722 Domine,
3264 2654 3578 2712 secundum

1983 2747 2211 2803 verbum
2241 2750 2405 2801 tuum
2425 2747 2485 2801 in
2508 2762 2644 2819 pace
2666 2746 2823 2817 (Luc.
2855 2744 2917 2816 t).

2057 2853 2322 2909 Caterum
2352 2860 2551 2909 vestrae
2569 2850 2909 2924 paternitatis
2926 2849 3218 2908 auctoritas
3245 2866 3421 2922 nuper
3448 2847 3582 2905 mihi

1986 2940 2189 2998 litteras
2218 2941 2366 2997 misit
2394 2941 2463 2997 de
2505 2941 2827 3013 presbytero
2881 2939 3157 3012 parochias
3204 2947 3424 3009 nostrae,
3472 2953 3580 2994 no-

1918 3057 1969 3121 C
1987 3029 2133 3086 mine
2153 3029 2424 3102 Trisingo,
2458 3029 2783 3101 praecipiens
2828 3036 2885 3083 ut
2913 3027 3170 3100 plenariis
3226 3026 3443 3099 scriptis
3499 3042 3586 3083 re-

1985 3118 2259 3174 mitterem
2304 3118 2460 3174 vobis
2486 3118 2735 3173 notitiam
2767 3116 2836 3172 de
2866 3131 3036 3173 causa
3088 3115 3279 3187 ipsius.
3336 3116 3420 3171 De
3492 3129 3587 3188 pr.)

1988 3207 2128 3263 sicut
2164 3223 2224 3263 se
2272 3205 2350 3262 rei
2395 3205 2598 3263 veritas
2645 3204 2828 3271 habet,
2885 3212 3081 3260 vestra:
3133 3202 3441 3260 auctoritati
3486 3218 3580 3258 re-

1988 3295 2193 3351 scribo.

2060 3398 2324 3468 Quaedam
2378 3398 2547 3453 libera
2589 3396 2809 3465 femina,
2841 3411 2999 3452 soror
3054 3394 3289 3451 hominis
3357 3393 3579 3451 nomine

1988 3485 2200 3559 Livulﬁ,
2260 3487 2329 3542 de
2380 3486 2501 3558 ipsa
2543 3486 2601 3540 in
2646 3500 2757 3557 qua
2810 3484 3067 3556 prmfatus
3124 3482 3412 3556 Trisingus
3452 3498 3582 3554 pre-

1989 3576 2177 3647 sbyter
2216 3574 2389 3630 fuerat
2430 3574 2728 3641 ordinatus,
2778 3573 2989 3644 accepit
3042 3571 3295 3628 maritum
3352 3570 3579 3628 fratrem

1988 3663 2161 3734 ipsius
2230 3662 2465 3734 Trisingi
2541 3660 2893 3734 presbyteri:
2927 3668 2982 3717 et
3032 3661 3137 3717 hac
3212 3658 3582 3715 familiaritate

1989 3751 2136 3808 idem
2164 3750 2448 3822 Trisingus
2493 3750 2658 3822 capit
2704 3749 3054 3822 frequentare
3125 3749 3349 3805 domum
3401 3746 3583 3802 fratris

1984 3840 2096 3897 'sui.
2126 3840 2215 3907 Et,
2248 3839 2387 3895 sicut
2412 3839 2559 3895 idem
2606 3838 2864 3905 Livulfus,
2903 3838 2996 3910 qui
3023 3837 3080 3892 in
3108 3836 3230 3909 ipsa
3283 3836 3414 3892 villa
3458 3850 3584 3891 ma-

1991 3928 2178 3996 nebat,
2210 3934 2264 3983 et
2291 3927 2613 3999 parochiani
2642 3934 2805 3999 atque
2833 3926 2999 3983 vicini
3015 3926 3261 3996 ejusdem
3272 3922 3586 3996 presbyteri

1992 4017 2263 4088 dicebant,
2295 4033 2417 4073 cum
2448 4015 2556 4071 ﬁlia
2583 4016 2767 4071 uxoris
2795 4014 2978 4071 fratris
3007 4014 3111 4082 sui,
3162 4029 3328 4086 quam
3384 4012 3454 4068 de
3510 4011 3589 4067 al-
3656 4053 3664 4060 .

1994 4115 2109 4163 tero
2150 4105 2349 4162 marito
2368 4112 2704 4177 susceperat,
2737 4103 2901 4175 coepit
2928 4103 3314 4160 concumbere.
3345 4101 3417 4156 Et
3448 4116 3588 4173 qua-

1994 4195 2123 4250 dam
2170 4195 2259 4250 die
2304 4193 2422 4265 ipse
2480 4193 2782 4263 presbyter,
2828 4199 2991 4263 atque
3040 4190 3295 4262 praefatus
3346 4188 3589 4245 Livulfus

1992 4289 2355 4354 perrexerunt
2383 4280 2453 4336 ad
2470 4280 2774 4346 castellum,
2823 4278 2967 4351 quod
2994 4278 3273 4333 Mosomus
3295 4277 3509 4343 dicitur,
3536 4284 3591 4333 et

1992 4370 2391 4427 inebriaverunt
2419 4384 2478 4423 se
2507 4368 2564 4422 in
2592 4367 2825 4439 quadam
2856 4366 3083 4420 taberna
3112 4373 3302 4421 contra
3340 4371 3591 4420 nostrum

1992 4457 2302 4531 episcopale
2328 4455 2674 4511 interdictum
2707 4470 2721 4508 :
2753 4452 2846 4525 qui
2882 4452 3218 4524 presbyteris
3275 4451 3474 4508 nostris
3534 4450 3591 4507 in

1990 4546 2245 4603 omnibus
2303 4543 2531 4615 synodis
2585 4541 2983 4608 interdicimus,
3041 4548 3099 4596 ut
3154 4540 3294 4596 sicut
3346 4552 3588 4595 canones

1990 4633 2235 4690 Africani
2288 4631 2555 4689 diﬁiniunt
2596 4631 2777 4703 (conc.
2810 4630 3014 4702 Africa
3046 4644 3097 4686 c.
3130 4629 3221 4699 40)
3252 4644 3265 4681 :
3300 4647 3323 4678 ι
3386 4625 3586 4681 Clerici

1992 4722 2213 4791 edendi,
2245 4722 2333 4779 vel
2360 4720 2584 4777 bibendi
2594 4736 2759 4777 causa
2773 4719 3030 4775 tabernas
3050 4732 3159 4773 non
3188 4714 3587 4787 ingrediantur,

1990 4811 2097 4866 nisi
2123 4810 2584 4884 peregrinationis
2612 4807 2936 4865 necessitate
2981 4803 3267 4876 compulsi.
3303 4823 3327 4853 ι
3360 4803 3431 4858 Et
3484 4801 3591 4858 iste

1990 4899 2301 4973 presbyter,
2333 4899 2477 4972 gula:
2505 4914 2614 4954 non
2642 4892 3093 4969 peregrinationis
3134 4890 3486 4959 necessitate,
3519 4889 3592 4946 ad

1992 4997 2376 5053 inebriandum
2408 5011 2469 5051 se
2515 4994 2796 5050 tabernam
2835 4989 3054 5046 intravit
3086 5007 3101 5046 :
3132 4989 3261 5061 quia
3306 4989 3454 5045 idem
3500 5000 3593 5043 ca-

1995 5096 2213 5172 stellum
2239 5110 2349 5151 non
2378 5092 2608 5164 amplius
2638 5106 2799 5163 quam
2828 5095 3057 5161 quatuor
3094 5086 3351 5143 milliaria
3372 5101 3406 5141 a
3433 5100 3595 5140 man-

1994 5194 2150 5249 sione
2191 5190 2371 5263 ipsius
2416 5186 2722 5261 presbyteri
2756 5186 2943 5243 distat.
3003 5186 3358 5242 Revertentes
3413 5189 3595 5238 autem

1994 5291 2141 5346 idem
2170 5288 2457 5360 presbyter
2485 5292 2539 5341 et
2567 5282 2830 5351 Livulfus,
2883 5281 3040 5352 ebrii,
3091 5281 3159 5336 de
3215 5277 3445 5352 praefato
3491 5293 3595 5337 ca-

1997 5386 2176 5454 stello,
2209 5391 2492 5457 cmperunt
2546 5382 2839 5441 verbosare
2884 5380 3025 5437 inter
3082 5392 3143 5435 se
3183 5386 3230 5447 ⁸,
3264 5377 3405 5435 sicut
3460 5376 3600 5435 ebrii

922 5520 1143 5584 paratas.
1186 5517 1322 5571 Dixit
1383 5517 1677 5583 Augustinus
1722 5512 1957 5570 Iuliano:
2003 5513 2229 5566 (nauiter
2272 5510 2569 5574 uerbosum,
2618 5509 2712 5560 hoc
2757 5511 2852 5572 est,
2902 5504 3069 5558 multis
3124 5505 3348 5569 nugaris,
3398 5502 3493 5556 ιιι).
3522 5515 3598 5562 ιιι.
