4020 6178
486 289 590 343 647

1731 289 2050 344 JOANNES
2097 289 2099 341 ξ

2170 289 2274 342 ιΡΑ
2323 289 2462 344 VIII.
3675 289 3761 343 648

489 410 666 466 solent
692 411 894 477 facere,
929 419 978 465 et
991 411 1525 467 illorumverbosatio
1552 427 1617 466 eo
1648 427 1820 482 usque
1848 428 2073 483 proces-
2105 429 2158 488 Α
2181 412 2346 466 nulla
2371 427 2564 466 eorum
2595 427 2702 466 vox
2709 415 2906 482 postea
2929 413 3159 482 penitus
3189 411 3480 467 audiatur.
3510 411 3646 465 Post
3669 426 3758 465 an-

487 499 574 567 sit,
609 507 667 553 ut
695 499 764 554 de
785 499 902 570 ipsa
933 515 1032 554 sua
1063 509 1223 570 nepte
1267 499 1658 570 improperaret
1705 501 2023 570 presbytero
2058 519 2072 566 ;

489 596 538 642 et
559 604 588 642 e
612 596 800 644 contra
833 587 947 658 ipse
976 589 1264 658 presbyter
1302 588 1600 658 opprobria
1651 605 1771 659 quae
1829 589 2075 644 invenire

487 677 678 747 potuit,
715 677 886 733 eidem
919 675 1128 756 Livult'o
1159 675 1359 730 retulit.
1400 676 1548 730 Idem
1593 683 1772 730 autem
1831 677 2076 732 Livulfus

487 764 648 830 fuste,
678 781 838 835 quem
871 764 921 816 in
947 779 1110 818 manu
1139 764 1406 834 portabat,
1447 764 1530 817 bis
1567 764 1838 834 percussit
1873 765 2076 820 Trisin-

489 870 621 926 gum
667 853 1065 924 presbyterum.
1139 853 1288 907 Tunc
1332 852 1450 922 ipse
1513 853 1804 922 presbyter
1859 852 2076 908 irruens

487 957 653 1012 super
684 939 852 995 ﬁlium
882 939 1091 1008 Livulﬁ,
1126 939 1218 1010 qui
1249 947 1455 1010 spatam
1487 940 1554 993 ad
1587 940 1782 995 collum
1799 941 2072 1011 portabat,

486 1029 716 1085 extraxit
737 1029 982 1083 eamdem
1015 1036 1225 1099 spatam
1259 1047 1270 1092 ;
1306 1036 1359 1082 et
1381 1028 1570 1082 volens
1615 1037 1904 1098 percutere
1952 1045 2078 1082 eum

485 1133 586 1188 per
614 1117 855 1172 medium
885 1125 1064 1186 caput,
1095 1124 1152 1170 ut
1173 1116 1326 1170 illum
1356 1116 1648 1180 occideret,
1687 1116 1887 1170 levavit
1932 1117 2078 1170 idem

487 1205 728 1260 Livulfus
757 1219 979 1259 manum
1008 1212 1198 1258 contra
1240 1211 1469 1272 spatam,
1517 1211 1570 1257 et
1618 1203 1858 1272 suscepit
1913 1212 2078 1274 spatae

487 1293 674 1360 ictum,
707 1301 760 1348 et
789 1291 1248 1347 abscissisuntilli
1278 1291 1384 1346 duo
1404 1291 1558 1363 digiti
1579 1292 1648 1345 de
1670 1292 1864 1346 eadem
1877 1307 2075 1346 manu:

488 1389 541 1437 et
570 1381 796 1438 cadente
825 1380 918 1434 illo
959 1380 1027 1434 de
1077 1379 1302 1444 caballo,
1357 1380 1564 1448 putavit
1618 1380 1877 1450 pesbyter
1929 1379 2080 1433 illum

489 1485 610 1525 esse
643 1476 936 1532 mortuum,
971 1475 1023 1521 et
1051 1467 1252 1522 saliens
1276 1466 1332 1520 in
1368 1466 1640 1522 caballum
1671 1465 1815 1521 illius
1841 1467 2083 1538 perrexit

490 1557 715 1612 domum
747 1573 918 1610 suam.

560 1647 680 1716 Ego
711 1661 842 1700 vero
871 1659 972 1714 per
989 1643 1189 1698 multos
1218 1643 1323 1698 hoc
1353 1641 1600 1708 audiens,
1635 1643 1826 1698 vocavi
1856 1658 1982 1698 eum
2011 1643 2078 1696 ad

487 1749 597 1802 me,
627 1733 684 1786 in
737 1732 1030 1804 prmsentia
1075 1731 1402 1786 clericorum
1461 1745 1522 1784 ac
1579 1731 2078 1785 comministrorum

490 1829 822 1884 nostrorum,
856 1829 908 1876 et
937 1818 1272 1891 interrogavi
1303 1833 1446 1884 eum,
1493 1833 1560 1873 ac
1617 1820 1918 1873 veritatem.
1978 1819 2082 1887 Qui

492 1910 561 1965 de
581 1909 780 1965 femina
809 1909 878 1964 de
909 1925 1012 1979 qua
1035 1907 1400 1977 reputabatur,
1436 1907 1658 1978 negavit
1687 1907 1833 1976 quod
1861 1923 1984 1961 cum
2021 1923 2083 1962 ea

489 2013 599 2053 non
655 1997 1025 2054 concubuerit.
1087 1997 1166 2050 De
1224 1995 1503 2050 voluntate
1561 2001 1776 2060 autem,
1839 1995 1960 2065 quia
2017 2010 2082 2048 eo

489 2087 681 2143 ordine
738 2086 876 2142 sicut
930 2083 1172 2156 premisi
1199 2126 1212 2150 ,
1261 2083 1441 2154 ipsum
1503 2083 1779 2138 hominem
1834 2083 2083 2138 occidere

487 2175 739 2241 voluerit,
778 2173 1064 2230 confessus
1091 2172 1190 2226 fuit
1224 2188 1236 2226 :
1273 2172 1364 2243 qui
1401 2172 1554 2240 juxta
1609 2186 1804 2226 vocem
1855 2171 2083 2226 Joannis

489 2262 720 2335 apostoli
763 2261 1034 2318 homicida
1092 2260 1453 2317 convincitur.
1511 2259 1633 2330 Ego
1691 2266 1886 2326 autem,
1946 2259 2083 2314 sicut

477 2352 684 2406 beatus
731 2350 1064 2421 Augustinus
1121 2349 1188 2402 de
1243 2347 1564 2418 presbytero
1621 2363 1734 2401 suae
1809 2347 2084 2416 parochias

489 2439 769 2509 Xantippo
823 2437 1044 2508 primati
1100 2451 1198 2491 suo
1256 2435 1489 2505 scripsit,
1532 2451 1654 2506 qua
1681 2434 1922 2506 negavit,
1967 2437 2082 2490 Deo

491 2527 674 2584 dimisi
705 2546 718 2593 ;
753 2542 874 2598 quae
901 2525 1171 2580 occultare
1201 2522 1503 2594 permissus
1535 2538 1642 2578 non
1675 2529 1776 2590 est,
1802 2522 2078 2591 judicavi;

488 2623 542 2671 et
569 2631 694 2670 eum
725 2615 794 2670 ab
809 2613 985 2670 officio
1006 2611 1326 2670 sacerdotali
1345 2611 1571 2679 removi,
1607 2611 1781 2666 donec
1811 2611 1881 2666 ad
1913 2626 2083 2682 syno-

491 2703 622 2759 dum
676 2701 1192 2775 comprovincialem
1241 2699 1469 2768 veniret,
1521 2707 1574 2753 et
1629 2699 1704 2754 ibi
1752 2715 1876 2755 cum
1933 2705 2083 2754 certo

490 2793 875 2864 episcoporum
905 2807 1158 2860 numero,
1189 2790 1330 2845 sicut
1371 2787 1831 2860 Carthaginenses
1884 2787 2083 2857 praeci-

490 2881 642 2952 piunt
671 2895 911 2935 canones
940 2881 1165 2950 (canon.
1201 2878 1378 2946 Afrie.
1415 2893 1462 2930 α.
1499 2879 1776 2942 95;conc.
1815 2877 2080 2946 Carthag.

496 2983 578 3033 ιιι,
608 2983 729 3023 can.
766 2969 840 3036 8),
883 2982 1047 3021 causa
1097 2964 1267 3035 ipsius
1317 2971 1526 3019 certum
1571 2962 1734 3019 ﬁnem
1784 2963 2079 3033 acciperet.

491 3056 676 3110 Isdem
706 3063 906 3120 autem,
941 3069 1062 3109 cum
1091 3053 1275 3124 plures
1305 3053 1543 3123 synodos
1575 3051 1626 3105 in
1658 3051 1938 3122 provincia
1987 3067 2083 3105 no-

2111 1778 2160 1837 B

2172 514 2300 553 num
2319 505 2370 552 et
2389 514 2482 552 sex
2497 514 2714 553 menses
2727 499 3148 554 reclamantibus
3159 498 3507 568 parochianis
3521 498 3760 554 ecclesiae

2172 586 2360 656 ipsius,
2386 587 2440 639 in
2453 603 2558 656 qua
2571 587 2716 640 idem
2728 587 3014 656 presbyter
3029 587 3200 641 fuerat
3231 587 3538 652 ordinatus,
3574 602 3638 641 se
3667 603 3762 642 non

2175 673 2373 729 habere
2385 675 2764 744 presbyterum
2787 675 2960 744 (deest
2981 675 3196 747 aliquid
3225 675 3296 730 ad
3322 675 3582 745 sensum)
3615 692 3628 726 :
3653 689 3763 728 nam

2177 762 2300 832 quia
2333 763 2556 816 Romam
2585 763 2898 832 perrexerit,
2959 762 3222 834 ignoravi,
3272 763 3448 818 donec
3479 771 3608 833 post
3669 771 3764 817 tres

2177 865 2412 914 menses,
2448 867 2608 921 quam
2637 851 2830 906 inloco
2861 867 2976 918 ejus
3006 850 3104 903 fuit
3134 851 3420 920 presbyter
3458 851 3762 916 ordinatus,

2175 939 2344 992 Roma
2376 939 2600 992 veniens
2629 938 2760 992 mihi
2789 939 3000 1000 litteras
3019 947 3215 993 vestrae
3239 939 3542 994 sanctitatis
3575 939 3761 992 attulit.

2247 1027 2308 1078 In
2364 1026 2660 1082 canonibus
2707 1035 2888 1080 autem
2945 1026 3144 1081 Africae
3201 1027 3492 1096 provinciae
3553 1025 3766 1081 concilii

2179 1113 2350 1184 quarti
2381 1114 2614 1184 capitulo
2647 1117 2734 1180 6'7,
2767 1115 2835 1168 de
2867 1113 3232 1168 seditionariis
3275 1122 3328 1169 et
3357 1114 3652 1180 usurariis,
3708 1130 3766 1168 ne

2177 1201 2361 1255 clerici
2393 1199 2522 1254 fiant
2551 1201 2812 1272 scriptum
2854 1209 2935 1256 est
2963 1201 3038 1255 ita
3068 1203 3250 1272 (conc.
3285 1202 3474 1256 Carth.
3511 1218 3592 1266 γι,
3655 1217 3763 1256 can.

2179 1289 2270 1358 66)
2291 1307 2304 1342 :
2325 1310 2346 1338 cr
2365 1290 2769 1345 Seditionarios
2781 1307 3072 1360 nunquam
3089 1289 3432 1352 ordinandas
3451 1288 3576 1360 [al.,
3593 1288 3764 1343 ordin.

2179 1375 2448 1447 clericos],
2467 1378 2554 1431 vel
2575 1377 2926 1448 injuriarum
2954 1395 3192 1433 suarum
3213 1378 3444 1433 ultores.
3483 1398 3505 1426 ι
3531 1378 3604 1431 Et
3625 1377 3676 1431 si
3695 1386 3768 1430 ta-

2177 1463 2259 1518 les
2290 1464 2582 1518 ordinandi
2611 1480 2719 1519 non
2753 1473 2896 1534 sunt,
2926 1465 3294 1537 colligendum
3325 1473 3422 1518 est.
3469 1465 3603 1534 quid
3663 1480 3770 1518 me-

2180 1561 2404 1606 reantur
2434 1551 2526 1622 qui
2549 1561 2671 1622 post
2698 1553 3118 1618 ordinationem,
3169 1551 3451 1607 admittere
3481 1552 3614 1606 talia
3675 1568 3770 1606 non

2180 1638 2488 1694 formidant.
2522 1641 2591 1693 Et
2621 1639 2825 1710 antiqui
2869 1641 3086 1694 Patrum
3134 1656 3374 1696 canones
3431 1640 3489 1693 in
3541 1639 3769 1710 synodo.

2183 1728 2268 1782 cui
2300 1727 2518 1798 plurimi
2551 1727 2948 1798 metropolitani
2979 1744 3100 1784 cum
3147 1727 3257 1782 suis
3305 1727 3674 1798 sutfraganeis
3701 1729 3773 1781 in-

2185 1815 2505 1882 terfuerunt,
2556 1816 2886 1870 decernente
2947 1815 3285 1870 Antiocheno
3331 1815 3566 1870 concilio
3595 1813 3776 1886 perfe-

2183 1911 2328 1959 ctum
2347 1902 2480 1957 illud
2503 1919 2624 1958 esse
2641 1903 2956 1970 concilium,
2992 1903 3084 1957 ubi
3127 1903 3431 1958 interfuerit
3455 1903 3774 1974 metrOpoli-

2185 2000 2341 2046 tanus
2399 1990 2643 2058 antistes,
2705 1991 2996 2046 manifesta
3079 1992 3344 2046 sententia
3413 1992 3772 2047 decreverunt

2185 2080 2369 2150 (conc.
2421 2081 2588 2135 Tolet.
2625 2095 2700 2150 ιν,
2735 2094 2854 2134 can.
2889 2081 2977 2134 45.
3011 2078 3347 2145 Habetur23,
3381 2097 3434 2150 q.
3472 2085 3524 2145 8,
3579 2080 3775 2135 Clerici

2189 2170 2308 2239 qui)
2345 2183 2357 2221 :
2397 2189 2418 2218 ι
2454 2175 2510 2221 ut
2542 2167 2748 2235 clerici,
2782 2167 2880 2238 qui
2913 2168 2967 2220 in
2991 2183 3310 2238 quacunque
3331 2167 3600 2222 seditione
3630 2183 3776 2222 arma

2185 2255 2428 2311 volentes
2443 2255 2772 2325 sumpserint
2790 2255 3008 2324 reperti,
3045 2255 3248 2309 amisso
3264 2255 3472 2310 ordinis
3485 2255 3574 2309 sui
3593 2255 3764 2326 gradu

2183 2343 2240 2396 in
2267 2343 2600 2399 monasterio
2632 2343 2962 2413 paenitentiae
2993 2343 3364 2398 detrudantur.
3397 2364 3418 2393 ν
3455 2345 3524 2398 Ει
3567 2345 3774 2399 Zacha-

2187 2431 2292 2484 rias
2319 2447 2464 2501 papa
2493 2431 2766 2486 Bonifacio
2797 2431 3053 2502 episcopo
3084 2431 3400 2504 Moguntino
3453 2431 3694 2502 scripsit,
3725 2441 3776 2486 ut

2189 2519 2496 2589 episcopos,
2557 2519 2928 2590 presbyteros,
2989 2527 3078 2573 aut
3132 2519 3389 2576 diaconos
3450 2521 3771 2592 sanguinem

2188 2607 2618 2663 Christianorum
2651 2624 2748 2662 seu
2775 2622 3116 2680 paganorum
3139 2605 3396 2663 elfudisse
3419 2616 3690 2678 repertos,
3712 2609 3771 2662 ab

2184 2695 2392 2752 eisdem
2419 2695 2801 2751 ecclesiasticis
2849 2695 3110 2766 gradibus
3167 2704 3492 2751 removeret.
3545 2697 3620 2750 Et
3669 2697 3770 2765 jam

2185 2784 2476 2856 plusquam
2507 2785 2612 2838 duo
2643 2793 2768 2838 sunt
2799 2783 2944 2849 anni,
2979 2800 3043 2838 ex
3074 2800 3179 2855 quo
3201 2783 3456 2854 praefatus
3484 2785 3766 2857 Trisingus

2185 2873 2616 2943 suprascriptum
2629 2871 2894 2928 Livulfum
2917 2872 3104 2928 volens
3126 2873 3394 2938 occidere,
3427 2873 3772 2928 dcmembra—

2185 2961 2278 3027 vit,
2324 2960 2543 3031 quando
2590 2961 2734 3016 hanc
2779 2960 3116 3026 relationem,
3185 2969 3240 3014 ut
3290 2961 3550 3029 jussistis,
3585 2971 3774 3017 vestrae

2187 3049 2494 3104 auctoritati
2523 3048 2848 3104 transmitto.
2883 3049 2950 3103 Et
2978 3048 3101 3120 quia
3132 3049 3365 3119 populus
3395 3049 3512 3104 sine
3547 3051 3772 3120 presby-

490 3153 606 3200 stra
635 3143 1002 3210 habuerimus,
1035 3143 1104 3196 ad
1133 3141 1400 3211 synodum
1446 3149 1638 3211 postea
1690 3139 1896 3194 nullam
1917 3139 2082 3194 venit.
2117 3128 2165 3190 Ο
2187 3145 2299 3192 tero
2316 3137 2502 3191 tandiu
2526 3153 2751 3191 manere
2782 3137 2899 3191 sine
2927 3137 3172 3206 periculo
3203 3137 3398 3191 dimitti
3429 3153 3537 3192 non
3569 3147 3764 3208 potest,

494 3233 669 3302 Quem
697 3248 798 3303 per
827 3247 1028 3287 annum
1060 3238 1112 3285 et
1141 3246 1236 3284 sex
1276 3243 1498 3284 menses
1529 3227 1861 3298 exspectavi,
1908 3235 1960 3282 et
1986 3243 2082 3298 pro

491 3337 552 3378 se
583 3322 636 3376 in
669 3322 879 3392 synodo
910 3319 1044 3374 nihil
1075 3317 1286 3389 sategit.
1319 3318 1387 3371 Et
1435 3316 1851 3372 decernentibus
1911 3316 2082 3371 sacris

490 3411 791 3466 canonibus
812 3410 989 3480 (conc.
1039 3407 1302 3478 Carthag.
1329 3423 1384 3459 v.
1410 3421 1533 3461 can.
1597 3405 1687 3474 12)
1719 3422 1732 3458 :
1771 3413 1827 3458 ut
1859 3407 2073 3476 quoties

486 3499 682 3555 clerici
699 3500 963 3563 convicti,
989 3501 1046 3552 et
1062 3498 1308 3567 confessi
1329 3497 1391 3550 in
1411 3496 1598 3567 aliqua
1621 3495 1881 3558 crimine,
1903 3495 1956 3548 si
1965 3495 2084 3563 for-

493 3593 545 3644 te
567 3605 752 3645 causa:
773 3588 966 3642 adesse
981 3585 1283 3648 voluerint,
1305 3588 1362 3639 et
1383 3583 1774 3638 innocentiam
1797 3599 1958 3637 suam
1994 3597 2084 3636 as-

490 3693 675 3732 serere
685 3677 846 3731 intra
858 3692 1078 3730 annum
1091 3671 1702 3729 excommunicationi:
1723 3671 1822 3726 hoc
1839 3671 2080 3741 faciant.

490 3765 550 3822 Si
565 3781 692 3820 vero
707 3767 866 3819 intra
881 3780 1102 3818 annum
1114 3778 1348 3818 causam
1354 3775 1601 3832 purgare
1613 3759 2077 3830 contempserint,

2185 3233 2370 3282 vestra
2401 3224 2667 3295 sapientia
2715 3224 3170 3280 suﬂicientissime
3199 3225 3364 3280 novit.
3401 3227 3548 3280 Deus
3595 3226 3764 3281 omni-

2185 3321 2380 3384 potens
2413 3313 2754 3367 sanctitatem
2777 3321 3010 3368 vestram
3040 3312 3110 3366 ad
3140 3313 3444 3368 doctrinam
3484 3322 3532 3368 et
3581 3331 3764 3369 corre-

2185 3402 2418 3457 ctionem
2471 3409 2672 3456 sancta:
2701 3417 2812 3456 sua:
2842 3400 3104 3456 Ecclesiae
3134 3401 3190 3454 in
3219 3417 3318 3456 suo
3348 3409 3525 3472 coepto
3545 3402 3763 3456 servitio

2181 3505 2279 3560 per
2307 3505 2575 3543 annorum
2605 3489 2774 3543 multa
2820 3487 3088 3544 curricula
3122 3504 3451 3544 conservare
3495 3491 3763 3562 dignetur,

2184 3585 2403 3641 domine
2433 3585 2793 3652 sanctissime,
2825 3594 2878 3641 et
2899 3585 3349 3642 reverendissime
3385 3587 3598 3640 Patrum
3657 3587 3762 3639 Pa-

2183 3691 2265 3738 ter
2293 3683 2346 3737 in
2360 3683 2612 3739 Domino.

1697 4007 1865 4050 ANNO
1907 4005 2128 4048 DOMINI
2171 4003 2546 4048 DGCCLXXXII.

1092 4139 2438 4350 JOANNES
2643 4139 3200 4340 VIII

1652 4424 1822 4484 PON
1833 4423 2085 4483 TIFEX
2138 4421 2564 4482 ROMANUS.
3217 4465 3222 4470 .

856 4661 1392 4746 NOTITIA
1477 4657 2187 4744 HISTORICA
2274 4657 2400 4742 IN
2482 4653 3060 4742 JOANNEM
3143 4651 3382 4736 VIII

1357 4819 1662 4894 Auctore,
1706 4825 1782 4876 ut
1827 4817 2142 4894 creditur,
2191 4817 2535 4876 PANDULFO
2593 4817 2884 4876 Pisana.

1052 4953 1234 5024 (Apud
1263 4950 1541 5017 Muratori,
1574 4950 1700 5004 Rer.
1735 4947 1856 5002 Ital.
1889 4946 2110 5018 Script.,
2143 4955 2275 5002 tom.
2309 4947 2402 5016 III,
2437 4963 2504 5002 ex
2533 4946 2721 5003 codice
2755 4962 2858 5000 ms.
2893 4943 3203 5012 Vaticano.)

557 5135 798 5190 Joannes
827 5129 962 5199 VIII,
987 5131 1204 5186 natione
1233 5131 1530 5193 Romanus,
1565 5142 1638 5199 ex,
1657 5133 1810 5199 patre
1860 5125 2076 5199 Gundo,
2097 5127 2150 5186 D
2181 5132 2517 5199 conquestus
2533 5130 2632 5178 est.
2665 5119 3067 5199 Monastermm
3093 5119 3244 5199 enim
3259 5119 3462 5199 “sancti
3489 5114 3650 5199 "Petri
3695 5113 3750 5192 in

492 5207 633 5261 sedit
665 5220 838 5260 annos
870 5195 1078 5268 decem,
1113 5217 1332 5255 menses
1389 5201 1547 5254 duos.
1581 5195 1677 5252 Hic
1731 5195 2080 5268 beatissimus

489 5292 590 5347 pro
619 5276 846 5347 utilitate
877 5266 1118 5347 omnium
1136 5271 1518 5347 Ecclesiarum
1547 5269 1668 5347 Dei,
1701 5275 1754 5347 _et
1807 5266 2080 5347 praecipue
2129 5289 2134 5294 ι

490 5337 590 5415 pro
623 5345 920 5401 Gallicanae
937 5341 1510 5415 Ecclesiae,_A_relatem
1538 5337 1854 5415 maritimali
1887 5337 2080 5391 itinere

493 5409 758 5469 deductus
787 5424 868 5470 est
897 5435 910 5481 ;
943 5415 1034 5468 ubi
1065 5415 1174 5468 Leo
1199 5412 1435 5466 abbasin
1473 5411 1760 5480 praesentia
1807 5409 1923 5476 ejus
1979 5422 2079 5481 ve-

495 5485 673 5550 niens,
705 5478 906 5540 contra
929 5485 1240 5540 Gisbertum
1282 5478 1518 5550 [Ralm/.1,
1581 5486 1624 5536 t.
1683 5482 1773 5536 VII
1819 5478 2076 5550 Miscell.,

493 5555 825 5621 Gilbertum,
859 5557 948 5612 hic
979 5560 1034 5611 et
1062 5553 1242 5626 infra]
1271 5549 1706 5610 Nemausensem
1759 5549 2076 5620 episcopum

2181 5213 2289 5268 quo
2305 5183 2544 5268 lquiescit
2573 5209 2772 5263 corpus
2795 5190 3151 5268 beati
3255 5187 3453 5243 ﬁnibus
3485 5185 3681 5268 Gothiae
3697 5183 3756 5236 in

2181 5259 2224 5320 V
2228 5259 2348 5322 allc'
2365 5266 2640 5335 Flaviana,
2669 5259 2830 5334 quam
2860 5259 3056 5316 vallem
3089 5259 3751 5335 Flavius_qu_o_ndam.rex

2181 5338 2340 5392 beato
2371 5336 2582 5408 .IEgidio
2599 5323 2915 5408 donaverat,
2938 5339 2994 5385 et
3022 5339 3240 5408 sanctus
3259 5323 3528 5408 _i'Egidius
3563 5323 3750 5408 exinde

2181 5397 2826 5463 donationEmintegriter
2847 5397 3106 5457 ROmanaa
3149 5397 3411 5456 Ecclesiae
3462 5407 3514 5454 et
3556 5397 3750 5450 domno

2180 5495 2336 5552 papa:
2356 5476 2648 5552 Benedicto
2663 5471 2881 5552 fecerat,
2913 5471 3089 5552 et_ibi_
3127 5472 3191 5552 in
3229 5471 3570 5552 veneratione
3613 5478 3748 5552 apo:

2180 5496 2250 5550 pa
2291 5496 2643 5532 albeneuicw
2663 5496 2881 5536 lacerat,
2913 5496 2966 5526 et.
2995 5496 3071 5526 ιυι
3127 5496 3181 5526 ιιι
3233 5496 3568 5526 venerantium:
3613 5496 3748 5543 apv-

2179 5496 2442 5606 stoIorum
2480 5545 2783 5618 principum
2840 5542 2986 5598 Petri
3043 5549 3097 5598 et
3154 5541 3306 5596 Pauli
3369 5545 3750 5596 monasterium
