4056 6178
497 316 602 369 651

1732 313 1760 364 J
1766 311 1962 367 OANN
1967 311 2028 367 IS
2085 313 2280 368 ΡΑΡίΕ
2319 313 2459 368 VIII.

3683 315 3792 370 652

495 436 685 492 viduas
716 434 1015 506 subrtutela
1041 435 1418 506 episcoporum
1438 451 1569 506 esse
1597 435 1859 500 decrevit,
1893 444 1946 490 et
1991 451 2087 490 eos
2117 435 2172 496 A
2194 436 2329 491 dare
2355 436 2441 491 vel
2471 436 2719 506 accipere
2749 435 3178 506 praesumpserit,
3213 435 3580 492 ecclesiastica
3639 451 3796 491 com-

495 507 566 562 ad
597 505 881 562 saecularia
903 505 1108 574 judicia
1137 507 1276 560 trahi
1303 505 1480 560 modis
1508 506 1762 560 omnibus
1791 506 2085 560 interdixit.

496 577 804 646 Quemlibet
833 585 1014 648 autem
1045 577 1240 648 ducem
1269 577 1354 630 vel
1384 577 1545 630 alium
1577 584 1764 648 contra
1781 578 1896 631 haec
1919 591 2087 648 agen-

496 657 625 716 tem,
659 647 1240 702 excommunicandum
1271 663 1392 702 esse
1420 647 1698 713 decrevit;
1731 647 2091 716 perseveran-

497 727 608 772 tem
639 734 770 773 vero
801 718 1162 772 anathematis
1194 718 1411 772 vinculo
1445 719 1838 772 innodandum.

565 789 722 842 Idem
750 789 888 842 inter
919 797 1114 842 caetera
1142 789 1210 842 de
1257 788 1482 842 decimis
1533 789 1906 842 sacerdotibus
1945 787 2087 840 dan-

496 859 582 912 dis
615 859 688 912 ita
719 859 995 928 praecepit.
1029 857 1179 925 Quas
1201 859 1408 914 scilicet
1435 859 1678 912 decimas
1718 872 2088 928 unumquem-

498 945 604 1000 que
633 927 850 1000 fidelem
881 927 958 982 illi
989 928 1262 1000 sacerdoti
1295 929 1422 1000 dare
1451 927 1785 1000 censuimus,
1835 929 1888 980 in
1921 927 2090 1000 cujus

499 997 754 1069 parochia
812 1015 934 1052 eum
989 999 1182 1068 procul
1230 999 1394 1052 dubio
1442 1007 1648 1052 constat
1689 999 1788 1051 sub
1847 997 2090 1069 episcopi

493 1067 700 1140 proprii
746 1069 948 1124 ditione
992 1067 1095 1138 ta),
1147 1070 1272 1138 quia
1315 1069 1383 1122 ad
1427 1069 1531 1123 hoc
1599 1069 1968 1140 recipiendum
2023 1067 2092 1140 ab

497 1137 754 1208 episcOpo
787 1155 884 1193 suo
917 1137 1370 1206 estconstitutus,
1422 1154 1667 1205 manere,
1703 1145 1754 1191 et
1800 1139 1922 1191 ideo
1965 1137 2091 1208 nul-

495 1207 606 1263 lum
665 1207 882 1263 alterius
939 1210 1242 1264 dimceseos
1301 1210 1638 1262 sacerdotem
1698 1217 1790 1262 aut
1849 1207 2092 1262 Levitam

497 1279 652 1334 alteri
677 1280 802 1348 jure
833 1295 896 1334 ea
925 1295 1124 1332 novum
1155 1281 1231 1346 (ὁ)
1287 1279 1470 1332 debita
1525 1277 1836 1347 hujusmodi
1900 1279 2091 1332 audire

493 1349 974 1420 impudentemvel
1005 1358 1211 1420 temere
1242 1359 1614 1418 qua:rere,aut
1642 1349 1891 1420 accipere
1923 1349 2091 1420 dam-

494 1419 770 1475 nationem
797 1419 884 1473 vel
914 1419 1260 1472 donationem
1300 1420 1394 1488 (c).
1445 1421 1582 1473 Eum
1625 1434 1756 1472 vero
1806 1419 1898 1488 qui
1937 1419 2094 1472 aliter

496 1552 606 1590 cum
627 1539 833 1588 Baronio
855 1539 1070 1589 crederet
1094 1551 1151 1587 ex
1177 1541 1269 1589 hoc
1295 1540 1424 1589 facto
1442 1539 1654 1590 fabulam
1678 1540 1738 1590 de
1763 1541 1947 1589 Joanne
1965 1539 2092 1602 Vlll,

495 1617 590 1654 non
617 1617 760 1668 papa,
787 1605 874 1654 sed
897 1606 1110 1668 papissa,
1135 1607 1374 1668 originem
1399 1607 1684 1668 sumpsisse,
1711 1618 1806 1655 non
1834 1607 1958 1655 male
1987 1606 2094 1655 for-

493 1673 624 1720 tasse
649 1671 875 1721 sentiret.
905 1673 1017 1721 Haec
1041 1683 1102 1720 ex
1121 1673 1286 1722 Niceta
1307 1677 1356 1722 et
1381 1670 1603 1723 Aimoino
1627 1674 1803 1722 Baron.
1829 1677 1950 1722 tom.
1975 1673 2018 1721 x
2045 1673 2094 1721 in

495 1737 606 1786 Vite
630 1738 848 1787 Joannis.
877 1739 988 1788 Sev.
1017 1739 1124 1787 Bis.

2191 507 2448 561 munione
2475 507 2660 562 tandiu
2686 507 2990 575 judicamus
3027 523 3248 578 manere
3286 507 3550 578 privatum
3571 551 3585 574 ,
3615 507 3796 562 donec

2189 579 2490 632 secundum
2521 579 2626 632 hoc
2653 586 2854 632 nostra:
2883 577 3193 648 apostolicae
3238 577 3574 633 auctoritatis
3633 577 3792 649 capi-

2189 649 2361 701 tulum
2399 649 2664 702 studuerit
2680 719 2685 720 7
2703 664 2886 720 agere.

2263 720 2434 786 IIujus
2463 717 2794 788 temporibus
2827 717 3132 773 Ludovicus
3161 719 3477 789 imperator,
3511 719 3580 774 ab
3607 718 3788 774 Adal-

2189 789 2310 858 giso
2357 790 2734 844 Beneventano
2789 790 2928 844 duce
2985 791 3322 856 constrictus,
3383 789 3574 844 timore
3635 790 3782 848 vitae.

2185 859 2543 930 jurejurando
2599 859 2844 924 firmavit,
2910 875 3182 930 nunquam
3231 877 3290 914 se
3339 860 3632 914 Beneventi
3665 859 3802 914 tines

2191 929 2716 1000 ultraintraturum,
2761 946 2939 1000 neque
2985 929 3057 984 eti
3094 931 3336 1000 periculo
3381 931 3589 997 injuriae
3661 939 3792 984 tunc

2192 1000 2294 1053 sibi
2323 999 2486 1054 illatae
2517 1001 2804 1055 vindictam
2835 999 3129 1070 aliquando
3159 1009 3492 1055 exacturum.
3544 1001 3631 1054 Ab
3689 1002 3795 1054 hoc

2191 1079 2372 1124 autem
2398 1071 2710 1138 juramento
2743 1071 3088 1140 postmodum
3137 1071 3428 1141 praedictus
3473 1085 3616 1140 papa
3667 1086 3794 1141 eum

2192 1141 2379 1195 Romae
2410 1141 2642 1195 absolvit.
2671 1139 2988 1196 auctoritate
3015 1141 3115 1194 Dei
3137 1139 3210 1196 'et
3257 1141 3430 1196 sancti
3475 1139 3649 1204 Petri,
3707 1139 3794 1194 af-

2192 1210 2416 1264 firmans
2445 1212 2576 1265 nihil
2606 1212 2710 1265 sibi
2740 1212 2956 1282 obesse,
2991 1211 3138 1282 quod
3167 1212 3237 1266 ob
3265 1211 3459 1265 mortis
3489 1210 3796 1280 periculum

2193 1282 2534 1335 evadendum
2563 1291 2784 1337 coactus
2811 1281 3032 1346 fecerat,
3065 1297 3168 1337 nec
3209 1289 3608 1336 sacramentum
3661 1297 3786 1335 esse

2193 1353 2483 1406 dicendum
2513 1353 2658 1423 quod
2689 1361 2872 1406 contra
2921 1353 3152 1423 salutem
3181 1351 3510 1421 reipublicae,
3543 1353 3800 1422 quamvis

2195 1438 2316 1477 cum
2347 1422 3036 1488 multis'exsecrationibus,
3071 1422 3230 1478 fuerit
3259 1423 3544 1493 prolatum.

2265 1547 2336 1612 (α)
2367 1549 2525 1598 Locus
2549 1548 2822 1599 mendosus.

2265 1641 2345 1706 (ὸ)
2373 1643 2448 1692 Εα
2469 1655 2660 1692 novum.
2687 1643 2832 1692 Forte
2855 1655 3116 1692 canonum.

2265 1731 2334 1800 (c)
2357 1735 2499 1784 Forte
2523 1737 2709 1784 tantum
2731 1734 3052 1785 donationem.

1277 1965 1990 2100 JOANNIS
2105 1963 2592 2098 PAPIE
2720 1963 2990 2095 VIII

718 2177 1902 2349 EPISTOLXE
2034 2175 2320 2344 ET
2510 2174 3580 2346 DECRETA

1459 2421 1750 2486 ORDINE
1805 2419 2404 2485 CHRONOLOGICO
2461 2418 2816 2482 DIGESTA.

673 2555 969 2628 (Epistolas
1001 2572 1094 2612 seu
1125 2556 1349 2613 decreta
1378 2557 1573 2629 quibus
1595 2556 1798 2612 fontem
1827 2557 1970 2612 unde
2001 2555 2280 2611 hausimus
2301 2570 2412 2609 non
2439 2554 2808 2621 inscribimus,
2841 2553 3097 2610 Conciliis
3126 2554 3297 2610 Mansi
3319 2555 3612 2626 ascribas.)

1501 2739 1921 2823 PHILIPPI
1983 2737 2274 2822 JAFFE
2338 2735 2843 2820 MONITUM.

1617 2901 1879 2973 (Regesta
1907 2899 2230 2956 Pontiﬁcum
2259 2901 2675 2969 Romanorum.)

572 3075 1002 3157 Quantieunque
1031 3075 1232 3157 merito
1265 3074 1788 3157 habetur-amplum:
1819 3079 1874 3131 et
1901 3075 2133 3157 grande,
2165 3075 2306 3157 quod
2335 3077 2610 3157 superest,
2647 3073 2895 3157 Registri
2915 3075 3165 3157 dammis
3224 3074 3338 3130 VIII
3377 3075 3801 3157 fragmentum,

495 3149 760 3220 epistolas
789 3150 891 3200 308
907 3145 1418 3220 icomprehendens,
1441 3145 1744 3220 dolendum
1764 3145 1962 3220 tamen
1990 3150 2093 3212 est,
2125 3145 2268 3217 quod
2299 3145 2674 3220 noumeliore
2703 3145 3030 3220 conditione
3051 3145 3124 3199 ad
3143 3145 3533 3220 nospervenit.
3560 3147 3806 3202 Incuria

489 3215 644 3273 ehim
673 3218 787 3272 sive
815 3219 994 3288 ipsius
1021 3215 1258 3289 notarii,
1281 3219 1414 3289 sive,
1459 3221 1525 3271 ut
1549 3217 1892 3289 probabilius
1923 3220 2028 3280 est,
2061 3215 2256 3289 eorum
2284 3217 2381 3286 qui
2411 3215 2921 3289 transcripserunt,
2963 3231 3078 3289 rion
3125 3215 3298 3289 modo
3330 3220 3614 3289 corrupta;
3667 3235 3803 3289 ηια-

493 3291 814 3371 gnopere-et
833 3285 1128 3371 truncatas
1159 3287 1309 3342 haud
1335 3303 1532 3371 pauca;
1549 3285 1811 3371 epistolae
1841 3291 1996 3352 sunt,
2027 3286 2126 3368 sed
2149 3301 2221 3371 ne
2252 3285 2517 3371 temporis
2539 3285 2766 3371 quidem
2793 3287 2856 3340 in
2867 3286 2945 3371 iis
2965 3285 3566 3371 disponendisubique
3596 3287 3804 3342 habita

491 3355 794 3438 ratiqest;
816 3359 954 3428 quin
985 3355 1446 3438 etiameousque
1477 3355 1850 3438 chronologiw
1880 3355 2414 3438 quasicontemptio
2443 3355 2698 3438 quaedam
2729 3355 2881 3438 haud
2928 3355 3065 3410 raro
3103 3356 3392 3438 processit,
3437 3355 3502 3438 ut
3545 3357 3610 3410 in
3663 3373 3800 3438 per-

489 3430 692 3500 multis
719 3425 898 3500 iisque
929 3429 1216 3500 continuis
1249 3425 1480 3500 litteris,
1515 3443 1652 3500 quas
1667 3425 1837 3500 plrine
1857 3425 2165 3500 mani/“esto
2187 3441 2261 3480 ea:
2283 3425 2650 3500 interioribus
2672 3425 2905 3500 indiciis
2926 3425 3163 3500 apparet
3184 3427 3426 3497 scriptas
3450 3425 3806 3500 temporibus

491 3497 725 3553 diversis
755 3495 952 3568 fuisse,
985 3499 1266 3552 chronicis
1287 3499 1464 3568 signis
1495 3495 1725 3552 o’mniho
1753 3499 1985 3568 abjectis
2017 3495 2206 3568 eodem
2235 3495 2864 3568 modoAsubstitueretur
2896 3515 2914 3550 :
2945 3495 3082 3550 Data
3127 3503 3184 3549 ut
3221 3495 3407 3566 supra.
3457 3495 3588 3562 Quae
3629 3499 3808 3554 verba

489 3568 558 3622 ab
589 3565 779 3650 inepto
808 3568 1045 3639 quodam
1067 3569 1254 3650 atatis
1282 3565 1614 3650 posterioris
1647 3565 1940 3650 librariolo'
1963 3583 2063 3650 pro
2085 3585 2102 3620 :
2133 3567 2266 3650 Data
2297 3573 2348 3619 et
2381 3565 2608 3650 Caetera,
2644 3569 2901 3650 apposita
2926 3565 3307 3650 putemtcuml
3327 3568 3656 3650 prayer-tim
3699 3585 3808 3650 quo

491 3653 565 3692 ea:
593 3635 778 3708 codice
808 3635 1140 3708 expressum
1172 3635 1492 3708 Registrum
1521 3642 1625 3702 est,
1660 3655 1790 3708 eum
1821 3635 2125 3708 undecimo
2149 3635 2376 3708 demum
2406 3636 2610 3708 saeculo
2637 3635 2976 3708 confectum,
2990 3652 3108 3690 esse
3139 3635 3724 3708 testaturiPertzius'
3743 3639 3806 3692 in

485 3707 702 3779 Archiv_
722 3708 806 3779 fiir
835 3705 1006 3762 nitere
1035 3705 1294 3762 deutsche
1327 3707 1850 3775 Geschichtskunde,
1887 3708 1949 3773 V,
1986 3711 2072 3762 32.
2103 3706 2206 3779 Sed
2235 3706 2606 3779 quoquomodo
2636 3705 2754 3761 sese
2773 3722 2861 3761 res
2883 3705 3102 3772 habeat,
3125 3707 3192 3762 de
3208 3707 3580 3778 epistolarum
3597 3707 3806 3763 diebus

489 3779 638 3833 nihil
669 3777 856 3834 debuit
886 3793 1122 3847 usquam
1148 3793 1222 3832 ea:
1251 3794 1426 3848 prava
1444 3779 1550 3833 illa
1577 3779 1830 3848 formula
1857 3778 2154 3832 extricari.

1235 3952 1278 4005 l.
2117 3954 2171 4012 B
2191 3949 2520 4020 indictionis,
2549 3957 2640 4006 aut
2667 3967 2768 4022 per
2821 3951 3170 4024 temetipsum
3211 3950 3430 4008 deferas
3477 3960 3572 4008 aut
3619 3961 3808 4010 trans-

531 4093 604 4134 ΑΒ
635 4091 906 4134 ANNONEH
939 4091 1364 4133 FRISINGUENSIS
1393 4093 1675 4134 ECCLESIJ'I
1725 4093 2051 4134 EPISCOPUH.

976 4201 1190 4274 Fragm.
1236 4201 1416 4272 (Anno
1465 4203 1615 4274 8'73.)

499 4329 564 4386 Ut
593 4325 856 4382 Ecclesia:
884 4326 1146 4382 Romanis
1177 4325 1386 4382 debitos
1433 4327 1688 4383 reddit-us
1706 4328 2089 4383 transmittat.

567 4441 880 4500 Eﬂicaciam
911 4451 1013 4500 tuae
1041 4442 1316 4500 ﬁdelitatis
1345 4445 1486 4502 circa
1517 4446 1703 4502 sedem
1720 4445 2092 4516 apostolicam,

499 4547 664 4604 quam
705 4531 962 4586 nimirum
1009 4533 1199 4588 litteris
1239 4533 1345 4587 tuis
1391 4535 1686 4602 extuleras,
1739 4534 1996 4604 operibus
2043 4542 2096 4589 te

501 4619 804 4691 approbare
833 4619 972 4675 velle
1003 4621 1136 4675 satis
1183 4621 1532 4676 devotissime
1587 4622 1988 4692 promittentem
2045 4631 2098 4677 et

502 4715 782 4778 gratanter
809 4707 1121 4778 accepimus
1151 4715 1206 4763 et
1227 4724 1329 4777 pro
1383 4710 1854 4765 commendatione
1913 4727 2096 4765 rerum

501 4795 760 4850 Romanae
780 4794 1042 4850 Ecclesiae
1063 4795 1362 4865 provisioni
1383 4803 1507 4862 tute,
1523 4805 1580 4850 ut
1597 4798 1815 4866 asseris,
1841 4798 2098 4854 commis—

505 4897 706 4936 sarum.
739 4882 971 4937 Noveris
993 4882 1172 4954 itaque
1189 4884 1502 4954 nuperrime
1531 4900 1631 4939 nos
1662 4885 1867 4939 litteras
1898 4887 2096 4942 dilecto

503 4969 616 5024 tilio
643 4977 829 5024 nostro
857 4970 1130 5026 Ludovico
1159 4971 1298 5043 regi,
1333 4972 1431 5028 sed
1460 4980 1512 5026 et
1541 4972 1814 5042 episcOpis
1844 4983 1896 5030 et
1927 4975 2098 5030 comi-

501 5057 646 5112 tibus
677 5057 846 5112 Italici
875 5059 1030 5130 regni
1063 5059 1152 5130 qui
1183 5075 1372 5113 earum
1405 5060 1650 5115 redditus
1681 5061 1840 5116 nobis
1897 5062 2096 5118 deferri

502 5145 684 5200 salvos
713 5144 933 5212 faciant,
983 5147 1374 5212 transmisisse,
1449 5147 1690 5220 nihilque
1748 5149 2095 5222 aliudsuper-

503 5249 626 5288 esse
673 5233 1056 5306 cognoscimus
1096 5234 1200 5288 nisi
1249 5243 1306 5290 ut
1351 5249 1547 5290 aurum
1593 5235 1834 5310 aliasque
1883 5239 2097 5309 Species

2191 4039 2394 4108 mittas,
2429 4038 2610 4095 sciens
2635 4039 2760 4111 quia
2790 4040 2836 4094 si
2865 4039 2970 4096 hoc
2997 4041 3250 4096 condicto
3280 4047 3526 4112 tempore
3551 4041 3812 4098 redditus

2192 4135 2350 4190 nobis
2381 4149 2489 4190 non
2520 4135 2786 4204 venerint,
2815 4135 3013 4190 nullius
3043 4135 3265 4191 alterius
3301 4135 3406 4190 nisi
3433 4143 3536 4190 tua:
3559 4123 3812 4192 morosae

2193 4223 2542 4296 negligentia:
2571 4223 2878 4294 specialiter
2905 4223 3298 4294 imputandum.
3337 4225 3632 4279 Precamur
3697 4241 3812 4281 au-

2193 4319 2304 4366 tem
2333 4321 2390 4366 ut
2419 4313 2680 4385 Optimum
2710 4329 2974 4383 organum
3003 4327 3128 4368 cum
3158 4311 3386 4376 artifice,
3421 4312 3512 4383 qui
3541 4313 3652 4368 hoc
3687 4329 3812 4368 mo-

2193 4401 2377 4456 derari
2405 4411 2454 4456 et
2487 4402 2665 4458 facere
2693 4403 2765 4457 ad
2794 4417 3013 4458 omnem
3041 4400 3428 4458 modulationis
3487 4399 3808 4458 efficaciam

2195 4490 2384 4560 possit,
2415 4489 2484 4543 ad
2512 4490 2920 4545 instructionem
2935 4491 3157 4546 musicae
3177 4489 3496 4559 disciplinae,
3523 4489 3694 4544 nobis
3711 4500 3810 4546 aut

2197 4575 2433 4642 deferas,
2468 4586 2562 4630 aut
2587 4592 2714 4632 cum
2744 4577 2948 4632 eisdem
2970 4577 3268 4632 redditibus
3293 4577 3496 4646 mittas,
3521 4587 3809 4648 quatenus

2195 4663 2323 4718 dum
2356 4664 2460 4718 vile
2487 4664 2760 4719 metallum
2791 4665 2947 4719 beato
2977 4665 3136 4720 Petro
3161 4665 3415 4721 conferre
3443 4663 3702 4733 festinas,
3735 4667 3809 4722 ab

2196 4767 2261 4807 eo
2291 4767 2458 4807 aurea
2487 4751 2646 4824 regni
2673 4751 2909 4808 caelestis
2937 4768 3164 4808 munera
3193 4769 3476 4824 capessas.

2956 4859 3023 4914 II.

2265 4977 2340 5017 AD
2371 4977 2720 5018 WILIBERTUM
2765 4978 3158 5020 οοιοΝιεΝεεκ
3211 4977 3728 5022 Αιιοεηεριεοορυκ.

2631 5067 2852 5142 Fragm.
2884 5101 2954 5110 —
2985 5071 3166 5142 (Anno
3211 5071 3362 5143 8'73.)

2195 5174 2463 5242 Pallium,
2505 5175 2622 5230 nisi
2654 5178 2782 5248 post
2821 5180 3151 5248 consuetam
3182 5176 3314 5246 ﬁdei
3351 5178 3796 5248 professionem,

2744 5245 2874 5300 dari
2904 5263 3020 5302 non
3051 5245 3226 5302 debet.

501 5335 639 5391 quas
667 5329 720 5376 te
749 5305 1042 5394 collegisse
1067 5321 1250 5378 fateris
1280 5323 1440 5378 simul
1469 5341 1594 5380 cum
1622 5305 1928 5396 praet-erita—
1953 5327 2093 5382 indi-
2123 5305 2173 5368 C
2266 5331 2524 5402 Optatum
2553 5331 2648 5387 tibi
2679 5332 2898 5402 pallium
2929 5349 3072 5390 nunc
3111 5333 3364 5390 conferre
3419 5335 3804 5407 nequivimus,

499 5407 694 5462 ctionis
725 5409 816 5480 qui
845 5409 1022 5464 minus
1055 5409 1272 5464 fuerunt
1303 5410 1604 5466 redditibus
1635 5414 1738 5468 sub
1785 5415 1932 5469 omni
1979 5415 2098 5486 ple-

499 5491 745 5550 nitudine
781 5495 938 5550 nobis
993 5513 1094 5570 per
1137 5504 1310 5554 totum
1359 5499 1735 5572 Septembrem
1779 5501 1970 5559 futurae
2017 5519 2094 5557 vn

2199 5421 2322 5491 quia
2351 5419 2476 5474 fidei
2504 5428 2607 5475 tua:
2637 5421 2891 5491 paginam
2911 5423 3093 5477 minus
3121 5438 3288 5494 quam
3317 5431 3566 5494 oporteat
3605 5427 3804 5481 conti-

2195 5523 2324 5562 nere
2353 5507 2650 5578 reperimus
2681 5524 2696 5563 :
2731 5523 2854 5565 cum
2885 5509 3138 5566 videlicet
3167 5511 3221 5565 in
3253 5525 3319 5568 ea
3345 5511 3549 5566 nullam
3565 5521 3802 5570 sancta-
