4020 6178
228 273 338 327 653

1380 272 1740 333 EPISTOLE
1793 273 1884 332 ET
1938 274 2286 334 DECRETA.

3436 284 3539 341 65L

225 407 357 448 rum
385 391 777 450 universalium
796 393 1149 466 synodorum,
1173 396 1230 451 in
1261 396 1459 468 quibus
1485 396 1614 454 ﬁdei
1641 397 2310 471 nostraAjudicaremus.
2348 401 2505 458 Unde
2559 402 2687 475 quia
2716 418 2825 459 non
2873 418 2997 459 esse
3018 404 3193 474 justos
3220 404 3549 461 mediatores

231 481 554 552 symbolum
608 482 930 552 continetur,
990 499 1092 539 nec
1142 484 1495 540 decretalium
1533 485 1847 557 pontificum

1954 495 2186 559 oportet,
2236 490 2397 545 unius
2455 498 2637 545 autem
2683 491 2947 547 mediator
3000 507 3111 548 non
3170 499 3272 561 est,
3330 492 3553 549 eosdem

227 568 610 626 Romanorum
627 571 1058 640 constitutorum,
1081 573 1380 629 secundum
1398 590 1625 645 morem,
1648 574 1856 631 feceris
1951 593 2145 633 vexare
2174 576 2392 651 longius
2421 576 2822 649 proﬁciscendo
2850 579 3122 650 nolumus,
3147 580 3416 637 sanctitati
3446 589 3552 638 tua

224 656 611 725 mentionem;
670 659 769 714 sed
824 675 927 715 nec
980 659 1129 714 illam
1181 661 1403 732 propria
1454 662 1849 733 subscriptione

224 745 523 811 munieris,
568 762 672 803 nec
718 746 960 820 aliquem
990 747 1083 820 qui
1108 748 1251 805 hanc
1275 749 1628 820 jurejurando
1659 749 1848 807 ﬁrma-

231 840 323 888 ret
350 833 593 890 miseris.

993 954 1089 1010 III.

561 1071 636 1113 ΔΙ)
671 1072 990 1116 ισῡογιασιι
1026 1074 1068 1114 ιι
1103 1072 1520 1116 ῙΙΡΕΠΑΤΟᾺΕΠ.

712 1159 935 1233 Fragm.
962 1191 1032 1201 —
1059 1161 1187 1233 (An.
1221 1161 1373 1233 874.)

228 1263 594 1320 Aeaei-untur
612 1265 871 1336 quaedam
886 1266 1152 1322 Ecclesia
1170 1268 1589 1324 Ravennatensi
1605 1266 1838 1340 praedia.

302 1369 454 1424 Nam
480 1370 871 1425 monasterium
892 1379 1095 1427 sancta
1117 1372 1298 1427 Maria
1317 1372 1373 1426 in
1394 1372 1671 1439 Comaclo,
1696 1372 1842 1444 quod

227 1456 530 1528 Pomposia
574 1458 794 1525 dicitur,
828 1466 881 1514 et
905 1460 1292 1515 monasterium
1338 1461 1511 1515 sancti
1541 1460 1841 1517 Salvatoris

224 1544 285 1599 in
322 1552 512 1600 monte
536 1545 764 1612 Feretri,
799 1546 1050 1619 aliudque
1078 1548 1467 1604 monasterium
1494 1548 1641 1620 quod
1673 1564 1837 1605 voca-

227 1640 321 1687 tur
354 1640 549 1688 sancto
578 1633 773 1701 Probo,
808 1641 970 1706 atque
1001 1634 1225 1691 colonos
1253 1636 1308 1690 in
1337 1636 1609 1692 territorio
1640 1636 1838 1692 Ferra-

230 1720 409 1777 riensi
452 1728 505 1776 et
553 1720 805 1777 Adriensi
836 1730 889 1777 et
911 1722 1175 1779 Gallicata
1212 1731 1263 1779 et
1309 1724 1693 1780 Fanventillam
1722 1725 1837 1781 Ra-

228 1808 458 1865 vennati
488 1808 903 1881 archiepiscopo
932 1826 1042 1866 non
1072 1811 1415 1879 abstulimus,
1447 1813 1547 1868 sed
1566 1827 1633 1868 ea
1662 1827 1845 1868 mona-

228 1896 401 1951 steria
458 1904 512 1951 et
567 1897 691 1953 loca
737 1898 806 1951 ab
850 1900 1289 1956 antecessoribus
1336 1901 1538 1955 nostris
1585 1915 1845 1971 possessa

229 1984 579 2056 reperientes
610 1985 955 2057 possedimus
984 1988 1357 2059 hactenusque
1373 1988 1493 2057 jure
1513 1988 1735 2059 proprio
1757 2005 1844 2044 re-

228 2073 494 2128 tinemus.
517 2073 638 2128 Alia
659 2089 876 2145 quoque
907 2074 1027 2131 loca
1056 2083 1106 2130 et
1137 2075 1294 2131 villas
1324 2083 1378 2131 et
1405 2076 1604 2147 pradia
1633 2076 1703 2131 de
1733 2076 1846 2147 qui-

232 2160 340 2215 bus
368 2160 610 2233 aliquam
658 2160 992 2218 functionem
1035 2179 1137 2233 per
1164 2178 1200 2217 ι)
1220 2164 1334 2232 jam
1381 2179 1553 2220 annos
1582 2163 1847 2221 Ecclesia

230 2248 533 2305 Ravennae
578 2249 802 2319 recepit,
834 2249 1088 2306 volumus
1116 2259 1174 2305 ut
1200 2252 1488 2322 pristinam
1516 2251 1846 2308 functionem

231 2342 288 2392 et
319 2335 601 2391 dationem
647 2337 844 2393 eadem
889 2337 1138 2393 Ecclesia
1179 2338 1439 2410 deinceps
1486 2340 1727 2411 recipiat.
1778 2341 1848 2396 Et

230 2422 363 2495 quia
411 2423 594 2480 eidem
639 2424 902 2481 Ecclesia
945 2425 1055 2481 alia
1080 2426 1204 2482 loca
1232 2441 1335 2483 nec
1370 2426 1589 2482 tulimus
1617 2442 1720 2484 nec
1747 2442 1847 2483 oc-

228 2511 429 2582 cupari
459 2510 707 2578 fecimus,
740 2512 936 2568 habeat
965 2530 1088 2585 qua
1113 2515 1380 2571 hactenus
1422 2515 1612 2570 habuit
1638 2514 1848 2585 absque

228 2600 517 2671 praedictis
545 2599 703 2667 locis,
735 2600 791 2655 id
820 2609 905 2657 est
942 2601 1207 2658 Gallicata
1235 2610 1289 2658 et
1317 2618 1496 2657 massa
1524 2602 1844 2670 Faventilla,

231 2695 287 2743 et
319 2687 539 2759 absque
584 2687 830 2759 prafatis
878 2690 1241 2756 monasteriis,
1291 2706 1574 2763 quousque
1614 2690 1672 2745 in
1697 2705 1847 2761 pra-

229 2775 417 2832 sentia
461 2783 646 2831 nostra
689 2784 742 2832 et
788 2776 907 2847 ipsa
947 2776 1070 2833 loca
1096 2794 1218 2849 qua
1259 2794 1357 2833 sua
1385 2794 1508 2834 esse
1537 2786 1709 2848 putat,
1742 2792 1847 2833 no-

228 2871 365 2919 stra
408 2862 592 2934 potius
636 2863 902 2921 Ecclesia
927 2864 1054 2937 lege
1081 2872 1137 2921 et
1163 2865 1376 2921 ratione
1421 2865 1696 2937 pertinere
1723 2881 1848 2921 om-

228 2951 476 3007 nimodis
513 2952 884 3025 cognoscetis.
933 2954 1135 3009 Datum
1180 2969 1238 3010 IV
1281 2952 1402 3010 Kal.
1460 2953 1644 3025 Febr.,
1701 2953 1849 3009 indi-

229 3040 419 3097 ctione
451 3055 552 3096 vn.

1003 3153 1094 3210 Ν.

287 3283 366 3325 AD
404 3283 740 3325 ANSBERTUX
775 3282 1255 3325 ARCHIEPISCOPUI
1292 3284 1788 3327 MEDIOLANENSEI.

686 3366 905 3440 Fragm.
939 3397 1009 3407 —
1036 3366 1217 3439 (Anno
1254 3367 1405 3439 874.)

307 3474 409 3531 Vir
451 3474 765 3545 spectabilis
807 3473 1126 3545 Rudolpbus
1172 3473 1410 3541 nomine,
1457 3473 1843 3545 imperatorius

230 3564 423 3632 homo,
474 3578 576 3619 nos
623 3577 800 3633 nuper
846 3562 1074 3628 adierat,
1119 3562 1397 3633 queritans
1437 3570 1493 3618 et
1519 3576 1844 3618 asseverans

230 3667 294 3706 se
338 3665 566 3706 uxorem
616 3665 771 3705 suam
816 3650 1036 3705 nomine
1083 3650 1283 3705 Bavam
1312 3648 1428 3706 zelo
1468 3650 1698 3721 pudoris
1727 3648 1844 3706 fer-

232 3748 423 3806 vente,
483 3739 741 3795 obscena
794 3738 1121 3809 suspicionis
1167 3738 1378 3795 macula
1423 3738 1735 3805 denotasse,
1779 3753 1846 3795 ac

234 3827 467 3883 sinistra
510 3826 894 3882 crebrescente
923 3825 1067 3882 fama
1093 3826 1325 3883 carnalis
1363 3826 1705 3883 accusatione
1732 3826 1846 3882 cri-

230 3915 401 3971 minis
447 3914 751 3986 impetisse.
803 3913 906 3983 Qui
952 3930 1075 3971 cum
1115 3915 1256 3971 hanc
1286 3914 1355 3969 ad
1388 3915 1733 3986 purgandum
1761 3930 1850 3971 se-

232 4002 482 4059 cundum
530 4002 671 4075 legis
715 4001 955 4074 propria
1000 4010 1243 4058 tenorem
1284 4002 1603 4074 parentibus
1650 4003 1767 4072 ejus
1795 4010 1849 4058 et

236 4090 669 4162 consanguineis
716 4080 1050 4159 tradidisset,
1100 4089 1239 4146 ultra
1268 4090 1504 4161 spatium
1532 4090 1660 4145 anni
1692 4089 1851 4147 fuerit

236 4180 341 4234 sub
371 4178 737 4234 criminalium
767 4186 923 4233 reatu
951 4177 1345 4234 calumniarum
1375 4184 1607 4233 retenta.
1630 4177 1751 4247 Qua
1780 4178 1849 4234 de

237 4283 297 4323 re
327 4282 454 4331 nos,
485 4266 755 4339 aquitatis
785 4282 971 4322 amore
1003 4266 1273 4336 succensi,
1318 4266 1612 4338 apostolica
1640 4282 1849 4338 paren-

236 4355 383 4411 tibus
414 4356 536 4425 ejus
564 4355 878 4411 auctoritate
904 4354 1253 4426 pracipimus
1286 4361 1552 4426 quatenus
1580 4354 1850 4410 mediante

1950 680 2114 736 super
2158 664 2533 735 hujuscemodi
2561 667 2945 723 controversia
2981 667 3400 739 circumstantia,
3432 669 3552 726 vice

1948 760 2138 808 nostra
2167 752 2419 825 delegata
2446 755 2747 820 hortamur,
2780 763 2838 811 ut
2867 762 3064 812 statuto
3093 764 3146 811 et
3175 756 3379 813 indicto
3408 765 3553 812 tem-

1946 855 2080 911 pore
2135 842 2479 899 venerabiles
2536 842 2857 899 Lintfridum
2909 843 3275 911 Ficinensem,
3326 845 3554 902 Paulum

1948 927 2323 983 Placentinum
2352 930 2617 986 antistites
2643 930 2714 987 ad
2743 939 2951 987 certum
2980 932 3273 999 accersias,
3301 940 3355 989 et
3382 949 3554 990 uxore

1939 1016 2056 1085 jam
2084 1017 2366 1073 memorati
2394 1017 2661 1089 Radulphi
2687 1018 2870 1074 missis
2914 1020 3113 1075 vestris
3144 1028 3199 1076 et
3226 1020 3420 1077 litteris
3447 1021 3553 1078 ad-

1945 1111 2158 1171 vocata,
2191 1121 2314 1176 qua
2359 1104 2501 1176 legis
2544 1106 2664 1162 sive
2705 1107 2994 1164 mundana
3034 1107 3150 1165 sive
3178 1107 3376 1165 divina
3404 1116 3552 1181 sunt,

1945 1207 2112 1262 super
2137 1198 2368 1264 utroque
2399 1192 2633 1265 conjuge
2651 1192 3027 1251 incunctanter
3056 1210 3333 1263 exerceas,
3358 1211 3555 1253 secun-

1942 1278 2071 1334 dum
2099 1280 2450 1351 praestitutam
2479 1280 2635 1336 vobis
2671 1281 3035 1338 sacerdotalis
3064 1298 3379 1340 mensuram
3408 1285 3554 1341 dun-

1941 1375 2086 1425 taxat
2111 1367 2291 1424 oﬂicii.
2323 1367 2458 1437 Qua
2485 1368 2533 1423 si
2562 1376 2693 1440 post
2718 1370 3062 1426 vocationem
3096 1378 3353 1438 vestram,
3385 1389 3547 1444 quam
3582 1410 3587 1413 -

1942 1455 2158 1512 tertiam
2216 1472 2339 1512 esse
2382 1465 2507 1527 post
2555 1457 2855 1514 secundam
2893 1465 3133 1514 nostram
3159 1459 3352 1530 procul
3380 1460 3547 1518 dubio

1944 1550 2176 1609 constat,
2228 1544 2301 1599 ad
2346 1544 2523 1601 virum
2567 1542 2869 1616 preprium,
2913 1544 3109 1602 collata
3155 1546 3259 1601 sibi
3296 1546 3462 1618 legali
3488 1556 3546 1605 et

1938 1630 2280 1687 indubitabili
2327 1647 2388 1687 se
2433 1631 2702 1689 libertate
2742 1633 3040 1706 purgandi,
3098 1633 3321 1691 minime
3372 1635 3555 1694 redire

1867 1717 2229 1804 Bdelegerit,
2275 1733 2615 1790 examenque
2660 1719 2963 1776 sanctitatis
3015 1728 3211 1777 vestra
3275 1722 3551 1781 subterfu-

1943 1806 2101 1879 giens
2155 1806 2525 1874 declinaverit,
2580 1822 2615 1862 a
2669 1807 2840 1864 sacris
2895 1815 2949 1864 et
3002 1808 3286 1881 sanguinis
3329 1810 3550 1867 Domini

1940 1894 2114 1950 nostri
2142 1894 2272 1950 Iesu
2302 1894 2497 1951 Christi
2518 1896 2901 1951 communione
2929 1896 2985 1951 in
3013 1896 3250 1967 idipsum
3285 1914 3393 1953 una
3420 1914 3547 1956 cum

1944 1982 2136 2053 spiritu
2177 1990 2370 2039 nostro
2412 1983 2817 2052 convenientes,
2865 1991 2971 2038 tam
3022 1984 3199 2055 ipsam
3245 2001 3412 2057 quam
3439 2002 3545 2044 ne-

1943 2070 2121 2142 quiter
2166 2086 2288 2127 eam
2333 2078 2546 2128 tuentes
2594 2078 2648 2127 et
2679 2071 3033 2128 defendentes
3080 2074 3541 2146 consanguineos,

1944 2158 2188 2230 quinimo
2234 2157 2470 2215 fautores
2511 2160 2626 2229 ejus
2669 2167 2722 2215 et
2769 2159 2990 2217 omnino
3028 2161 3543 2231 communicatores,

1943 2245 2122 2303 donec
2150 2246 2428 2315 obediant,
2461 2255 2817 2319 sequestrate.

2712 2390 2780 2446 ν.

2230 2496 2304 2539 ΔΙ)
2342 2498 2665 2541 ιιωονιοωι
2711 2500 2901 2541 REGE]!
2939 2500 3263 2544 ΕΒΚΠΛΝῙΒ.

2565 2574 2746 2644 (Anno
2777 2575 2926 2645 874.)

2001 2659 2310 2731 Privilegia
2337 2661 2600 2717 Romana:
2630 2663 2894 2717 Ecclesia
2938 2679 3053 2720 non
3080 2665 3198 2720 nisi
3223 2668 3455 2723 centum

2159 2746 2443 2786 annorum
2470 2733 2927 2804 praescriptione:
2958 2735 3263 2791 tolluntur.

2089 2833 2273 2905 (Apud
2303 2834 2479 2902 Grat.,
2512 2837 2696 2907 Decr.,
2728 2852 2876 2894 caus.
2912 2842 2997 2905 16,
3034 2856 3089 2912 q.
3119 2843 3173 2908 3,
3205 2855 3257 2898 c.
3293 2840 3408 2913 17.)

2016 2956 2192 3013 Nemo
2248 2958 2318 3014 de
2373 2973 2646 3016 annorum
2712 2976 2944 3019 numero
3016 2962 3317 3019 resultandi
3375 2972 3557 3021 sumat

1873 3088 1926 3153 Ο
1950 3043 2271 3113 fomentum,
2304 3046 2433 3118 quia
2474 3055 2679 3104 sancta
2718 3050 3135 3118 Romanagcui
3187 3053 3306 3108 Deo
3334 3060 3556 3112 auctore

1958 3132 2243 3203 servimus,
2292 3135 2557 3192 Ecclesia
2601 3137 2908 3211 privilegia,
2958 3155 3079 3210 qua
3124 3139 3181 3194 in
3224 3141 3383 3196 firma
3410 3139 3560 3199 Petri

1955 3221 2262 3277 stabilitatis
2306 3231 2460 3294 petra
2505 3224 2765 3295 suscepit,
2806 3226 2968 3280 nullis
3014 3228 3347 3298 temporibus
3375 3245 3557 3301 angu-

1948 3317 2178 3377 stantur,
2220 3311 2381 3365 nullis
2410 3327 2706 3383 regnorum
2746 3313 3083 3383 portionibus
3111 3316 3554 3385 prajudicantur.

1942 3396 2051 3452 Sed
2106 3398 2432 3454 veneranda
2473 3400 2733 3455 Romana
2778 3400 2952 3472 leges,
3004 3401 3262 3458 divinitus
3304 3419 3406 3473 per
3452 3419 3552 3460 ora

1942 3484 2158 3556 piorum
2201 3485 2509 3558 principum
2564 3487 2941 3558 promulgata,
3000 3504 3183 3544 rerum
3240 3491 3357 3560 ejus
3396 3507 3546 3561 pra-

1943 3571 2292 3645 scriptionem
2348 3589 2458 3629 non
2504 3574 2610 3629 nisi
2655 3590 2757 3646 per
2790 3583 3009 3632 centum
3038 3592 3210 3634 annos
3239 3577 3551 3635 admittunt.

2706 3716 2797 3772 VI.

2392 3838 2466 3878 AD
2502 3838 2723 3883 PMle
2769 3840 3101 3885 EPISCOPUI.

2567 3914 2748 3985 (Anno
2780 3917 2930 3987 874.)

1953 4000 2455 4057 Commonitorium
2484 4002 2663 4059 Paulo
2694 4003 2943 4077 episcopo
2969 4006 3240 4078 fungenti
3271 4005 3551 4080 legatione

2268 4089 2331 4143 in
2366 4090 2730 4146 Germaniam
2759 4095 2816 4147 et
2844 4094 3227 4151 Pannoniam.

2018 4192 2141 4248 Non
2185 4191 2329 4248 enim
2362 4193 2540 4251 solum
2566 4194 2707 4252 inter
2748 4196 2960 4253 Italiam
2988 4213 3055 4255 ac
3079 4207 3309 4256 cateras
3338 4202 3557 4277 IIespe-

1951 4279 2042 4335 ria
2096 4280 2425 4351 provincias,
2486 4298 2676 4338 verum
2732 4284 2898 4339 etiam
2945 4285 3089 4341 intra
3137 4287 3299 4342 totius
3348 4289 3553 4359 Illyrici

1950 4364 2087 4423 ﬁnes
2143 4368 2601 4438 consecrationes,
2650 4370 3020 4428 ordinationes
3064 4380 3117 4427 et
3169 4373 3556 4444 dispositiones

231 4459 429 4501 mense
477 4445 725 4518 Augusto
767 4443 1053 4514 praterita
1092 4442 1335 4515 septima
1373 4442 1682 4498 indictionis
1730 4442 1844 4498 sive
1865 4440 1918 4501 D
1948 4453 2245 4526 apostolica
2277 4454 2437 4510 sedes
2465 4456 2759 4528 antiquitus
2788 4465 3003 4528 patrare
3043 4440 3345 4516 consuevit.
3377 4462 3551 4518 Porro

231 4540 543 4606 purgatam,
578 4532 694 4587 sive
724 4531 879 4586 aliter
916 4531 1165 4587 eamdem
1194 4530 1445 4587 feminam
1471 4531 1587 4587 viro
1618 4530 1845 4602 proprio

234 4620 627 4686 reddidissent,
676 4619 823 4675 haud
866 4619 1093 4675 dubium
1134 4619 1265 4691 quin
1309 4619 1606 4674 subituram
1652 4619 1698 4673 si
1735 4634 1845 4673 non

232 4708 516 4765 sacularis
563 4707 724 4780 legis,
758 4707 950 4763 saltem
998 4706 1383 4764 ecclesiastica
1407 4706 1624 4778 pietatis
1651 4707 1843 4762 mede-

234 4797 365 4852 lam.
412 4796 669 4867 Alioquin
712 4795 961 4866 corporis
990 4803 1043 4851 et
1083 4794 1364 4868 sanguinis
1410 4795 1627 4850 Domini
1670 4794 1844 4850 nostri

232 4885 364 4940 Jesu
416 4883 620 4940 Christi
667 4899 728 4938 se
764 4890 992 4939 noscent
1039 4896 1164 4939 cum
1207 4899 1270 4939 ea
1313 4882 1695 4939 communione
1723 4883 1842 4955 pri-

234 4973 465 5041 vandos,
500 4972 593 5045 qui
621 4987 723 5028 nec
767 4971 1173 5027 mundanarum
1198 4971 1285 5027 vel
1322 4970 1628 5027 divinarum
1656 4971 1843 5044 legum

234 5075 551 5127 censuram,
569 5076 673 5116 nec
700 5059 1012 5132 apostolica
1030 5060 1179 5115 sedis
1194 5067 1510 5116 reverentes
1536 5059 1837 5115 decretum.

234 5150 445 5206 Horum
474 5149 630 5217 nihil,
662 5155 721 5203 ut
749 5147 1042 5219 pradictus
1071 5148 1157 5203 vir
1174 5147 1241 5203 ad
1271 5163 1372 5203 nos
1400 5146 1589 5203 iterato
1617 5146 1842 5202 veniens

233 5239 417 5294 retulit
445 5244 501 5293 et
530 5236 703 5308 ipsius
734 5235 815 5291 rei
862 5235 1039 5291 exitus
1082 5235 1272 5301 innuit,
1305 5251 1468 5307 agere
1496 5242 1837 5290 curaverunt.

233 5325 607 5395 Quamobrem
628 5324 683 5379 in
704 5339 862 5380 sacro
877 5323 1274 5379 communionis
1293 5338 1520 5378 munere
1541 5323 1841 5378 secundum

236 5415 384 5486 quod
412 5412 523 5468 illis
569 5412 886 5467 intentando
925 5411 1238 5467 comminati
1266 5411 1559 5476 fueramus,
1593 5426 1689 5465 eos
1718 5426 1839 5465 me-

231 5511 335 5567 rito
362 5511 712 5583 privaremus
740 5509 847 5565 nisi
873 5509 1098 5566 alteram
1126 5516 1340 5581 partem
1370 5507 1698 5565 audiendam
1721 5506 1840 5565 fore

1947 4542 1993 4597 si
2039 4542 2109 4597 de
2151 4557 2417 4598 annorum
2469 4560 2695 4600 numero
2743 4544 2881 4601 forte
2930 4555 3185 4603 causatur
3239 4548 3374 4605 sciat
3416 4549 3550 4621 quia

1944 4630 2085 4685 inter
2112 4630 2448 4687 Christianos
2478 4640 2531 4688 et
2560 4648 2655 4689 eos
2683 4633 2774 4706 qui
2820 4642 2943 4690 sunt
2983 4635 3142 4690 unius
3189 4633 3317 4693 fidei
3345 4651 3545 4692 nume-

1943 4735 2040 4773 rus
2093 4726 2273 4775 certus
2327 4717 2520 4775 afﬁxus
2574 4728 2677 4777 est.
2736 4722 2867 4777 Cum
2921 4729 3101 4778 tamen
3154 4723 3248 4779 ubi
3293 4739 3542 4797 pagano-

1943 4822 2063 4862 rum
2120 4813 2174 4862 et
2229 4806 2636 4863 incredulorum
2691 4806 2841 4865 furor
2895 4817 2977 4864 est
3032 4809 3087 4864 in
3127 4825 3314 4882 causa,
3365 4827 3545 4885 quan-

1943 4893 2132 4950 talibet
2172 4902 2554 4966 pertranseant
2597 4903 2840 4966 tempora
2859 4896 2970 4965 juri
3000 4894 3151 4970 [non]
3181 4900 3542 4969 prajudicant

1940 4982 2337 5051 Ecclesiarum,
2362 5000 2482 5055 qua
2510 4982 2815 5055 corporalia
2831 4982 3137 5040 nescientes
3158 5001 3334 5054 arma,
3364 4988 3542 5044 solum

1941 5070 2235 5125 Dominum
2280 5079 2744 5143 pr0pugnatorem
2794 5086 2972 5139 suum,
3017 5075 3289 5145 quomodo
3338 5076 3388 5131 ei
3415 5075 3539 5146 pla-

1942 5158 2111 5213 cuerit
2167 5157 2419 5213 misereri
2463 5157 2776 5228 patientem,
2839 5169 3171 5231 exspectant.
3221 5163 3442 5233 Verum,
3494 5161 3543 5218 si

1940 5260 2205 5300 annorum
2248 5244 2524 5316 prolixitas
2571 5245 2627 5300 in
2674 5246 2874 5302 talibus
2912 5247 3154 5320 impedit,
3204 5265 3337 5323 ergo
3388 5251 3538 5308 Deus

1940 5331 2057 5402 ipse
2107 5331 2612 5404 reprehendendus,
2675 5334 2767 5405 qui
2820 5343 2941 5405 post
2998 5336 3429 5410 quadringentos
3486 5346 3542 5395 et

1940 5419 2159 5491 triginta
2204 5436 2377 5476 annos
2420 5418 2561 5476 ﬁlios
2610 5421 2777 5477 Israel
2822 5423 2890 5479 de
2937 5423 3193 5481 servitute
3240 5426 3538 5483 Pharaonis

1940 5523 1970 5564 e
2019 5507 2238 5566 fornace
2286 5507 2460 5566 ferrea
2504 5508 2775 5577 liberavit,
2810 5518 2860 5565 et
2909 5511 2999 5583 qui
3034 5512 3311 5570 hominum
3358 5532 3535 5589 genus
