4056 6178
457 240 560 294 655

1671 221 1966 280 JOANNIS
2023 217 2220 273 PAPE
2275 217 2416 274 VIII.

3647 207 3748 262 656

458 367 582 432 post
623 359 790 430 longa
835 364 1081 428 tempora
1123 355 1192 412 de
1241 352 1493 412 claustris
1537 349 1736 406 inferni
1765 355 1818 404 et
1849 347 2051 402 daemo-
2076 343 2134 404 A
2157 343 2308 398 lucos
2329 343 2394 398 de
2412 347 2572 432 terra
2592 339 2736 432 {ulla
2863 339 2994 432 l’ar.
3017 337 3162 400 xxx).
3187 331 3463 432 Quantum
3479 335 3752 432 prmterea

461 464 591 504 num
619 445 862 520 potentia
891 445 1105 516 eripuit.

1201 560 1316 614 VII.

817 681 888 720 AD
927 677 1246 719 LUDOVICUM
1285 673 1700 718 IMPERATOREH.

936 755 1152 824 Fragm.
1185 783 1254 792 ——-
1283 753 1409 822 (An.
1441 751 1589 818 875.)

466 843 1012 900 Excommunicatur
1076 841 1386 896 Rainaldus
1478 837 1664 893 Castri
1744 832 2062 889 Felicitatis

1105 929 1412 1000 episcopus.

541 1027 781 1096 Qualiter
834 1024 1127 1080 Rainaldus
1183 1023 1360 1078 Castri
1427 1019 1720 1075 Felicitatis
1777 1016 2065 1086 episcopus

467 1131 634 1188 super
661 1113 953 1170 homicidio
983 1121 1092 1167 tam
1121 1127 1290 1182 penes
1320 1109 1676 1180 apostolicam
1705 1121 1866 1177 quam
1898 1118 2067 1174 penes

471 1202 877 1274 imperatoriam
929 1201 1114 1255 sedem
1153 1199 1370 1269 publico
1403 1211 1676 1250 murmure
1709 1193 1860 1248 fuerit
1891 1192 2066 1246 deno-

473 1301 636 1358 tatus,
669 1299 720 1345 et
752 1288 1018 1360 Gregorio
1064 1287 1264 1342 dilecto
1311 1285 1422 1338 ﬁlio
1465 1282 1869 1338 nomenclatore
1899 1279 2068 1333 misso

472 1387 524 1435 et
554 1377 906 1450 apocrisiario
945 1383 1148 1430 sanctae
1195 1373 1342 1428 sedis
1389 1379 1591 1427 nostra:
1638 1387 1759 1426 cum
1803 1367 2070 1438 Gregorio

471 1467 668 1522 illustri
699 1464 962 1536 magistro
989 1462 1218 1516 militum
1249 1477 1312 1515 ac
1341 1460 1592 1516 vestiario
1614 1458 1750 1514 sacri
1781 1455 1956 1511 nostri
1983 1471 2074 1526 pa-

473 1552 715 1608 triarchii
745 1551 888 1622 apud
915 1549 1322 1606 dilectissimam
1352 1547 1516 1602 ﬁliam
1558 1549 1798 1602 nost‘ram
1827 1546 2070 1616 impera-

473 1641 665 1696 tricem
713 1642 1012 1712 Augustam
1041 1638 1390 1703 consistente,
1422 1653 1454 1690 a
1485 1644 1656 1690 matre
1687 1633 1952 1706 perempti
1977 1633 2071 1700 ju-

475 1728 634 1784 venis
679 1727 908 1798 aliisque
953 1727 1268 1798 parentibus
1315 1724 1512 1780 fuerint
1569 1723 1861 1794 impetitus,
1913 1729 1965 1776 et
2007 1719 2074 1774 ad

477 1814 876 1888 puriﬁcandum
907 1831 966 1869 se
996 1831 1025 1868 a
1055 1813 1212 1869 nobis
1241 1829 1341 1884 per
1365 1813 1676 1883 frequentes
1707 1807 2076 1866 excommuni-

478 1903 716 1960 catorias
763 1902 1017 1973 epistolas
1065 1902 1358 1958 accesserit
1387 1903 1612 1956 Romam
1643 1906 1886 1966 coactus,
1919 1913 2076 1951 sere-

476 1992 626 2046 nitati
673 1999 868 2046 vestra:
917 1991 1188 2046 credimus
1235 1989 1602 2044 manifestum.
1638 1987 1746 2042 Sed
1775 1985 1901 2057 quia
1933 1985 2077 2039 idem

478 2081 708 2136 Romam
754 2078 978 2134 veniens
1020 2078 1360 2150 purgationis
1391 2093 1503 2132 suae
1533 2085 1750 2146 tempus
1776 2072 2074 2145 praeripuit,

479 2176 532 2224 et
560 2167 764 2224 indicta
789 2182 890 2237 pro
922 2183 980 2222 se
1011 2167 1220 2237 synodo
1260 2167 1578 2236 deputatum
1607 2163 1710 2218 sibi
1739 2179 1770 2217 a
1803 2162 1964 2216 nobis
1992 2161 2080 2214 lo-

479 2273 624 2324 cum,
659 2255 1028 2310 fraudulentus
1069 2254 1338 2309 excedens
1367 2269 1520 2308 more
1549 2252 1682 2306 furis
1709 2267 1808 2321 per
1833 2249 1991 2305 Urbis
2022 2265 2082 2304 sc

483 2359 669 2399 muros
699 2341 910 2411 dejecit,
935 2349 990 2397 et
1019 2357 1151 2396 vera
1183 2341 1351 2396 fuisse
1373 2340 1619 2404 crimina,
1653 2355 1772 2410 quae
1803 2337 1906 2392 sibi
1935 2336 2084 2390 illata

483 2439 629 2498 sunt,
661 2430 920 2486 indicium
948 2429 1356 2502 subterfugiens
1386 2427 1704 2499 propalavit,
1737 2426 1862 2481 hinc
1890 2433 2082 2480 aucto-

483 2519 642 2575 ritate
685 2518 786 2574 Dei
834 2517 1219 2588 omnipotentis
1265 2525 1682 2587 sanctorumque
1713 2514 2085 2586 apostolorum

483 2607 788 2680 principum
818 2613 870 2662 et
899 2615 1096 2662 nostra:
1125 2605 1512 2661 mediocritatis
1543 2604 1611 2660 ab
1637 2603 1786 2659 omni
1816 2601 2083 2658 ecclesia-

481 2695 614 2753 stica
643 2695 802 2750 simul
822 2703 873 2751 et
893 2693 1195 2750 Christiana
1224 2693 1606 2750 communione
1637 2693 1854 2764 penitus
1889 2705 2087 2761 seque-

491 2793 743 2840 stramus.

1213 2883 1355 2938 VIII.

795 2985 868 3026 AD
913 2985 1230 3025 ιυοονιοωί
1271 2985 1312 3024 Π
1351 2983 1770 3024 [ΜΡΕΒΑΤΟΒΕΠ.

957 3058 1198 3130 (Fragm.
1232 3087 1302 3098 —
1332 3059 1437 3112 An.
1475 3057 1624 3128 875.)

486 3174 640 3238 Levis
667 3173 1008 3229 auctoritate
1051 3172 1374 3228 dissolvitur
1421 3170 1564 3244 quod
1592 3174 1792 3226 contra
1839 3185 1964 3225 eam
1990 3169 2078 3238 ﬁt.

677 3261 858 3334 (Apud
889 3260 1064 3325 Grat.,
1095 3261 1256 3316 Decr.
1291 3262 1341 3326 1,
1375 3259 1500 3314 dist.
1534 3261 1621 3325 10,
1655 3273 1775 3330 cap.
1811 3257 1889 3328 9.)

558 3376 740 3443 Vides,
797 3374 874 3430 fili
929 3373 1266 3440 charissime,
1326 3374 1453 3446 quia
1497 3373 1644 3445 quod
1697 3380 1886 3430 contra
1929 3371 2084 3442 leges

481 3465 764 3537 accipitur,
799 3479 899 3535 per
927 3463 1082 3536 leges
1110 3461 1337 3519 dissolvi
1365 3470 1628 3520 meretur.

1250 3613 1349 3668 IX.

477 3744 551 3784 AD
587 3743 1032 3796 NEAPOLITANOS,
1066 3743 1491 3784 SALERNITANOS
1530 3743 1600 3783 ET
1641 3739 2083 3782 AHALPHITANOS

947 3841 1166 3912 Fragm.
1200 3869 1270 3881 —-
1301 3841 1428 3912 (An.
1467 3839 1616 3912 875.)

559 3955 900 4014 Conscientia
937 3963 1136 4012 vestrae
1165 3955 1220 4010 in
1250 3954 1465 4010 Christo
1495 3953 1801 4010 dilectionis
1823 3956 1971 4025 juste
1999 3955 2090 4010 di-

480 4045 707 4115 judicet,
732 4051 992 4115 quantum
1022 4041 1234 4099 Christo
1262 4042 1444 4098 aversi
1475 4050 1599 4096 sunt
1625 4042 1680 4096 bi
1710 4043 1799 4114 qui
1829 4059 1952 4098 cum
1973 4043 2090 4112 ejus

487 4130 800 4188 inﬁdelibus
846 4139 1032 4186 contra
1073 4129 1497 4201 prohibitionem
1529 4129 1674 4184 Pauli
1705 4131 1834 4184 tanti
1863 4131 2092 4201 apostoli

489 4219 749 4293 pollutam
791 4217 1012 4274 fcederis
1055 4219 1242 4274 ineunt
1289 4218 1568 4274 unitatem.
1603 4217 1738 4272 Cum
1768 4218 1912 4272 enim
1943 4219 2091 4291 regis

489 4306 880 4364 rebellionibus
941 4323 1264 4379 quocunque
1319 4305 1604 4378 participio
1663 4307 2086 4379 conjunguntur,

2157 432 2226 486 sit
2257 433 2371 486 Deo
2392 428 2711 486 delectabile
2732 426 2798 480 ab
2819 424 3162 480 inimicorum
3183 421 3280 476 Dei
3301 436 3434 491 pace
3463 419 3753 484 desistere,

2159 527 2345 576 noster
2381 516 2838 590 Psalmographus
2869 511 3178 568 manifestat
3213 525 3338 566 cum
3370 508 3534 563 dicit:
3559 508 3758 563 Nonne

2160 610 2254 684 qui
2289 608 2526 664 oderant
2563 610 2636 671 te,
2659 605 2914 668 Domine,
2938 602 3164 658 oderam
3199 601 3346 664 illos,
3371 602 3428 652 et
3449 612 3620 668 super
3639 596 3758 650 ini-

2161 699 2333 754 micos
2371 700 2492 752 tuos
2526 694 2868 750 tabescebam
2893 691 3190 760 YPer/‘ecto
3213 687 3334 743 odio
3357 685 3582 742 oderam
3607 684 3758 746 illos,

2161 786 2387 840 inimici
2419 784 2564 854 facti
2595 785 2731 837 sunt
2751 781 2894 834 mihi
2914 779 3090 848 (Psal.
3115 775 3394 844 cxxxvn).
3415 775 3494 828 Ex
3517 787 3650 843 quo,
3677 771 3762 824 di-

2163 872 2444 928 lectissimi
2489 869 2604 938 filii,
2655 877 2900 940 patenter
2944 864 3246 921 ostenditur
3289 870 3491 934 quanto
3539 858 3766 915 crimine

2164 977 2288 1017 cum
2307 959 2560 1030 pessimis
2583 973 2686 1028 pax
2705 964 2937 1020 tenetur,
2959 955 3003 1008 si
3021 954 3283 1024 prapheta
3301 959 3476 1005 tantus
3491 949 3598 1004 hoc
3621 946 3770 1002 velut

2165 1049 2218 1103 in
2251 1049 2485 1102 hostiam
2535 1048 2648 1100 Deo
2679 1043 2871 1100 obtulit
2901 1043 3046 1114 quod
3077 1049 3267 1097 contra
3295 1054 3492 1110 pravos
3521 1053 3624 1108 pro
3657 1037 3768 1090 Deo

2167 1137 2469 1192 inimicitias
2527 1133 2796 1189 excitavit.
2857 1132 2994 1186 Ilinc
3047 1129 3175 1184 Levi
3229 1129 3420 1192 tribus,
3471 1123 3770 1194 assumptis

2169 1225 2363 1298 gladiis
2391 1240 2492 1294 per
2518 1231 2826 1278 castrorum
2855 1219 3034 1275 media
3053 1217 3320 1273 transiens
3351 1215 3478 1287 quia
3509 1211 3772 1268 feriendis

2169 1314 2339 1369 noluit
2381 1311 2754 1383 peccatoribus
2801 1323 3044 1380 parcere,
3098 1307 3213 1362 Deo
3241 1321 3438 1360 manus
3465 1318 3596 1358 suas
3629 1301 3772 1356 dicta

2171 1410 2252 1458 est
2298 1415 2656 1457 consecrasse
2689 1416 2702 1452 :
2743 1398 2869 1452 hinc
2911 1395 3145 1450 Phinees
3185 1392 3528 1465 peccantium
3571 1389 3772 1445 civium

2171 1489 2404 1564 gratiam
2437 1503 2724 1558 spernens,
2759 1492 3018 1541 coeuntes
3047 1499 3169 1540 cum
3190 1480 3496 1537 Madianitis
3522 1477 3774 1550 perculit,

2171 1586 2224 1633 et
2253 1577 2392 1632 iram
2423 1577 2522 1630 Dei
2557 1575 2729 1630 iratus
2759 1572 3010 1644 placavit.

2100 1693 2153 1753 Β
2245 1665 2382 1734 Quia
2433 1663 2684 1720 fidelibus
2716 1671 2768 1718 et
2798 1660 3114 1733 mysterium
3146 1655 3562 1714 Christianitatis
3592 1654 3780 1710 scien-

2175 1755 2318 1808 tibus
2365 1753 2513 1825 loqui
2555 1768 2655 1807 nos
2699 1751 2990 1815 credimus,
3022 1765 3120 1820 per
3147 1762 3422 1803 sacrarum
3465 1743 3779 1814 Scriptura-

2176 1859 2300 1898 rum
2327 1840 2636 1896 testimonia
2665 1839 2880 1912 longius
2909 1837 3131 1892 tendere
3153 1836 3475 1900 devitamus,
3499 1829 3782 1887 dilectioni

2175 1939 2374 1986 vestra:
2404 1931 2672 1984 Donatum
2701 1927 3067 1982 venerabilem
3105 1925 3442 1996 episcopum,
3473 1921 3634 1990 cujus
3661 1919 3782 1974 laus

2178 2027 2260 2074 est
2291 2019 2348 2072 in
2379 2025 2566 2074 sancta
2594 2025 2782 2072 octava
2814 2015 3038 2086 synodo,
3063 2022 3116 2069 et
3133 2011 3442 2085 Eugenium
3459 2008 3782 2080 religiosum

2177 2107 2576 2178 presbyterum,
2627 2105 2855 2161 dilectos
2901 2102 3044 2158 filios
3075 2109 3128 2160 et
3157 2099 3496 2158 consiliarios
3539 2105 3778 2164 nostros,

2179 2211 2308 2251 ecce
2339 2195 2645 2266 dirigimus.

2943 2305 3018 2360 X.

2563 2423 2635 2462 AD
2675 2422 2895 2462 οιειιυιι
2945 2417 3394 2460 εΑιΕιιΝιτΑΝωι.

2799 2498 2978 2567 (Anno
3017 2495 3166 2564 875.)

2252 2587 2508 2640 .IOANNES
2546 2585 2666 2639 VIII
2695 2584 2844 2640 clero
2873 2592 2928 2639 et
2955 2583 3132 2638 ordini
3161 2581 3519 2636 Salernitano.

2255 2675 2336 2730 De
2409 2673 2517 2730 illis
2585 2672 2920 2743 presbyteris
2991 2671 3082 2741 qui
3153 2677 3399 2739 tempore
3453 2664 3790 2722 sanctissimi

2187 2761 2493 2818 decessoris
2543 2761 2716 2815 nostri
2761 2759 2966 2814 domini
3013 2773 3170 2829 papa:
3211 2756 3422 2812 Nicolai
3463 2769 3792 2810 excommu-

2186 2849 2350 2906 nicati
2395 2865 2608 2905 sacrum
2656 2847 3021 2902 ministerium
3065 2845 3382 2917 contingere
3411 2857 3794 2915 praesumpse-

2189 2939 2310 3004 rint,
2355 2937 2458 3008 ipsi
2509 2937 2566 2992 in
2613 2951 2674 2991 se
2719 2934 3084 2991 damnationis
3130 2933 3288 2989 sicuti
3335 2932 3507 2988 sancti
3545 2945 3796 2986 canones

2113 3039 2164 3102 ί]
2189 3034 2442 3092 statuunt,
2477 3025 2798 3080 sententiam
2827 3025 3194 3080 incurrerunt.
3225 3023 3430 3076 Tamen
3457 3019 3584 3091 quia
3615 3019 3794 3074 mise-

2183 3115 2320 3170 ratio
2349 3113 2648 3184 apostolica
2691 3113 2907 3168 veniam
2952 3112 3090 3166 solet
3117 3118 3378 3181 praestare
3407 3108 3692 3170 correctis,
3725 3107 3798 3162 ob

2181 3201 2578 3256 multitudinem
2627 3201 3017 3256 misericordiae
3061 3199 3166 3252 illis
3207 3199 3348 3252 hanc
3395 3195 3796 3268 indulgentiam

2184 3289 2522 3356 exhibemus,
2555 3296 2612 3343 ut
2642 3297 2828 3344 sancta
2861 3287 3241 3344 communione
3272 3284 3506 3358 saginati
3530 3284 3796 3339 studeant

2185 3378 2360 3432 tribus
2407 3375 2676 3434 continuis
2725 3375 2882 3431 annis
2925 3391 3022 3446 per
3069 3373 3470 3429 hebdomadam
3515 3371 3672 3426 omni
3703 3387 3798 3426 se-

2185 3465 2363 3522 cunda
2407 3473 2458 3520 et
2506 3472 2660 3520 sexta
2689 3463 2843 3534 feria,
2893 3471 2983 3518 aut
3012 3478 3046 3518 a
3073 3462 3221 3530 vino,
3266 3469 3357 3516 aut
3385 3476 3416 3515 a
3445 3460 3568 3516 cibo
3615 3458 3800 3531 [cocto

2186 3558 2253 3610 ut
2282 3554 2419 3610 alibi
2449 3552 2674 3625 legitur]
2722 3552 2937 3623 penitus
2979 3552 3242 3621 jejunare,
3283 3557 3337 3606 et
3381 3548 3523 3604 ultra
3551 3547 3800 3619 lugenda

2187 3657 2536 3716 nequaquam
2563 3641 2922 3697 committere.

2223 3855 2820 3912 Exco-mmunicantur
2848 3855 2946 3927 qui
2974 3853 3040 3908 de
3073 3855 3255 3909 morte
3284 3851 3520 3908 Romani
3557 3851 3768 3908 clerici

2747 3942 2996 4014 suspecti
3041 3945 3228 3997 erant.

2661 4029 2877 4102 Fragm.
2909 4060 2977 4070 —
3008 4031 3133 4100 (An.
3170 4029 3320 4100 875.)

2263 4131 2368 4201 Qui
2395 4131 2463 4188 de
2491 4131 2785 4188 homicidio
2833 4131 3060 4188 Romani
3105 4129 3350 4202 religiosi
3373 4127 3564 4208 clerici
3595 4144 3806 4200 suspe-

2193 4221 2283 4288 cti,
2335 4235 2367 4274 a
2415 4220 2680 4291 nobisque
2728 4219 3006 4275 canonica:
3053 4235 3166 4274 suae
3219 4217 3807 4274 excommunicationis

2149 4307 2506 4374 _intentione,
2557 4307 2826 4364 mediante
2871 4307 3032 4362 Junio
3075 4307 3361 4378 praesentis
3404 4315 3612 4362 octavae
3649 4305 3808 4360 indi-

490 4395 698 4468 pariter
725 4395 1022 4465 majestatis
1062 4395 1380 4466 criminibus
1410 4395 1631 4450 obnoxii
1651 4394 1962 4463 judicantur
1991 4387 2163 4466 pa-D
2195 4395 2407 4462 ctionis,
2450 4395 2623 4451 vocati
2671 4396 2860 4451 venire
2889 4401 3353 4466 contempserunt,
3387 4403 3439 4448 et
3465 4394 3536 4448 ob
3564 4394 3674 4448 hoc
3707 4409 3810 4465 per

493 4484 651 4556 rique
701 4483 966 4539 sententia
1013 4484 1440 4538 condemnantur
1472 4499 1485 4536 :
1519 4491 1779 4555 quantum
1811 4501 1838 4537 a
1871 4499 2096 4554 corpore

495 4571 692 4626 Christi
739 4571 1041 4642 probantur
1079 4571 1337 4636 extranei,
1372 4570 1462 4642 qui
1495 4571 1610 4640 ejus
1641 4571 1886 4626 hostibus
1917 4571 2096 4627 {mde-

497 4659 618 4728 rati,
679 4659 926 4714 membra
983 4657 1154 4728 ipsius
1209 4665 1359 4712 tanto
1415 4658 1770 4728 perniciosius
1835 4659 2095 4726 lacerant,

500 4755 702 4818 quanto
731 4747 963 4802 vicinius
991 4745 1252 4802 Ecclesiae
1280 4745 1380 4800 Dei
1410 4745 1784 4800 colliminant?
1813 4747 1972 4802 Item.

572 4833 847 4902 Quantum
891 4843 1072 4889 autem
1115 4835 1230 4890 Deo
1281 4834 1348 4888 sit
1393 4834 1726 4888 exsecrabile
1769 4849 1894 4889 cum
1933 4835 2101 4906 impio

505 4919 713 4976 foedera
756 4938 1020 4994 pangere,
1069 4922 1371 4977 luculenter
1413 4937 1478 4976 ex
1527 4922 1627 4976 hoc
1656 4922 2096 4992 deprehenditur,

504 5009 652 5082 quod
707 5009 964 5080 Josaphat
1010 5027 1105 5064 rex
1147 5010 1304 5076 Juda,
1353 5009 1443 5081 qui
1493 5017 1570 5065 tot
1616 5009 1684 5064 de
1714 5018 1962 5066 anteacta
1993 5011 2104 5066 vita

503 5097 797 5169 praeconiis
845 5097 1140 5164 extollitur,
1175 5098 1242 5152 de
1273 5097 1460 5152 Achab
1489 5097 1739 5154 amicitiis
1767 5098 2098 5170 increpatur,

507 5201 630 5240 cum
662 5185 710 5241 ei
739 5202 836 5256 per
862 5187 1000 5240 Jehu
1047 5186 1370 5256 prophetam
1417 5185 1615 5242 dicitur
1647 5204 1660 5240 :
1695 5187 1866 5260 Impia
1893 5188 2103 5260 praebes

512 5275 820 5338 auxilium,
862 5279 918 5330 et
959 5273 1046 5330 his
1079 5276 1176 5346 qui
1216 5275 1456 5329 oderunt
1494 5276 1798 5330 Dominum
1842 5276 2107 5332 amicitia

505 5359 785 5430 jungeris.
809 5363 880 5416 Et
897 5363 1105 5418 idcirco
1125 5362 1272 5417 iram
1293 5363 1514 5434 quidem
1532 5364 1759 5417 Domini
1777 5363 2102 5431 merebaris,

517 5446 612 5502 sed
633 5447 772 5503 bona
789 5465 956 5520 opera
991 5451 1224 5510 inventa
1247 5451 1466 5506 suntin
1489 5453 1544 5506 te
1563 5466 1624 5507 eo
1643 5450 1786 5524 quod
1806 5452 2106 5508 abstuleris

2199 4492 2414 4540 nostras
2461 4484 2671 4538 litteras
2720 4483 2959 4539 secundo
3000 4491 3054 4538 et
3095 4483 3254 4538 tertio
3297 4481 3567 4546 advocati,
3619 4489 3810 4537 extre-

2197 4589 2346 4627 mum
2385 4587 2514 4628 vero
2555 4587 2656 4642 per
2701 4571 2986 4640 Joannem,
3035 4572 3272 4626 Leonem
3303 4569 3594 4641 episcopos
3623 4569 3810 4625 omni-

2198 4661 2360 4716 moda
2408 4659 2786 4715 communione
2833 4659 3045 4730 privati,
3093 4658 3220 4730 quia
3276 4658 3616 4730 apostolatus
3657 4657 3811 4727 judi-

2200 4749 2340 4804 cium
2369 4749 2632 4804 hactenus
2660 4747 3056 4820 subterfugisse
3082 4755 3134 4802 et
3163 4763 3342 4818 neque
3372 4747 3588 4802 venisse
3621 4763 3808 4818 neque

2199 4836 2414 4890 misisse
2457 4836 2753 4907 probantur
2781 4852 2795 4891 :
2829 4835 3148 4892 auctoritate
3195 4835 3370 4891 sancti
3407 4835 3642 4906 Spiritus
3671 4849 3810 4890 ana-

2200 4924 2573 4979 thematizatos
2603 4939 2728 4980 esse
2757 4925 3100 4980 decernimus
3145 4939 3428 4995 quousque
3467 4922 3664 4978 futuris
3695 4923 3814 4978 Ka-

2201 5011 2377 5067 lendis
2407 5011 2754 5079 Octobribus,
2787 5012 2980 5068 futurae
3011 5027 3169 5068 nonae
3197 5011 3508 5068 indictionis
3528 5009 3812 5081 puriﬁcari

2202 5100 2463 5156 canonice
2507 5109 2838 5156 mereantur.
2887 5101 2944 5158 Si
2973 5109 3152 5156 autem
3179 5116 3358 5172 neque
3389 5107 3516 5154 tunc
3541 5098 3824 5170 plenissi-

2202 5204 2346 5244 mam
2405 5189 2565 5244 nobis
2623 5189 3046 5246 satisfactionem
3119 5187 3476 5256 ostenderint,
3535 5196 3810 5259 perpetuo

2204 5279 2538 5332 anathemate
2608 5285 2892 5334 teneantur
2961 5277 3165 5345 innexi,
3222 5277 3296 5332 ita
3364 5285 3424 5332 ut
3489 5277 3812 5348 quicunque

2203 5365 2398 5420 amodo
2429 5365 2508 5420 eis
2539 5366 2596 5421 in
2625 5365 2767 5432 cibo,
2799 5375 2930 5437 potu
2959 5365 3044 5422 vel
3076 5366 3320 5421 oratione
3357 5364 3814 5420 communicave-

2204 5451 2330 5520 rint,
2361 5453 2481 5525 pari
2508 5471 2631 5510 cum
2661 5455 2742 5510 eis
2772 5455 3128 5511 anathematis
3160 5453 3426 5511 sententia
3453 5453 3812 5524 colligentur.
