4056 6178
229 301 334 355 657

418 584 781 627 PRIVILEGIUH
818 587 925 627 PRO
962 586 1317 627 HONASTERIO
1355 586 1649 629 FULDENSI.

864 686 1044 758 (Anno
1075 687 1225 758 875.)

243 828 646 884 Monasterium
676 828 952 884 Fuldense
986 844 1116 885 cum
1141 829 1425 884 universis
1450 827 1631 892 cellis,
1656 829 1839 886 eccle-

314 900 439 972 siis,
462 899 717 972 decimis,
741 899 1013 961 curtibus,
1039 899 1276 972 aliisque
1295 900 1458 972 rebus
1479 898 1551 953 ad
1562 900 1841 972 idemper-

311 969 626 1025 timentibus
642 973 974 1041 exemptum
990 985 1056 1025 ac
1079 969 1319 1025 liberum
1332 970 1543 1026 iterato
1562 969 1837 1026 declarat.

294 1091 456 1148 (Apud
486 1092 772 1146 Schannat..
799 1091 920 1139 Hist.
950 1091 1186 1139 dimcesis
1222 1093 1501 1146 Fuldensis.
1522 1105 1638 1151 pag.
1663 1096 1786 1151 838.)

311 1198 568 1252 Joannes
595 1196 905 1268 episcopus,
934 1213 1136 1253 servus
1167 1213 1454 1254 servorum
1500 1198 1620 1268 Dei,
1674 1201 1841 1257 διω-

246 1298 433 1339 ευλιωο
459 1284 720 1356 religioso
748 1285 931 1340 abbati
980 1286 1312 1341 venerabilis
1360 1287 1678 1343 monasterii
1724 1289 1842 1344 Do-

247 1372 376 1427 mini
407 1371 719 1438 Salvatoris,
753 1380 806 1427 et
829 1389 927 1444 per
955 1380 1007 1428 te
1033 1373 1089 1428 in
1134 1374 1327 1429 eodem
1372 1375 1672 1430 venerabili
1717 1391 1842 1431 mo-

247 1460 488 1516 nasterio
544 1460 960 1517 successoribus
1014 1460 1121 1516 tuis
1186 1461 1475 1517 abbatibus
1529 1462 1585 1518 in
1638 1479 1843 1536 perpe-

250 1555 420 1603 tuum.

313 1662 588 1732 Quoniam
618 1679 838 1736 semper
870 1670 995 1719 sunt
1024 1664 1377 1721 concedenda
1404 1682 1528 1738 qua
1556 1665 1846 1723 rationabi-

1320 302 1679 361 EPISTOLE
1731 301 1824 358 ET
1870 302 2217 363 DECRETA.

962 457 1087 513 xu.
1864 432 1922 495 Α

3429 312 3532 367 658

2659 450 2813 506 XIII.

2107 551 2180 592 AD
2217 552 2516 594 HONACHOS
2554 553 2602 593 S.
2645 554 2882 596 VEDAST!
2928 555 3361 600 ATREBATENSIS.

2558 620 2739 696 (Anno
2768 629 2918 700 875.)

1944 713 2252 782 Conﬁrmat
2307 714 2501 771 omnia
2553 719 2821 791 contenta
2869 719 2945 791 in
3002 717 3307 791 diplomate
3350 720 3537 778 Caroli

2542 787 2925 859 imperatoris.
2989 796 2993 801 ’

2010 870 2265 926 JOANNES
2294 873 2603 944 episcopus,
2637 891 2827 931 servus
2858 892 3139 932 servorum
3187 878 3307 949 Dei,
3357 878 3537 935 fratri-

1943 959 2044 1013 bus
2098 960 2414 1016 monasterii
2469 963 2527 1015 B.
2586 963 2823 1033 Vedasti,
2884 965 3029 1036 quod
3085 972 3306 1021 vocatur
3359 967 3537 1023 Nobi-

1941 1047 2135 1114 liacus,
2180 1048 2269 1103 vel
2325 1048 2575 1116 Atrebas,
2633 1051 2727 1105 ubi
2783 1051 2899 1123 ipse
2956 1052 3011 1108 S.
3072 1054 3344 1110 Vedastus
3398 1070 3537 1111 con-

1944 1134 2119 1192 fessor
2147 1136 2346 1191 Christi
2375 1152 2606 1208 corpore
2635 1138 2864 1210 quiescit
2892 1141 2946 1195 in
2976 1150 3317 1213 perpetuum.

2014 1223 2070 1278 Si
2123 1224 2441 1280 utilitatibus
2499 1241 2778 1281 servorum
2848 1228 2948 1282 Dei
3016 1229 3105 1299 pie
3163 1220 3541 1286 consuluimus
3597 1236 3604 1241 '

1942 1311 2173 1383 locaque
2229 1312 2445 1368 Christo
2501 1314 2677 1369 dicata
2735 1315 3049 1385 apostolicis
3103 1316 3351 1373 fulsimus
3405 1335 3535 1374 san-

1943 1400 2231 1470 ctionibus,
2284 1417 2391 1473 quo
2445 1401 2612 1458 divini
2661 1402 2839 1458 cultus
2882 1404 3193 1474 servitores,
3243 1406 3374 1461 inibi
3420 1407 3537 1463 Deo

1943 1497 2198 1546 vacantes
2222 1534 2235 1556 ,
2297 1507 2329 1545 a
2384 1492 2726 1563 turbinibus,
2794 1499 2849 1548 et
2902 1493 3067 1549 variis
3124 1496 3540 1567 tempestatibus

1945 1578 2285 1635 saecularium
2313 1580 2626 1636 muniantur
2662 1580 3003 1650 excursibus,
3049 1582 3182 1638 nihil
3230 1584 3335 1640 hoc
3380 1584 3543 1640 holo-

1944 1675 2131 1723 causto
2187 1668 2397 1739 gratius
2452 1669 2802 1740 Redemptori
2843 1677 3033 1726 nostro
3076 1671 3350 1727 credimus
3401 1671 3542 1729 oﬂ‘e-

250 1751 389 1808 libus
419 1759 724 1825 congruunt
753 1751 1062 1823 desideriis,
1093 1761 1302 1825 oportet
1334 1761 1391 1809 ut
1419 1755 1693 1811 devotioni
1722 1770 1846 1811 con-
1875 1755 2200 1843 Brendum.
2258 1754 2377 1825 Qua
2418 1756 2487 1811 de
2536 1772 2597 1812 re
2652 1756 2773 1813 luce
2832 1758 3031 1814 clarius
3085 1766 3235 1830 patet
3289 1760 3544 1816 omnibus

252 1839 441 1896 ditoris
492 1840 596 1912 pia
643 1840 1066 1896 constructionis
1112 1842 1401 1898 auctoritas
1447 1842 1503 1898 in
1540 1843 1846 1917 privilegiis

254 1929 578 2001 prastandis
602 1928 825 1985 minime
846 1929 1151 2002 denegetur
1183 1948 1197 1985 :
1230 1930 1396 2003 igitur
1416 1931 1542 2004 quia
1561 1932 1849 2003 postulasti

254 2033 285 2072 a
306 2016 468 2072 nobis
497 2025 764 2089 quatenus
791 2019 1182 2073 monasterium
1231 2019 1531 2076 Salvatoris
1581 2036 1612 2074 a
1660 2028 1848 2077 sancto

255 2105 531 2161 Bonifacio
559 2105 975 2177 archiepiscopo
1004 2114 1379 2164 constructum
1407 2108 1463 2162 in
1490 2108 1611 2165 loco
1632 2108 1725 2180 qui
1752 2124 1849 2164 vo—

254 2202 409 2250 catur
438 2194 674 2250 Boconia
703 2209 835 2267 erga
864 2194 1041 2265 ripam
1061 2194 1295 2251 ﬂuminis
1316 2196 1562 2252 Fuldaba
1576 2196 1852 2270 privilegii

255 2282 398 2338 sedis
426 2282 742 2353 apostolica
782 2282 1126 2339 adminiculis
1173 2284 1463 2340 decoretur
1509 2293 1567 2339 ut
1613 2286 1714 2341 sub
1755 2285 1849 2355 ju-

254 2371 567 2427 risdictione
597 2378 797 2427 sancta
824 2379 1025 2428 nostra
1052 2372 1140 2429 cui
1169 2373 1285 2428 Deo
1334 2381 1557 2429 auctore
1599 2373 1850 2429 deservi-

257 2475 377 2514 mus
405 2459 670 2515 Ecclesia
698 2460 1052 2516 constitutum
1081 2460 1283 2516 nullius
1325 2462 1547 2518 alterius
1589 2461 1853 2519 Ecclesia

253 2546 721 2617 jurisdictionibus
750 2548 1123 2616 submittatur;
1152 2565 1254 2621 pro
1300 2566 1405 2622 qua
1451 2566 1508 2606 re
1555 2550 1660 2621 piis
1699 2550 1851 2605 desi-

259 2635 423 2690 deriis
452 2635 714 2702 faventes,
747 2637 851 2692 hac
877 2644 1060 2692 nostra
1088 2637 1406 2693 auctoritate
1454 2638 1511 2693 id
1558 2637 1702 2710 quod
1752 2655 1851 2693 ex-

258 2723 502 2794 poscitur
528 2722 742 2780 eﬂ'ectui
772 2725 1162 2796 mancipamus,
1195 2734 1247 2782 et
1276 2726 1401 2782 ideo
1430 2742 1649 2782 omnem
1678 2727 1853 2796 cujus-

255 2811 387 2868 libet
443 2812 704 2868 Ecclesia
749 2814 1090 2869 sacerdotem
1137 2813 1195 2868 in
1234 2813 1461 2885 prafato
1519 2813 1853 2871 monasterio

257 2900 520 2955 ditionem
552 2900 847 2972 quamlibet
875 2902 1080 2957 habere
1110 2910 1198 2957 aut
1226 2903 1598 2959 auctoritatem
1654 2910 1855 2974 prater

258 2988 448 3043 sedem
506 2989 887 3060 apostolicam,
945 2990 1294 3060 prohibemus
1344 3008 1357 3044 :
1406 2991 1633 3063 insuper
1674 2992 1856 3046 locum

256 3076 585 3132 Fuldensem
616 3093 737 3133 cum
767 3078 1020 3133 omnibus
1066 3078 1239 3146 cellis,
1288 3079 1556 3148 ecclesiis,
1603 3079 1853 3147 decimis,

257 3166 524 3232 curtibus,
558 3180 623 3221 ac
652 3166 859 3222 cunctis
888 3167 1055 3221 rebus
1083 3167 1213 3233 suis,
1267 3174 1378 3223 tam
1426 3167 1508 3223 eis
1555 3183 1691 3239 quas
1732 3184 1857 3223 mo-

260 3253 437 3308 derno
468 3261 713 3324 tempore
746 3262 890 3310 tenet
919 3253 1006 3309 vel
1034 3255 1297 3326 possidet,
1321 3271 1480 3326 quam
1514 3272 1634 3327 qua
1662 3255 1857 3311 futuris

258 3341 603 3413 tempOribus
632 3342 685 3397 in
709 3343 830 3411 jure
860 3342 1031 3413 ipsius
1056 3343 1163 3399 loci
1209 3343 1390 3399 divina
1437 3343 1612 3415 pietas
1654 3360 1858 3417 augere

257 3429 498 3485 voluerit
526 3430 795 3503 privilegii
821 3431 995 3486 nostri
1014 3431 1381 3502 praceptione
1403 3430 1687 3487 ﬁrmamus
1712 3449 1724 3487 :
1754 3433 1858 3488 hoc

258 3533 395 3574 vero
426 3517 799 3573 deliberantes
825 3519 1187 3585 decernimus,
1223 3528 1280 3574 ut
1308 3521 1564 3591 congruis
1594 3521 1858 3592 tempori-

256 3605 362 3661 bus
392 3614 600 3662 nostra
630 3606 978 3662 sollicitudini
1008 3606 1392 3664 ecclesiastica
1419 3608 1710 3675 intimatur,
1736 3625 1861 3682 qua-

255 3694 383 3750 liter
440 3694 638 3767 religio
692 3696 995 3752 monastica
1049 3695 1293 3769 regulari
1341 3697 1528 3752 habitu
1574 3697 1855 3769 dirigatur,

256 3783 669 3855 concordiaque
696 3784 1039 3841 convenienti
1067 3784 1439 3841 ecclesiastico
1487 3785 1666 3841 studio
1700 3801 1860 3841 man-

255 3872 498 3942 cipetur,
533 3888 599 3927 ne
628 3870 787 3940 forte,
829 3873 976 3945 quod
1022 3873 1182 3938 absit,
1234 3874 1335 3928 sub
1381 3873 1541 3943 hujus
1584 3874 1861 3948 privilegii

253 3958 511 4025 obtentu,
562 3961 773 4016 animus
819 3977 1154 4034 gressusque
1202 3961 1540 4018 rectitudinis
1586 3970 1781 4018 vestra
1829 3979 1863 4018 a

254 4064 456 4104 norma
480 4049 705 4119 justitia
735 4050 917 4121 aliquo
941 4050 1110 4105 modo
1135 4057 1532 4121 retorqueatur,
1573 4050 1861 4107 constitui-

254 4153 380 4192 mus
411 4153 635 4210 quoque
681 4154 779 4209 per
824 4138 985 4207 hujus
1031 4137 1240 4193 decreti
1285 4138 1458 4193 nostri
1503 4138 1757 4209 paginam
1804 4146 1863 4193 ut

253 4225 580 4298 quicunque
612 4226 900 4296 cujuslibet
927 4226 1190 4283 Ecclesia
1208 4226 1410 4298 prasul
1429 4226 1516 4281 vel
1538 4242 1863 4300 quacunque

251 4314 533 4387 dignitate
587 4315 846 4386 pradicta
900 4330 1138 4386 persona
1183 4315 1324 4371 hanc
1378 4314 1551 4370 nostri
1592 4314 1864 4386 privilegii

253 4404 536 4469 chartam,
597 4418 758 4474 quam
813 4403 1134 4460 auctoritate
1188 4402 1450 4475 principis
1491 4403 1862 4474 apostolorum

1887 3130 1937 3194 Ο

1948 1843 2212 1900 Ecclesia
2239 1843 2384 1910 ﬁliis,
2419 1844 2546 1916 quia
2575 1845 2927 1901 charissimus
2955 1845 3099 1902 ﬁlius
3128 1855 3316 1904 noster
3364 1850 3541 1905 Caro-

1947 1931 2035 1986 lus
2101 1948 2231 1999 rex,
2290 1933 2480 1989 adiens
2529 1933 2714 1989 limina
2770 1934 3207 1991 beatissimorum
3259 1937 3542 2007 apostolo-

1949 2036 2068 2075 rum
2124 2021 2271 2077 Petri
2326 2029 2380 2076 et
2437 2022 2633 2089 Pauli,
2701 2022 3000 2101 honorifice
3055 2040 3090 2079 a
3142 2024 3301 2079 nobis
3375 2040 3544 2082 exce-

1948 2116 2092 2180 ptus,
2132 2117 2423 2181 postquam
2469 2110 2785 2166 solemniter
2830 2118 2953 2167 vota
2996 2112 3148 2185 regia
3192 2112 3546 2184 persolvisset

1948 2198 2017 2252 ad
2086 2197 2397 2268 sepulcrum
2447 2199 2506 2253 B.
2571 2198 2737 2266 Petri,
2804 2199 2894 2255 die
2948 2200 3240 2255 nativitatis
3292 2200 3542 2268 Domini,

1950 2285 2005 2340 in
2061 2286 2293 2342 ecclesia
2346 2286 2518 2358 ipsius
2567 2288 2626 2341 B.
2676 2288 2820 2342 Petri
2862 2289 3235 2359 apostolorum
3281 2288 3545 2361 principis

1950 2374 2271 2447 dignitatern
2318 2374 2651 2445 imperialem
2693 2392 2794 2447 per
2836 2376 3234 2448 impositionem
3284 2391 3546 2449 manuum

1950 2470 2258 2518 nostrarum
2314 2463 2542 2534 adeptus
2598 2471 2698 2519 est.
2758 2464 2967 2521 Dehinc
3027 2482 3138 2521 non
3190 2466 3371 2521 minus
3427 2466 3546 2520 sin-

1952 2566 2079 2608 cere
2132 2567 2293 2622 quam
2348 2552 2543 2607 devote
2599 2569 2630 2606 a
2686 2552 2844 2608 nobis
2900 2553 3119 2624 expetiit
3175 2562 3233 2608 ut
3287 2555 3346 2609 B.
3405 2553 3547 2610 Petri

1951 2639 2318 2709 apostolorum
2348 2639 2628 2710 principis,
2672 2639 2940 2712 simulque
2987 2640 3324 2711 apostolatus
3372 2640 3548 2695 nostri

1951 2727 2271 2783 auctoritate
2301 2728 2724 2783 decerneremus
2764 2728 3110 2802 privilegium
3156 2730 3413 2785 Romana
3459 2736 3546 2784 at-

1953 2818 2060 2886 que
2124 2814 2437 2885 apostolica
2511 2816 2659 2872 sedis
2732 2817 3111 2888 astipulatione
3185 2818 3496 2873 roboratam
3530 2859 3544 2883 ,

1952 2902 2208 2958 fratribus
2248 2903 2363 2972 jam
2409 2903 2539 2959 dicti
2598 2904 2914 2959 monasterii
2960 2903 3290 2961 confessoris
3348 2904 3543 2960 Christi

1953 2991 2210 3061 Vedasti,
2269 3007 2369 3062 per
2424 2991 2571 3063 quod
2628 2992 2807 3047 stabili
2864 2993 2985 3062 jure
3035 3007 3099 3048 ac
3154 2993 3272 3047 sine
3326 3000 3549 3063 pertur-

1955 3079 2170 3135 batione
2215 3080 2560 3151 possiderent
2609 3080 2905 3136 claustrum
2950 3095 3014 3136 ac
3060 3080 3377 3151 pradictum
3424 3097 3550 3136 mo-

1959 3168 2256 3223 nasterium
2288 3175 2342 3223 et
2369 3184 2530 3223 omne
2561 3169 2704 3239 quod
2751 3168 2831 3223 eis
2874 3184 2971 3240 per
3015 3184 3172 3223 suum
3219 3177 3549 3239 praceptum

1958 3265 2308 3312 concesserat
2352 3272 2414 3312 ac
2458 3255 2858 3311 Gallicanorum
2901 3256 3286 3327 episcOporum
3328 3257 3552 3312 decreto

1958 3344 2151 3399 muniri
2204 3343 2427 3400 fecerat.
2488 3344 2658 3412 Hujus
2714 3344 2795 3399 rei
2852 3344 3056 3417 gratia,
3115 3343 3244 3416 quia
3298 3345 3554 3399 eumdem

1959 3435 2264 3503 Augustum
2329 3431 2514 3486 divino
2597 3438 2905 3487 contactum
2979 3447 3164 3487 amore
3227 3431 3284 3487 id
3356 3431 3555 3488 fecisse

1958 3520 2353 3593 perspeximus,
2403 3527 2682 3591 gratanter
2715 3520 2831 3588 ejus
2870 3519 3221 3590 petitionibus
3266 3535 3553 3576 assensum

1959 3609 2312 3680 praebuimus,
2371 3608 2729 3665 decernentes
2783 3608 3078 3678 apostolica
3126 3608 3445 3664 auctoritate
3490 3625 3554 3664 ea

1960 3714 2083 3770 qua
2124 3697 2211 3753 hic
2257 3697 2463 3752 inserta
2506 3697 2774 3751 habentur
2820 3696 3139 3752 inconvulsa
3182 3711 3427 3753 manere.
3473 3697 3559 3753 Ad

1961 3786 2304 3842 matriculam
2356 3784 2564 3841 scilicet
2613 3784 2860 3841 ecclesia
2905 3784 3360 3849 Maisbodvillum,
3410 3785 3556 3852 Bais,

1961 3874 2201 3943 Senous,
2260 3873 2775 3930 Herbodcisternam
2797 3917 2811 3941 ,
2870 3874 3184 3941 Pomerias,
3242 3873 3558 3930 Herlincur-

1962 3970 2092 4029 tem,
2152 3970 2204 4017 et
2260 3963 2315 4016 in
2371 3962 2773 4018 Boninicurtem
2828 3976 3068 4029 mansos,
3099 3970 3299 4017 etcum
3345 3962 3566 4034 Longo-

1962 4051 2246 4124 bragium,
2306 4050 2542 4105 Manium
2569 4094 2582 4117 ,
2644 4049 2876 4105 Morsele
2900 4091 2915 4116 ,
2969 4058 3022 4105 et
3075 4050 3520 4124 Sceldogotheim
3548 4093 3562 4117 ,

1961 4140 2355 4208 Juventiacum,
2406 4147 2461 4194 et
2516 4138 2571 4193 in
2615 4138 2897 4194 Dominica
2946 4146 3098 4193 curte
3149 4155 3397 4194 mansum
3443 4155 3463 4194 ι
3511 4147 3566 4195 et

1961 4232 2017 4286 in
2072 4228 2330 4283 Farreolo
2384 4241 2633 4281 mansum
2689 4242 2727 4281 ι.
2789 4226 2871 4281 Ad
2925 4226 3236 4282 necessaria
3275 4242 3408 4282 vero
3446 4226 3566 4281 fra-

1963 4325 2107 4371 trum
2134 4358 2147 4380 ,
2206 4315 2380 4371 victus
2433 4314 2640 4370 scilicet
2694 4320 2748 4367 et
2802 4320 2995 4383 potus,
3055 4314 3402 4369 medietatem
3458 4315 3573 4378 vici

1963 4404 2054 4475 qui
2082 4411 2306 4459 vocatur
2350 4400 2649 4465 Hovavilla,
2700 4408 2753 4456 et
2798 4400 3079 4455 tabernam
3128 4415 3315 4466 unam,
3366 4402 3566 4457 Filcia-

256 4491 560 4547 ﬁrmamus
616 4499 885 4547 temerare
937 4491 1259 4559 tentaverit,
1320 4492 1612 4546 anathema
1672 4491 1758 4557 sit,
1818 4499 1870 4547 et
1896 4478 2095 4547 Deum
2143 4490 2471 4546 dominicam
2518 4495 2761 4551 curtem,
2812 4486 3186 4552 Theuludum,
3237 4489 3568 4560 Bigartium,

251 4579 400 4636 iram
433 4579 542 4635 Dei
568 4578 872 4649 incurrens,
903 4595 936 4634 a
965 4588 1107 4636 coetu
1136 4579 1379 4635 omnium
1426 4586 1741 4635 sanctorum
1772 4594 1871 4633 ex-

253 4669 436 4725 torris
497 4668 710 4736 existat,
775 4674 829 4722 et
891 4667 1243 4723 nihilominus
1292 4666 1504 4738 praefati
1556 4666 1873 4722 monasterii

255 4756 513 4831 dignitas
544 4771 573 4809 a
603 4756 763 4812 nobis
793 4755 997 4811 indulta
1024 4755 1412 4828 perpetualiter
1456 4754 1707 4811 inviolata
1742 4771 1874 4826 per-

252 4854 511 4912 maneat,
576 4844 876 4915 apostolica
927 4846 1248 4900 auctoritate
1304 4843 1556 4899 subnixa.
1606 4843 1878 4915 Scriptum

252 4950 363 5007 per
393 4949 631 4990 manum
662 4932 815 4988 Pauli
845 4932 1057 4999 notarii,
1093 4932 1358 4989 scriniarii
1387 4940 1591 4989 sancta
1623 4932 1881 4988 Romana

251 5022 546 5080 Ecclesia
586 5020 642 5075 in
697 5036 887 5076 mense
937 5020 1213 5087 Octobris,
1263 5021 1558 5077 indictione
1605 5037 1683 5076 vr.
1734 5021 1880 5076 Bene

253 5111 472 5167 valete.
493 5110 694 5164 Datum
725 5124 761 5162 v
787 5110 930 5164 Non.
969 5108 1257 5166 Octobrias
1276 5124 1375 5179 per
1392 5125 1610 5165 manum
1632 5108 1883 5179 Gregorii

255 5197 696 5256 nomencimissi
748 5206 803 5254 et
854 5197 1190 5269 apocrisiarii
1236 5205 1437 5253 sancta
1474 5197 1621 5252 sedis
1664 5204 1884 5269 aposto-

253 5288 431 5355 lica;
482 5294 755 5359 regnante
798 5285 1128 5357 imperatore
1187 5286 1420 5341 Domino
1468 5285 1598 5340 Jesu
1647 5284 1880 5353 Christo,

252 5392 416 5433 anno
449 5374 807 5447 pontiﬁcatus
845 5374 1050 5430 domini
1096 5373 1323 5430 Joannis
1371 5374 1566 5430 summi
1613 5371 1886 5444 pontificis

248 5475 307 5521 et
369 5462 719 5521 universalis
774 5478 928 5536 papa
983 5471 1036 5520 et
1102 5462 1343 5537 episcopi
1399 5461 1624 5535 primo,
1698 5460 1884 5516 indict.

251 5561 422 5612 sexta
435 5594 453 5609 .

1973 4580 2482 4644 Hecnam-curtem,
2541 4576 2917 4643 Bernevillam,
2971 4575 3326 4642 Mediolanas,
3375 4578 3574 4632 Puteas

1975 4683 2164 4739 aquas,
2217 4665 2679 4738 Angeli-curtem,
2734 4664 2888 4719 valiis
2934 4680 3057 4720 cum
3104 4663 3297 4719 camba
3342 4680 3471 4732 una,
3524 4671 3580 4720 et

1977 4754 2191 4811 duobus
2245 4753 2591 4820 molendinis,
2656 4753 2883 4825 Stagras
2931 4751 3245 4818 Saltiacum,
3293 4752 3577 4807 Atiamen-

1980 4844 2183 4909 tarius,
2242 4844 2410 4909 Mast,
2470 4840 2785 4908 Marcheim,
2839 4839 3238 4910 Seringe-him,
3284 4841 3584 4912 precariam

1983 4930 2286 4996 Emmonis,
2319 4938 2372 4985 et
2418 4928 2749 5001 Tangigarii.
2803 4928 2887 4983 Ad
2934 4943 3207 4983 cameram
3254 4944 3387 4985 vero
3434 4929 3592 4984 villas

1987 5020 2120 5075 sitas
2148 5019 2202 5074 in
2234 5033 2376 5089 pago
2405 5018 2588 5081 Batua,
2625 5031 2746 5087 qua
2777 5014 3107 5071 circumﬂuit
3136 5016 3357 5072 Rhenus
3404 5016 3588 5072 bicor-

1989 5109 2075 5162 nis
2131 5107 2346 5172 ﬂuvius,
2405 5105 2491 5159 bis
2547 5103 2862 5159 nominibus
2918 5103 3236 5174 Rehxnam,
3296 5103 3592 5174 Wulfrum,

1991 5211 2095 5250 una
2153 5210 2278 5249 cum
2333 5192 2542 5263 capella
2599 5190 2807 5246 ibidem
2866 5191 3042 5262 posita
3067 5234 3080 5257 ,
3140 5192 3390 5247 Rotbeim
3436 5206 3601 5263 super

1994 5283 2216 5337 ﬂuvium
2271 5280 2522 5336 Versiam
2578 5279 2757 5333 sitam.
2820 5280 2954 5334 Item
3012 5281 3068 5334 in
3120 5278 3292 5334 altera
3347 5279 3597 5335 Rotheim

1997 5385 2218 5426 mansos
2278 5385 2354 5435 vr,
2415 5375 2678 5439 praterea
2724 5367 2885 5422 etiam
2930 5367 3071 5423 ultra
3117 5368 3369 5424 Rhenum
3412 5367 3600 5440 prali-

2000 5459 2183 5513 batum
2212 5456 2432 5512 ﬂuvium
2461 5470 2684 5511 mansos
2713 5471 2939 5511 numero
2967 5470 3174 5523 xxxvr,
3227 5456 3428 5528 pariter
3477 5473 3605 5514 cum

2000 5546 2151 5605 silvis
2201 5544 2652 5623 appendentibus.
2702 5543 2912 5604 Deinde
2954 5545 3010 5601 in
3050 5559 3195 5620 pago
3241 5545 3588 5604 Atrebatensi
