4056 6178
513 325 616 380 659

1786 317 2082 376 JOANNIS
2127 315 2322 372 ΡΑΡΛΕ
2363 315 2502 372 VIII.

3697 317 3800 370 660

515 448 756 517 Athejas,
819 445 1130 506 Saltiacum.
1191 445 1500 510 Liniacum,
1548 443 1905 514 Campanias,
1955 449 2008 498 et
2053 443 2106 496 in
2137 440 2256 506 Asi
2287 440 2432 510 apud
2461 437 2842 496 excellentiam
2873 447 3020 493 tuam
3043 437 3248 507 justitia
3275 437 3376 492 Dei
3419 437 3618 504 locum,
3667 440 3806 493 sicut

517 535 816 592 Fontanido
859 551 1078 590 mansos
1123 550 1202 600 in,
1252 543 1302 590 et
1350 534 1406 588 in
1453 533 1713 588 Lambras
1771 546 2020 586 mansum
2067 545 2106 594 ι,

519 631 574 680 et
616 623 848 678 alterum
890 623 946 677 in
989 623 1194 690 Hadas,
1245 631 1298 676 et
1343 622 1624 676 tabernam
1664 637 1682 674 ι
1721 620 1774 673 in
1825 620 1944 674 vico
1993 634 2110 673 mo-

495 711 764 768 .nasterii.
813 711 899 767 Ad
943 719 1160 782 portam
1205 710 1490 779 Bernejam
1533 709 1748 774 villam,
1797 715 1850 762 et
1893 707 1948 762 in
1991 709 2108 761 An-

515 800 657 856 zinio
684 815 936 855 mansum
965 815 1000 864 i,
1034 815 1158 854 cum
1203 799 1516 854 molendino
1564 805 1616 852 et
1662 797 1718 850 in
1759 797 1906 850 Enez
1947 810 2108 848 man-

516 904 608 944 sos
637 904 694 954 v,
724 904 848 944 cum
877 887 1190 944 molendino
1221 893 1274 942 et
1321 886 1592 942 decimam
1639 885 1816 940 omnis
1856 883 2106 938 abbatiae.

514 976 600 1032 Ad
631 976 896 1048 hospitale
939 992 1238 1046 pauperum
1281 975 1334 1028 in
1385 973 1692 1044 Daginvilla
1735 987 1958 1026 mansos
2009 986 2104 1037 vn,

517 1063 572 1120 in
628 1065 886 1133 Bonejam
943 1064 1162 1129 villam,
1222 1069 1274 1117 et
1331 1061 1610 1116 Lentsales
1663 1074 1883 1114 mansos
1937 1073 1998 1112 Ill
2055 1066 2110 1114 et

516 1151 761 1224 quintam
817 1160 1026 1222 partem
1071 1151 1248 1207 omnis
1288 1150 1533 1205 decimae.
1585 1148 1670 1203 Ad
1711 1148 1932 1202 domum
1974 1161 2108 1202 vero

515 1239 854 1296 infirmorum
897 1255 1058 1294 omne
1112 1237 1372 1294 telonium
1427 1253 1494 1292 ex
1549 1245 1826 1302 mercato,
1895 1243 1950 1290 et
2005 1235 2106 1289 has

511 1328 670 1384 villas
701 1345 834 1400 quas
861 1343 960 1398 pro
989 1327 1234 1382 remedio
1263 1325 1458 1380 animae
1507 1341 1620 1380 sua;
1665 1324 1814 1379 dedit
1853 1323 1940 1379 vel
1977 1323 2106 1378 red-

512 1415 648 1470 didit
690 1417 747 1471 S.
801 1416 1056 1482 Vedasto,
1107 1413 1534 1480 Frontellicurte,
1587 1413 1888 1478 Cilliacum,
1937 1412 2106 1466 Luto-

517 1519 638 1558 sum
691 1509 966 1568 montem,
1036 1509 1196 1573 atque
1250 1501 1542 1574 Tilgidum.
1594 1501 1704 1554 Has
1759 1515 1892 1570 ergo
1950 1499 2107 1554 villas

517 1607 640 1646 cum
669 1591 924 1645 omnibus
965 1589 1311 1660 appenditiis,
1363 1597 1416 1644 et
1457 1588 1753 1644 redditibus
1798 1595 1852 1643 et
1897 1587 2106 1642 manci-

515 1678 642 1748 piis,
695 1679 1144 1750 quemadmodum
1191 1694 1288 1748 per
1339 1677 1592 1748 praecepti
1639 1676 1892 1749 paginam
1951 1676 2104 1730 ordi-

514 1774 644 1821 nata
701 1774 826 1820 sunt
879 1775 1042 1838 atque
1097 1765 1324 1835 tradita,
1399 1782 1499 1835 per
1552 1765 1722 1820 nostri
1773 1763 2104 1834 apostolatus

516 1855 888 1928 auctoritatem
943 1855 1234 1920 sancimus,
1293 1861 1350 1908 ut
1405 1853 1535 1908 nulli
1577 1853 1886 1908 mortalium
1943 1852 2105 1907 liceat

514 1942 670 2000 aliter
726 1943 1009 2008 ordinare,
1065 1951 1300 2008 mutare,
1351 1941 1439 1998 vel
1483 1941 1627 1996 aliud
1677 1941 1804 2012 quid
1854 1955 2103 2012 quoquo-

511 2032 678 2086 modo
721 2030 934 2097 exinde,
991 2030 1078 2085 vel
1131 2046 1324 2102 parum
1377 2045 1561 2101 agere,
1619 2037 1815 2100 praeter
1869 2029 2018 2101 quod
2072 2043 2106 2084 a

512 2119 804 2190 saepedicto
861 2119 972 2175 filio
1031 2126 1214 2174 nostro
1277 2118 1522 2190 piissimo
1583 2120 1828 2188 Augusto
1895 2117 2104 2172 consti-

513 2215 687 2262 tutum
731 2215 846 2274 est;
889 2207 986 2262 sed
1033 2207 1210 2262 omnis
1253 2206 1516 2262 ordinatio
1561 2206 1617 2260 in
1661 2205 1885 2260 arbitrio
1929 2205 2102 2260 abba-

509 2295 579 2348 tis
623 2295 876 2364 pendeat.
929 2293 1034 2363 Qui
1079 2311 1212 2365 ergo
1257 2309 1321 2348 ea
1367 2310 1488 2365 quae
1535 2300 1722 2348 sancta
1766 2299 1925 2364 atque
1971 2309 2106 2363 apo-

515 2381 704 2436 stolica
751 2383 911 2436 sedes
957 2381 1209 2436 stabilivit
1251 2397 1351 2452 pro
1393 2381 1560 2436 nihilo
1597 2381 1828 2449 duxerit,
1861 2387 2102 2437 temera-

511 2469 702 2542 rioque
749 2485 884 2524 ausu
932 2469 1176 2525 avaritia:
1223 2469 1616 2540 diabolicceque
1659 2468 1966 2539 cupiditatis
2011 2469 2101 2524 in—

511 2557 710 2614 stinctu
739 2557 1186 2630 qualitercunque
1227 2557 1427 2614 violare
1475 2557 1779 2624 tentaverit,
1819 2557 1864 2611 si
1893 2574 1960 2612 ex
1988 2565 2100 2612 toto

509 2655 602 2702 aut
656 2663 722 2702 ex
769 2655 916 2718 parte
981 2654 1359 2718 transgressor
1423 2645 1756 2716 apparuerit,
1825 2646 1883 2700 B.
1957 2645 2100 2700 Petri

509 2735 882 2806 apostolorum
943 2734 1204 2806 principis
1263 2734 1544 2805 nostrique
1603 2732 1942 2804 apostolatus
1997 2747 2098 2788 au-

507 2823 749 2878 ctoritate
777 2823 1132 2878 anathematis
1175 2823 1422 2890 nexibus,
1471 2829 1529 2876 ut
1571 2820 1658 2875 fur
1706 2829 1758 2877 et
1803 2819 2100 2894 sacrilegus

510 2909 800 2976 astrictus,
869 2918 1032 2980 atque
1099 2911 1168 2964 ab
1227 2910 1428 2964 unitate
1487 2909 1674 2963 matris
1729 2908 1992 2963 Ecclesia:
2046 2915 2100 2962 et

507 2997 922 3068 participatione
953 2998 1198 3068 corporis
1240 3005 1293 3050 et
1339 2996 1621 3069 sanguinis
1669 2996 1866 3051 Christi
1908 3011 2101 3067 seque-

509 3093 744 3152 stratus,
812 3101 936 3140 cum
990 3086 1126 3140 Juda
1181 3084 1438 3140 traditore
1493 3083 1710 3138 Domini
1763 3084 1932 3138 nostri
1969 3083 2097 3139 Jesu

508 3173 725 3240 Christi,
760 3181 812 3229 et
850 3173 1066 3230 diabolo
1113 3173 1337 3245 ejusque
1384 3172 1736 3228 atrocissimis
1783 3173 1996 3244 pompis
2042 3172 2098 3227 in

505 3262 792 3318 tremendo
834 3263 922 3317 die
969 3263 1156 3335 magni
1200 3261 1462 3318 examinis
1507 3261 1830 3316 sententiam
1875 3261 2100 3316 damna-

503 3351 666 3408 tionis
719 3350 964 3422 accipiat.
1039 3353 1108 3406 At
1173 3350 1265 3422 qui
1321 3351 1405 3404 his
1460 3349 1773 3420 apostolicis
1828 3349 2096 3404 constitu-

505 3440 738 3496 tionibus
769 3439 984 3495 sincero
1011 3453 1196 3494 amore
1225 3439 1549 3494 observator
1597 3437 1878 3504 exstiterit,
1927 3437 2096 3493 bene-

504 3527 798 3584 dictionem
827 3534 882 3582 et
907 3526 1336 3582 misericordiam
1364 3543 1394 3581 a
1431 3527 1662 3582 Domino
1707 3528 1837 3582 .lesu
1883 3526 2095 3581 Christo

499 3615 780 3686 percipiat,
813 3623 864 3671 et
893 3622 1106 3686 partem
1137 3621 1190 3670 et
1218 3614 1534 3670 societatem
1581 3630 1704 3671 cum
1747 3614 1826 3669 eis
1863 3629 2094 3686 quorum

500 3704 722 3759 nomina
761 3711 886 3758 sunt
924 3703 1126 3774 scripta
1169 3703 1226 3758 in
1267 3703 1407 3759 libro
1453 3703 1577 3759 vitae
1619 3703 1762 3774 Agni
1809 3718 1842 3756 a
1886 3702 2092 3758 consti-

501 3791 704 3847 tutione
730 3791 939 3846 mundi.
971 3793 1165 3847 Amen.

571 3881 713 3934 Data
775 3895 876 3948 per
937 3894 1133 3932 manus
1195 3879 1468 3933 Anastasii
1531 3877 1880 3949 primiscrinii
1947 3894 2132 3934 anno-

497 3966 675 4038 primo
705 3965 920 4036 imperii
969 3965 1144 4020 Caroli
1191 3966 1530 4021 serenissimi
1573 3966 1822 4037 Augusti,
1872 3973 1926 4022 et
1967 3975 2091 4038 post

499 4053 840 4110 consulatum
869 4053 986 4123 ejus
1016 4068 1157 4109 anno
1187 4069 1225 4120 ι,
1257 4053 1552 4110 indictione
1581 4069 1701 4110 vin.

1211 4223 1360 4278 XIV.

620 4352 692 4392 an
731 4351 1186 4394 CAROLOMANNUM
1218 4337 1338 4411 [al.,
1372 4353 1690 4395 LUDOVICUM
1729 4338 1961 4412 uncam]

1108 4455 1286 4524 (Anno
1318 4455 1466 4526 8’75.)

491 4567 641 4638 Quod
667 4569 1000 4626 Pannonica
1029 4569 1276 4625 diwcesis
1326 4571 1596 4642 deputata
1641 4574 1724 4626 est
1767 4571 2078 4642 privilegiis

1020 4642 1340 4711 apostolica:
1378 4641 1543 4695 sedis.

645 4735 804 4792 (Apud
831 4734 1108 4790 Timonem,
1131 4737 1303 4790 Imago
1323 4737 1424 4779 ant.
1459 4737 1638 4790 ﬂung.
1663 4745 1776 4790 pag.
1811 4737 1919 4788 164.)

557 4829 810 4884 Joamves
839 4829 1129 4902 episcopus
1156 4828 1354 4886 dilecto
1375 4827 1486 4884 tilio
1517 4829 1938 4884 CAROLOMANNO
1969 4828 2082 4902 glo-

484 4931 632 5004 ι,ίοεςο
660 4917 800 4990 regi.

557 5015 738 5070 Multis
758 5030 822 5071 ac
843 5015 1007 5071 variis
1025 5015 1440 5088 manifestisque
1461 5014 1750 5086 prudentia
1769 5022 1860 5070 tua
1881 5015 2082 5086 poterit

480 5101 698 5160 indiciis
755 5104 1188 5174 deprehendere,
1251 5105 1618 5160 Pannonicam
1674 5103 1956 5159 dioecesim
2010 5104 2081 5158 ab

481 5191 610 5248 olim
641 5192 954 5264 apostolicae
985 5192 1133 5248 sedis
1162 5191 1331 5248 fuisse
1371 5192 1674 5264 privilegiis
1721 5193 2031 5263 deputatam
2065 5243 2078 5279 ε

531 5369 557 5396 ⁸
585 5366 883 5428 Ameaisum
927 5367 1150 5427 fratrem.
1187 5365 1341 5426 Quem
1379 5378 1440 5416 ex
1485 5365 1660 5416 abbate
1703 5367 1764 5416 S.
1825 5366 2078 5416 Michaelis

467 5433 520 5483 in
567 5433 848 5496 episcopatu
886 5433 1217 5483 Bellovacensi
1283 5431 1342 5481 ad
1401 5433 1734 5482 Senonensem
1797 5434 2080 5484 cathedram

463 5503 689 5549 evectum
714 5499 971 5549 didicimus
994 5511 1122 5548 anno
1142 5499 1258 5548 871.
1289 5499 1522 5549 Romam
1547 5498 1654 5558 ejus
1695 5499 1950 5560 legationis
1973 5511 2081 5548 cum

463 5565 628 5618 adhuc
649 5564 802 5616 abbas
824 5567 972 5628 esset,
993 5564 1476 5618 meminitAimoinus
1501 5565 1586 5616 lib.
1605 5577 1657 5626 v,
1675 5577 1720 5614 c.
1743 5563 1828 5614 27.
1851 5566 2084 5616 Perverse

2211 530 2387 594 decet,
2421 527 2690 584 invenerit
2723 545 2735 582 :
2769 529 2884 582 Hoc
2905 527 3047 582 enim
3065 526 3341 598 synodalia
3362 533 3518 597 gesta
3539 526 3804 592 indicant;

2211 616 2448 672 historiae
2477 615 2798 686 conscripta
2826 615 3212 670 demonstrant.
3249 615 3449 668 Verum
3479 615 3600 685 quia
3629 631 3661 668 a
3691 614 3808 686 qui-

2211 705 2440 759 busdam
2489 704 2766 760 hostilium
2812 703 3178 758 turbationum
3225 701 3582 756 simultatibus
3623 703 3804 773 impe-

2209 793 2504 862 dientibus,
2535 793 2662 848 illuc
2693 793 2762 846 ab
2791 791 3090 862 apostolica
3119 791 3250 846 sede
3278 806 3387 846 non
3413 799 3498 846 est
3527 791 3618 844 diu
3663 791 3806 846 dire-

2209 889 2327 937 ctus
2357 881 2604 948 antistes,
2635 881 2740 936 hoc
2767 879 2908 952 apud
2933 879 3154 950 ignaros
3183 879 3328 936 venit
3357 879 3408 934 in
3459 879 3800 934 dubium.....

2943 995 3064 1050 XV.

2455 1109 2528 1149 AD
2557 1108 2856 1150 EPISCOPOS
2887 1107 3099 1148 σΑιιιΔε
3127 1108 3198 1148 ΕΤ
3229 1107 3552 1148 ΕΕΒΜΔΝΙΣ.

2808 1191 2989 1262 (Anno
3045 1190 3194 1260 8'76.)

2215 1290 2362 1346 Vicos
2380 1305 2511 1344 sua:
2531 1290 2594 1343 in
2614 1288 2796 1344 Gallia.
2813 1293 2868 1344 et
2889 1287 3192 1344 Germania
3207 1289 3516 1344 committit
3533 1287 3802 1358 Ansegiso

2615 1360 3027 1431 archiepiscopo
3057 1360 3387 1416 Senonensi.

2275 1455 2529 1509 JOANNES
2559 1453 2866 1524 episcopus,
2891 1469 3079 1509 servus
3101 1469 3382 1508 servorum
3401 1453 3522 1520 Dei,
3546 1453 3804 1508 omnibus

2207 1542 2565 1597 sanctissimis
2593 1541 2868 1613 episc0pis
2895 1558 2996 1613 per
3017 1541 3220 1598 Gallias
3250 1549 3304 1598 et
3332 1541 3660 1598 Germanias
3679 1557 3806 1598 oon-

2207 1629 2423 1684 stitutis.

2281 1718 2489 1773 Vestra:
2518 1717 2758 1772 omnium
2787 1717 3176 1773 innotescimus
3207 1717 3476 1773 sanctitati
3523 1717 3658 1790 quia
3703 1732 3803 1789 pro

2131 1789 2186 1851 Β
2207 1805 2520 1861 alleviandis
2551 1806 2936 1878 multiplicibus
2967 1807 3220 1862 oneribus
3251 1789 3660 1872 ecclesiasticis,
3697 1806 3804 1876 qui.

2205 1895 2310 1949 bus
2357 1895 2597 1966 quotidie
2644 1895 2773 1948 satis
2817 1895 3143 1966 abundeque
3196 1895 3554 1966 deprimimur
3605 1895 3802 1966 quibus

2203 1983 2439 2038 maxime
2471 1999 2635 2054 super
2655 1983 2889 2056 negotiis
2911 1999 2976 2037 ex
2997 1983 3292 2037 Galliarum
3311 1991 3362 2038 et
3389 1982 3800 2038 Germaniarum

2203 2073 2446 2142 partibus
2473 2072 2631 2126 nobis
2677 2071 2895 2126 assidue
2944 2071 3224 2126 destinatis
3268 2079 3564 2137 arctamus,
3617 2073 3798 2125 Anse-

2204 2159 2383 2232 gisum
2415 2159 2640 2214 fratrem
2659 2167 2684 2193 ⁸
2714 2167 2766 2214 et
2791 2159 3176 2230 coepiscOpum
3195 2167 3438 2216 nostrum
3463 2159 3799 2214 Senonensis

2204 2248 2464 2304 Ecclesia:
2492 2247 2802 2320 prmsulem,
2835 2249 2924 2320 qui
2956 2249 3167 2319 quoties
3197 2248 3394 2302 utilitas
3424 2247 3798 2303 ecclesiastica

2203 2335 2505 2400 dictaverit,
2538 2335 2652 2390 sive
2681 2336 2736 2390 in
2765 2336 3010 2390 vocanda
3033 2336 3261 2407 synodo,
3287 2337 3400 2391 sive
3419 2335 3472 2390 in
3495 2336 3618 2390 aliis
3635 2352 3797 2408 nego-

2201 2425 2290 2479 tiis
2321 2423 2636 2480 exercendis
2664 2441 2763 2494 per
2793 2423 2993 2478 Gallias
3023 2431 3076 2479 et
3107 2424 3428 2478 Germanias
3457 2424 3579 2480 vice
3611 2433 3800 2480 nostra

2199 2511 2425 2566 fruatur.
2459 2514 2526 2567 Et
2554 2513 2801 2567 volumus
2825 2521 2884 2566 ut
2913 2513 3133 2568 decreta
3165 2512 3310 2567 sedis
3337 2512 3654 2583 apostolica:
3697 2529 3798 2584 per

2200 2599 2378 2671 ipsum
2435 2600 2592 2656 vobis
2645 2599 2930 2655 manifesta
2971 2599 3288 2666 etliciantur,
3337 2609 3389 2655 et
3429 2617 3626 2656 rursus
3675 2618 3798 2672 quae

2201 2696 2358 2760 gesta
2387 2687 2605 2754 fuerint,
2640 2689 2755 2758 ejus
2783 2689 2939 2743 nobis
2968 2688 3247 2758 relatione,
3279 2689 3326 2742 si
3354 2704 3582 2744 necesse
3615 2689 3794 2754 fuerit,

2199 2777 2506 2847 pandantur
2539 2795 2552 2830 :
2585 2785 2642 2830 ut
2671 2778 2880 2846 majora
2905 2777 3128 2850 negotia
3156 2792 3222 2832 ac
3241 2775 3536 2832 difficiliora
3561 2793 3796 2848 quaeque

2200 2865 2554 2937 suggestione
2583 2865 2753 2935 ipsius
2781 2881 2812 2920 a
2839 2865 2997 2919 nobis
3028 2865 3366 2936 disponenda
3387 2871 3438 2918 et
3459 2865 3798 2920 enucleanda

2199 2961 2529 3024 quaerantur.
2563 2953 2906 3024 Quapropter
2935 2969 3031 3008 vos
3059 2953 3186 3009 huic
3213 2953 3316 3024 pize
3336 2953 3796 3016 sanctioniomni-

2197 3040 2374 3095 modis
2405 3041 2765 3108 intendentes,
2799 3057 2921 3114 qua:
2950 3059 3114 3112 super
3139 3042 3244 3098 hoc
3274 3041 3570 3112 apostolica
3611 3051 3800 3097 aucto-

2125 3134 2178 3202 c
2200 3130 2352 3185 ritate
2381 3129 2726 3186 decernimus
2755 3130 3040 3185 unanimes
3071 3129 3351 3185 admittite.
3375 3129 3556 3184 Talem
3590 3131 3796 3202 quippe

2195 3219 2346 3272 illum
2375 3219 2713 3290 agnovimus,
2743 3219 3014 3290 talemque
3043 3219 3182 3274 circa
3212 3219 3400 3273 sedem
3435 3218 3794 3290 apostolicam

2195 3307 2448 3362 devotum
2478 3315 2532 3362 et
2558 3307 2612 3362 in
2643 3307 2935 3363 commisso
2965 3305 3180 3361 ﬁdelem
3211 3307 3530 3378 reperimus,
3579 3315 3636 3361 ut
3667 3324 3794 3362 me-

2194 3395 2294 3450 rito
2323 3395 2373 3451 ei
2401 3395 2530 3450 talia
2575 3395 2835 3450 committi
2877 3410 3041 3466 posse
3086 3395 3394 3449 ducamus:
3429 3395 3556 3466 quin
3609 3403 3664 3450 et
3709 3395 3794 3450 his

2193 3484 2404 3552 majora
2432 3483 2667 3539 conferri
2697 3483 2900 3538 debere
2929 3483 3005 3536 illi
3043 3483 3160 3538 sine
3201 3483 3540 3539 cunctatione
3589 3484 3792 3538 creda-

2193 3589 2333 3642 mus,
2366 3588 2465 3642 pro
2495 3588 2594 3627 sua
2623 3571 2828 3627 scilicet
2857 3571 3159 3638 sanctitate,
3202 3581 3254 3627 et
3283 3570 3408 3627 ﬁdei
3437 3571 3650 3637 merito,
3705 3579 3778 3626 at-

2193 3677 2299 3731 que
2329 3659 2584 3716 divinitus
2614 3659 2894 3730 sapientiae
2921 3661 3064 3716 dono
3095 3675 3376 3716 concesso.
3403 3659 3672 3731 Optamus
3693 3677 3794 3716 vos

2191 3748 2391 3804 benere
2411 3748 2612 3803 valere.
2637 3749 2776 3803 Data
2791 3765 2848 3803 ιν
2867 3749 3051 3804 Nonas
3070 3749 3372 3816 Ianuarias,
3397 3748 3692 3804 indictione
3711 3764 3764 3802 ιχ

2189 3838 2445 3893 Recitata
2475 3839 2539 3891 in
2569 3838 2773 3908 synodo
2801 3839 3223 3904 Pontigonensi.

2911 3952 3057 4008 XVI.

2225 4061 2396 4102 BULLA
2447 4061 2686 4104 JOANNIS
2741 4063 2898 4103 PAPE
2955 4063 3028 4102 AD
3081 4060 3594 4103 CONGREGATIONEM
3644 4060 3700 4101 S.

2592 4134 2842 4175 MEDARDI
2899 4133 3349 4176 SUESSIONENSIS.

2806 4219 2985 4288 (Anno
3015 4219 3164 4288 8'76.)

2239 4314 2624 4384 Conﬁrmatur
2665 4318 2905 4389 partit-io
2929 4317 3351 4389 monachorum
3383 4315 3440 4370 S.
3481 4312 3732 4371 Mcdardi

2749 4387 3187 4443 Suessionensis.

2115 4488 2174 4552 D
2262 4483 2516 4538 JOANNES
2547 4481 2856 4553 episcopus,
2887 4499 3082 4538 servus
3121 4497 3408 4538 servorum
3449 4479 3570 4546 Dei,
3619 4493 3792 4534 vene-

2195 4572 2380 4626 randa;
2409 4571 2824 4643 congregationi
2853 4571 3230 4644 religiosorum
3261 4571 3656 4626 monachorum
3697 4582 3794 4621 ve-

2183 4659 2444 4713 nerabilis
2497 4659 2814 4714 monasterii
2871 4659 3045 4716 sancti
3103 4667 3156 4715 et
3205 4658 3536 4715 confessoris
3583 4653 3786 4710 Christi

2179 4747 2440 4816 Medardi,
2473 4763 2686 4804 necnon
2715 4755 2767 4804 et
2795 4748 2938 4804 beati
2965 4747 3220 4820 martyris
3251 4747 3450 4804 Christi
3473 4744 3783 4802 Sebastiani

2179 4836 2236 4890 in
2263 4843 2602 4906 perpetuum.

2255 4932 2478 5002 Quoties
2509 4933 2601 4988 illa
2630 4951 2660 4988 a
2691 4934 2848 4990 nobis
2875 4933 3040 4990 tribui
3069 4950 3170 5006 pro
3198 4933 3472 4990 desiderio
3511 4932 3786 5004 postulan-

2181 5022 2249 5076 tis
2279 5037 2398 5092 quae
2427 5021 2576 5076 omni
2602 5022 2792 5078 rationi
2827 5023 3202 5079 incunctanter
3221 5021 3568 5086 conveniunt,
3593 5019 3782 5076 animo

2179 5125 2281 5165 nos
2311 5109 2470 5164 decet
2497 5109 2686 5164 libenti
2715 5111 3014 5166 concedere
3045 5118 3098 5166 et
3126 5111 3214 5180 pie
3242 5109 3554 5180 petentibus
3585 5109 3788 5180 impar-

2182 5198 2271 5252 tiri
2303 5195 2641 5270 suﬂ‘ragium.
2675 5199 2846 5271 Igitur
2874 5199 3114 5256 omnium
3147 5197 3350 5253 Christi
3397 5196 3644 5252 ﬁdelium
3681 5212 3790 5252 co-

2181 5369 2346 5418 autem
2393 5366 2579 5418 faciunt
2629 5368 2708 5431 qui
2765 5369 2894 5420 hunc
2918 5381 3026 5420 cum
3053 5368 3206 5418 altero
3225 5366 3496 5429 antiquiore
3547 5367 3790 5428 Ansegiso

2181 5434 2482 5506 confundunt
2499 5491 2506 5506 ε
2521 5433 2970 5506 abbateLobiensi,
2997 5436 3089 5506 qui
3103 5434 3259 5506 Caroli
3282 5433 3440 5496 Magni
3458 5437 3517 5506 et
3526 5434 3790 5506 _Ludovici

2183 5499 2568 5563 Pitcapitula'in
2606 5503 2812 5564 quatuor
2853 5503 3006 5554 libros
3043 5501 3246 5566 digessit
3280 5512 3408 5551 anno
3455 5499 3580 5552 827.
3627 5501 3780 5552 Sunt.
