4056 6178
273 250 368 304 661

1404 242 1761 301 EPISTOLE
1806 245 1896 301 ET
1948 245 2297 304 DECRETA.

3426 228 3431 233 ’
3454 262 3558 317 662

273 378 506 444 gnoscat
534 366 753 425 solertia
783 367 1040 442 quoniam
1068 357 1479 423 dilectissimus
1506 355 1651 423 ﬁlius
1680 375 1869 424 noster
1896 377 1953 439 Α
1975 371 2223 440 terdicto,
2258 380 2315 427 ut
2343 372 2547 429 nemini
2576 375 2883 432 mortalium
2942 377 3103 435 liceat
3140 397 3358 454 quoquo
3395 384 3559 439 modo

272 458 503 515 Carolus
522 459 820 529 imperator
839 460 1136 530 Augustus,
1168 457 1452 512 beatorum
1482 456 1627 512 Petri
1643 464 1696 512 et
1717 457 1870 513 Pauli

274 546 646 618 apostolorum
694 545 999 616 principum
1029 545 1219 600 adiens
1247 543 1450 609 limina,
1502 544 1661 599 nobis
1688 553 1871 600 mente

269 636 470 690 devota
499 633 775 705 suggessit
803 641 1068 705 quatenus
1084 632 1263 689 eidem
1278 632 1538 702 praedicto
1569 632 1869 688 venerabili

271 723 609 778 monasterio
639 722 708 777 ad
735 720 1016 776 utilitatem
1045 729 1098 776 et
1125 737 1283 775 usum
1325 729 1437 775 tam
1468 720 1868 776 nominatorum

272 811 682 877 monachorum,
706 809 910 865 ibidem
940 808 1173 864 Domino
1200 808 1573 875 servientium,
1605 825 1706 880 per
1727 824 1867 880 apo-

274 898 505 954 stolatus
534 897 706 953 nostri
728 897 1070 970 privilegium
1102 895 1567 963 conﬁrmaremus,
1598 904 1649 952 et
1667 896 1866 952 immo-

271 986 402 1041 bilia
432 986 572 1049 loca,
606 1001 728 1056 quae
755 984 902 1040 idem
954 983 1452 1040 Christianissimus
1506 984 1704 1053 Caesar,
1754 992 1867 1039 tam

271 1090 366 1146 pro
394 1073 747 1130 veneratione
777 1073 1094 1129 eorumdem
1123 1080 1434 1129 sanctorum
1464 1087 1735 1145 quamque
1764 1088 1866 1144 pro

270 1161 541 1218 mercedis
569 1178 684 1217 suae
710 1168 1006 1233 augmento
1031 1176 1131 1232 per
1160 1159 1348 1233 regale
1378 1168 1709 1232 praeceptum
1741 1175 1866 1216 con-

272 1250 464 1306 tulisse
492 1249 850 1323 dignoscitur,
886 1265 1119 1321 quorum
1158 1248 1381 1304 nomina
1411 1246 1635 1304 inferius
1664 1248 1866 1321 scripta

271 1339 545 1411 leguntur,
606 1337 893 1393 Berneium
949 1337 1177 1403 scilicet,
1237 1335 1574 1401 Croviacum,
1651 1337 1864 1392 Domno

273 1426 504 1499 regium,
540 1425 852 1492 Sodoleum,
887 1425 1196 1481 Berziacum
1225 1439 1335 1479 una
1364 1439 1489 1480 cum
1526 1424 1860 1491 molendino,

270 1515 512 1581 Berziso,
532 1513 853 1569 mariziacos
873 1513 1031 1580 duos,
1056 1520 1218 1584 atque
1242 1511 1535 1583 spicarium
1557 1520 1611 1568 et
1636 1521 1864 1584 propter

268 1604 369 1658 has
397 1601 813 1665 Murocinetum,
846 1601 1430 1668 Cerniacum-vadum,
1475 1600 1612 1655 sicut
1654 1600 1863 1655 Hildui-

270 1707 372 1745 nus
400 1690 643 1745 anterior
667 1689 834 1743 abbas
863 1689 934 1745 ad
954 1704 1109 1745 suum
1137 1688 1305 1743 tenuit
1333 1688 1741 1757 dominicatum,
1763 1705 1861 1743 su-

269 1778 582 1850 peraddens
637 1777 691 1832 in
747 1777 1084 1833 Murocincto
1130 1792 1381 1831 mansum
1407 1792 1594 1840 unum,
1658 1776 1862 1832 Maleas

272 1867 435 1922 etiam
459 1874 512 1922 et
548 1861 788 1938 piscinas
822 1881 986 1938 super
1026 1881 1179 1921 mare
1225 1873 1277 1920 et
1306 1864 1655 1921 Cubonimaci
1710 1865 1866 1921 culta:

273 1962 437 2010 terra:
457 1953 687 2009 bonaria
717 1969 859 2010 xxxv
880 1962 933 2009 et
959 1951 1279 2010 Ruminiaco
1326 1968 1549 2008 mansos
1604 1953 1862 2024 quinque,

274 2051 326 2099 et
354 2050 564 2114 partem
594 2042 735 2113 prati
763 2042 972 2098 deloco
1003 2042 1218 2115 Geigio,
1254 2049 1307 2096 et
1354 2057 1575 2097 mansos
1630 2041 1767 2097 duos
1813 2042 1870 2096 in

273 2132 420 2201 villa,
446 2147 569 2203 quae
624 2130 822 2185 dicitur
860 2131 1164 2203 Lentegere
1220 2129 1862 2196 vicinium;decernens,

269 2228 328 2275 ut
351 2234 575 2276 camera
593 2219 1037 2275 vestimentorum
1068 2219 1465 2275 monachorum
1504 2218 1700 2273 habeat
1754 2226 1868 2272 tres

270 2308 447 2373 villas,
481 2308 730 2378 Capram,
752 2307 1034 2371 Abiacum,
1064 2315 1119 2363 et
1164 2307 1401 2362 Solmam
1436 2325 1450 2372 ;
1483 2314 1536 2361 et
1584 2305 1868 2376 hospitalis

270 2396 535 2452 nobilium
564 2395 799 2466 accipiat
827 2411 1026 2452 nonam
1055 2410 1127 2451 ex
1143 2394 1285 2449 villis
1313 2394 1484 2465 ipsius
1513 2394 1743 2449 abbatize
1774 2410 1867 2449 se-

269 2485 509 2540 cundum
536 2483 776 2554 priscam
796 2483 1265 2549 consuetudinem,
1299 2490 1353 2537 et
1396 2482 1592 2537 habeat
1636 2481 1868 2537 Caucia-

270 2586 393 2628 cum
436 2571 597 2627 simul
638 2587 761 2627 cum
799 2571 1047 2644 lignariis
1101 2570 1171 2626 de
1216 2570 1415 2625 Pivone
1448 2587 1461 2623 :
1490 2578 1544 2625 et
1591 2570 1869 2640 hospitalis

267 2661 685 2733 peregrinorum
713 2659 941 2730 accipiat
972 2659 1262 2724 decimam,
1295 2666 1348 2713 et
1377 2658 1571 2713 habeat
1616 2658 1869 2712 Platonis-

268 2756 498 2805 curtem.
558 2748 947 2803 Thesaurarius
994 2755 1172 2803 autem
1238 2754 1290 2801 et
1336 2746 1627 2818 portarius,
1706 2753 1869 2817 atque

268 2836 678 2907 hospitalarius,
713 2852 927 2891 necnon
947 2843 999 2891 et
1028 2834 1367 2891 camerarius
1398 2835 1543 2889 intra
1572 2842 1694 2889 octo
1744 2833 1867 2888 die-

270 2942 393 2980 rum
422 2924 723 2981 Dominica:
767 2924 1080 2989 nativitatis,
1130 2931 1183 2979 et
1236 2922 1627 2979 resurectionis
1674 2922 1865 2977 Domi-

268 3013 410 3068 nica:
458 3012 655 3083 spatia,
687 3011 771 3066 bis
800 3012 854 3066 in
875 3028 1017 3066 anno
1045 3011 1344 3082 plenariam
1386 3009 1734 3066 refectionem
1764 3010 1866 3064 ha-

271 3102 439 3156 beant
471 3120 487 3167 ;
517 3101 744 3170 insuper
786 3116 852 3154 ex
908 3099 1151 3171 praefatis
1207 3099 1326 3154 aliis
1376 3098 1519 3154 villis
1574 3098 1865 3153 terminum

266 3190 568 3245 nativitatis
617 3188 796 3244 dilecti
851 3188 944 3243 filii
1001 3187 1084 3242 sui
1122 3186 1504 3242 Carolomanni
1558 3186 1864 3257 plenariam

266 3279 629 3334 refectionem
657 3277 914 3343 habeant,
945 3284 998 3331 et
1016 3283 1140 3347 post
1174 3275 1290 3344 ejus
1318 3274 1524 3330 obitum
1578 3274 1723 3329 diem
1762 3291 1864 3328 na-

266 3367 494 3422 tivitatis
515 3355 838 3420 transferant
868 3364 922 3418 in
975 3364 1120 3419 diem
1179 3362 1555 3433 depositionis,
1617 3361 1866 3416 similiter

265 3471 331 3511 ex
362 3454 497 3510 villa
538 3453 788 3508 Bernoilo
841 3452 1085 3509 decrevit
1119 3450 1470 3507 refectionem
1524 3449 1866 3504 abundanter

263 3542 384 3599 ﬁeri
414 3542 623 3597 eisdem
660 3541 943 3596 monachis
971 3541 1026 3594 in
1075 3539 1451 3595 anniversario
1483 3540 1657 3594 Bertae
1686 3538 1864 3593 amita:

261 3647 401 3697 suae,
426 3638 483 3685 et
510 3629 796 3684 luminaria
825 3629 1077 3683 exhibeat
1105 3628 1354 3683 ecclesiae
1400 3634 1601 3682 sancta:
1646 3626 1863 3695 Sophia;

261 3718 534 3782 inferiori,
585 3724 637 3773 et
694 3724 896 3772 sanctae
936 3716 1207 3771 Trinitatis
1263 3714 1553 3786 superiori,
1615 3714 1754 3769 sicut
1809 3713 1863 3768 in

258 3806 557 3879 privilegio
588 3805 832 3875 ejusdem
862 3805 936 3875 pii
967 3804 1180 3876 augusti
1210 3804 1278 3858 de
1299 3803 1385 3857 his
1423 3802 1676 3857 omnibus
1722 3802 1864 3857 facto

258 3895 573 3953 continetur
606 3912 619 3948 :
649 3902 707 3949 ut
732 3892 990 3965 quidquid
1019 3892 1087 3947 ab
1116 3892 1310 3948 eodem
1348 3891 1714 3946 illustrissimo
1742 3892 1864 3946 Cae-

258 4000 391 4040 sare
421 3990 534 4037 tam
563 3983 632 4036 de
660 3980 952 4044 nobilibus,
986 3989 1040 4035 et
1067 3979 1435 4035 immobilibus
1474 3980 1660 4045 rebus,
1700 3994 1865 4051 quam

261 4081 332 4135 de
369 4080 634 4135 thesauro
665 4077 919 4133 collatum
966 4084 1050 4131 est
1106 4085 1157 4131 et
1186 4076 1242 4130 in
1292 4078 1472 4130 futuro
1530 4074 1861 4138 conferetur,

255 4184 364 4240 pro
394 4167 595 4222 anima:
625 4182 737 4221 sua:
784 4164 1043 4220 remediis
1078 4162 1293 4218 ﬁrmum
1342 4172 1394 4219 et
1449 4163 1754 4219 inviolabile
1809 4163 1863 4216 in

257 4264 593 4330 perpetuum
619 4254 839 4310 omnino
859 4253 1137 4310 consistat.
1179 4252 1349 4320 Hujus
1396 4251 1472 4306 rei
1512 4252 1708 4324 gratia,
1740 4251 1866 4322 quia

254 4345 520 4401 eumdem
551 4342 839 4398 sublimem
866 4343 1248 4412 imperatorem
1285 4340 1469 4395 divino
1506 4355 1691 4394 amore
1736 4356 1867 4395 con-

1969 457 2171 530 aliquid
2203 461 2329 516 dare
2359 462 2426 517 de
2456 462 2539 516 his
2569 464 2820 519 omnibus
2850 481 2883 521 a
2908 466 3034 535 jure
3086 470 3416 525 venerabilis
3458 487 3557 527 no-

1969 548 2069 602 stri
2095 550 2433 616 monasterii,
2474 551 2561 607 vel
2619 552 2840 609 utilitate
2886 557 3279 612 monachorum
3324 558 3557 627 auferre,

1969 635 2226 703 alienare,
2259 638 2560 709 subripere,
2600 647 2691 694 aut
2739 658 2839 712 per
2860 644 3294 716 qualemcunque
3316 647 3559 714 modum,

1968 723 2056 778 vel
2092 734 2477 797 argumentum
2539 728 2858 785 subtrahere
2890 749 2903 784 :
2936 732 3035 786 sed
3072 733 3252 787 omnia
3307 735 3445 801 haec,
3514 744 3566 791 et

1969 828 2091 882 quae
2119 814 2297 869 adhuc
2317 814 2371 868 in
2400 816 2656 872 thesauro
2675 817 2743 871 ab
2771 817 2891 888 ipso
2946 819 3037 891 pio
3067 821 3284 877 Caesare
3339 823 3427 877 vel
3489 823 3560 878 ab

1967 898 2085 955 aliis
2113 902 2285 955 Deum
2316 901 2634 959 timentibus
2662 904 2718 959 in
2745 906 2854 974 jus,
2888 906 3205 975 dominium,
3239 908 3324 966 vel
3355 910 3558 965 utilita-

1967 996 2078 1044 tem
2106 990 2280 1045 nostri
2312 992 2643 1047 venerabilis
2674 996 2988 1051 monasterii
3053 1012 3119 1054 ac
3172 999 3563 1055 monachorum

1966 1077 2166 1132 ibidem
2197 1079 2525 1134 morantium
2562 1080 2928 1152 conferentur,
2984 1085 3315 1156 perennibus
3374 1086 3561 1142 consi-

1966 1172 2069 1220 stat
2096 1166 2316 1221 omnino
2347 1168 2700 1238 temporibus.
2755 1170 2809 1225 Si
2845 1172 2967 1242 quis
2995 1181 3192 1242 autem,
3229 1174 3375 1246 quod
3414 1191 3561 1229 nun-

1966 1268 2130 1326 quam
2158 1263 2427 1325 optamus,
2482 1264 2667 1311 contra
2701 1258 2805 1314 hoc
2861 1267 3062 1316 nostrae
3144 1260 3567 1317 confirmationis

1964 1351 2327 1413 praeceptum,
2387 1344 2546 1400 aliter
2606 1360 2773 1418 agere
2826 1362 2938 1401 non
2990 1347 3308 1415 formidans,
3368 1350 3573 1422 aliquid

1964 1430 2093 1486 inde
2132 1431 2402 1498 alienare,
2444 1433 2712 1500 minuere,
2745 1434 3082 1505 subtrahere,
3140 1436 3227 1493 vel
3282 1438 3572 1494 temerario

1967 1534 2103 1574 ausu
2136 1528 2350 1576 mutare
2384 1522 2822 1593 praesumpserit,
2858 1524 3113 1579 autaliter
3127 1525 3399 1592 ordinare,
3430 1543 3571 1597 prae-

1965 1615 2050 1662 ter
2087 1608 2233 1678 quod
2255 1608 2370 1676 jam
2402 1609 2713 1665 ordinatum
2745 1620 2826 1666 est
2855 1612 3160 1680 tantaverit,
3192 1612 3278 1669 vel
3335 1613 3392 1668 in
3435 1621 3569 1680 toto,

1964 1695 2052 1751 vel
2097 1695 2152 1749 in
2196 1704 2348 1767 parte
2396 1704 2775 1768 transgressor
2812 1700 3144 1770 apparuerit,
3176 1701 3280 1757 Dei
3324 1700 3572 1773 omnipo-

1965 1784 2127 1838 tentis
2150 1783 2358 1853 judicio
2390 1785 2523 1841 sciat
2554 1802 2614 1841 se
2643 1802 2765 1842 esse
2814 1789 3175 1844 anathematis
3212 1789 3444 1846 vinculis
3480 1789 3569 1844 in-

1963 1873 2242 1941 nodatum,
2277 1880 2330 1928 et
2366 1889 2488 1930 cum
2516 1874 2763 1939 Diabolo,
2797 1883 2849 1930 et
2870 1877 2989 1945 ejus
3023 1877 3376 1933 atrocissimis
3409 1893 3564 1949 pom-

1964 1961 2051 2032 pis
2082 1969 2282 2033 ;atque
2312 1977 2433 2018 cum
2464 1963 2599 2017 Juda
2644 1963 2906 2019 traditore
2941 1965 3158 2019 Domini
3220 1966 3394 2020 nostri
3435 1966 3566 2022 Jesu

1967 2049 2167 2104 Christi
2202 2069 2215 2115 ;
2249 2058 2301 2105 et
2331 2066 2455 2106 cum
2486 2050 2664 2123 impiis
2693 2052 2948 2107 omnibus
3000 2052 3307 2123 portionem
3346 2052 3563 2119 habeat,

1966 2145 2020 2192 et
2047 2153 2082 2192 a
2109 2153 2285 2211 regno
2322 2138 2422 2193 Dei
2450 2138 2657 2195 alienus
2687 2139 2899 2196 existat.
2932 2139 3037 2209 Qui
3074 2156 3207 2196 vero
3237 2141 3328 2212 pio
3358 2141 3413 2195 in
3439 2157 3557 2197 om-

1965 2226 2125 2281 nibus
2154 2226 2349 2281 intuitu
2398 2243 2558 2283 verus
2586 2227 2924 2292 observator.
2958 2236 3012 2285 et
3041 2237 3259 2286 curator
3303 2228 3569 2286 exstiterit

1966 2314 2423 2383 benedictionem,
2454 2315 2706 2387 gratiam,
2728 2323 2779 2371 et
2799 2317 3079 2372 ctelestem
3107 2316 3562 2383 misericordiam,

1968 2403 2082 2458 sive
2113 2402 2327 2459 veniam
2355 2404 2677 2460 delictorum
2732 2419 2956 2460 suorum
2987 2421 3019 2460 a
3042 2406 3190 2475 justo
3213 2406 3395 2473 judice
3442 2406 3560 2461 Do-

1966 2490 2115 2546 mino
2143 2492 2258 2547 Deo
2279 2499 2467 2548 nostro
2497 2493 2760 2564 consequi
2799 2501 3090 2549 mereatur.
3146 2493 3422 2565 Scriptum
3464 2510 3563 2564 per

1967 2594 2190 2635 manum
2227 2580 2505 2636 Benedicti
2543 2580 2738 2636 notarii
2767 2581 3077 2652 regionarii,
3136 2589 3190 2637 et
3228 2589 3564 2638 sacrosantae

1967 2666 2229 2723 Romana:
2249 2668 2564 2723 ecclesiazin
2581 2684 2767 2724 mense
2787 2669 3052 2734 Januarii,
3076 2669 3371 2724 indictione
3393 2684 3560 2723 nona.

1967 2756 2114 2811 Bene
2141 2755 2338 2824 valete,
2400 2754 2600 2822 Quarto
2657 2772 2832 2811 nonas
2885 2756 3144 2822 Januarii,
3204 2773 3302 2827 per
3336 2773 3559 2812 manum

1967 2843 2237 2898 Anastasii
2258 2843 2654 2899 bibliothecarii
2676 2851 2878 2900 sanctae
2908 2845 3054 2899 sedis
3082 2845 3396 2916 apostolicae
3416 2861 3560 2901 anno

1969 2933 2084 2987 Deo
2127 2932 2359 3003 propitio
2414 2930 2761 3002 pontificatus
2808 2933 3016 2988 domini
3064 2933 3287 2988 Joannis
3343 2941 3556 3005 quarto,

1969 3021 2298 3091 imperatore
2329 3020 2549 3075 domino
2578 3020 3097 3091 piissimoperpetuo
3118 3024 3365 3094 Augusto
3387 3022 3562 3076 Caro-

1896 3081 1945 3143 C
1965 3108 2019 3164 lo
2048 3125 2080 3163 a
2102 3110 2217 3164 Deo
2247 3116 2506 3163 coronato
2536 3124 2736 3181 magno
2756 3108 3084 3179 imperatore
3115 3125 3257 3166 anno
3295 3110 3562 3180 primo,et

1963 3204 2084 3268 post
2116 3195 2455 3252 consulatum
2484 3196 2601 3264 ejus
2636 3212 2779 3250 anno
2810 3196 3003 3267 primo,
3048 3197 3343 3252 indictione
3396 3213 3557 3251 nona.

2675 3300 2847 3356 XVII.

2089 3404 2162 3443 ΑΙ)
2191 3404 2522 3445 HINCHARUM
2543 3403 3021 3444 ARCHIEPISCOPUM
3050 3403 3413 3444 RHEHENSEH.

2576 3494 2756 3565 (Anno
2786 3495 2935 3563 8'76.)

2041 3585 2107 3640 Ut
2149 3585 2213 3639 in
2260 3582 2444 3639 locum
2490 3584 2793 3655 Hincmari,
2814 3582 3111 3638 ordinetur
3149 3583 3439 3655 episcopus
3494 3583 3558 3638 in

2368 3653 2617 3709 Ecclesia
2645 3654 3052 3709 Laudunemis.

2023 3738 2277 3795 JOANNEs
2289 3740 2598 3811 episcOpus,
2616 3757 2808 3796 servus
2826 3756 3104 3797 servorum
3123 3740 3240 3807 Dei,
3257 3741 3555 3796 Hmcmao

1962 3827 2373 3898 archiepiscopo
2402 3829 2714 3884 Rhemensi.

2035 3914 2297 3984 Quamvis
2327 3928 2353 3955 ι
2379 3917 2448 3972 de
2476 3916 2772 3973 sanctitatis
2800 3917 3124 3986 tumjudicio
3153 3917 3286 3972 nihil
3312 3916 3557 3972 dubitas-

1964 4020 2168 4070 semus,
2201 4005 2325 4076 quia
2354 4012 2532 4060 tamen
2563 4005 2914 4061 charissimus
2945 4004 3086 4061 ﬁlius
3113 4014 3297 4061 noster
3325 4005 3554 4061 Carolus

1963 4101 2351 4156 invictissimus
2380 4102 2694 4172 imperator,
2734 4118 2763 4156 a
2792 4102 2951 4158 nobis
2981 4103 3397 4176 diligentissime
3425 4119 3554 4174 per-

1965 4197 2264 4256 cunctatus,
2287 4187 2749 4246 circumstantia‘m
2780 4190 2970 4258 judicii
2999 4207 3033 4246 a
3078 4191 3410 4246 beatitudine
3466 4199 3555 4246 tua

1963 4277 2411 4349 coepiscopisque
2460 4278 2572 4332 suis
2601 4279 2657 4332 in
2703 4278 3055 4333 Hincmarum
3111 4279 3313 4334 dudum
3344 4279 3554 4334 Laudu-

1965 4381 2192 4420 nensem
2222 4366 2536 4435 episcopum
2566 4365 2761 4436 prolati
2789 4366 3109 4436 apostolatui
3138 4374 3325 4420 nostro
3346 4366 3548 4431 retulit,

255 4441 462 4524 ξδθίυφ
493 4432 586 4524 Pi“
615 4429 1160 4524 egisse_°°“ﬁdi"}usv
1208 4428 1468 4524 °_°°gmis
1497 4427 1865 4524 SPﬁgeS‘ioni-
1891 4429 1942 4489 D
1967 4427 2291 4524 agnovimus
2314 4427 2519 4521 justum
2547 4427 2714 4508 fuisse
2744 4427 2965 4508 omnino
3011 4453 3296 4521 judicium.
3348 4427 3542 4524 Neque

253 4522 362 4577 bus
384 4521 508 4591 ejus
528 4518 708 4574 favere
736 4518 1003 4583 volentes,
1034 4517 1396 4583 decernimus,
1444 4515 1763 4581 stabilimus,
1811 4523 1865 4570 et

251 4608 573 4681 apostolica
601 4606 916 4663 auctoritate
946 4605 1275 4660 omnimodis
1317 4603 1704 4660 confirmamus
1731 4619 1865 4660 cun-

252 4707 341 4755 cta
362 4696 622 4770 superius
650 4695 792 4750 dicta
810 4693 1108 4749 immobilia
1128 4693 1249 4749 loca
1278 4708 1402 4748 cum
1425 4693 1721 4759 nobilibus,
1765 4707 1863 4747 seu

252 4792 483 4851 famulis
513 4790 793 4862 utriusque
825 4804 1009 4856 sexus,
1041 4803 1150 4843 una
1178 4804 1302 4844 cum
1332 4788 1584 4843 thesauro
1606 4787 1674 4841 ad
1705 4803 1863 4842 usum

254 4890 307 4938 et
367 4879 662 4936 utilitatem
707 4877 1137 4949 supradictorum
1210 4876 1624 4941 monachorum,
1677 4882 1863 4946 utpote

250 4971 405 5027 idem
465 4965 949 5039 praestantissimus
1006 4965 1302 5036 imperator
1386 4964 1657 5036 augustali
1720 4980 1862 5034 prae-

252 5067 423 5130 cepto
455 5054 637 5112 eidem
687 5052 1020 5108 monasterio
1073 5053 1143 5108 ob
1199 5051 1434 5107 salutem
1502 5051 1695 5107 animae
1753 5067 1864 5107 sua:

253 5143 562 5209 concessit,
609 5143 696 5197 vel
746 5157 1110 5197 concessurus
1152 5141 1273 5196 erit.
1333 5139 1628 5195 Statuimus
1684 5147 1864 5195 autem

254 5236 364 5291 sub
408 5230 585 5289 divini
619 5230 809 5300 judicii
857 5229 1236 5293 obtestatione,
1287 5237 1337 5284 et
1385 5227 1738 5283 anathematis
1783 5227 1865 5280 in-

319 5397 346 5425 ι
378 5375 646 5439 Quamvis,
712 5377 811 5424 etc.
879 5372 1147 5436 Superstite
1215 5372 1479 5439 llincmaro
1559 5370 1866 5439 Laudunensi

255 5436 420 5496 alium
471 5443 527 5493 in
575 5436 682 5502 ejus
731 5440 893 5491 locum
938 5438 1190 5502 subrogari
1233 5437 1392 5499 jubet,
1435 5436 1609 5488 Carolo
1649 5437 1867 5499 impera-

255 5513 361 5567 tori
410 5510 479 5562 de
544 5507 676 5559 illius
732 5506 1038 5572 depositione
1097 5504 1388 5568 assentiens,
1434 5516 1581 5569 quam
1625 5502 1869 5555 Adrianus

1964 4540 2107 4596 enim
2139 4548 2317 4594 tantus
2345 4540 2600 4612 princeps
2628 4540 2732 4595 nisi
2771 4541 2994 4596 veritate
3015 4540 3208 4595 fultum
3256 4540 3552 4612 quidquam

1963 4636 2173 4700 poterat
2204 4628 2498 4683 affirmare.
2529 4629 2685 4685 Unde
2724 4628 2881 4684 nefas
2945 4645 3068 4684 esse
3124 4628 3378 4683 duximus
3435 4628 3553 4697 ejus

1962 4717 2212 4773 relationi
2248 4732 2358 4771 non
2413 4716 2659 4788 praebere
2684 4717 3061 4774 incunctanter
3108 4717 3369 4771 auditum.
3427 4715 3553 4771 Noli

1964 4821 2099 4877 ergo
2121 4805 2235 4874 jam
2270 4822 2412 4860 nunc
2461 4805 2765 4861 Ecclesiam
2813 4805 3225 4860 Laudunensem
3280 4805 3552 4860 viduatam

1964 4902 2017 4949 et
2046 4894 2163 4948 sine
2212 4894 2481 4967 regimine
2528 4894 2785 4964 pastorali
2840 4893 3277 4959 dimittere;sed
3332 4891 3551 4948 indiffe-

1964 4989 2152 5036 rentur
2179 4981 2429 5047 electum,
2463 4990 2515 5035 et
2544 4982 2612 5035 de
2645 4981 3020 5036 Laudunensis
3066 4980 3335 5037 Ecclesia:
3371 4981 3552 5047 clero,

1965 5071 2143 5126 virum
2163 5070 2437 5134 idoneum,
2470 5077 2523 5124 et
2551 5068 2604 5122 in
2637 5085 2744 5140 quo
2772 5068 3009 5125 omnium
3031 5077 3154 5124 vota
3191 5069 3553 5134 consentiant,

1964 5158 2142 5235 eidem
2166 5157 2427 5212 Ecclesia:
2456 5155 2672 5227 practice
2707 5157 3277 5228 prorsusepiscopum.
3313 5156 3409 5212 Cui
3440 5156 3556 5212 ele-

1965 5245 2129 5302 ctioni
2158 5245 2405 5300 volumus
2435 5245 2596 5299 etiam
2625 5244 2851 5300 missum
2881 5244 3090 5316 praefati
3119 5244 3349 5317 piissimi
3385 5243 3559 5316 impe-

1963 5370 2281 5433 improbarat.
2332 5371 2497 5432 Itaque
2537 5370 2681 5421 tertio
2724 5373 2835 5436 post
2886 5383 3049 5423 mense
3087 5371 3270 5423 electus
3315 5372 3394 5422 est
3436 5370 3532 5423 He-

1964 5437 2208 5489 denulfus.
2234 5437 2379 5487 Snus.
