4020 6178
479 212 581 266 663

1713 207 2012 264 JOANNIS
2053 206 2249 262 ΡΑΡᾸΞ
2299 207 2438 262 VIII.

3681 211 3786 266 66L

461 332 668 392 ratoris
702 333 988 402 interesse,
1029 339 1089 388 ut
1118 333 1235 388 sine
1265 331 1604 388 saecularium
1637 332 1867 402 strepitu
1923 330 2072 386 omni
2099 331 2156 390 Α
2245 329 2474 385 Litteras
2503 330 2807 386 devotionis
2819 338 3014 387 vestrm
3045 332 3427 404 suscipientes,
3453 332 3586 404 quia
3615 332 3783 390 devo-

472 421 646 476 latere
678 421 800 475 talis
832 422 1082 494 eligatur,
1117 421 1206 493 qui
1237 430 1392 492 aptus
1423 420 1594 476 sacris
1625 421 1924 476 canonibus
1956 435 2078 474 esse

473 509 652 562 modis
700 509 952 563 omnibus
975 510 1327 580 approbetur.
1382 507 1647 579 Optamus
1732 508 2074 563 sanctitatem

473 603 622 650 tuam
641 597 696 650 in
729 597 946 652 Christo
975 597 1114 652 bene
1147 597 1349 652 valere.
1383 599 1526 651 Data
1557 601 1643 652 est
1667 598 1848 652 Roma:
1905 597 2077 652 Theo-

479 685 684 752 dorico,
727 688 897 756 jussu
923 703 1084 758 papae
1113 687 1348 741 Joannis
1377 689 1435 739 et
1483 685 1676 740 domni
1711 685 1895 740 Caroli
1949 684 2080 739 novi

472 773 850 844 imperatoris,
867 789 972 846 per
991 789 1196 828 manus
1235 773 1524 828 Anastasii
1559 773 1982 836 bibliothecarii,
2015 774 2079 827 in

473 870 776 924 secretario
799 871 1052 925 ecclesiis
1077 871 1266 926 sancti
1281 872 1454 934 Petri,
1476 886 1628 924 anno
1647 871 2071 924 incarnationis

473 957 781 1012 Dominicae
807 961 927 1012 876.
955 959 1126 1014 Nonis
1143 960 1432 1024 Januaris,
1455 959 1766 1014 indictione
1789 971 1867 1011 lx.
1893 959 1960 1012 Et
1977 957 2076 1012 dc-

483 1046 705 1100 lataest
731 1047 797 1100 ab
847 1047 1038 1102 eodem
1099 1046 1424 1102 Theodorico
1455 1047 1518 1100 in
1558 1047 1788 1101 civitate
1851 1045 2076 1100 Rhemis

477 1134 780 1188 Ili-nemora
812 1135 1150 1192 Rhemorum
1169 1135 1606 1206 archiepiscOpo,
1631 1135 1821 1190 eodem
1841 1150 1991 1189 anno
2019 1136 2076 1188 et

477 1221 673 1278 eadem
703 1222 1033 1289 indictione,
1055 1239 1090 1276 v
1129 1223 1259 1278 Idus
1293 1223 1502 1277 Martii.

1174 1345 1370 1399 XVIII.

947 1449 1020 1488 AD
1049 1447 1380 1488 ALDPONSUM
1409 1447 1618 1488 REGEI.

1057 1522 1237 1592 (Anno
1269 1520 1417 1590 876.)

480 1617 764 1674 Ovctensis
785 1612 1036 1668 Ecclesia
1053 1611 1328 1668 Callaeciae
1343 1611 1782 1682 metrOpolitana
1809 1610 2070 1680 cﬂieitar.

549 1723 804 1777 Joannes
843 1718 1150 1790 episcopus,
1173 1732 1364 1771 servus
1393 1731 1680 1771 servorum
1709 1715 1827 1780 Dei,
1888 1718 2077 1770 Anna—

481 1825 658 1867 rorzso
689 1809 804 1880 regi
833 1805 1310 1870 Christianissimo,
1343 1821 1440 1859 seu
1471 1805 1681 1860 cunctis
1713 1803 2079 1859 venerabilius

484 1898 775 1972 episcopis,
811 1895 1119 1960 abbatibus,
1153 1893 1240 1948 vel
1261 1893 1577 1948 orthodoxis
1608 1892 1951 1947 Christianis.

557 1987 696 2055 Quia
721 1986 887 2057 igitur
915 1984 968 2038 in
998 1997 1128 2038 cura
1181 1997 1281 2036 nos
1339 1979 1501 2036 totius
1547 1981 1968 2036 Christianitatis
2017 1982 2074 2035 B.

489 2075 630 2131 Petri
660 2074 1030 2145 apostolorum
1079 2070 1338 2142 principis
1367 2069 1694 2140 sempiterna
1739 2069 2082 2141 providentia

485 2163 646 2219 eﬁicit
677 2176 1043 2228 successores,
1083 2175 1146 2213 ea
1203 2159 1420 2213 Domini
1475 2159 1648 2212 nostri
1702 2159 1831 2213 Jesu
1885 2157 2082 2212 Christi

484 2251 912 2321 constringimur
968 2246 1363 2310 adhortatione,
1431 2262 1539 2316 qua
1589 2247 1806 2300 beatum
1863 2247 2082 2301 Petrum

481 2339 792 2411 apostolum
822 2337 1049 2400 monuit,
1083 2335 1274 2390 dicens
1307 2335 1544 2405 quadam
1575 2349 1708 2388 voce
1739 2333 1877 2405 [vice
1917 2334 2082 2404 privi-

481 2427 633 2500 legii]
668 2444 680 2482 :
709 2429 787 2482 Tu
799 2443 854 2482 es
871 2427 1094 2490 Petrus,
1115 2427 1170 2480 et
1191 2439 1360 2493 super
1382 2424 1528 2478 hanc
1555 2427 1782 2494 petram
1798 2423 2083 2491 aediﬁcabo

487 2517 806 2574 Ecclesium
829 2530 1034 2580 meam,
1059 2517 1114 2568 et
1133 2513 1236 2568 tibi
1247 2513 1380 2568 dabo
1403 2512 1585 2567 claves
1603 2513 1767 2582 regni
1795 2513 2083 2577 caelorum,

488 2613 541 2661 et
569 2605 780 2676 reliqua
802 2604 1022 2672 (Matth.
1053 2602 1196 2669 xvx).
1229 2601 1366 2656 Hinc
1397 2617 1588 2654 rursus
1609 2600 1923 2655 imminente
1969 2601 2084 2654 Do-

487 2693 621 2748 mini
641 2692 813 2747 nostri
843 2691 1073 2746 articulo
1105 2689 1362 2762 gloriosae
1388 2687 1679 2759 passionis,
1725 2688 1900 2759 inquit
1933 2705 1946 2742 :
1979 2689 2085 2759 Ego

488 2799 588 2857 pro
608 2785 662 2838 te
675 2783 880 2852 rogavi,
899 2783 964 2836 ut
975 2795 1090 2835 non
1101 2779 1326 2847 deﬁciat
1341 2777 1476 2846 ﬁdes
1497 2781 1614 2843 tua,
1631 2781 1686 2832 et
1708 2777 2086 2848 tualiquando

490 2885 792 2928 conversus
817 2869 1095 2936 conﬁrma
1109 2869 1322 2938 fratres
1357 2867 1631 2936 tuos(Luc
1655 2865 1823 2936 χχιι),
1851 2865 2086 2936 Ideoque

493 2958 622 3030 quia
655 2965 854 3011 vestrae
886 2955 1086 3009 notitia:
1117 2953 1255 3008 fama
1285 2969 1384 3024 per
1405 2955 1503 3008 hos
1523 2953 1720 3008 fratres
1743 2953 1929 3008 limina
1958 2969 2089 3023 apo-

497 3045 762 3143 δίοῙίξτυω
809 3043 1141 3143 ιυξίτξωίθδν,
1182 3057 1279 3112 per
1327 3041 1582 3143 severfm
1609 3049 1693 3143 ,εί
1745 3041 2094 3143 Ῑξθδίίξθτψξη
2121 3036 2168 3098 C
2191 3036 2487 3134 duriorem:
2519 3077 2573 3122 ut
2605 3069 2677 3122 ita
2706 3068 3022 3136 dixerimus,
3056 3036 3342 3124 adamante
3385 3036 3518 3143 erga
3548 3036 3782 3126 ﬁdelita-

493 3133 846 3206 prcsbyteros
879 3130 975 3202 [al.
999 3129 1376 3202 presbyterum
1397 3138 1448 3185 et
1479 3129 1915 3203 Synderendum]
1933 3131 2090 3185 nobis

493 3223 630 3278 miro
661 3221 832 3276 odore
859 3219 1114 3274 bonitatis
1139 3227 1220 3274 est
1249 3219 1507 3280 revelata,
1531 3227 1756 3289 paterna
1775 3235 1872 3274 vos
1885 3219 2090 3274 adhor-

495 3311 696 3366 tatione
717 3323 1058 3375 commoneo,
1091 3309 1146 3361 in
1176 3308 1367 3378 emptis
1397 3307 1555 3362 bonis
1585 3307 1864 3378 Operibus,
1915 3307 2092 3379 gratia

497 3400 654 3464 duce,
687 3411 1068 3469 perseverare,
1102 3403 1372 3468 quatenus
1389 3396 1609 3467 copiosa
1635 3411 1731 3450 vos
1761 3396 1902 3450 beati
1949 3395 2092 3450 Petri

499 3486 827 3559 protectoris
861 3485 1028 3540 vestri
1051 3493 1102 3540 et
1128 3493 1314 3540 nostra
1341 3493 1596 3556 protegat
1640 3484 1964 3539 benedictio.
2023 3483 2093 3538 Et

500 3575 944 3648 quotiescunque,
979 3572 1074 3629 ﬁlii
1105 3574 1434 3640 charissimi,
1468 3572 1538 3628 ad
1564 3589 1664 3628 nos
1694 3573 1882 3628 venire
1927 3572 2092 3643 quili-

498 3665 589 3719 bet
619 3669 858 3720 vestrum
889 3669 980 3717 aut
1037 3662 1397 3716 transmittere
1454 3661 1706 3726 voluerit,
1749 3669 1856 3716 tota
1911 3661 2094 3716 cordis

503 3747 860 3806 exsultatione
893 3755 945 3804 et
975 3747 1140 3802 animi
1161 3747 1364 3820 gaudio
1395 3747 1464 3801 de
1495 3745 1696 3800 ultimis
1728 3745 1999 3802 Gallazcise
2031 3743 2098 3798 ﬁ-

496 3838 678 3904 nibus,
711 3838 798 3892 cui
829 3853 928 3892 vos
958 3843 1158 3906 praeter
1181 3851 1268 3890 me
1299 3835 1564 3890 Dominus
1595 3843 1840 3890 rectores
1887 3835 2094 3889 consti-

497 3926 612 3992 tuit,
639 3933 894 3996 tanquam
911 3924 1034 3992 jure
1060 3921 1200 3978 ﬁlios
1233 3931 1451 3978 nostros
1499 3939 1599 3978 vos
1657 3923 1964 3994 colligimus
1999 3941 2012 3976 :
2045 3930 2096 3976 et

496 4013 742 4070 ecclesia:
759 4011 1040 4078 Ovetensi,
1075 4025 1240 4082 quam
1269 4019 1456 4066 nestro
1489 4025 1760 4067 consensu
1790 4019 1844 4066 et
1878 4011 2096 4066 assidua

499 4099 760 4173 petitione
792 4099 1264 4170 metropolitanam
1293 4099 1688 4166 constituimus,
1739 4115 1930 4155 omnes
1999 4115 2096 4155 vos

501 4189 752 4246 subditos
769 4204 890 4244 esse
919 4187 1260 4244 mandamus.
1295 4190 1361 4243 Et
1381 4188 1734 4244 concedimus
1763 4188 1926 4242 etiam
1955 4205 2098 4258 prae-

503 4275 662 4330 dictae
679 4273 794 4329 sedi
823 4279 881 4328 ut
913 4287 979 4328 ea
1009 4288 1128 4344 quae
1155 4287 1318 4346 reges
1349 4289 1444 4328 seu
1491 4271 1683 4327 ﬁdeles
1727 4271 1824 4344 [al.
1873 4272 2097 4344 quilibet

503 4361 700 4434 ﬁdelis]
725 4363 868 4432 juste
887 4361 1316 4427 obtulerunt,vel
1343 4361 1400 4415 in
1421 4361 1682 4431 futurum,
1715 4361 1947 4416 Domino
1976 4360 2094 4430 opi-

497 4451 722 4518 tulante,
759 4450 1104 4518 contulerint,
1129 4459 1249 4506 rata
1265 4449 1421 4504 ﬁrma
1451 4458 1504 4505 et
1529 4450 1856 4506 inconcussa
1871 4465 2094 4504 manere

505 4535 562 4590 in
591 4543 913 4606 perpetuum
934 4535 1302 4606 prazcipimus.
1335 4537 1445 4590 Hos
1479 4551 1694 4606 quoque
1715 4533 1918 4588 lateros
1959 4533 2100 4587 litte-

505 4639 688 4679 rarum
715 4631 1024 4678 nostrarum
1053 4639 1242 4678 omnes
1299 4623 1484 4678 hortor
1547 4631 1604 4677 ut
1649 4622 1894 4678 habeatis
1949 4636 2099 4677 com-

503 4711 810 4770 mendatos.
840 4713 986 4767 Bene
1015 4711 1210 4768 valete.

1229 4817 1380 4872 XIX.

1103 4915 1128 4941 ³
1159 4921 1231 4960 Αἰ)
1263 4920 1514 4961 EUMDEM.

1133 4995 1311 5066 (Anno
1343 4997 1490 5065 876.)

653 5084 836 5140 Monet
865 5085 1162 5140 ecclesiam
1191 5085 1380 5139 sancti
1399 5084 1586 5140 Jacobi
1615 5083 1956 5138 consecrari.

577 5191 835 5246 JOANNES
867 5190 1175 5260 episcOpus,
1214 5206 1406 5244 servus
1437 5205 1716 5244 servorum
1749 5187 1869 5256 Dei,
1901 5187 2102 5242 dilecto

509 5279 618 5335 ﬁlio
641 5283 977 5334 ALDEFONSO
999 5277 1241 5350 glorioso
1271 5277 1388 5348 regi
1411 5277 1812 5332 Gallaaeiarum.

584 5441 606 5468 α
631 5432 744 5482 Haec
767 5432 1044 5496 etsuperior
1065 5431 1270 5498 epistola
1287 5430 1527 5484 habentur
1551 5432 1600 5484 in
1627 5430 1826 5482 historia
1851 5427 2078 5492 Sampiti.

2105 1685 2160 1744 B

2181 426 2296 472 tum
2309 435 2405 474 vos
2423 435 2545 474 esse
2577 420 2960 490 cognoscimus
2989 436 3124 492 erga
3153 429 3396 476 vestram
3409 429 3663 476 sanctam
3683 423 3784 476 Ec-

2179 507 2402 562 clesiam
2433 507 2640 579 gratias
2671 508 2826 564 vobis
2871 508 3194 578 multiplices
3225 508 3536 576 referimus,
3591 509 3784 564 Domi-

2179 611 2307 650 num
2337 603 2620 650 exorantes
2649 605 2702 649 ut
2735 597 2892 668 vigor
2923 597 3080 666 regni
3143 598 3315 651 vestri
3358 598 3606 652 abundet
3665 597 3782 670 [al.,

2177 683 2434 756 abunde],
2469 684 2536 738 de
2568 683 2798 739 inimicis
2827 685 3024 738 vestris
3063 684 3346 740 victoriam
3378 685 3538 740 vobis
3585 701 3785 741 conce-

2178 772 2290 825 dat.
2322 771 2464 826 Nam
2492 787 2613 836 nos,
2645 771 2720 824 ﬁli
2750 771 3090 838 charissime,
3123 773 3260 828 sicut
3287 773 3522 842 petistis,
3567 773 3786 829 sedulas

2176 875 2371 930 preces
2401 859 2941 930 Domino‘fundimus,
2975 869 3032 914 ut
3062 877 3294 933 regnum
3307 870 3554 916 vestrum
3579 862 3784 934 guber-

2177 955 2286 1016 net,
2311 963 2410 1002 vos
2439 947 2621 1003 salvos
2653 947 2828 1014 faciat,
2864 949 3130 1004 custodiat
3153 957 3204 1004 et
3227 958 3498 1022 protegat,
3534 959 3592 1004 et
3627 968 3786 1021 super

2175 1035 2422 1090 inimicos
2453 1043 2665 1091 vestros
2705 1037 2882 1108 erigat
2915 1053 2928 1092 :
2955 1037 3246 1092 ecclesiam
3289 1046 3470 1093 autem
3501 1039 3567 1092 B.
3600 1039 3786 1095 Jacobi

2176 1125 2246 1178 ab
2279 1123 2530 1194 Hispanis
2562 1124 2832 1196 episcopis
2881 1126 3189 1182 consecrari
3217 1125 3398 1194 facite,
3433 1134 3486 1182 et
3519 1143 3656 1183 cum
3715 1128 3784 1182 eis

2175 1212 2464 1268 concilium
2479 1213 2771 1268 celebrate.
2793 1213 2972 1268 Etnos
2985 1213 3228 1284 quidem,
3249 1215 3488 1286 gloriose
3531 1232 3656 1282 rex,
3715 1215 3780 1269 si-

2177 1301 2284 1356 cuti
2315 1316 2433 1370 vos,
2467 1317 2496 1354 a
2525 1301 2756 1372 paganis
2776 1301 2890 1370 jam
2917 1303 3370 1374 constringimur,
3405 1303 3492 1358 die
3528 1319 3596 1359 ac
3629 1312 3784 1360 nocte

2175 1404 2301 1444 cum
2331 1389 2438 1443 illis
2469 1389 2612 1444 bella
2643 1389 3030 1445 committimus
3061 1410 3076 1458 ς
3111 1391 3208 1446 sed
3247 1392 3600 1462 omnipotens
3643 1393 3784 1447 Deus

2174 1477 2267 1532 dat
2297 1477 2418 1550 [al.,
2451 1477 2584 1550 det,]
2606 1478 2764 1533 nobis
2793 1479 2862 1533 de
2905 1478 3014 1532 illis
3061 1479 3414 1551 triumphum.
3473 1481 3656 1550 Hujus
3717 1481 3786 1536 rei

2175 1567 2352 1636 gratia
2405 1581 2665 1638 rogamus
2718 1566 3064 1622 dilectionem
3121 1576 3379 1634 vestram,
3432 1577 3486 1622 et
3543 1569 3782 1624 animum

2183 1653 2449 1727 [nimium]
2479 1656 2853 1726 deprecamur,
2917 1663 2974 1710 ut
3005 1656 3148 1727 quia,
3181 1665 3238 1710 ut
3267 1656 3528 1722 diximus,
3569 1658 3732 1712 valde
3759 1674 3784 1712 a

2181 1743 2410 1816 paganis
2441 1743 2761 1814 opprimitur
2781 1743 3088 1814 aliquantos
3109 1744 3266 1799 utiles
3295 1753 3348 1800 et
3371 1746 3610 1816 Optimos
3641 1747 3784 1800 Mau-

2181 1832 2357 1887 riscos
2387 1849 2504 1886 cum
2537 1832 2722 1902 armis,
2753 1847 2891 1903 quos
2913 1832 3140 1904 Hispani
3169 1833 3408 1888 cavallos
3443 1834 3784 1904 Alpharaces

2177 1929 2392 1986 vocant,
2428 1919 2498 1974 ad
2527 1935 2628 1974 nos
2658 1919 2898 1992 dirigere
2929 1935 3037 1975 non
3083 1921 3360 1976 omittatis.
3393 1921 3646 1990 Qualiter
3687 1939 3781 1978 nos

2179 2007 2525 2078 recipientes,
2570 2008 2860 2062 Dominum
2917 2009 3304 2074 collaudemus,
3355 2009 3513 2064 vobis
3573 2009 3780 2082 gratias

2181 2095 2500 2162 referamus,
2535 2104 2587 2151 et
2619 2113 2719 2167 per
2747 2113 2938 2151 eorum
2965 2105 3292 2168 portatorem
3336 2098 3406 2152 de
3436 2098 3776 2152 benedictio-

2181 2185 2340 2239 nibus
2371 2185 2425 2238 S.
2453 2185 2596 2239 Petri
2623 2201 2721 2240 vos
2751 2201 3184 2240 remuncrcmus.
3213 2188 3357 2241 Bene
3375 2187 3516 2252 vale,
3537 2187 3778 2242 dilectis-

2187 2273 2322 2326 sime
2353 2271 2428 2326 ﬁli
2458 2281 2510 2328 et
2543 2273 2846 2328 clarissime
2867 2289 2981 2328 rex.

2915 2381 3040 2446 xx,

2183 2483 2258 2522 AD
2271 2483 2570 2522 EPISCOPOS
2585 2483 2654 2522 ΕΤ
2665 2483 2900 2523 COMITES
2921 2483 2976 2522 IN
2999 2484 3184 2524 REGNO
3196 2482 3394 2523 CAROLI
3405 2485 3778 2526 CONSTITUTOS

2801 2559 2979 2626 (Anno
3012 2559 3159 2626 876.)

2185 2647 2400 2701 Laudat
2429 2645 2556 2718 illos
2587 2645 2727 2716 quod
2757 2646 2818 2718 in
2847 2646 2954 2714 ﬁde
2975 2649 3302 2702 constantes
3339 2663 3470 2718 erga
3511 2648 3776 2703 Carolum

2255 2717 2620 2790 perstiterint
2643 2736 2660 2780 ,-
2681 2721 2738 2790 et
2767 2717 2834 2790 de
2865 2718 3082 2790 legatis,
3125 2733 3258 2788 quos
3297 2719 3368 2772 ad
3398 2717 3780 2790 eamponenda

2259 2787 2492 2840 dissidia
2507 2787 2764 2841 mittebat
2783 2789 2841 2840 in
2860 2787 2982 2842 cau
2989 2789 3122 2843 iam.

2261 2891 2636 2946 Benedicimus
2665 2893 2810 2946 Deus
2869 2899 2921 2946 et
2971 2893 3131 2948 Pater
3174 2893 3390 2948 Domini
3425 2894 3598 2948 nostri
3647 2897 3772 2950 Jesu

2195 2979 2413 3046 Christi,
2449 2981 2539 3050 qui
2573 2989 2770 3036 vestra:
2799 2981 3127 3036 sinceritatis
3157 2981 3394 3053 ﬁdeique
3423 2983 3779 3038 constantiam

2191 3165 2300 3212 tem
2323 3157 2658 3212 invictissimi
2687 3157 2950 3228 principis
2979 3159 3164 3212 domui
3195 3159 3371 3214 Caroli
3401 3159 3655 3230 spiritalis
3693 3159 3782 3213 ﬁlii

2191 3245 2364 3300 nostri
2411 3261 2730 3316 semperque
2779 3247 3006 3318 Augusti
3075 3248 3336 3302 hactenus
3385 3264 3490 3303 non
3551 3249 3786 3304 indebita

2193 3335 2316 3390 fecit
2357 3335 2672 3405 persistere,
2726 3343 2777 3389 et
2825 3335 3008 3406 quanti
3049 3336 3245 3390 caloris
3275 3337 3330 3390 in
3359 3336 3514 3390 vobis
3549 3338 3784 3392 charitas

2193 3423 2392 3493 vigeat,
2425 3423 2568 3478 dono
2597 3423 2786 3495 gratia:
2815 3423 3078 3496 largitatis
3099 3441 3211 3478 sua:
3231 3424 3426 3478 clarius
3445 3425 3785 3480 demonstra-

2193 3511 2286 3576 vit,
2323 3519 2590 3582 quatenus
2619 3519 2803 3566 notam
2841 3511 3044 3568 faceret
3073 3513 3328 3585 gentibus
3368 3514 3624 3568 virtutem
3659 3515 3780 3586 glo-

2193 3600 2288 3654 ria:
2327 3617 2455 3670 suae,
2475 3609 2527 3654 et
2559 3600 2771 3654 divitias
2801 3601 3056 3656 bonitatis
3077 3617 3189 3656 suae
3228 3601 3294 3655 ad
3325 3601 3626 3672 profectum
3645 3603 3780 3658 ﬁde-

2195 3688 2326 3744 lium
2357 3697 2410 3743 et
2433 3690 2498 3742 ad
2531 3689 2924 3744 correctionem
2947 3689 3245 3745 inﬁdelium
3276 3691 3530 3745 omnibus
3571 3691 3782 3746 revela-

2195 3781 2296 3827 ret.
2319 3772 2644 3828 Ostendistis
2675 3773 2838 3840 enim,
2883 3773 3190 3829 charissimi
3228 3783 3488 3846 quantum
3541 3776 3608 3829 sit
3654 3791 3784 3846 erga

2193 3861 2345 3932 pacis
2376 3869 2428 3916 et
2459 3863 2768 3918 concordia:
2797 3863 2996 3918 cultum
3035 3870 3232 3918 vestrae
3263 3863 3656 3919 benevolentia!
3685 3865 3784 3918 be-

2194 3950 2392 4022 nignus
2417 3951 2664 4016 affectus,
2691 3960 2744 4006 et
2777 3951 3040 4021 implestis
3061 3967 3226 4022 opere
3257 3953 3404 4024 quod
3435 3953 3554 4022 ipse
3575 3969 3608 4007 a
3637 3953 3784 4006 vobis

2195 4040 2362 4112 exigit
2391 4041 2658 4108 Christus,
2705 4040 2893 4095 dicens
2923 4041 2978 4094 in
3019 4041 3316 4113 Evangelio
3351 4057 3362 4094 :
3399 4041 3604 4096 Omnia
3633 4058 3784 4113 qutt-

2195 4145 2412 4200 cunque
2433 4130 2604 4184 vultis
2633 4133 2694 4183 ut
2731 4131 2957 4200 faciant
2979 4131 3126 4184 vobis
3144 4129 3422 4196 homines,
3449 4135 3502 4185 et
3525 4147 3611 4185 vos
3631 4131 3798 4200 facite

2193 4217 2314 4272 illis
2339 4217 2560 4286 (Matth.
2591 4219 2692 4288 vn)
2717 4236 2731 4283 ;
2761 4225 2814 4271 et
2835 4218 3129 4288 Apostolus
3150 4219 3222 4271 ait
3255 4219 3446 4274 :Fides
3463 4220 3586 4274 sine
3611 4217 3786 4290 operi-

2194 4305 2291 4360 bus
2319 4309 2544 4361 mortua
2573 4309 2658 4361 est
2697 4305 2833 4374 (Jac.
2883 4307 2964 4376 ιι).
3002 4307 3155 4361 Unde
3211 4314 3398 4361 noster
3437 4307 3782 4377 apostolatus,

2121 4390 2173 4449 D
2195 4393 2474 4448 immensae
2503 4393 2700 4448 lmtitim
2731 4394 2970 4464 repletus
3009 4394 3260 4465 tripudio,
3291 4395 3528 4464 primum
3575 4393 3786 4464 quidem

2199 4483 2314 4536 Deo
2343 4481 2695 4552 omnipotenti
2725 4483 3053 4538 sufﬁcientes
3083 4499 3144 4538 ac
3173 4483 3362 4537 laudes
3394 4483 3622 4548 debitas,
3653 4482 3784 4552 quia

2201 4570 2330 4624 nihil
2363 4571 2480 4625 sine
2509 4586 2574 4625 eo
2603 4571 2782 4626 facere
2799 4587 3110 4641 possumus,
3143 4571 3344 4638 retulit,
3397 4580 3452 4626 et
3495 4571 3658 4639 vobis,
3693 4569 3784 4640 qui

2203 4659 2440 4714 studiose
2471 4667 2619 4714 tanto
2649 4659 2962 4730 imperatori
3013 4658 3176 4714 ﬁdem
3219 4660 3614 4714 immaculatam
3655 4674 3780 4712 ser-

2201 4748 2366 4802 vastis
2391 4747 2738 4802 multimodas
2765 4748 3068 4820 gratiarum
3097 4749 3338 4803 actiones
3377 4765 3546 4820 agere
3584 4745 3786 4818 dignis-

2200 4853 2304 4906 que
2337 4852 2434 4890 vos
2453 4835 2648 4891 efferre
2671 4837 2923 4891 laudibus
2955 4851 3064 4892 non
3101 4836 3312 4891 omittit.
3338 4835 3630 4908 Siquidem,
3648 4835 3782 4888 dile—

2203 4924 2448 4990 ctissimi,
2473 4925 2606 4979 satis
2635 4925 2789 4980 vobis
2818 4925 3114 4996 prudenter
3159 4925 3528 4988 consuluistis,
3575 4922 3786 4994 quando

2204 5013 2342 5076 aliis,
2377 5013 2523 5083 quod
2553 5012 2744 5068 ﬂentes
2774 5013 3022 5078 dicimus,
3043 5013 3130 5068 vel
3159 5020 3352 5082 sponte
3383 5013 3468 5068 vel
3497 5011 3682 5068 callide
3721 5025 3785 5064 ac

2203 5100 2575 5156 fraudulenter
2603 5102 2863 5172 deceptis,
2896 5117 3013 5166 vos,
3047 5101 3186 5156 sicut
3203 5101 3456 5166 diximus,
3477 5099 3594 5156 ﬁdei
3609 5098 3792 5154 calore

2203 5197 2433 5254 utentes,
2487 5197 2538 5244 et
2573 5190 2745 5243 Deum
2811 5206 2926 5259 prae
2985 5189 3158 5244 oculis
3223 5189 3500 5254 habentes,
3547 5187 3792 5242 noluistis

2203 5277 2510 5352 iniquorum
2549 5277 2634 5332 vel
2665 5285 3012 5348 tyrannorum
3043 5276 3284 5332 fascibus
3313 5277 3526 5332 onerari
3553 5275 3632 5328 vel
3671 5289 3796 5332 ma-
