4056 6178
254 277 358 332 665

1397 266 1754 327 EPISTULA!
1799 268 1890 325 ET
1945 268 2293 327 DECRETA.

3449 277 3553 332 666

254 398 443 456 culari.
510 396 654 467 Quin
709 396 892 469 potius
918 381 1225 464 restitistis,
1250 394 1613 467 pravitatibus
1669 393 1929 455 eorumA
1957 408 2055 448 sua
2081 394 2262 465 prisco
2285 395 2402 465 jam
2428 402 2672 468 tempore
2692 403 2996 469 preoptata
3026 396 3256 454 Domino
3284 396 3401 453 Deo
3447 413 3555 453 nu-

252 503 363 543 non
391 485 770 554 consensistis,
803 493 857 541 et
897 484 1141 556 peccatis
1187 484 1381 540 alienis
1424 482 1645 538 minime
1692 497 1847 537 com-

255 574 589 631 municastis.
623 574 836 629 Idcirco
865 573 1039 629 libere
1068 573 1252 628 dicere
1276 571 1526 628 valebitis
1559 587 1572 626 :
1602 570 1726 626 Non
1754 569 1852 624 ad-

255 663 411 719 haesit
440 662 574 717 mihi
600 677 698 718 cor
725 678 972 733 pravum,
1021 661 1277 733 quoniam
1333 660 1480 715 nulla
1520 673 1624 731 par
1675 656 1851 733 ﬁdelis

253 768 376 807 cum
408 749 634 815 inﬁdeli,
669 738 871 805 Christi
898 750 967 804 ad
997 748 1182 811 Belial.
1229 748 1452 817 justitim
1493 747 1562 802 ad
1601 747 1852 819 iniquita-

256 847 386 905 tem,
418 838 509 893 vel
538 837 678 894 lucis
709 838 780 893 ad
796 836 1079 909 _tenebras.
1112 838 1283 908 Ergo,
1317 836 1441 909 quia
1470 835 1541 889 ita
1567 842 1666 905 est,
1717 841 1853 889 state

255 927 309 982 in
338 925 463 992 fide,
498 934 553 981 et
580 925 809 980 viriliter
828 925 993 997 agite,
1043 924 1354 997 seniorique
1402 931 1587 979 vestro
1633 922 1855 978 domino

252 1013 567 1086 imperatori
598 1013 763 1069 ﬁdem
792 1013 1100 1084 specialiter
1148 1012 1556 1083 repromissam,
1581 1012 1719 1067 sicut
1737 1026 1855 1067 cm-

254 1102 433 1173 pistis,
465 1101 843 1157 inconvulsam
873 1109 1109 1168 servate,
1142 1109 1195 1156 et
1232 1102 1288 1155 in
1334 1100 1531 1155 melius
1567 1098 1857 1156 confortati

259 1189 506 1258 ejusdem
528 1190 723 1246 honori
752 1205 851 1245 seu
878 1188 1143 1260 profectui
1169 1188 1491 1260 providete;
1523 1202 1591 1244 ac
1640 1202 1709 1242 ne
1759 1202 1858 1257 pro

259 1278 653 1349 temporalibus
712 1286 940 1347 interna,
1008 1293 1111 1349 pro
1171 1276 1538 1348 corporalibus
1575 1275 1856 1347 spiritalia,

258 1383 357 1438 pro
387 1367 624 1423 terrenis
651 1366 898 1422 caelestia
941 1366 1142 1437 gaudia
1188 1364 1464 1432 amittatis,
1509 1378 1861 1435 summopore

259 1455 552 1525 decertate,
594 1455 832 1511 scientes
882 1454 1008 1526 quia
1052 1454 1344 1523 adjuvante
1391 1453 1486 1509 illo
1533 1452 1627 1525 qui
1678 1451 1810 1508 dicit
1844 1467 1858 1504 :

265 1545 371 1611 Qui
416 1544 869 1617 perseveraverit
893 1559 1066 1616 usque
1095 1544 1160 1597 in
1187 1543 1383 1612 ﬁnem,
1408 1543 1500 1598 hic
1528 1542 1718 1598 salvus
1750 1541 1865 1596 erit

1950 481 2152 538 militer
2181 484 2515 552 exsolvente,
2548 485 2958 559 Augustaleque
2985 485 3261 553 diadema,
3281 485 3384 542 sibi
3413 485 3557 541 divi-

1950 570 2097 626 nitus
2146 571 2264 628 sine
2310 572 2476 629 dubio
2522 572 2798 639 collatum,
2848 587 2948 645 per
2991 574 3308 630 humilitatis
3352 581 3556 630 nostra

1952 657 2314 715 ministerium
2342 661 2663 733 accipiente,
2695 661 2849 717 fratri
2887 662 3023 731 ejus,
3074 662 3346 719 Ludovico
3403 661 3555 718 scili-

1954 754 2040 801 cet
2067 746 2209 821 regi,
2242 748 2289 802 si
2316 756 2498 804 tamen
2525 765 2630 806 rex
2653 751 2779 820 jure
2817 750 2926 807 dici
2956 750 3174 818 debeat,
3220 750 3313 823 qui
3359 750 3558 807 mentis

1956 850 2068 890 suae
2115 843 2294 891 motus
2340 836 2396 891 in
2442 837 2733 909 abruptum
2779 838 3070 910 impietatis
3130 837 3386 896 cadentes
3446 853 3556 893 non

1956 922 2112 989 rexit,
2171 924 2227 985 in
2282 940 2511 997 regnum
2564 926 2754 998 ipsius,
2815 926 3044 983 collecta
3098 927 3284 999 populi
3337 926 3560 982 nefandi

1955 1011 2312 1079 multitudine,
2345 1013 2581 1083 intranti,
2613 1022 2665 1071 et
2692 1030 3033 1087 paganorum
3052 1031 3205 1072 more
3257 1014 3561 1071 Ecclesiam

1958 1100 2079 1167 Dei,
2111 1101 2374 1172 populum
2402 1101 2656 1158 videlicet
2685 1104 2927 1175 pretioso
2959 1103 3159 1161 Christi
3234 1118 3433 1160 cruore
3462 1118 3555 1158 re-

1959 1189 2257 1261 demptum,
2290 1189 2345 1244 in
2373 1204 2509 1261 pace
2536 1191 2773 1262 positum
2801 1192 3167 1261 conturbanti,
3201 1191 3408 1248 relictis
3456 1207 3557 1247 ve-

1960 1276 2086 1332 stris
2110 1277 2427 1334 concivibus
2455 1285 2618 1351 atque
2649 1278 2947 1348 sodalibus,
2983 1281 3074 1352 qui
3102 1281 3220 1336 Deo
3250 1287 3305 1337 et
3352 1279 3559 1336 seniori

1960 1378 2061 1422 suo
2088 1362 2280 1421 ﬁdeles
2306 1367 2501 1437 procul
2529 1366 2696 1423 dubio
2726 1383 2852 1424 esse
2879 1366 3148 1437 videntur,
3179 1369 3413 1435 haerere,
3468 1374 3558 1424 at-

1963 1469 2070 1525 que
2097 1468 2220 1509 cum
2249 1467 2318 1511 eo
2343 1454 2609 1511 adversus
2637 1455 2949 1524 Dominum,
2980 1463 3201 1528 gentem
3232 1464 3285 1513 et
3298 1456 3560 1529 populum

1970 1548 2223 1607 vestrum,
2257 1542 2328 1597 ad
2357 1549 2500 1598 statu
2537 1551 2736 1600 vestras
2783 1542 3058 1601 ﬁdelitatis
3097 1552 3151 1600 et
3194 1544 3559 1616 promissione

265 1631 489 1702 (Matth.
520 1633 607 1701 χ),
640 1638 693 1687 et
720 1646 886 1702 posse
914 1631 1070 1686 vobis
1099 1629 1312 1686 ccelitus
1341 1630 1577 1696 dabitur,
1598 1637 1652 1685 et
1671 1643 1866 1700 perse-
1964 1629 2268 1686 divinorum
2312 1639 2794 1700 sacramentorum,
2844 1640 3037 1689 contra
3074 1633 3228 1689 'sacri
3275 1631 3564 1688 ministerii

261 1719 508 1775 verantia
535 1719 804 1774 tribuetur
836 1737 850 1773 :
895 1734 1107 1791 opeque
1150 1734 1378 1774 summa
1423 1716 1718 1774 divinitatis
1759 1733 1860 1772 ve-
1881 1744 1935 1805 Β
1964 1718 2131 1774 vestri
2162 1718 2417 1789 officium,
2449 1727 2504 1775 et
2531 1728 2723 1776 contra
2751 1721 3060 1792 sponsionis
3090 1737 3156 1777 ac
3194 1720 3321 1777 ﬁdei
3364 1728 3564 1777 vestra

263 1816 437 1863 strum
466 1824 565 1864 cor
584 1806 991 1874 confortabitur,
1016 1808 1126 1862 imo
1142 1814 1194 1862 et
1215 1807 1283 1862 ad
1304 1822 1496 1863 omnes
1516 1805 1861 1861 inimicorum
1956 1807 2357 1877 jusjurandum,
2389 1824 2542 1864 arma
2570 1825 2693 1865 cum
2722 1809 2971 1865 hostibus
2991 1809 3226 1877 elevare,
3244 1809 3560 1882 pariterque

263 1896 494 1951 insidias
543 1895 919 1968 reprimendas
965 1895 1293 1952 confortabit
1337 1894 1602 1951 Dominus
1652 1901 1866 1949 mentes
1963 1895 2196 1951 nefanda
2243 1903 2297 1952 et
2342 1896 2509 1968 impia
2544 1898 2883 1954 committere
2924 1897 3371 1968 praesumpsistis.
3414 1898 3555 1965 Heu,

265 1992 479 2042 vestras
509 1984 566 2039 in
594 1983 854 2040 charitate
885 1991 939 2039 et
968 1984 1163 2056 gratia;
1198 1991 1252 2039 et
1279 1983 1516 2038 tuebitur
1542 1998 1643 2038 vos
1672 1981 1728 2036 in
1757 1998 1866 2037 saa-

270 2073 390 2129 cula
421 2073 747 2129 saeculorum
780 2091 793 2127 :
824 2080 883 2127 ut
909 2071 1103 2127 iterum
1133 2079 1298 2144 atque
1327 2071 1521 2127 iterum
1574 2070 1867 2125 benedica-

271 2169 355 2217 tur
383 2162 649 2217 Dominus
681 2169 734 2216 et
762 2162 922 2216 Pater
951 2160 1169 2217 Domini
1197 2160 1369 2215 nostri
1397 2160 1526 2215 Jesu
1552 2158 1773 2224 Christi,
1814 2164 1870 2213 et

270 2266 301 2305 a
329 2258 522 2306 nostro
550 2248 887 2321 pontificatu,
921 2248 1030 2304 imo
1060 2248 1131 2304 ab
1161 2247 1433 2304 universis
1479 2246 1679 2301 Christi
1726 2245 1868 2302 iide-

269 2338 432 2407 libus,
467 2338 624 2393 vobis
653 2338 954 2393 innumerae
981 2337 1174 2410 gratiaa
1216 2335 1535 2391 referantur.
1585 2336 1774 2401 Porro,
1824 2334 1869 2389 si

271 2426 363 2499 qui
392 2427 592 2491 adhuc,
625 2425 771 2498 quod
814 2425 1037 2480 minime
1084 2418 1379 2493 credimus,
1428 2424 1484 2477 in
1528 2423 1710 2494 aliquo
1755 2422 1872 2478 lazsi

273 2515 587 2588 quicunque
628 2522 868 2569 vestrum
919 2512 1118 2584 reperti
1157 2512 1396 2577 fuerunt,
1460 2512 1741 2566 hortamur
1811 2518 1872 2565 ut

274 2603 617 2674 resipiscant,
650 2610 703 2657 et
733 2601 957 2673 dignam
987 2600 1423 2656 emendationem
1454 2615 1513 2655 se
1542 2598 1873 2671 corrigendo

274 2692 587 2747 exhibeant.
618 2691 759 2744 Nam
787 2690 1159 2761 cujuscunque
1188 2688 1257 2742 sit
1285 2686 1652 2751 sublimitatis,
1683 2686 1870 2757 digni-

272 2780 400 2835 tatis
429 2778 518 2835 vel
549 2778 776 2843 ordinis,
802 2778 891 2849 qui
915 2793 1036 2833 cum
1058 2776 1419 2848 prmaentibus
1434 2774 1631 2848 legatis
1647 2773 1869 2844 nostris,

273 2869 486 2923 Joanne
514 2866 767 2922 videlicet
794 2874 847 2921 et
871 2866 1078 2921 Joanne
1118 2863 1525 2920 venerabilibus
1575 2861 1869 2933 episcopis,

273 2955 489 3012 dilectis
518 2970 734 3027 quoque
759 2953 1111 3009 familiaribus
1138 2952 1360 3019 nostris,
1391 2967 1529 3024 quos
1576 2965 1711 3006 voce
1767 2966 1873 3004 no-

279 3052 385 3099 stra
413 3044 536 3099 illas
583 3044 637 3097 in
682 3050 863 3113 partes
909 3042 979 3097 ad
1017 3041 1375 3097 examinanda
1422 3039 1690 3111 simulque
1730 3037 1874 3093 ditii-

277 3132 482 3188 nienda
511 3131 776 3187 canonice
805 3130 920 3186 sive
960 3130 1211 3202 legaliter
1254 3144 1372 3201 quae
1414 3129 1518 3183 hoc
1561 3142 1706 3182 anno
1735 3126 1880 3181 inter

278 3230 568 3291 ustrosque
591 3218 788 3274 fratres
807 3233 1082 3273 emersere
1100 3217 1339 3289 negotia,
1362 3215 1658 3271 convenire
1676 3214 1730 3269 in
1755 3215 1878 3269 loco

279 3310 350 3365 ab
378 3308 459 3364 eis
488 3307 797 3380 designato,
831 3306 1018 3379 eisque
1051 3304 1365 3361 satisfacere
1394 3303 1669 3359 humiliter
1695 3302 1878 3357 detre-

281 3396 523 3463 ctaverit,
558 3396 877 3451 auctoritate
899 3394 999 3450 Dei
1026 3392 1415 3465 omnipotentis
1459 3400 1880 3462 sanctorumque

281 3486 653 3558 apostolorum
691 3483 997 3555 principum
1045 3482 1186 3538 Petri
1233 3490 1286 3537 et
1339 3480 1509 3547 Pauli,
1568 3486 1881 3550 nostraeque

282 3572 698 3639 mediocritatis,
728 3572 943 3627 veniam
970 3570 1074 3627 sibi
1100 3570 1361 3641 deinceps
1408 3567 1660 3623 noverint
1706 3567 1881 3621 dene-

284 3662 426 3736 gari,
457 3676 562 3717 nec
590 3660 789 3716 amodo
817 3658 1217 3716 communionis
1244 3664 1443 3713 nostra:
1475 3655 1715 3711 futurum
1761 3653 1882 3709 fore

285 3758 613 3817 consortem,
669 3748 762 3821 qui
817 3748 999 3804 socius
1065 3763 1187 3803 esse
1260 3744 1493 3801 noluerit
1557 3743 1878 3814 disciplinae.

287 3840 550 3911 Optamus
580 3838 919 3893 sanctitatem
942 3836 1028 3891 vel
1054 3835 1282 3909 gloriam
1309 3841 1550 3890 vestram
1596 3832 1650 3887 in
1671 3831 1883 3887 Christo

289 3927 427 3983 bene
496 3926 701 3983 valere.
771 3927 909 3981 Data
958 3938 1064 3979 xm
1133 3922 1408 3979 Kalendas
1458 3921 1700 3987 Martias,
1745 3918 1885 3974 indi-

291 4016 466 4073 ctione
497 4030 578 4070 ιχ.
614 4014 869 4072 Recitata
898 4014 963 4068 in
991 4012 1197 4085 synodo
1244 4010 1668 4083 Pontigonensi.

1011 4118 1164 4173 XXI.

393 4225 466 4267 AD
503 4224 800 4265 EPISCOPOS
848 4221 966 4273 QUI,
1016 4220 1051 4261 Δ
1094 4219 1305 4261 οΑιιοιο
1349 4216 1777 4268 DESCISCEN‘I‘ES,

651 4311 930 4354 LUDOVICO
959 4310 1088 4350 REGI
1117 4305 1523 4349 ADHESERANT.

913 4386 1091 4439 'Anno
1120 4382 1272 4451 8’76.)

1908 3092 1958 3157 C

1964 1985 2105 2057 prob
2132 1984 2325 2041 dolori
2374 2000 2542 2057 quare
2590 1992 2756 2042 tantae
2790 1985 3091 2057 iniquitatis
3140 1985 3320 2041 scelus
3369 1992 3565 2057 sponte

1966 2072 2322 2139 committere,
2355 2089 2540 2146 quaere
2566 2081 2729 2130 tanta
2757 2073 3090 2129 inﬁdelitatis
3120 2073 3321 2128 malum
3361 2072 3566 2129 mundo

1965 2160 2241 2228 universo,
2275 2163 2416 2217 sicut
2443 2162 2600 2218 Juda
2628 2162 2926 2228 Iscariotaa,
2949 2162 3282 2218 exsecrabile
3301 2160 3359 2217 in
3379 2177 3564 2217 exem-

1966 2250 2116 2322 plum
2145 2251 2439 2306 ostendere
2464 2266 2576 2306 non
2605 2250 2896 2307 dubitastis
2914 2251 2943 2305 ?
2971 2249 3108 2319 Quae
3137 2265 3275 2323 gens
3315 2251 3421 2306 hoc
3466 2265 3568 2304 au-

1968 2338 2126 2394 diens
2150 2353 2248 2394 vos
2277 2354 2387 2395 non
2414 2338 2562 2394 odiat
2592 2340 2621 2394 τ
2651 2338 2810 2408 Quod
2839 2353 3067 2410 regnum
3107 2353 3205 2393 vos
3236 2352 3432 2394 exosos
3452 2336 3572 2394 fore

1970 2442 2079 2482 non
2120 2427 2371 2496 judicet.’
2414 2426 2644 2497 Quando
2686 2427 2849 2482 etiam
2897 2427 3170 2500 gentibus,
3222 2443 3345 2500 quae
3397 2428 3573 2482 Deum

1967 2531 2159 2571 verum
2199 2515 2386 2586 utique
2414 2515 2686 2588 ignorant,
2720 2516 2825 2571 tale
2853 2514 3192 2572 committere
3220 2514 3373 2570 nefas
3411 2514 3572 2571 vide-

1971 2610 2057 2657 tur
2100 2602 2487 2676 incongruum.
2548 2602 2786 2672 Quarum
2835 2618 2937 2675 pro
2979 2602 3213 2659 terrenis
3256 2601 3421 2658 lucris
3484 2600 3573 2657 vel

1970 2691 2134 2746 minis
2165 2706 2282 2757 eos,
2316 2706 2458 2762 quos
2486 2691 2741 2746 societate
2772 2699 2826 2746 et
2853 2691 3199 2746 unanimitate
3244 2697 3425 2745 vestra
3471 2690 3574 2745 de-

1972 2779 2196 2834 fendere
2227 2779 2544 2851 salvareque
2572 2786 2629 2833 ut
2657 2787 2870 2836 vosmet
2897 2779 3179 2846 debuistis,
3211 2786 3486 2850 appetere,
3517 2785 3572 2833 et

1972 2883 2097 2923 cum
2151 2867 2385 2923 inimicis
2434 2868 2693 2940 persequi
2754 2884 2865 2923 non
2922 2866 3370 2938 contempsistis?
3436 2866 3573 2922 Cum

1973 2956 2187 3012 dicente
2216 2956 2448 3012 Domino
2481 2972 2494 3011 :
2531 2958 2791 3029 Majorem
2819 2957 3162 3013 charitatem
3190 2972 3355 3011 nemo
3386 2955 3571 3021 habet,

1974 3061 2143 3117 quam
2163 3049 2230 3101 ut
2248 3047 2504 3101 animam
2526 3062 2689 3101 suam
2702 3048 2882 3117 ponat
2892 3061 2995 3117 pro
3016 3046 3215 3101 amicis
3237 3045 3354 3099 suis
3384 3044 3573 3114 (Joan.

1976 3134 2099 3205 xv),
2132 3133 2186 3187 in
2217 3149 2324 3205 quo
2355 3133 2561 3190 scilicet
2592 3148 2689 3189 vos
2720 3148 2861 3199 eam,
2913 3148 3035 3205 quae
3079 3148 3181 3203 per
3226 3131 3575 3187 dilectionem

1976 3230 2252 3293 cperatur,
2284 3222 2624 3284 charitatem,
2659 3221 2778 3275 sine
2808 3235 2916 3291 qua
2945 3219 3283 3290 impossibile
3315 3226 3398 3275 est
3447 3218 3573 3290 pla-

1978 3326 2106 3366 cere
2137 3311 2273 3377 Deo,
2305 3310 2360 3364 in
2392 3324 2498 3381 qua
2526 3315 2693 3364 totam
2724 3307 2907 3378 legem
2935 3315 2989 3362 et
3016 3307 3310 3378 prophetas
3331 3306 3575 3378 pendere

1978 3397 2203 3462 scimus,
2248 3396 2559 3452 nullatenus
2602 3402 2814 3451 constet
2854 3394 3131 3460 habuisse,
3197 3394 3329 3466 quin
3387 3393 3572 3464 potius

1978 3486 2109 3541 Cain
2156 3485 2487 3541 fratricidam
2536 3484 2628 3539 diu
2669 3490 2851 3539 mente
2896 3482 3156 3556 gessisse.
3218 3482 3413 3537 Nonne
3483 3481 3578 3538 lux

1986 3574 2193 3640 mundi,
2245 3582 2298 3628 et
2320 3573 2402 3629 sal
2449 3581 2632 3642 teme,
2667 3572 2908 3628 Veritate
2939 3578 3247 3638 attestante,
3297 3585 3397 3627 vos
3419 3570 3572 3642 estis,
3604 3568 3608 3573 ’

1981 3663 2074 3736 qui
2143 3662 2325 3719 verbis
2371 3661 2575 3733 pariter
2621 3668 2675 3716 et
2729 3660 3014 3731 exemplis,
3077 3659 3233 3732 quasi
3293 3658 3579 3715 luminaria

1981 3751 2186 3808 mundo
2230 3750 2410 3806 lucere
2452 3749 2724 3819 omnibus,
2770 3757 2933 3822 atque
2992 3748 3229 3804 insulsas
3297 3748 3580 3804 hominum

1980 3847 2192 3897 mentes
2221 3838 2501 3910 sapientia
2527 3837 2767 3894 caelestis
2795 3837 2908 3893 sale
2938 3836 3163 3893 condire
3191 3836 3583 3892 instantissime

1982 3929 2193 3985 debetis
2212 3928 2242 3982 τ
2270 3928 2467 3984 Nonne
2482 3943 2582 3983 vos
2597 3926 2778 3997 posuit
2798 3925 3030 3997 Spiritus
3051 3932 3270 3981 sanctus
3291 3924 3583 3997 episcopos

1984 4033 2178 4091 regere
2200 4016 2507 4073 Ecclesiam
2523 4014 2642 4083 Dei,
2665 4031 2822 4087 quam
2838 4013 3125 4087 acquisivit
3147 4013 3416 4086 sanguine
3441 4028 3542 4069 suo
3554 4013 3584 4067 τ

1983 4108 2178 4162 Nonne
2192 4105 2368 4179 magis
2387 4112 2630 4160 vestrum
2642 4111 2757 4160 erat
2774 4104 2971 4159 docere
2984 4102 3243 4174 populum
3253 4146 3266 4167 ,
3279 4117 3389 4157 non
3402 4108 3585 4158 autem

1985 4195 2042 4250 in
2071 4202 2179 4250 tam
2206 4194 2480 4265 perversis
2509 4193 2673 4248 rebus
2702 4207 2985 4247 assensum
3008 4190 3254 4261 praebere
3275 4190 3304 4245 ?
3323 4190 3585 4246 Dolemus

1985 4283 2167 4356 itaque
2179 4282 2248 4338 de
2268 4282 2439 4351 vobis,
2463 4281 2620 4352 quasi
2639 4281 2708 4335 de
2724 4279 2986 4334 membris
3004 4279 3248 4350 ocrporis
3268 4278 3486 4343 Christi,
3509 4277 3591 4332 di-

1988 4379 2174 4428 centes
2193 4386 2318 4426 cum
2330 4370 2598 4440 Propheta
2617 4386 2631 4422 :
2652 4370 2910 4423 Ventrem
2925 4383 3116 4422 meum
3127 4367 3300 4431 doleo,
3326 4369 3583 4421 ventrem

292 4478 557 4549 Increpat
604 4491 798 4549 eorum
835 4446 1261 4549 inﬁdelitatem,
1319 4472 1617 4549 monetque
1637 4469 1701 4549 ut
1738 4465 1879 4549 resi-
1911 4446 1963 4506 D
1988 4476 2178 4516 meum
2192 4459 2366 4549 doleo,
2384 4473 2583 4549 sensus
2599 4456 2780 4511 cordis
2801 4457 2913 4510 mei
2935 4456 3151 4510 turbati
3165 4457 3304 4510 sunt
3323 4454 3458 4524 (Jer.
3478 4452 3585 4549 iv);

359 4536 612 4620 piscant,
667 4561 732 4620 ac
766 4536 972 4620 legatos
1001 4561 1036 4598 a
1064 4543 1189 4598 sede
1228 4536 1537 4613 apostolica
1583 4539 1783 4593 missos
1803 4536 1863 4590 be

366 4616 542 4689 nigne
571 4616 909 4688 suscipiant.

362 4704 651 4762 Relatione
679 4720 813 4759 vera
832 4711 857 4738 ³
876 4702 1164 4758 didicimus
1181 4699 1328 4773 quod
1349 4697 1548 4754 dilecto
1567 4712 1632 4753 ac
1660 4694 1889 4767 spiritali

294 4793 408 4849 ﬁlio
435 4801 626 4849 nostro
656 4792 850 4848 Carolo
870 4788 1265 4865 gloriosissimo
1281 4788 1602 4859 imperatore
1622 4788 1889 4857 Augusto,

294 4882 519 4938 seniore
563 4889 766 4948 vestro,
818 4880 887 4935 ad
930 4878 1113 4934 limina
1154 4885 1470 4934 sanctorum
1524 4873 1893 4945 apostolorum

294 4971 441 5028 Petri
470 4978 525 5026 et
552 4969 703 5025 Pauli
730 4962 1037 5040 principum
1066 4966 1336 5031 veniente,
1381 4964 1582 5036 ubique
1626 4969 1685 5019 ut
1732 4961 1895 5017 Chri-

296 5059 699 5114 stianissimum
726 5057 885 5113 decet
913 5054 1177 5113 Ecclesiae
1207 5052 1407 5112 Christi
1437 5059 1748 5124 patronum,
1770 5057 1898 5106 vota

359 5219 386 5247 a
411 5201 671 5252 Relatione
692 5212 837 5250 vera.
865 5200 1064 5251 Eorum
1117 5198 1197 5261 qui
1239 5199 1354 5247 tunc
1394 5209 1421 5246 a
1460 5194 1634 5246 Carolo
1652 5192 1900 5261 descivere

287 5271 533 5334 princeps
548 5268 658 5326 fuit,
674 5267 897 5317 Mmonio
912 5259 1413 5334 teste,_lngelmmnus
1427 5273 1587 5334 nuper
1600 5259 1901 5334 camerarius

288 5326 504 5398 regique
543 5334 763 5395 intimus,
802 5344 931 5383 nunc
974 5326 1218 5398 Ludovico
1258 5328 1534 5398 Germaniae
1581 5326 1685 5398 regi
1730 5330 1901 5398 auctor

291 5393 509 5452 fraterni
536 5401 676 5461 regni
701 5393 976 5450 invadendi.
999 5398 1067 5448 De
1092 5397 1173 5448 his
1198 5408 1315 5459 ergo
1338 5394 1590 5447 Aimonius
1613 5393 1742 5444 idem
1760 5394 1900 5461 Atinio

290 5470 405 5587 ἔξω
423 5457 745 5585 οοηξηὶιὲέον
763 5478 827 5517 ea:
852 5464 1122 5517 Annalibus
1166 5457 1475 5515 Bertinianis
1513 5461 1579 5511 ad
1616 5473 1697 5511 an.
1752 5457 1899 5525 875),

369 5570 384 5585 .
412 5546 466 5587 ν.
485 5545 514 5584 e
549 5545 597 5587 D.
714 5549 725 5580 :

311 5534 384 5587 ib.
412 5546 466 5599 v,
485 5544 597 5597 cap.
620 5533 687 5585 52
714 5549 725 5580 :

1990 4557 2043 4605 et
2062 4549 2255 4603 iterum
2281 4565 2295 4601 :
2317 4546 2449 4614 Quis
2470 4545 2630 4601 dabit
2648 4546 2804 4617 capti
2867 4559 2989 4599 meo
3042 4559 3267 4615 aquam,
3327 4546 3385 4598 et
3404 4541 3584 4597 oculis

1991 4650 2131 4704 meis
2162 4649 2380 4719 fontem
2417 4646 2816 4716 lacrymarum,
2871 4646 2931 4699 et
2992 4643 3263 4714 plangam
3310 4642 3585 4713 populum

1990 4748 2168 4803 istum
2189 4745 2279 4802 die
2298 4762 2363 4803 ac
2386 4747 2552 4801 nocte
2574 4743 2748 4813 ?(Jer.
2770 4741 2877 4814 rx.)
2899 4738 3248 4812 Quapropter
3276 4751 3583 4807 monemus,

1991 4846 2293 4911 hortamur,
2324 4851 2378 4900 et
2406 4840 2567 4899 saluti
2595 4847 2791 4896 vestra:
2817 4837 3065 4896 volentes
3091 4850 3194 4908 pro
3223 4832 3420 4893 affectu
3450 4850 3584 4893 con-

1994 4945 2191 5010 sulere,
2216 4958 2548 5017 magnopere
2568 4939 2862 4996 suademus
2888 4943 2946 4993 ut
2974 4934 3382 5007 resipiscentes,
3429 4941 3589 4991 tanta

1994 5041 2290 5115 iniquitatis
2310 5046 2530 5097 auctore
2558 5036 2793 5093 scelesto
2808 5032 3019 5098 relicto,
3065 5032 3134 5087 ad
3173 5032 3290 5087 Deo
3329 5030 3589 5088 dilectum

2006 5203 2026 5235 ι
2050 5188 2123 5240 Ad
2151 5185 2503 5245 obsistendum,
2518 5177 2951 5246 inquit,Ludovico
2972 5176 3214 5243 primores
3234 5176 3380 5246 regni
3411 5173 3590 5246 Caroli,

1991 5253 2195 5316 iubente
2221 5250 2445 5304 Richilde
2487 5241 2689 5312 regina,
2716 5241 3028 5316 sacramento
3061 5256 3116 5316 se
3156 5241 3591 5316 confirmaverunt,

1998 5307 2126 5383 quod
2150 5332 2245 5370 non
2271 5307 2616 5378 servaverunt,
2656 5307 2743 5366 sed
2763 5325 2824 5383 ex
2861 5325 2949 5383 sua
2995 5313 3389 5383 parte__reg_num
3430 5307 3590 5383 Caroli

1997 5374 2374 5450 pessumdantes
2399 5383 2566 5435 hostili
2590 5374 2727 5450 more
2750 5374 3096 5450 devastavere.
3124 5374 3358 5429 Similiter
3399 5375 3591 5450 φιλευ-

1997 5441 2155 5572 govict
2172 5466 2197 5503 s
2245 5463 2354 5504 cum
2396 5463 2482 5503 suo
2508 5449 2728 5501 exercitu
2765 5447 2892 5500 idem
2936 5455 3143 5509 regnum
3190 5441 3539 5510 pessumdedit.
3564 5460 3588 5487 ι

2036 5532 2142 5572 tu.

2036 5532 2142 5572 ιη.
