4020 6178
455 255 560 310 66⁵7

1697 251 1994 308 JOANNIS
2052 249 2249 306 ΡΑΡΕ
2293 251 2442 308 VIII.

3651 260 3750 312 668

455 375 844 446 imperatorem
863 376 1134 432 seniorem
1153 383 1389 432 vestrum
1407 377 1714 448 Augustum
1735 383 1848 430 toto
1869 374 2052 430 animo
2073 374 2128 434 A
2159 374 2418 444 spiritalis
2463 375 2684 431 Israelis
2731 393 2949 432 murum
2993 377 3354 434 correctionis
3401 379 3754 450 opponimus,

455 462 714 536 ﬁdelique
734 464 1012 520 voluntate
1035 465 1252 532 reverti,
1293 479 1358 518 ac
1397 464 1658 534 deinceps
1694 464 1744 518 ei
1779 461 2054 518 ﬁdeliores

458 553 695 608 existere
727 553 980 608 omnibus
1019 553 1198 608 modis
1255 552 1586 622 procuretis.
1624 552 1766 606 Nam
1815 559 2054 606 vestrum

457 649 574 694 erat
615 657 804 712 pacem
860 640 1180 694 annuntiare
1245 640 1331 694 his
1379 639 1472 710 qui
1517 654 1686 710 prope
1731 647 1786 694 et
1833 639 1917 693 his
1962 638 2054 709 qui

451 728 614 800 longe
645 737 784 796 sunt,
818 729 1031 784 dicente
1066 729 1298 784 Domino
1329 745 1340 780 :
1379 729 1561 799 Supra
1581 732 1836 784 montem
1855 728 2054 782 excel-

456 833 582 872 sum
602 817 837 872 ascende
859 821 924 871 tu
943 817 1040 888 qui
1059 817 1424 886 Evangelims
1445 817 1598 872 Sion.
1625 817 1838 880 Clama,
1857 831 1928 871 ne
1947 831 2060 870 ces-

455 921 562 970 ses,
597 907 757 977 quasi
780 905 913 960 tuba
936 905 1136 960 exalia
1169 921 1355 960 vocem
1385 909 1546 960 tuam
1581 905 1712 974 (Isa.
1749 904 1878 972 xu);
1925 919 2055 958 ves—

455 999 701 1063 trumque
715 1000 830 1048 erat
849 992 1166 1048 annuntiare
1178 991 1381 1062 p0pulo
1393 991 1604 1046 scelera
1620 999 1672 1046 et
1691 999 1918 1060 peccata
1935 1005 2052 1054 sua,

457 1095 526 1135 ne
561 1081 784 1154 sanguis
816 1095 1002 1135 eorum
1033 1081 1102 1136 de
1131 1096 1295 1135 manu
1325 1087 1510 1134 vestra
1539 1095 1571 1132 a
1605 1079 1838 1134 Domino
1867 1079 2054 1151 requi-

459 1175 628 1234 ratur,
659 1184 792 1234 non,
825 1176 883 1223 ut
913 1168 1118 1225 dictum
1148 1175 1248 1232 est,
1280 1167 1456 1238 sequi.
1501 1169 1570 1222 Et
1615 1167 1740 1222 ideo
1785 1166 2056 1222 contami-

459 1257 568 1310 nati
599 1256 732 1312 estis
761 1257 1100 1312 sencundum
1129 1257 1456 1326 Prophetam
1485 1255 1754 1312 dicentem
1779 1272 1794 1309 :
1824 1257 1906 1310 Vw
1925 1257 2058 1327 quia

458 1345 632 1410 tacui,
680 1348 814 1418 quia
869 1346 956 1400 vir
1010 1345 1262 1414 pollutus
1323 1344 1484 1398 labiis
1541 1360 1636 1415 ego
1687 1360 1833 1408 sum,
1881 1347 1940 1398 et
1993 1345 2057 1398 in

457 1433 640 1488 medio
677 1433 870 1502 populi
930 1432 1148 1503 polluta
1217 1432 1364 1487 labia
1412 1432 1666 1487 habentis
1721 1447 1815 1502 ego
1871 1431 2056 1488 habito

457 1521 588 1588 (Isa.
638 1523 756 1588 v1);
803 1527 856 1574 et
901 1519 1370 1574 communicantes
1413 1519 1594 1590 pravis
1641 1534 1832 1575 eorum
1877 1517 2056 1574 scele-

457 1607 611 1662 ribus
669 1606 1128 1679 infructuosisque
1181 1607 1460 1678 operibus,
1531 1623 1630 1662 vos
1711 1605 2058 1678 reprehensi-

461 1695 602 1750 biles
693 1695 1025 1750 ostendistis.
1109 1696 1312 1750 Tamen
1395 1695 1520 1767 quia
1583 1695 1786 1750 scimus
1869 1695 2058 1766 procul

461 1783 629 1838 dubio
669 1781 774 1838 late
831 1791 1016 1854 patere
1091 1783 1304 1840 viscera
1373 1783 1589 1854 pietatis
1665 1783 1786 1850 Dei,
1867 1799 2056 1839 rever-

457 1870 654 1936 timini,
697 1879 750 1926 et
807 1871 971 1927 nolite
1026 1871 1094 1926 de
1143 1881 1342 1928 caetero
1391 1871 1582 1944 jugum
1637 1887 1760 1928 cum
1819 1869 2060 1926 inﬁdeli-

459 1959 562 2014 bus
591 1960 810 2015 ducere.
841 1959 1022 2015 Nolite
1073 1960 1310 2031 amplius
1355 1959 1556 2014 imitari
1595 1977 1709 2026 eos,
1759 1959 1852 2032 qui
1905 1959 2060 2030 pacis

459 2055 663 2104 sanctae
691 2047 902 2103 foedera
927 2049 1148 2116 violant,
1183 2049 1444 2104 unitatem
1475 2049 1740 2118 dividunt,
1779 2049 1904 2104 etin
1923 2063 2060 2120 agro

459 2136 744 2192 Dominico
771 2136 976 2192 zizania
1004 2137 1444 2208 superseminare
1489 2138 1560 2193 ad
1607 2137 1880 2208 pr0priam
1923 2135 2044 2191 infe.

457 2223 718 2280 licitatem
747 2233 1102 2295 prmsumunt.
1127 2225 1482 2282 Revertimini
1512 2234 1565 2280 et
1608 2225 1894 2280 sectamini
1925 2225 2060 2280 cha-

461 2313 688 2368 rismata
717 2313 962 2379 meliora,
997 2329 1098 2368 nec
1127 2313 1322 2369 iterum
1351 2313 1554 2384 antiqui
1587 2313 1758 2368 hostis
1805 2313 2061 2368 versutiis

461 2401 740 2470 parcatis;
773 2401 870 2456 sed
896 2401 1038 2458 sicut
1083 2402 1185 2456 Dei
1233 2401 1486 2467 ministri,
1537 2401 1755 2456 Domini
1785 2407 2061 2471 praecepta

459 2495 770 2560 sequentes,
803 2489 858 2543 in
905 2489 1158 2544 omnibus
1199 2505 1324 2546 cum
1367 2489 1481 2558 jam
1532 2489 1676 2544 dicto
1727 2489 2062 2560 imperatore

459 2577 786 2632 charissimo
815 2576 926 2633 ﬁlio
957 2585 1147 2634 nostro
1177 2578 1418 2649 perfecte
1447 2587 1592 2634 stare
1623 2577 1871 2649 satagite.
1919 2575 2062 2644 Quia

464 2664 511 2719 si
541 2680 664 2720 cum
695 2665 916 2736 praefato
949 2682 1080 2740 rege
1135 2667 1411 2722 Ludovico
1467 2666 1552 2720 vel
1609 2665 1774 2736 aliqui
1831 2665 2060 2718 ﬁliorum

460 2753 579 2822 ejus
605 2753 676 2808 ad
708 2754 1022 2808 scandalum
1055 2763 1108 2808 et
1138 2755 1292 2825 regni
1321 2754 1786 2824 perturbationem
1817 2767 2058 2817 manere,

459 2849 554 2896 aut
583 2841 664 2896 eis
693 2841 910 2913 aliquod
938 2843 1264 2911 adjutorium
1306 2842 1468 2896 modo
1517 2841 1760 2912 quolibet
1815 2840 2061 2910 praebere

459 2929 816 2998 tentaveritis,
867 2937 918 2983 et
975 2945 1084 2983 non
1137 2930 1318 2999 potius
1377 2931 1444 2982 ad
1499 2929 1748 2984 eumdem
1803 2928 2062 2984 dilectum

457 3014 630 3070 ﬁlium
659 3023 901 3071 nostrum
950 3016 1223 3072 Caesarem
1273 3021 1573 3088 Augustum
1623 3017 1928 3072 certissime
1973 3031 2058 3070 re-

457 3103 690 3170 dieritis,
723 3111 886 3175 atque
917 3120 1038 3160 cum
1067 3121 1132 3159 eo
1154 3105 1414 3160 adversus
1443 3105 1560 3173 ejus
1581 3105 1828 3159 inimicos
1851 3104 2060 3158 viribus

458 3191 586 3246 totis
615 3191 844 3248 ﬁdeliter
873 3209 980 3248 non
1010 3193 1288 3259 steteritis,
1321 3193 1510 3248 scitote
1556 3209 1656 3248 vos
1685 3208 1784 3262 per
1815 3192 2062 3246 auctori-

461 3280 588 3334 tatis
620 3290 822 3336 nostrae
853 3281 1070 3354 legatos
1101 3281 1432 3336 anathemati
1463 3281 1879 3336 submittendos.
1915 3279 2066 3334 Prae-

459 3377 642 3424 sentes
671 3377 854 3424 autem
883 3369 1082 3424 missos
1111 3377 1350 3434 nostros,
1394 3369 1660 3424 Joannem
1711 3368 1964 3424 videlicet
2010 3375 2064 3422 et

455 3457 726 3512 Joannem
753 3458 1096 3514 venerabiles
1157 3457 1465 3528 episcopos,
1513 3457 1848 3527 dilectosque
1897 3455 2060 3510 fami-

461 3543 629 3600 liares
658 3553 898 3614 nostros,
959 3545 1196 3618 benigne
1253 3545 1536 3610 admittite,
1599 3545 1898 3614 injunctam
1957 3543 2064 3598 sibi

459 3633 792 3705 legationem
823 3633 1192 3704 intelligenter
1213 3633 1414 3698 audite,
1455 3641 1508 3688 et
1557 3633 1842 3689 efﬁcaciter
1887 3632 2064 3687 obau-

460 3721 572 3776 dite
607 3737 620 3776 :
653 3729 708 3776 ut
739 3721 796 3776 in
823 3723 928 3778 hoc
957 3738 1114 3793 quam
1145 3739 1274 3777 vere
1333 3722 1450 3776 sitis
1493 3721 1588 3776 ﬁlii
1629 3722 1782 3791 pacis
1854 3720 2062 3776 cunctis

459 3809 622 3864 detur
648 3809 897 3880 intelligi,
932 3817 983 3864 et
1013 3811 1284 3866 neminem
1315 3810 1486 3880 possit
1515 3810 1686 3865 latere
1729 3809 2058 3864 mortalium.

459 3897 565 3952 Pro
614 3898 825 3953 Christo
870 3897 1032 3962 enim,
1085 3897 1177 3968 qui
1223 3905 1307 3952 est
1349 3914 1452 3968 pax
1520 3904 1725 3962 nostra,
1793 3897 2061 3968 legatione

458 3983 806 4056 frunguntur,
841 4001 964 4039 cum
993 3985 1182 4056 procul
1210 3985 1375 4040 dubio
1405 4002 1434 4039 a
1467 3986 1598 4040 sede
1639 3985 1938 4055 apostolica
1959 4001 2060 4056 pro

463 4087 602 4144 pace
630 4072 932 4126 mittuntur.
965 4071 1227 4144 Optamus
1283 4089 1382 4128 vos
1439 4073 1493 4128 in
1541 4073 1755 4128 Christo
1813 4090 1956 4128 nunc
2009 4082 2063 4128 et

461 4174 678 4230 semper
705 4160 845 4214 bene
877 4161 1076 4216 valere.
1137 4163 1392 4218 Recitata
1433 4163 1496 4217 in
1539 4162 1746 4233 synodo
1789 4163 2060 4233 Pontigo-

464 4263 650 4304 nenst.

1183 4356 1338 4412 XXII

2080 3065 2130 3128 C

2153 471 2206 517 et
2236 465 2636 520 concordantes
2667 466 2898 528 animos,
2931 475 3022 520 aut
3053 467 3156 520 sub
3189 467 3584 523 ecclesiasticae
3609 469 3758 539 pacis

2152 552 2350 606 unione
2367 553 2790 624 complectimur,
2807 561 2898 608 aut
2913 554 3204 610 discordes
3225 556 3295 611 ad
3311 557 3630 612 concordiae
3641 573 3762 626 gra-

2153 640 2282 694 tiam
2305 657 2642 706 revocamus,
2675 651 2766 696 aut
2795 651 2944 698 certe
2977 643 3118 697 inter
3147 659 3250 698 nos
3279 652 3332 700 et
3362 644 3490 698 illos
3505 644 3602 714 qui
3623 661 3760 715 apo-

2155 735 2308 783 stataa
2329 728 2529 800 angeli,
2557 729 2740 784 zizanii
2761 729 2968 786 scilicet
2990 730 3354 796 seminatoris,
3377 730 3670 786 fraudibus
3699 732 3764 786 ir-

2155 816 2317 882 retiti,
2347 825 2550 872 sanctze
2570 817 2686 872 sedi
2703 817 3017 887 apostolicae
3035 819 3370 874 concordare
3419 818 3756 890 despiciunt,

2155 904 2486 976 sartagiuem
2505 904 2740 960 ferream
2765 906 2919 974 juxta
2951 905 3257 962 Ezechielis
3283 907 3574 977 prophetae
3595 907 3766 979 magi-

2155 991 2382 1046 sterium
2417 992 2746 1048 collocamus
2775 994 2998 1064 (Ezech.
3037 994 3136 1064 IV).
3176 994 3450 1050 Reversus
3493 995 3650 1049 enim
3699 997 3762 1050 ad

2155 1081 2368 1136 Patrem
2397 1080 2662 1134 Dominus
2691 1081 2842 1150 pacis
2905 1081 3110 1136 bonum
3173 1081 3454 1153 discipulis
3515 1081 3771 1137 attentius

2155 1168 2554 1224 commendavit
2574 1183 2802 1240 eamque
2815 1169 2972 1241 quasi
2989 1177 3368 1226 testamentum
3381 1169 3762 1225 ﬁrmissimum

2155 1255 2352 1312 futuris
2371 1257 2676 1312 haeredibus
2697 1257 3006 1329 dereliquit,
3035 1259 3227 1314 dicens
3257 1275 3271 1312 :
3323 1261 3536 1314 Pacem
3577 1276 3764 1314 meam

2156 1345 2222 1401 do
2244 1345 2410 1410 vobis,
2434 1362 2631 1418 pacem
2653 1346 2908 1417 relinquo
2931 1346 3074 1402 vobis
3091 1347 3276 1417 (Joan.
3295 1346 3454 1414 xiv);
3489 1355 3546 1401 et
3569 1347 3763 1402 beatus

2159 1433 2438 1504 apostolus
2483 1433 2681 1488 Paulus
2723 1433 2842 1488 ait:
2895 1434 3138 1490 Solliciti
3185 1451 3411 1490 servare
3467 1437 3762 1490 unitatem

2157 1523 2394 1594 spiritus
2409 1522 2472 1576 in
2493 1522 2718 1578 vinculo
2731 1523 2910 1593 pacis,
2941 1539 3124 1577 unum
3145 1527 3436 1594 corpus,et
3469 1540 3635 1578 unus
3668 1524 3770 1596 spi-

2159 1611 2324 1674 ritus,
2349 1611 2498 1664 sicut
2513 1611 2694 1666 vocati
2713 1611 2850 1664 estis
2869 1611 2933 1665 in
2963 1625 3082 1664 una
3097 1627 3194 1682 spe
3213 1611 3530 1666 vocationis
3567 1616 3766 1666 vestra

2077 1719 2130 1779 Β
2161 1698 2380 1769 (Ephes.
2413 1697 2493 1766 IV)
2517 1715 2532 1762 ;
2566 1697 2696 1767 quia
2725 1697 2980 1752 videlicet
2995 1698 3064 1752 ad
3093 1713 3253 1752 unam
3277 1699 3590 1754 vocationis
3615 1715 3765 1770 spem

2160 1799 2504 1857 nequaquam
2531 1785 2862 1856 pertingunt,
2906 1786 2952 1840 si
2979 1801 3088 1840 non
3117 1785 3188 1840 ad
3229 1802 3348 1841 eam
3397 1803 3528 1842 cum
3571 1787 3762 1857 proxi-

2159 1873 2262 1928 mis
2291 1873 2439 1928 unita
2467 1881 2649 1928 mente
2679 1880 2948 1929 curratur.
2983 1873 3333 1944 QuaprOpter
3361 1874 3506 1930 sicut
3537 1873 3636 1928 ﬁlii
3663 1875 3762 1930 Dei

2159 1961 2250 2032 qui
2279 1977 2346 2016 ex
2373 1969 2696 2016 testamento
2726 1962 2844 2029 ejus
2873 1961 2978 2016 sibi
3025 1977 3126 2032 per
3169 1963 3446 2032 apostolos
3495 1963 3764 2018 derelicto

2159 2065 2352 2120 pacem
2383 2049 2711 2112 custodiunt,
2745 2050 2818 2104 ita
2849 2050 3102 2104 nimirum
3131 2049 3336 2105 diaboli
3365 2059 3492 2105 sunt
3524 2049 3626 2105 ﬁlii
3673 2052 3762 2122 qui

2159 2153 2352 2208 pacem
2381 2137 2734 2193 confonduut.
2759 2138 2854 2194 llle
2885 2139 3087 2210 quippe
3117 2139 3184 2192 ab
3205 2137 3356 2194 initio
3375 2139 3620 2193 mendax
3645 2138 3762 2208 fuit,

2160 2233 2213 2280 et
2241 2225 2297 2280 in
2323 2225 2550 2280 veritate
2580 2241 2686 2280 non
2721 2227 2884 2292 stetit,
2919 2227 3150 2298 ejusque
3181 2225 3403 2292 invidia,
3433 2227 3578 2282 sicut
3621 2227 3759 2283 scri-

2159 2321 2310 2384 ptum
2339 2321 2422 2368 est
2451 2313 2600 2384 (Sap.
2635 2313 2714 2384 ιι),
2749 2330 2900 2394 mors
2955 2314 3194 2370 introivit
3239 2315 3293 2368 in
3338 2315 3534 2369 orbem
3579 2323 3760 2370 terra-

2159 2418 2300 2456 rum.
2333 2402 2471 2456 Nam
2503 2402 2632 2456 dum
2679 2401 3032 2473 protoplastis
3089 2403 3356 2470 invidens,
3417 2403 3762 2473 deceptionis

2159 2489 2414 2560 laqueum
2437 2491 2550 2558 jam
2579 2491 2842 2560 deceptus
2873 2491 3058 2561 utique
3101 2508 3132 2545 a
3179 2491 3474 2560 semetipso
3523 2507 3763 2561 compo-

2161 2573 2288 2640 suit,
2320 2574 2508 2628 mortis
2539 2573 2790 2643 poculum
2825 2573 3142 2628 mortalibus
3159 2575 3504 2644 propinavit;
3541 2583 3596 2629 et
3625 2591 3766 2646 quos

2160 2661 2496 2716 immortales
2526 2662 2848 2717 obedientiaa
2877 2663 3070 2718 merito
3092 2669 3302 2717 tuturos
3333 2670 3582 2728 noverat,
3636 2664 3762 2718 ino-

2162 2749 2449 2805 bedientiae
2478 2749 2704 2805 venenis
2735 2749 2936 2816 infecit,
2973 2750 3160 2821 sicque
3191 2750 3247 2804 in
3275 2767 3464 2806 omnes
3507 2751 3764 2806 homines

2159 2839 2351 2892 mortis
2407 2838 2728 2892 sententiam
2783 2839 2906 2893 vitae
2961 2838 3134 2892 hostis
3189 2839 3416 2892 induxit.
3507 2838 3762 2910 Denique

2160 2926 2365 2980 eisdem
2395 2925 2620 2996 laqueis,
2647 2926 2843 2996 quibus
2855 2926 3225 2996 .protoplastos
3245 2927 3556 2997 deceperat,
3581 2927 3766 2982 adhuc

2162 3014 2294 3068 Adae
2319 3011 2460 3068 ﬁlios
2484 3013 2716 3083 jugulat,
2751 3022 2804 3068 et
2835 3014 2958 3069 odio
2993 3031 3104 3069 sua:
3149 3013 3456 3070 ambitionis
3515 3015 3762 3070 fraterna

2160 3102 2330 3156 corda
2375 3100 2632 3156 dissociat
2669 3117 2680 3155 :
2729 3101 2804 3155 ita
2851 3108 2910 3154 ut
2957 3117 3096 3172 quos
3139 3117 3306 3155 unum
3355 3101 3522 3172 patris
3583 3101 3768 3156 femur

2159 3197 2424 3252 tenuerat,
2451 3189 2564 3257 jam
2593 3188 2783 3244 Gallia:
2811 3203 3003 3243 omnes
3049 3205 3158 3243 non
3204 3189 3438 3260 capiant,
3499 3189 3766 3244 fraternis

2159 3277 2506 3347 provectibus
2535 3275 2704 3332 lrater
2730 3277 2985 3344 invideat,
3019 3285 3072 3331 et
3101 3293 3266 3348 quem
3291 3277 3512 3331 monitis
3541 3285 3768 3348 aposto-

2157 3365 2278 3420 licis
2307 3366 2506 3436 saepius
2536 3365 2700 3420 etiam
2729 3365 2786 3418 in
2825 3363 3133 3419 durissimis
3191 3365 3409 3420 casibus
3455 3365 3770 3436 obsequen-

2162 3460 2270 3508 tem
2301 3453 2456 3524 sequi
2485 3453 2830 3522 despexerat,
2865 3455 3005 3507 hunc
3041 3468 3075 3507 a
3125 3453 3255 3507 sede
3305 3453 3614 3523 apostolica
3661 3454 3766 3508 sibi

2161 3541 2448 3612 praelatum
2479 3541 2682 3608 doleat,
2712 3541 2821 3596 imo
2851 3549 2907 3596 ut
2939 3541 3070 3597 Cain
3097 3540 3278 3595 fratris
3307 3541 3503 3607 hostia,
3551 3541 3766 3598 scilicet

2161 3629 2490 3694 obedientia,
2551 3629 2876 3698 stimulatus,
2954 3637 3146 3684 contra
3229 3628 3450 3685 fratrem
3539 3629 3768 3685 fredens

2161 3725 2412 3773 occurrat
2447 3733 2458 3772 :
2491 3716 2680 3772 ﬁdeles
2711 3718 2826 3786 ejus
2861 3716 3142 3772 fraudibus
3171 3717 3403 3772 diversis
3431 3715 3667 3783 inﬁciat,
3697 3719 3768 3772 ad

2161 3806 2514 3876 pejerandum
2544 3805 2800 3862 terribilis
2831 3805 2933 3860 Dei
2981 3821 3182 3861 nomen
3239 3805 3506 3876 impellat,
3568 3823 3768 3877 pacem

2161 3895 2320 3966 regni
2349 3894 2606 3949 diuturno
2653 3893 2839 3948 fratris
2887 3893 3064 3948 studio
3111 3893 3374 3949 radictam
3412 3909 3772 3966 corrumpere

2161 3981 2377 4054 gestiat,
2439 3991 2490 4036 et
2544 3982 2772 4036 laetatus
2810 3997 2842 4035 a
2897 3981 3276 4052 peccatoribus
3333 3981 3447 4036 suis
3499 3982 3770 4036 duntaxat

2162 4069 2517 4140 complicibus
2575 4069 2950 4140 acquiescens,
3008 4070 3176 4140 pedes
3259 4085 3388 4124 suos
3430 4070 3500 4124 ad
3559 4071 3772 4124 malum

2161 4174 2378 4214 currere
2399 4157 2578 4224 faciat,
2603 4157 2948 4212 madentibus
2977 4157 3154 4214 adhuc
3183 4158 3392 4227 campis
3427 4157 3767 4222 Fontanicis,

2165 4262 2302 4318 quos
2333 4247 2389 4300 in
2412 4247 2630 4316 juvente
2653 4263 2748 4300 sua
2789 4246 3023 4301 humano
3067 4245 3331 4316 sanguine
3387 4245 3645 4310 tinxerat,
3711 4247 3768 4300 in

2161 4341 2442 4390 senectute
2471 4334 2768 4405 decrepita,
2801 4334 3071 4388 minarum
3101 4341 3152 4388 et
3181 4333 3347 4388 caedis
3394 4333 3634 4403 spirans,
3691 4333 3766 4388 ad

461 4456 534 4498 AD
565 4457 864 4500 EPISCOPOS
893 4459 952 4499 IN
1005 4459 1195 4500 REGNO
1250 4459 1510 4500 LUDOVICI
1569 4459 1732 4499 REGIS
1787 4456 2059 4498 BAJOARIIE

2168 4422 2502 4478 fundendum
2526 4421 2951 4478 Christianorum
2971 4421 3260 4476 multorum
3289 4421 3616 4493 sanguinem
3661 4437 3770 4492 pro

1064 4548 1406 4588 CONSTITUTO
1413 4549 1441 4587 S
1449 4575 1460 4587 .

1079 4621 1260 4692 (Anno
1293 4621 1442 4690 8'76.)

857 4709 1002 4782 quod
1037 4709 1377 4782 Ludovicum
1406 4724 1590 4780 regem
1623 4709 1688 4764 ab
1749 4709 2064 4782 invadenda

548 4781 734 4836 Caroli
776 4781 980 4850 fratris
1015 4781 1263 4835 absentis
1303 4795 1472 4850 regno
1511 4795 1625 4833 non
1687 4781 2058 4850 cohibuerint,

533 4849 830 4933 monetque
851 4855 918 4904 ut
959 4851 1340 4933 legatiquuos
1468 4849 1874 4933 examinanda
1909 4852 2063 4933 inter

539 4920 803 4993 utrosque
821 4922 1046 4992 negotia
1075 4920 1275 4985 mittit,
1309 4921 1642 4990 satis/acere
1689 4920 1981 4974 studeant.

539 5030 798 5085 JOANNas
825 5027 1134 5097 episcopus,
1153 5041 1342 5082 servus
1362 5041 1649 5082 servorum
1669 5025 1788 5092 Dei,
1813 5026 2062 5082 omnibus

463 5115 921 5176 reverentissimis
986 5121 1038 5168 et
1113 5113 1468 5168 sanctissimis
1543 5113 1969 5184 archiepiscopis
2011 5122 2063 5168 et

464 5206 736 5278 episcopis
767 5203 824 5260 in
853 5217 1026 5274 regno
1055 5201 1309 5259 Ludovici
1337 5201 1564 5276 gloriosi
1603 5201 1753 5274 regis
1801 5202 2064 5272 Bajoariaa

465 5293 782 5350 constitutis.

537 5399 860 5469 Apostolicaa
905 5394 1292 5454 moderationis
1341 5395 1588 5452 ordinem
1632 5397 1929 5468 sequimur,
1993 5397 2059 5466 si,

468 5485 838 5549 Ecclesiarum
871 5485 970 5542 Dei
999 5483 1416 5546 sollicitudinem
1433 5485 1750 5556 retinentes,
1777 5501 1878 5560 pro
1897 5485 2060 5544 domo

468 4707 676 4780 Arguit
723 4725 814 4768 eos

2163 4527 2258 4566 sua
2287 4511 2548 4582 singulari
2595 4511 2888 4565 ambitione
2944 4511 3236 4565 discurrat.
3297 4509 3368 4562 Et
3419 4509 3512 4580 qui
3567 4525 3772 4564 amore

2161 4599 2346 4654 fratris
2377 4615 2410 4653 a
2441 4599 2571 4654 sede
2601 4597 2896 4669 apostolica
2926 4597 3252 4654 obedientias
3279 4613 3391 4652 suae
3421 4598 3622 4652 merito
3665 4599 3774 4654 be—

2161 4687 2526 4744 nedictionem
2549 4701 2774 4758 sperare
2805 4701 3070 4758 suumque
3101 4686 3204 4756 piis
3244 4686 3500 4756 cperibus
3555 4702 3774 4757 propa-

2163 4791 2294 4849 gare
2327 4776 2602 4843 debuerat,
2637 4774 2857 4830 alterius
2885 4791 3116 4846 regnum
3135 4773 3490 4845 pervicaciter
3505 4775 3612 4828 sibi
3651 4775 3774 4830 suis

2164 4866 2330 4919 armis
2361 4865 2654 4934 subjugare
2684 4863 2977 4928 desiderat,
3021 4863 3227 4918 scilicet
3281 4871 3340 4916 ut
3395 4878 3534 4933 quos
3589 4865 3772 4919 armis

2163 4953 2413 5025 acquirit,
2447 4953 2656 5007 ditione
2685 4951 2980 5022 possideat,
3015 4958 3068 5006 et
3093 4950 3234 5007 colla
3263 4957 3488 5005 vetustae
3535 4951 3772 5007 liberta-

2164 5041 2232 5096 tis
2260 5043 2500 5114 ingenua
2529 5055 2666 5094 nova
2695 5039 2952 5095 servitute
2982 5047 3309 5110 prosternat.
3345 5037 3481 5107 Quis
3511 5040 3618 5094 hoc
3669 5040 3766 5095 di—

2162 5129 2446 5186 lectissimi
2477 5128 2655 5194 nobis,
2689 5127 2792 5182 nisi
2819 5128 3071 5199 antiquus
3121 5127 3338 5182 humani
3387 5128 3608 5198 generis
3661 5129 3771 5182 ad-

2163 5217 2460 5283 versarius,
2491 5217 2634 5272 inter
2661 5217 2798 5271 tales
2853 5231 2918 5272 ac
2975 5223 3152 5270 tantos
3208 5215 3419 5280 fratres,
3481 5231 3624 5287 quos
3669 5233 3776 5272 nos

2161 5307 2277 5378 pari
2305 5306 2525 5377 spiritus
2554 5321 2740 5360 amore
2769 5303 3193 5375 complectimur,
3233 5319 3332 5374 per
3389 5319 3518 5358 suos
3547 5305 3776 5362 satelli-

2163 5403 2242 5451 tes
2272 5395 2577 5466 Operatur?
2607 5393 2700 5466 qui
2737 5394 2867 5448 dum
2915 5393 3177 5448 bonorum
3225 5393 3569 5463 provectibus
3617 5392 3778 5448 invi-

2164 5483 2273 5553 det,
2307 5483 2363 5542 in
2399 5499 2535 5556 agro
2583 5489 2788 5540 sanctae
2829 5481 2930 5538 Dei
2975 5480 3238 5538 Ecclesia:
3275 5496 3493 5553 semper
3553 5479 3780 5538 zizania
