4020 6178
256 278 363 332 669

1432 272 1792 331 EPISTOLE
1848 273 1943 330 ET
1995 274 2344 333 DECRETA.

3450 276 3555 333 6'70

264 399 541 455 seminare
570 399 869 455 contendit.
903 398 1039 468 Quis
1067 400 1191 467 hoc,
1225 398 1551 464 charissimi,
1598 397 1703 454 nisi
1740 398 1859 455 dia-
1889 399 1946 460 A
1965 401 2246 471 pendens;
2279 401 2380 456 sed
2406 415 2585 473 neque
2614 400 2940 457 Christianae
2986 400 3270 473 religionis
3315 399 3555 471 discipli-

266 496 428 551 bolus
466 495 771 567 operatur?
807 495 901 568 qui
947 496 1129 551 Caroli
1171 497 1461 552 virtutibus
1509 496 1579 551 ab
1625 495 1861 550 ineuntis

263 584 442 639 aetatis
471 583 753 656 principiis
782 583 1053 651 invidens,
1086 584 1313 657 ejusque
1369 584 1685 657 religiosum
1733 600 1864 655 pro-

258 672 498 744 positum
527 671 749 745 longius
775 672 1075 745 propagari
1103 686 1428 742 pavescens,
1451 672 1664 728 levibus
1683 671 1864 743 primo

254 759 473 829 jaculis,
505 774 817 832 quanquam
846 759 1239 831 frequentibus,
1288 760 1567 816 lacessivit
1618 775 1631 815 :
1664 759 1863 815 deinde

263 847 684 903 adversitatibus
755 847 962 914 multis,
1022 848 1180 919 quasi
1234 847 1544 903 durissimis
1598 847 1862 902 arietibus

259 935 594 1003 stimulavit;
653 934 844 991 ﬁdeles
898 935 1015 1004 ejus
1087 935 1530 1007 frequentissime
1594 930 1863 992 rebellare

260 1024 453 1090 suasit,
486 1024 541 1079 in
570 1024 869 1095 procinctu
898 1031 1083 1080 contra
1098 1024 1507 1079 Northmannos
1534 1039 1638 1096 pro
1664 1023 1863 1080 Eccle-

254 1111 353 1167 siae
397 1111 499 1166 Dei
545 1112 865 1167 liberatione
919 1112 1206 1183 pugnanti,
1270 1119 1324 1167 et
1381 1112 1630 1168 inimicos
1686 1111 1863 1169 crucis

259 1200 461 1255 Christi
491 1215 667 1271 usque
703 1200 771 1254 ad
821 1199 1064 1255 ultimam
1108 1199 1442 1255 deditionem
1486 1200 1864 1273 constringere

258 1288 555 1359 satagenti,
589 1287 823 1343 senioris
855 1287 1022 1343 vestri
1052 1288 1308 1359 utrinque
1334 1289 1571 1343 animum
1602 1288 1673 1343 ad
1702 1288 1861 1344 inva-

256 1376 473 1431 sionem
501 1376 672 1431 relicti
699 1375 915 1447 imperii
971 1376 1253 1432 suscitavit
1285 1393 1299 1431 :
1331 1376 1481 1447 ipsos
1538 1375 1859 1441 familiares,

257 1464 440 1534 ipsum
470 1471 752 1535 postremo
780 1462 970 1530 ﬁlium,
1003 1464 1075 1519 ad
1105 1465 1221 1533 ejus
1251 1464 1665 1520 exstinctionem
1692 1463 1864 1520 hosti-

260 1551 386 1607 liter
430 1551 773 1622 provocavit.
832 1552 901 1607 Et
945 1567 1014 1607 ne
1068 1552 1392 1624 quandoque
1446 1552 1516 1607 ad
1554 1552 1858 1624 imperium,

261 1640 409 1713 quod
440 1639 492 1694 ei
522 1647 736 1695 constat
763 1654 872 1695 non
900 1640 1138 1695 humano
1166 1640 1423 1695 collatum
1469 1639 1759 1706 beneﬁcio,
1792 1640 1863 1695 li—

1963 504 2091 544 nam
2122 488 2437 546 custodiens
2470 507 2483 544 :
2517 498 2621 544 tam
2653 489 3008 546 decessorum
3025 497 3335 546 nostrorum
3353 488 3559 559 scripta

1964 593 2128 649 quam
2168 577 2408 634 recentia
2445 584 2631 633 nostra
2678 576 2885 632 monita
2927 577 3313 651 religiosorum
3359 576 3559 648 princi-

1963 681 2114 735 pum,
2150 673 2204 720 et
2233 666 2380 737 quod
2408 673 2493 720 est
2519 665 2841 730 mirabilius,
2875 673 3065 721 contra
3108 664 3557 721 consuetudinem

1964 760 2314 824 tyrannorum
2342 761 2607 820 veterum,
2640 753 3006 825 parvipendit,
3039 762 3091 809 et
3143 752 3406 809 indictum
3454 750 3559 806 sibi

1964 855 1997 895 a
2026 840 2184 895 nobis
2212 848 2428 912 tempus
2456 857 2581 896 cum
2610 841 2974 896 mediantibus
3022 841 3182 896 nobis
3220 856 3345 896 cum
3392 839 3557 895 fratre

1956 929 2082 998 jure
2122 929 2509 1000 pacisceretur,
2571 929 2911 1002 praeripiens,
2974 937 3234 1002 quantum
3264 929 3320 984 in
3350 944 3409 984 se
3458 927 3558 982 fuit

1962 1033 2060 1089 per
2087 1025 2324 1073 vestram
2353 1017 2742 1088 negligentiam
2783 1019 2898 1074 sive
2944 1016 3422 1074 condessensionis
3452 1030 3557 1070 au-

1963 1105 2197 1170 daciam,
2256 1104 2442 1160 fratris
2485 1106 2727 1161 absentis
2781 1111 3007 1177 regnum
3050 1105 3311 1177 pervasit,
3362 1119 3429 1160 ac
3456 1119 3559 1174 per

1964 1194 2069 1250 hoc
2098 1195 2260 1250 totius
2305 1192 2555 1251 ecclesia
2603 1194 2706 1250 Dei
2741 1195 3195 1265 pulchritudinem
3246 1191 3553 1261 maculavit,

1962 1298 2157 1355 pacem
2187 1282 2447 1353 corrupit,
2480 1281 2799 1355 religionem
2830 1282 3053 1353 fugavit,
3090 1290 3143 1338 et
3172 1290 3230 1336 ut
3273 1295 3398 1338 cum
3453 1280 3557 1335 Te-

1963 1371 2137 1426 rentio
2163 1370 2552 1443 compendiose
2580 1371 2849 1438 dicamus,
2882 1371 3012 1427 dum
3050 1370 3108 1425 in
3152 1369 3329 1426 alieno
3383 1369 3556 1424 bono-

1963 1484 2085 1523 rum
2110 1475 2350 1523 extortor
2380 1475 2434 1523 et
2462 1467 2647 1541 legum
2695 1474 2978 1524 contortor
3021 1466 3290 1539 apparuit,
3349 1464 3557 1521 cunctis

1964 1555 2282 1612 criminibus
2310 1556 2589 1612 licentiam
2617 1556 2899 1612 relaxavit.
2930 1555 3046 1611 Nos
3070 1554 3289 1622 etenim,
3308 1552 3558 1625 quamvis

1962 1642 2139 1711 illum,
2169 1660 2331 1717 quem
2352 1644 2571 1700 interim
2600 1642 2878 1700 filiolitatis
2907 1658 3093 1699 amore
3125 1640 3556 1713 complectimur,

259 1735 346 1783 cet
374 1742 480 1798 per
507 1735 711 1783 nostra:
729 1727 1124 1783 mediocritatis
1138 1727 1517 1795 ministerium,
1538 1729 1638 1784 sed
1656 1727 1860 1797 divino,
1893 1746 1946 1807 Β
1966 1732 2168 1804 oppido
2199 1732 2685 1804 reprehensibilem
2726 1746 2836 1789 non
2887 1747 3176 1803 negemus,
3239 1744 3339 1786 vos
3378 1737 3561 1784 tamen

256 1815 581 1887 pertingere
608 1816 891 1886 potuisset,
921 1823 1030 1872 tota
1078 1814 1456 1872 fraudulentite
1501 1832 1615 1872 suae
1660 1816 1858 1872 virtute

258 1902 562 1974 prohibuit,
594 1910 706 1958 tota
735 1903 947 1959 consilii
974 1903 1060 1958 sui
1109 1903 1346 1959 versutia
1400 1892 1682 1960 debellare
1721 1919 1858 1961 con-

257 1990 450 2047 tendit.
483 1990 595 2046 Sed
625 1992 774 2046 Deus
795 1992 1154 2063 omnipotens,
1189 1993 1345 2061 cujus
1365 1992 1709 2063 providentia
1763 2009 1861 2063 per

257 2079 607 2134 mutabilium
636 2095 816 2135 rerum
846 2080 1124 2151 principes
1153 2080 1342 2135 mundi
1371 2080 1598 2136 latitudo
1654 2080 1861 2153 guber-

258 2176 420 2223 natur
476 2174 532 2222 et
576 2167 804 2240 regitur,
850 2168 994 2224 hunc
1040 2168 1277 2241 ﬂagellis
1306 2168 1509 2223 erudiri
1538 2168 1727 2234 voluit,
1756 2169 1860 2225 de-

257 2255 424 2327 primi
451 2254 688 2326 penitus,
718 2256 857 2311 sicut
899 2256 1055 2312 vobis
1098 2264 1183 2311 est
1225 2256 1522 2330 cognitum,
1582 2271 1862 2329 nunquam

257 2343 532 2415 permisit.
591 2345 660 2399 Et
707 2342 1024 2399 aﬁlictiones
1073 2352 1273 2400 sanctae
1319 2361 1434 2401 suae
1473 2345 1735 2401 Ecclesiae
1761 2361 1863 2417 per

258 2447 385 2486 eum
417 2431 749 2502 specialiter,
783 2431 923 2488 sicut
951 2432 1208 2489 divinitus
1236 2433 1532 2489 revelatum
1575 2433 1766 2501 fuerat,
1808 2442 1862 2490 et

257 2535 404 2575 nunc
433 2519 705 2576 veraciter
740 2520 1035 2587 credimus,
1084 2521 1302 2576 tandem
1349 2520 1643 2594 aliquando
1698 2538 1862 2578 reve-

256 2606 376 2663 lare
407 2608 766 2675 contendens,
796 2609 959 2675 hunc,
992 2625 1024 2663 a
1052 2609 1438 2665 decessoribus
1484 2610 1707 2677 nostris,
1765 2626 1861 2665 re-

257 2695 522 2751 verenda.-
550 2696 758 2752 scilicet
785 2696 1065 2753 memoriae
1092 2696 1320 2752 Nicolao
1349 2705 1402 2752 et
1430 2697 1673 2753 Adriano
1692 2697 1865 2769 ponti-

199 2853 213 2859 _
257 2781 475 2848 ﬁcibus,
510 2783 605 2839 diu
634 2784 856 2855 quidem
876 2784 1173 2840 desiderari
1201 2784 1369 2840 voluit
1394 2803 1407 2839 :
1440 2785 1658 2839 tandem
1689 2801 1862 2857 usque

258 2871 330 2926 ad
377 2872 497 2926 haec
554 2872 1018 2943 periculosissima
1075 2879 1343 2944 tempora,
1404 2873 1603 2945 quibus
1634 2888 1667 2927 a
1694 2872 1863 2928 Belial

256 2957 386 3014 ﬁliis
415 2975 560 3030 pene
588 2967 700 3014 tota
726 2960 959 3015 vallatur
987 2959 1159 3025 Italia,
1208 2960 1642 3017 misericorditer
1672 2976 1860 3016 reser-

254 3048 426 3117 vavit,
477 3047 746 3120 angelicis
801 3048 1052 3104 ductibus
1108 3048 1228 3105 vias
1281 3049 1398 3117 ejus
1442 3065 1543 3119 per
1563 3048 1706 3104 invia
1737 3048 1862 3105 loca

254 3135 479 3202 direxit,
538 3134 810 3190 frustratis
856 3136 1068 3191 insidiis
1126 3136 1174 3192 ei
1226 3136 1543 3207 compositis
1590 3136 1858 3204 liberavit,

252 3223 484 3294 paludes
512 3223 755 3279 lubricas
785 3225 1112 3296 equitabiles
1143 3224 1400 3293 reddidit,
1434 3224 1577 3281 vada
1628 3224 1860 3296 profun-

252 3312 454 3367 dorum
484 3310 764 3367 fluminum
795 3313 977 3368 multis
998 3312 1211 3369 saeculis
1239 3313 1517 3384 incognita
1555 3321 1860 3369 transmea-

252 3399 385 3454 bilia
433 3400 875 3457 demonstravit:
908 3401 960 3456 ei
1015 3401 1301 3457 elementis
1357 3409 1551 3458 contra
1607 3409 1858 3457 naturam

254 3488 585 3546 cedentibus
613 3488 971 3545 ditiidentium
999 3490 1169 3545 corda
1184 3489 1476 3561 perterruit
1506 3506 1521 3545 :
1553 3504 1662 3545 non
1682 3489 1857 3545 solum

254 3576 377 3631 sine
400 3576 693 3649 sanguine,
726 3594 920 3633 verum
948 3577 1110 3633 etiam
1138 3594 1262 3635 cum
1289 3577 1506 3649 magnis
1534 3577 1853 3643 honoribus,

252 3664 385 3720 hinc
424 3664 553 3720 inde
600 3666 964 3736 gaudentibus
1009 3666 1249 3738 p0pulis,
1311 3665 1523 3721 Italiam
1575 3672 1856 3736 penetrare

250 3751 529 3824 permisit,
561 3762 616 3808 et
643 3770 741 3825 per
768 3754 1081 3826 apostolica
1110 3754 1257 3810 sedis
1303 3753 1671 3827 privilegium,
1722 3769 1857 3809 cun-

248 3850 468 3897 ctorum
496 3840 774 3898 favoribus
797 3843 1154 3915 approbatum
1197 3842 1429 3914 sceptris
1484 3842 1856 3913 imperialibus

249 3930 564 3986 sublimavit
598 3947 611 3986 :
641 3938 698 3986 ut
727 3932 819 4004 qui
847 3948 947 4003 per
975 3939 1051 3987 tot
1080 3947 1273 4001 annos,
1295 3931 1676 3987 communibus
1717 3945 1854 4002 pec-

248 4018 394 4075 catis
438 4020 794 4086 merentibus,
841 4035 939 4091 pro
968 4019 1269 4076 defectibus
1297 4028 1499 4076 sanctae
1527 4020 1627 4075 Dei
1655 4020 1852 4076 Eccle-

247 4109 350 4167 sia:
369 4108 605 4166 diversis
634 4108 811 4163 modis
837 4107 1146 4181 afﬂigimur,
1185 4124 1286 4179 per
1324 4108 1441 4177 ejus
1474 4107 1852 4164 sollicitudinis

248 4208 539 4273 expertam
568 4196 911 4269 prudentiam
939 4197 1303 4263 consolemur,
1332 4212 1434 4269 per
1463 4212 1626 4269 quem
1674 4195 1851 4252 Galli-

245 4303 520 4348 canarum
575 4285 944 4343 Ecclesiarum
990 4292 1180 4352 status,
1240 4293 1295 4341 et
1347 4284 1512 4341 totius
1569 4284 1851 4356 religionis

245 4378 417 4450 vigor
442 4375 553 4431 illis
580 4374 633 4429 in
654 4373 901 4445 partibus
930 4373 1292 4445 plausibiliter
1306 4372 1621 4429 refloruisse
1642 4388 1850 4446 cogno-

1971 1820 2141 1875 multo
2196 1819 2739 1893 reprehensibiliores
2779 1819 3145 1893 agnoscimus,
3204 1817 3298 1891 qui
3351 1816 3406 1872 in
3454 1815 3563 1871 illis

1958 1908 2201 1981 partibus
2257 1908 2580 1965 sacerdotali
2635 1908 2946 1981 magisterio
3002 1907 3236 1979 praediti,
3295 1913 3347 1962 et
3418 1919 3557 1976 apo-

1960 1997 2184 2054 stolatus
2227 1997 2401 2053 nostri
2471 1997 2782 2053 recentibus
2835 1996 3059 2052 monitis
3118 1994 3367 2062 instituti,
3426 1994 3557 2047 dum

1960 2101 2027 2141 ex
2057 2084 2236 2141 oﬂicio
2264 2092 2445 2141 vestro
2475 2085 2741 2141 restitisse
2763 2085 2936 2141 libere
2965 2098 3245 2156 nunquam
3273 2080 3555 2149 videmini,

1959 2174 2151 2246 procul
2177 2174 2344 2229 dubio
2371 2174 2719 2230 consensisse
2747 2172 3076 2245 probamini,
3108 2180 3159 2227 et
3191 2186 3290 2227 vos
3331 2169 3423 2242 qui
3451 2184 3556 2241 pa-

1962 2270 2138 2317 stores
2183 2262 2446 2329 dicimini;
2486 2278 2717 2335 gregem
2757 2262 2913 2318 vobis
2958 2260 3222 2317 creditum
3276 2259 3401 2331 quia
3447 2271 3560 2313 non

1961 2350 2285 2416 retraxistis,
2333 2350 2520 2422 utique
2580 2351 2651 2406 ad
2695 2349 3056 2422 praecipitium
3101 2345 3454 2420 provocastis.
3484 2345 3555 2402 Et

1960 2438 2054 2493 ubi
2075 2445 2178 2504 est,
2211 2454 2546 2510 quaesumus,
2579 2438 2727 2511 quod
2756 2438 2931 2495 vicem
2963 2436 3166 2494 Christi
3210 2437 3267 2491 in
3310 2433 3557 2497 Ecclesia

1961 2525 2257 2597 fungimur,
2286 2526 2333 2581 si
2389 2541 2492 2599 pro
2522 2527 2735 2582 Christo
2762 2534 2952 2582 contra
2979 2525 3322 2581 insolentiam
3348 2521 3559 2595 princi-

1959 2630 2091 2687 pum
2119 2630 2229 2670 non
2257 2614 2559 2682 luctamur;
2589 2614 2892 2686 praesertim
2921 2628 3045 2670 cum
3074 2611 3376 2669 secundum
3404 2611 3556 2681 Apo-

1960 2711 2154 2767 stolum
2175 2726 2286 2766 non
2316 2711 2384 2765 sit
2404 2711 2564 2767 nobis
2594 2711 2905 2767 colluctatio
2935 2711 3201 2765 adversus
3248 2722 3471 2764 carnem
3501 2712 3557 2762 et

1962 2799 2309 2872 sanguinem,
2364 2798 2462 2854 sed
2520 2799 2785 2855 adversus
2829 2797 3109 2871 principes
3155 2804 3209 2852 ct
3257 2803 3556 2868 potestates

1963 2886 2183 2959 (Ephes.
2218 2887 2317 2957 γι).
2379 2886 2483 2943 Ubi
2529 2896 2612 2943 est
2649 2886 2797 2959 quod
2843 2885 3086 2957 episcopi
3135 2884 3379 2952 dicimur,
3412 2882 3559 2939 side

1961 2974 2285 3029 sublimibus
2340 2974 2729 3031 ecclesiastica
2774 2973 3124 3031 discretionis
3171 2971 3411 3043 speculis
3434 2970 3556 3044 gla-

1962 3062 2109 3118 dium
2140 3063 2447 3119 venientem
2475 3078 2585 3119 non
2604 3063 2900 3130 cernimus,
2932 3069 3220 3119 cernentes
3249 3069 3308 3116 ut
3343 3059 3558 3116 devite-

1962 3158 2047 3205 tur
2103 3151 2426 3207 annuntiare
2493 3150 2812 3223 diﬂ’ugimus
2840 3152 2869 3207 ?
2897 3150 3196 3207 Enimvero
3244 3148 3560 3205 sacerdotes

1960 3254 2069 3294 non
2099 3240 2169 3293 ad
2197 3239 2448 3311 gratiam,
2482 3239 2579 3294 sed
2617 3239 2689 3294 ad
2717 3254 2971 3311 pompam
2998 3237 3266 3294 immerito
3322 3236 3429 3291 dici
3457 3250 3557 3291 co—

1958 3327 2295 3397 gnoscimur,
2328 3326 2375 3381 si
2414 3340 2550 3397 quos
2581 3327 2779 3383 docere
2799 3327 3091 3382 debuimus
3108 3324 3263 3397 sequi
3278 3322 3556 3380 contendi-

1957 3430 2099 3481 mus,
2142 3414 2188 3468 si
2218 3428 2357 3486 quos
2382 3414 2660 3487 corrigere
2687 3414 2995 3480 debuimus,
3026 3415 3217 3469 saltem
3246 3411 3429 3469 verbis
3457 3426 3557 3482 pa-

1958 3501 2248 3558 storalibus
2277 3518 2387 3558 non
2432 3509 2730 3559 terremus.
2768 3502 2909 3559 Hinc
2936 3501 3202 3558 Dominus
3224 3516 3327 3572 per
3355 3500 3554 3555 Isaiam

1957 3590 2279 3662 pr0phetam
2300 3590 2638 3647 sacerdotum
2652 3590 3046 3647 taciturnitates
3065 3590 3309 3661 increpat
3325 3587 3514 3645 dicens
3537 3604 3551 3643 :

1960 3678 2136 3735 Canes
2155 3681 2323 3745 muti,
2341 3696 2461 3736 non
2479 3680 2731 3735 valentes
2750 3681 2962 3735 latrare
2983 3678 3114 3749 (Isa.
3129 3678 3264 3750 LVI).
3288 3676 3426 3733 Hinc
3455 3691 3555 3749 per

1954 3766 2300 3823 Ezechielem
2321 3768 2666 3824 sacerdotum
2702 3766 3070 3841 negligentias
3100 3766 3283 3838 arguit
3312 3765 3501 3821 dicens
3532 3781 3546 3819 :

1957 3857 2078 3913 Non
2089 3857 2426 3913 ascendistis
2439 3872 2513 3914 ea:
2524 3856 2957 3930 adverso,neque
2967 3856 3304 3929 apposuisti:
3319 3870 3552 3910 murum

1952 3961 2053 4018 pro
2067 3946 2226 4002 domo
2257 3946 2453 4011 Israel,
2490 3949 2559 4001 ut
2586 3946 2821 4002 staretis
2841 3946 2904 4001 in
2915 3946 3117 4018 pratia
3132 3946 3198 4001 in
3219 3945 3307 4000 die
3325 3943 3553 4000 Domini

1953 4035 2176 4104 (Ezeeh.
2208 4034 2350 4107 xm).
2380 4035 2464 4089 Ex
2482 4034 2719 4090 adverso
2748 4034 2949 4108 quippe
2977 4034 3273 4090 ascendere
3319 4039 3422 4097 est,
3452 4046 3552 4104 pro

1953 4121 2272 4180 defensione
2310 4123 2499 4196 gregis
2529 4122 2703 4179 libera
2732 4137 2867 4180 voce
2896 4123 3057 4192 hujus
3097 4120 3288 4178 mundi
3314 4127 3556 4193 potesta-

1951 4210 2097 4266 tibus
2125 4210 2431 4277 contraire;
2464 4219 2518 4267 et
2545 4210 2601 4267 in
2630 4211 2718 4267 die
2748 4211 2969 4266 Domini
2993 4211 3049 4266 in
3078 4210 3269 4281 praelia
3296 4216 3441 4264 stare
3463 4216 3548 4264 est

1959 4298 2142 4370 pravis
2189 4299 2599 4355 decertantibus
2644 4314 2711 4354 ex
2760 4297 2985 4367 justitia:
3035 4312 3223 4353 amore
3273 4296 3549 4352 resistere.

1962 4386 2120 4455 Quod
2150 4402 2367 4442 rursum
2394 4403 2496 4457 per
2522 4385 2774 4442 eumdem
2822 4385 3147 4457 prophetam
3190 4383 3427 4439 deterret
3469 4383 3552 4437 in-

251 4467 447 4523 scitur.
511 4465 643 4520 Haec
689 4463 878 4534 itaque
919 4462 1090 4518 hostis
1147 4462 1367 4517 humani
1423 4462 1647 4534 generis
1682 4460 1867 4517 futura
1899 4454 2151 4547 Dq’uiens
2188 4491 2201 4530 ε
2235 4476 2297 4531 δέ
2327 4454 2441 4530 ,ιοῇ
2470 4454 2908 4530 αηηηηιίαυεὶοίε
2930 4454 3130 4545 iniquo
3181 4472 3549 4543 iniquitatem

244 4568 522 4628 prospera
590 4566 922 4623 praecavens,
980 4551 1163 4606 dilecti
1214 4550 1309 4606 filii
1366 4550 1537 4606 nostri
1592 4548 1850 4606 Ludovici

244 4641 483 4715 gloriosi
511 4640 664 4713 regis
688 4639 877 4708 vestri,
922 4639 970 4694 si
1015 4646 1201 4695 tamen
1237 4637 1382 4694 filius
1423 4638 1531 4695 dici
1585 4645 1846 4704 meretur,

247 4732 347 4804 qui
398 4729 714 4801 apostolicae
761 4727 908 4784 sedis
951 4727 1172 4784 monitis
1203 4743 1305 4799 per
1332 4733 1715 4784 antecessores
1744 4740 1850 4782 no-

243 4828 395 4876 stros
443 4834 654 4890 perque
681 4832 781 4871 nos
810 4816 959 4887 ipsos
989 4815 1236 4888 prolatis,
1269 4831 1487 4887 semper
1526 4814 1849 4871 inobedien-

244 4907 518 4971 tissimus,
551 4905 775 4971 exstitit,
806 4905 855 4959 si
883 4904 1160 4977 gloriosus
1188 4904 1294 4959 dici
1322 4903 1505 4970 debet,
1538 4904 1626 4960 cui
1661 4910 1851 4959 contra

246 4992 611 5052 Christicolas
666 4992 807 5049 bella
861 4993 983 5066 geri
1050 4993 1271 5064 placuit,
1346 4992 1525 5047 nullos
1604 4991 1850 5047 habitura

244 5083 584 5155 triumphos,
616 5082 663 5137 si
692 5098 788 5137 rex
816 5081 924 5137 dici
968 5088 1165 5153 potest,
1215 5080 1308 5153 qui
1354 5080 1708 5152 semetipsum
1755 5097 1850 5137 re-

244 5189 389 5244 gere
430 5170 635 5237 noluit,
695 5185 804 5242 quo
847 5169 1028 5225 minus
1075 5176 1262 5226 contra
1310 5167 1491 5224 fratris
1546 5167 1852 5225 absentiam

239 5260 523 5335 inglorius
571 5259 942 5331 pugnavisset,
992 5258 1206 5313 animos
1251 5257 1513 5325 incitavit,
1568 5266 1626 5313 ut
1671 5273 1851 5329 neque

242 5349 497 5407 divinum
530 5349 779 5402 timorem
810 5363 922 5417 prze
961 5346 1135 5402 oculis
1163 5345 1426 5412 retinens,
1457 5362 1637 5418 neque
1666 5345 1849 5400 immi-

239 5454 385 5494 nens
413 5436 539 5491 ‘sibi
591 5434 850 5504 judicium
896 5442 1168 5506 provecta:
1197 5429 1494 5490 senectutis
1518 5449 1847 5508 agnoscens,

240 5550 428 5610 neque
459 5531 745 5605 sanguinis
775 5531 1090 5589 afﬁnitatem
1117 5530 1463 5606 fraternaque
1508 5539 1669 5605 pacta
1720 5547 1851 5605 per-

1953 4579 2135 4631 suam,
2150 4564 2489 4635 sanguinem
2500 4565 2622 4636 ejus
2638 4562 2702 4618 de
2716 4579 2895 4619 manu
2908 4566 3003 4618 tua
3018 4562 3305 4635 requiram
3322 4560 3542 4631 (Επειδὴ.

1944 4652 2176 4722 xxxm).
2203 4649 2348 4720 Quid
2377 4651 2448 4707 ad
2463 4653 2581 4708 hac
2608 4649 3079 4717 dicemus,fratres
3099 4650 3129 4705 ?
3150 4647 3396 4704 Forsitan
3415 4646 3540 4703 ideo

1949 4754 2049 4795 vos
2089 4739 2428 4795 excusabiles
2470 4739 2713 4807 creditis,
2760 4739 2889 4812 quia
2927 4753 3117 4811 regem
3145 4752 3254 4793 non
3297 4751 3538 4810 arguen-

1949 4828 2100 4895 dum,
2131 4827 2326 4893 dicitis,
2360 4829 2458 4884 sed
2489 4818 2837 4884 monendum.
2862 4827 2945 4883 Ad
2962 4827 3077 4882 haec
3093 4824 3391 4897 apostolica
3412 4823 3543 4880 tuba

1947 4917 2241 4989 respondet
2271 4935 2286 4972 :
2321 4917 2547 4975 Obedire
2603 4920 2818 4989 oportet
2838 4917 2947 4972 Deo
2975 4916 3155 4987 magis
3174 4931 3342 4988 quam
3368 4914 3546 4971 homi-

1950 5007 2115 5062 nibus
2127 5006 2272 5077 (Act.
2304 5004 2364 5076 ν)
2388 5023 2403 5072 ;
2428 5013 2480 5061 et
2499 5004 2697 5060 Paulus
2723 5003 3006 5061 Timotheo
3040 5003 3277 5075 :Argue,
3299 5003 3539 5068 obsecra,

1949 5096 2183 5167 increpa
2200 5095 2263 5149 in
2284 5094 2440 5150 omni
2460 5093 2747 5165 patientia
2779 5095 2837 5149 et
2864 5091 3130 5148 doctrina
3158 5090 3237 5163 (II
3265 5091 3403 5147 Tim.
3437 5090 3537 5160 tv).

1951 5183 2084 5239 Item
2100 5182 2220 5239 Tito
2254 5199 2268 5236 :
2298 5182 2572 5237 Divitibus
2599 5181 2768 5252 hujus
2798 5181 2992 5237 secuti
3018 5180 3260 5253 praeipe
3296 5193 3411 5234 non
3440 5194 3541 5233 su-

1948 5272 2111 5344 perbe
2126 5285 2524 5342 sapere,neque
2535 5284 2759 5342 sperare
2774 5270 2837 5325 in
2848 5269 3065 5325 incerto
3076 5266 3408 5323 divitiarum
3419 5282 3547 5322 sua-

1951 5375 2082 5415 rum
2105 5359 2157 5428 (I
2169 5359 2307 5414 Tim.
2339 5357 2439 5428 γι).
2472 5360 2577 5412 Aut
2604 5356 3041 5429 persecutionem
3069 5353 3368 5427 quamlibet
3394 5371 3543 5426 pra-

1952 5446 2192 5503 cavistis.
2253 5446 2362 5502 Sed
2402 5462 2434 5501 a
2477 5430 2709 5500 Domino
2749 5445 2961 5513 jussum
3012 5451 3095 5499 est
3124 5442 3239 5497 ita:
3265 5443 3404 5500 Cum
3451 5460 3544 5501 vos

1952 5534 2236 5613 persecuti
2264 5536 2489 5609 fuerint
2513 5535 2578 5591 in
2598 5549 2717 5592 una
2743 5535 2992 5600 civitate,
3026 5532 3208 5605 fugite
3251 5533 3315 5589 in
3364 5532 3544 5590 aliam
3598 5544 3601 5545 '
