4020 6178
421 227 518 280 6⁵71

425 345 646 415 (Matth.
678 346 760 416 χ).
795 347 900 401 Aut
929 351 1178 412 mortem,
1211 359 1334 416 quae
1361 343 1570 399 cunctis
1611 342 1801 398 ultima
1855 357 2018 413 poena
2045 343 2102 404 A

424 442 526 500 est,
558 434 830 489 timuistis.
865 434 974 488 Sed
995 433 1138 488 idem
1168 433 1498 502 Redemptor
1543 439 1726 486 noster
1753 431 1808 486 in
1835 431 2025 486 Evan-

421 522 568 594 gelio
589 538 690 578 nos
718 523 962 578 hortatus
993 531 1074 576 est
1105 521 1296 577 dicens
1327 538 1340 574 :
1375 521 1557 576 Nolite
1575 522 1775 576 timere
1805 535 1896 576 eos
1929 521 2026 592 qui

427 611 694 666 occidunt
723 627 941 683 corpus,
972 611 1229 666 animam
1261 613 1454 665 autem
1477 625 1596 666 non
1611 613 1851 681 possunt
1874 609 2024 664 occi—

422 699 552 755 dere
582 699 782 770 (ibid).

495 787 694 842 Verum
750 786 872 858 quia
941 786 1074 840 nihil
1135 787 1359 854 horum,
1440 785 1571 857 quia
1627 799 1730 840 nec
1783 783 2024 839 inferen-

425 875 552 930 dum
579 875 735 930 vobis
764 875 833 931 ah
863 874 1044 946 aliquo
1075 873 1266 942 fuerat,
1299 873 1574 938 timuistis,
1631 881 1800 927 restat
1831 873 2022 942 procul

423 963 586 1018 dubio
617 963 742 1035 quia
771 979 880 1019 non
901 964 1072 1018 solum
1103 963 1400 1018 secundum
1432 961 1848 1032 prohibitionem
1877 961 2025 1015 sedis

423 1052 737 1123 apostolica
793 1051 1182 1122 compatriotas
1213 1058 1428 1105 vestros
1457 1050 1524 1103 ab
1554 1049 1836 1104 invasione
1865 1048 2024 1120 regni

417 1140 638 1194 alterius
686 1140 1096 1196 sacerdotaliter
1126 1154 1236 1192 non
1269 1137 1536 1204 vetuistis,
1567 1137 1676 1192 imo
1738 1137 2024 1208 cupiditati

422 1245 610 1284 eorum
641 1229 810 1284 ve5tri
843 1227 1042 1284 favoris
1087 1225 1488 1282 conniventiam
1540 1225 1832 1294 sociantes,
1869 1224 2023 1296 quasi

423 1305 680 1387 pulvillos
709 1316 810 1370 sub
839 1315 1020 1372 cubito
1068 1330 1258 1370 eorum
1297 1329 1558 1368 manuum
1611 1313 1920 1381 consuistis,
1972 1319 2024 1366 et

425 1403 560 1460 illud
577 1405 670 1460 Vae
697 1404 854 1458 vobis
884 1402 1256 1474 propheticum
1277 1402 1612 1466 maturastis,
1637 1417 1744 1472 quo
1770 1401 1972 1457 dicitur
2005 1419 2019 1454 :

432 1493 516 1548 Vae
531 1492 620 1547 his
636 1493 730 1562 qui
742 1489 1195 1562 consuuntpulvi
1199 1491 1217 1546 ι
1223 1491 1302 1546 los
1313 1491 1414 1546 sub
1425 1491 1580 1546 omni
1591 1491 1776 1546 cubito
1791 1505 2020 1556 manus,

430 1583 486 1634 et
502 1580 732 1649 faciunt
773 1580 1073 1634 cervicalia
1099 1579 1198 1633 sub
1229 1578 1415 1650 capite
1440 1579 1722 1633 universae
1744 1579 1933 1634 aetatis
1953 1577 2026 1632 ad

1697 218 1994 275 JOANNIS
2049 218 2245 275 PAPE
2301 219 2443 276 VIII.

3633 224 3732 278 6‘72

2215 446 2288 484 AD
2319 445 2557 486 COHITBS
2589 447 2648 486 IN
2669 447 2858 487 REGNO
2887 447 3150 487 LUDOVICI
3179 446 3344 488 REGIS
3371 445 3659 490 BAJOARLE

2719 533 3111 576 CONSTITUTOS.

2719 609 2900 677 (Anno
2930 609 3074 680 876).

2125 697 2324 766 Arguit
2340 709 2431 751 eos
2443 695 2586 768 quod
2605 696 2790 752 Caroli
2805 713 3044 767 regnum
3053 697 3361 770 pervadere
3396 699 3690 752 tentarint
3717 718 3734 762 ;

2194 787 2493 857 monetque
2508 787 2575 840 ut
2587 785 2932 840 Ludovicum
2947 801 3134 856 regem
3159 787 3226 840 ab
3241 801 3309 841 ea
3349 789 3550 842 mente
3577 801 3728 841 revo-

2195 875 2346 940 cent,
2373 875 2515 927 etut
2537 873 2757 943 legatis,
2803 889 2938 946 quos
2983 874 3186 938 mittit,
3219 875 3568 944 satisfacere
3615 890 3731 928 non

2195 961 2532 1016 detrectent.

2193 1047 2448 1102 JOANNES
2467 1048 2777 1120 episcopus,
2798 1065 2991 1104 servus
3011 1065 3294 1104 servorum
3317 1049 3440 1116 Dei,
3469 1049 3728 1104 omnibus

2123 1134 2380 1206 gloriosis
2409 1136 2698 1191 comitibus
2727 1137 2782 1190 in
2801 1153 2976 1210 regno
3005 1137 3262 1194 Ludovici
3284 1138 3432 1210 regis
3465 1138 3731 1206 Bajoarize

2123 1223 2448 1279 constitutis.

2193 1311 2472 1368 Ministerii
2501 1313 2671 1367 nostri
2701 1321 2782 1368 est
2795 1313 3122 1368 universalis
3151 1313 3416 1370 Ecclesiae
3436 1314 3545 1370 Dei
3577 1314 3732 1369 solli-

2119 1399 2430 1466 citudinem,
2452 1401 2754 1456 secundum
2783 1401 2928 1457 beati
2955 1401 3104 1456 Pauli
3127 1401 3724 1474 apostoliisententiam

2123 1487 2494 1554 circumferre,
2545 1497 2599 1544 et
2645 1490 2776 1561 quid
2813 1490 2869 1544 in
2917 1491 3159 1562 qualibet
3187 1491 3376 1546 mundi
3405 1499 3570 1562 parte
3603 1507 3734 1546 con-

2123 1583 2302 1646 gruat,
2334 1576 2450 1631 sive
2481 1593 2592 1632 non
2625 1587 2910 1648 congruat,
2943 1579 3192 1634 censoria
3219 1579 3734 1652 gravitatede_pro-

426 1667 728 1738 capiendas
749 1669 974 1722 animas
1007 1667 1225 1737 (Ezech.
1248 1667 1395 1738 xm).
1427 1664 1594 1734 Quasi
1635 1665 1780 1721 enim
1800 1665 2022 1736 pulvillo
2043 1703 2096 1761 B
2123 1679 2294 1732 mere,
2323 1673 2589 1736 quatenus
2619 1681 2752 1721 oves
2775 1666 3089 1732 Dominicae,
3113 1684 3234 1738 qua:
3254 1683 3448 1723 vocem
3478 1675 3733 1738 pastora-

426 1754 750 1821 cubitus,vel
775 1754 1134 1810 cervicalibus
1147 1763 1310 1826 caput
1332 1754 1566 1823 jacentis
1599 1753 2023 1824 excipitur,dum

427 1842 782 1898 correctionis
802 1842 1000 1898 duritia
1023 1843 1268 1914 peccanti
1299 1842 1652 1910 subtrahitur,
1687 1841 1846 1912 eique
1875 1841 2021 1896 mol-

431 1930 579 1986 lities
609 1930 810 1986 favoris
841 1931 1144 1996 adhibetur,
1167 1939 1224 1984 ut
1248 1931 1304 1984 in
1333 1946 1516 1986 errore
1547 1929 1785 1985 molliter
1822 1931 2020 1998 jaceat,

428 2035 588 2092 quem
615 2019 763 2074 nulla
791 2018 1234 2076 contradictionis
1264 2019 1531 2090 asperitas
1558 2019 1754 2090 pulsat.
1779 2019 1890 2073 Sed
1907 2019 2026 2073 haec

427 2115 669 2164 rectores
701 2107 790 2180 qui
819 2108 1142 2180 semetipsos
1189 2107 1444 2180 diligunt,
1493 2107 1578 2161 his
1613 2107 1804 2178 procul
1834 2106 2020 2170 dubio,

418 2197 570 2266 juxta
598 2197 744 2269 quod
773 2198 965 2252 beatus
981 2198 1359 2268 praedecessor
1375 2204 1562 2252 noster
1584 2196 1888 2266 Gregorius
1906 2211 2024 2249 me-

424 2285 598 2352 minit,
623 2287 896 2350 exhibent,
929 2302 957 2340 a
990 2285 1187 2356 quibus
1219 2301 1278 2339 se
1309 2285 1488 2338 minus
1518 2299 1680 2355 posse
1712 2283 1890 2338 studio
1907 2283 2025 2354 glo-

425 2373 520 2428 rias
547 2374 863 2444 temporalis
895 2373 1102 2428 timent.
1136 2372 1276 2442 Quid
1305 2372 1485 2444 igitur,
1520 2371 1737 2440 fratres,
1773 2372 1818 2426 si
1843 2379 2026 2426 tamen

425 2462 602 2518 adhuc
629 2461 830 2518 fratres
861 2461 970 2516 dici
1009 2461 1315 2528 meremini,
1374 2461 1466 2532 qui
1514 2460 1661 2515 sedis
1715 2460 2027 2531 apostolicae

425 2550 664 2606 salubria
692 2551 894 2606 monita
921 2557 1330 2605 contemnentes
1359 2563 1460 2619 pro
1492 2549 1705 2603 Christo
1751 2549 2024 2618 legatione

427 2632 626 2689 functis
657 2648 763 2688 non
797 2633 948 2700 estis,
975 2633 1130 2688 vobis
1160 2632 1434 2704 agendum
1467 2641 1568 2697 est,
1601 2633 1702 2686 nisi
1733 2639 1790 2686 ut
1809 2631 2027 2685 tandem

428 2721 720 2794 aliquando
751 2737 873 2778 cum
905 2730 1094 2777 sancta
1156 2721 1286 2776 sede
1344 2721 1646 2790 apostolica
1699 2720 2020 2784 sentientes,

427 2816 539 2863 tam
567 2810 829 2865 dilectum
863 2809 1030 2863 filium
1061 2817 1308 2864 nostrum
1339 2809 1671 2864 Ludovicum
1703 2824 1889 2878 regem
1927 2823 2026 2861 ve—

432 2905 625 2962 strum,
657 2912 818 2968 quam
849 2897 1092 2966 paternis
1121 2895 1402 2951 affectibus
1460 2897 1635 2950 adhuc
1665 2896 2029 2965 complecten-

435 2984 562 3038 dum
589 2984 953 3050 decernimus,
989 3000 1146 3054 quam
1178 2991 1403 3039 cunctos
1420 2985 1563 3038 illius
1585 2984 1738 3055 regni
1761 2983 2026 3046 subditos,

2125 1753 2194 1806 lis
2210 1760 2411 1807 nostra).
2440 1753 2820 1810 sollicitudinis
2839 1765 3256 1827 cognoscentes,
3273 1763 3564 1825 pastorum
3585 1756 3736 1826 prin-

2119 1840 2298 1911 cipem
2330 1842 2609 1896 humiliter
2635 1843 2879 1909 audiunt,
2893 1843 2947 1898 in
2977 1843 3119 1899 ovile
3142 1844 3436 1899 Dominum
3465 1845 3734 1917 recogni-

2123 1937 2192 1983 ιω
2223 1929 2577 1996 collocentur,
2626 1938 2680 1984 et
2707 1946 2840 1986 oves
2869 1932 3151 2000 morbidae,
3209 1949 3330 2004 quae
3357 1933 3731 2003 pervicaciter

2116 2015 2422 2089 negligant,
2455 2017 2524 2072 ab
2563 2017 2692 2073 ovili
2723 2019 3026 2086 Dominico,
3071 2035 3142 2075 ne
3181 2036 3343 2074 sanas
3373 2021 3544 2076 vicini
3567 2037 3728 2092 peco-

2125 2105 2202 2159 ris
2224 2105 2478 2178 contagio
2508 2105 2724 2175 laedant,
2758 2107 2884 2178 quia
2913 2108 3170 2162 nimirum
3205 2109 3372 2163 multa
3401 2111 3737 2180 corporibus

2124 2193 2446 2248 transitione
2474 2202 2672 2249 nocent
2701 2211 2801 2265 per
2831 2195 3143 2265 apostolicae
3184 2197 3524 2252 auctoritatis
3549 2198 3737 2252 minis-

2125 2281 2324 2336 terium
2352 2282 2702 2353 repellantur.
2755 2283 3026 2355 Scriptum
3059 2283 3258 2356 quippe
3296 2293 3380 2339 est
3429 2304 3442 2339 :
3480 2287 3540 2340 Si
3575 2303 3736 2359 sepa-

2123 2371 2338 2425 raveris
2359 2387 2558 2426 carum
2587 2373 2752 2437 aviti,
2777 2373 2940 2442 quasi
2969 2389 3027 2428 os
3065 2389 3256 2428 meum
3290 2376 3402 2430 eris
3431 2375 3574 2445 (Jer.
3599 2375 3734 2445 xv);

2127 2466 2180 2511 et
2209 2457 2404 2511 iterum
2425 2475 2438 2511 :
2463 2459 2697 2530 Auferte
2715 2461 2932 2515 malum
2948 2461 3014 2515 de
3035 2462 3215 2516 medio
3236 2463 3406 2516 vestri
3429 2483 3447 2528 ;
3469 2469 3528 2517 et
3549 2463 3740 2518 Domi-

2125 2560 2227 2598 nus
2256 2545 2558 2617 Evangelia
2579 2547 2820 2618 prmeipit
2851 2555 2908 2601 ut
2941 2549 2987 2602 si
3028 2549 3240 2613 oculus,
3265 2565 3384 2620 pes,
3417 2551 3508 2604 vel
3536 2565 3738 2605 manus

2128 2633 2441 2687 scandalum
2470 2633 2630 2688 nobis
2659 2643 2904 2706 generat,
2927 2636 3280 2691 abscindatur
3296 2645 3458 2708 atque
3479 2639 3740 2709 projicia-

2126 2728 2215 2774 tur
2242 2721 2460 2787 (Matth.
2495 2725 2616 2793 ix);
2653 2731 2705 2778 et
2737 2723 2870 2778 illud
2899 2732 3024 2794 post
3039 2725 3146 2779 alia
3169 2743 3182 2778 :
3205 2727 3264 2780 Si
3293 2727 3608 2781 Ecclesium
3627 2744 3742 2784 non

2124 2809 2392 2878 audierit,
2427 2812 2506 2866 sic
2547 2811 2696 2866 sicut
2739 2813 2999 2867 ethnicus
3033 2817 3090 2867 et
3127 2814 3464 2885 publicanus
3498 2815 3731 2888 (Matth.

2129 2899 2318 2966 xvut).
2351 2899 2486 2952 ltem
2517 2899 2809 2969 Apostolus
2845 2919 2858 2954 :
2889 2901 2947 2955 Si
2979 2903 3102 2972 quis
3127 2917 3242 2956 non
3273 2902 3546 2957 obedierit
3575 2905 3739 2959 verba

2130 2989 2322 3042 nostro
2347 3003 2450 3058 per
2465 2989 2785 3058 epistolam,
2819 2990 2969 3044 hunc
2999 2993 3214 3054 notate,
3241 2994 3298 3044 et
3327 3007 3442 3046 non
3461 2993 3738 3047 commis-

433 3088 569 3129 voce
597 3073 769 3128 libera
817 3072 1103 3140 moneatis,
1135 3079 1189 3126 et
1219 3073 1284 3125 ab
1317 3071 1598 3127 invasione
1631 3071 1746 3126 sive
1799 3087 2033 3142 oppres-
2053 3049 2101 3112 C
2134 3076 2382 3130 ceamini
2409 3091 2540 3130 cum
2568 3076 2670 3131 illo
2701 3077 2777 3147 (ll
2799 3078 2979 3132 Thess.
3015 3077 3124 3148 ιιι).
3171 3076 3380 3146 Quibus
3409 3079 3742 3134 testimoniis

434 3161 588 3217 sione
625 3161 837 3232 imperii
880 3160 1060 3215 dilecti
1093 3159 1188 3214 filii
1218 3159 1388 3216 nostri
1421 3159 1598 3214 Caroli
1651 3175 1871 3229 semper
1919 3162 2036 3213 Au-

433 3250 582 3324 gusti
627 3250 842 3321 penitus
892 3249 1298 3320 compescatis‘?
1347 3263 1728 3319 nunquamque
1785 3248 1853 3303 de
1903 3247 2040 3302 reli-

433 3355 561 3411 quo,
609 3339 724 3394 sive
771 3338 1176 3405 blandimentis,
1229 3338 1347 3392 sive
1405 3337 1731 3402 terroribus,
1793 3351 2033 3392 consen-

431 3444 550 3484 sum
607 3427 898 3499 quemlibet
953 3426 1264 3482 favoremve
1313 3425 1582 3496 praestetis
1638 3426 1708 3479 ad
1764 3423 2036 3480 funestum

431 3516 682 3587 praelium
731 3515 1152 3582 conferendum,
1212 3521 1265 3569 et
1323 3514 1751 3569 Christianorum
1812 3513 2034 3586 sangui-

435 3621 562 3660 nem
591 3603 1048 3674 profundendum,
1083 3601 1128 3657 si
1175 3618 1286 3657 non
1313 3602 1494 3668 vultis,
1527 3602 1743 3656 amissis
1786 3603 2039 3658 sacerdo-

433 3693 632 3748 talibus
660 3691 860 3758 infulis,
896 3692 962 3746 ab
983 3691 1280 3762 apostolica
1309 3691 1686 3745 communione
1715 3691 2040 3761 praesentia-

435 3780 562 3838 liter
591 3779 936 3853 sequestrari,
982 3786 1034 3833 et
1064 3778 1342 3849 perpetuis
1374 3777 1736 3832 anathematis
1785 3779 2036 3844 vinculis,

437 3870 582 3942 quod
611 3883 888 3940 nunquam
916 3867 1184 3937 cupimus,
1209 3865 1488 3936 obligari?
1505 3867 1645 3920 Nam
1667 3866 2034 3938 cujuscunque

439 3957 507 4012 sit
539 3955 763 4028 gradus,
795 3953 1023 4019 ordinis,
1065 3953 1431 4021 sublimitatis,
1487 3954 1603 4009 sive
1651 3953 2033 4024 professionis,

442 4045 535 4116 qui
578 4059 702 4098 cum
747 4041 1106 4112 praesentibus
1154 4041 1346 4114 legatis
1377 4042 1598 4095 nostris.
1632 4042 1842 4097 Joanne
1873 4043 2034 4098 Sicu-

440 4131 599 4198 lensi,
673 4130 910 4201 itemque
965 4129 1171 4184 Joanne
1228 4130 1578 4196 Tuscanensi,
1627 4130 2044 4186 venerabilibus

441 4219 733 4291 episcopis,
763 4233 901 4290 quos
932 4217 1050 4273 vice
1079 4225 1268 4273 nostra
1336 4215 1502 4289 [forte
1549 4219 1704 4274 deest
1759 4218 2038 4288 mittimus,

445 4306 649 4381 Hum]
679 4307 802 4362 illas
831 4307 888 4361 in
915 4313 1100 4378 partes
1130 4306 1200 4361 ad
1231 4306 1591 4362 examinanda
1635 4306 1902 4380 simulque
1932 4308 2042 4363 dif-

2137 3162 2543 3217 evidentissime
2573 3179 2956 3234 provocamur,
2993 3172 3049 3219 ut
3077 3181 3194 3232 vos,
3229 3182 3368 3237 quos
3387 3169 3740 3239 contemptis,

2135 3251 2450 3321 apostolicae
2484 3252 2630 3306 sedis
2661 3253 3164 3324 epistolis,regnum
3198 3253 3380 3309 dilecti
3423 3255 3520 3310 tilii
3561 3258 3742 3311 nostri

2139 3348 2320 3403 Caroli
2375 3347 2821 3403 Christianissimi
2856 3350 3198 3421 imperatoris
3241 3361 3428 3406 contra
3473 3352 3744 3409 interdic-

2139 3444 2252 3490 tum
2273 3444 2537 3502 nostrum,
2571 3437 2680 3492 imo
2709 3445 2901 3492 contra
2931 3439 3031 3494 Dei
3051 3439 3433 3510 omnipotentis
3462 3440 3742 3510 timorem,

2137 3525 2461 3596 pervadere,
2497 3525 2634 3580 sicut
2683 3526 3011 3592 audivimus,
3041 3543 3341 3599 pacemque
3387 3537 3592 3584 sanctae
3645 3530 3743 3586 Dei

2139 3613 2404 3669 Ecclesiae
2452 3629 2804 3685 corrumpere
2861 3615 3180 3682 tentavistis,
3235 3633 3264 3670 a
3305 3632 3538 3688 corpore
3579 3619 3745 3674 totius

2141 3701 2385 3770 ejusdem
2425 3702 2704 3768 Ecclesiae,
2750 3718 2914 3774 quam
2955 3719 3054 3775 per
3098 3712 3477 3760 antecessores
3525 3715 3747 3763 nostros

2139 3806 2348 3862 perque
2363 3791 2745 3862 nosmetipsos,
2779 3807 2876 3846 vos
2908 3791 3020 3846 suis
3037 3792 3281 3862 epistolis
3301 3803 3744 3851 commonentem

2142 3877 2330 3934 audire
2357 3880 2622 3935 hactenus
2653 3877 2924 3947 noluistis,
2959 3882 3292 3954 sequestrari
3322 3884 3745 3952 praesentialiter

2142 3969 2404 4024 debeatis.
2439 3969 2548 4024 Sed
2570 3969 2824 4039 quoniam
2862 3977 3068 4025 sanctae
3105 3970 3252 4025 sedis
3285 3971 3608 4041 apostolicae
3641 3974 3744 4028 mi-

2143 4057 2342 4112 seratio
2363 4071 2462 4112 vos
2484 4057 2698 4112 interim
2721 4057 2952 4112 filiorum
2969 4057 3257 4113 dilectione
3279 4059 3744 4130 complectitur,et

2145 4145 2490 4200 dissimulare
2538 4153 2763 4216 peccata
2791 4153 2977 4200 vestra
2995 4146 3172 4216 magis
3197 4161 3360 4218 quam
3389 4149 3588 4219 punire
3609 4151 3752 4206 velle

2145 4234 2512 4307 cognoscitur,
2551 4234 2652 4288 bas
2677 4234 2872 4290 iterum
2903 4233 3152 4290 charitati
3179 4243 3374 4290 vestrae
3405 4244 3608 4293 sancte
3647 4239 3745 4294 Dei

2143 4323 2406 4379 Ecclesiae
2432 4322 2644 4378 litteras
2673 4323 3031 4388 destinamus,
3063 4323 3447 4396 hortantesque
3479 4325 3749 4382 instamus

443 4397 683 4454 ﬁnienda
713 4396 973 4452 canonice
1001 4395 1117 4451 δίνθ
1143 4395 1414 4466 ῙθὲθιῙίίθΐν
1450 4412 1571 4466 Ψιεὲ
1598 4397 1704 4453 hoc
1735 4411 1877 4451 anno
1898 4397 2039 4452 inter
2057 4406 2110 4466 D
2143 4418 2198 4466 ut
2228 4411 2392 4466 divini
2417 4411 2604 4479 judicii
2633 4427 2920 4478 memores,
2947 4419 2998 4465 et
3025 4411 3252 4466 fraterni
3283 4395 3506 4468 fcederis
3556 4431 3746 4471 recor-

443 4495 702 4559 utrosque
732 4500 1028 4550 emersere,
1061 4483 1302 4556 negotia,
1338 4485 1631 4540 convenire
1651 4485 1706 4539 in
1729 4485 1852 4541 loco
1877 4486 1945 4540 ab
1966 4486 2045 4540 eis

443 4575 751 4646 designato,
784 4573 972 4645 eisque
1001 4571 1314 4627 satisfacere
1355 4572 1628 4628 humiliter
1643 4573 2040 4640 detrectaverit,

447 4664 767 4720 auctoritate
798 4662 898 4718 Dei
919 4660 1306 4732 omnipotentis
1353 4669 1774 4734 sanctorumque
1817 4671 2042 4734 aposto-

449 4753 626 4808 lorum
653 4751 802 4806 Petri
815 4759 868 4806 et
883 4749 1049 4816 Pauli,
1069 4755 1374 4819 nostraeque
1395 4749 1805 4816 mediocritatis,
1827 4752 2044 4807 veniam

451 4840 554 4896 sibi
582 4839 840 4910 deinceps
871 4837 1079 4894 noverit
1107 4837 1407 4909 denegari;
1441 4853 1542 4893 nec
1565 4839 1763 4895 amodo
1794 4855 2043 4896 commu-

449 4927 628 4984 nionis
660 4934 878 4993 nostrae,
911 4935 969 4982 ut
989 4925 1170 4982 verbis
1219 4925 1548 4982 sanctissimi
1605 4927 1772 4983 nostri
1827 4928 2043 4999 prtede-

451 5015 690 5075 cesseris
717 5023 952 5081 utamur,
985 5013 1220 5069 futurum
1249 5029 1371 5070 esse
1410 5023 1737 5082 consortem,
1799 5017 2044 5090 quisquis

449 5123 572 5164 esse
587 5104 817 5162 noluerit
831 5103 1152 5175 disciplinae.
1174 5102 1434 5173 Optamus
1454 5105 1792 5161 sanctitatem
1805 5113 2043 5162 vestram

456 5195 602 5251 sedis
657 5193 968 5268 apostolicae
1023 5190 1243 5246 monitis
1298 5191 1685 5264 obsequentem
1744 5212 1961 5267 semper
1989 5197 2045 5251 in

456 5283 670 5338 Christo
717 5283 857 5340 bene
905 5280 1104 5337 valere.
1166 5279 1422 5336 Recitata
1473 5283 1536 5336 in
1589 5284 1794 5356 synodo
1845 5286 2042 5342 Ponti-

453 5373 702 5446 gonensi.

2141 4495 2354 4551 dantes-
2385 4496 2865 4568 imminentemque
2895 4502 3094 4550 vestrae
3132 4496 3434 4551 vocationis
3480 4497 3634 4553 diem
3665 4499 3747 4554 ul-

2140 4583 2332 4639 timum
2352 4593 2741 4656 prazcaventes,
2792 4583 3036 4638 fraudem
3065 4582 3410 4650 diabolicam,
3443 4603 3546 4658 per
3584 4605 3747 4661 quam

2140 4687 2291 4728 mors
2320 4672 2560 4729 introivit
2587 4673 2643 4728 in
2671 4673 2861 4727 orbem
2890 4679 3184 4737 terrarum,
3205 4669 3480 4745 eﬂ‘ugiatis
3503 4695 3517 4740 ;
3541 4675 3748 4733 discor-

2141 4762 2308 4830 diam,
2341 4777 2463 4834 qute
2506 4762 2688 4816 nutrix
2743 4768 2826 4816 est
2869 4767 3189 4815 cunctorum
3245 4761 3536 4818 criminum
3597 4765 3750 4836 quasi

2141 4865 2409 4907 venenum
2457 4849 2777 4920 pestiferum
2805 4847 3128 4905 declinatis:
3161 4864 3230 4903 ne
3275 4849 3484 4906 similes
3533 4854 3584 4909 ei
3635 4853 3748 4908 etii-

2141 4939 2377 5008 ciamini,
2409 4939 2477 4994 de
2527 4955 2635 5012 quo
2688 4939 2948 4996 Salomon
2971 4940 3089 4997 ait:
3137 4941 3300 4996 Homo
3338 4945 3621 5012 apostata,
3661 4943 3749 4997 vir

2143 5030 2387 5094 inutilis,
2405 5029 2666 5100 graditur
2685 5043 2778 5085 ore
2799 5044 3074 5100 perverso,
3142 5033 3352 5087 annuit
3377 5031 3582 5100 oculis,
3615 5033 3750 5086 terit

2139 5118 2297 5190 pede,
2313 5118 2487 5189 digito
2501 5117 2766 5190 loquitur,
2782 5135 2950 5190 pravo
2963 5121 3128 5176 corde
3143 5119 3510 5176 machinatur
3528 5121 3748 5174 malum

2143 5202 2278 5256 etin
2292 5205 2446 5258 omni
2477 5205 2725 5274 tempore
2737 5203 2934 5275 jurgia
2987 5206 3235 5260 seminat
3261 5205 3447 5275 (Prov.
3470 5203 3756 5273 v).Pacem

2153 5299 2206 5345 et
2245 5291 2678 5358 sanctimoniam,
2725 5291 2841 5363 sine
2877 5307 2986 5363 qua
3019 5307 3181 5348 nemo
3209 5291 3412 5346 videbit
3433 5293 3628 5357 Deum,
3664 5291 3752 5346 di—

2141 5379 2321 5452 ligatis
2353 5395 2364 5434 :
2399 5380 2654 5451 quoniam
2700 5379 2839 5436 sicut
2874 5379 3088 5452 paciﬁci
3133 5389 3258 5437 sunt
3305 5395 3336 5434 a
3369 5379 3603 5436 Domino
3647 5395 3758 5434 non

2155 5478 2333 5535 solum
2353 5477 2518 5546 beati,
2552 5477 2650 5533 sed
2671 5477 2831 5534 etiam
2873 5477 2968 5534 ﬁlii
3024 5477 3126 5534 Dei
3171 5477 3368 5548 vocati,
3415 5477 3490 5535 ita
3537 5477 3756 5534 Satane
