4056 6178
255 216 358 269 673

1431 208 1791 268 EPISLOLE
1843 207 1935 264 ΕΤ
1981 209 2328 268 DECRETA.

3458 210 3562 266 67L

189 340 207 352 '
259 343 387 392 sunt
434 334 553 406 ﬁlii,
602 334 695 407 qui
735 350 929 407 pacem
976 334 1332 392 confundunt.
1388 336 1531 391 Nam
1587 333 1868 390 discordes
1885 333 1938 396 Α
1966 349 2066 390 vos
2092 334 2289 391 fecisse
2310 333 2614 406 probamin,
2649 333 3023 406 compulisset,
3072 334 3120 390 si
3148 349 3343 406 pacem
3383 335 3562 409 regni,

261 425 450 480 tandiu
478 423 684 479 nullum
713 423 841 480 boui
853 424 1036 496 operis
1061 424 1176 480 Deo
1205 422 1536 481 sacriﬁcium
1566 422 1867 491 immolant,

263 512 503 586 quandiu
531 527 565 568 a
595 512 972 584 proximorum
1020 512 1287 568 charitate
1334 511 1667 569 discordant.
1715 511 1872 567 Unde

266 619 366 674 per
387 602 699 657 Matthreum
720 601 1034 673 praecipitur
1064 602 1339 674 :Sio/fers
1368 617 1577 658 munus
1610 604 1772 656 tuum
1801 600 1873 655 ad

267 692 473 756 altare,
497 695 555 745 et
571 691 647 746 ibi
667 691 995 747 recordatus
1013 691 1193 762 fueris
1213 693 1345 764 quia
1354 693 1541 762 frater
1557 694 1691 745 tuus
1709 689 1873 744 habet

267 778 484 851 aliquid
503 779 800 834 adversum
825 783 895 845 te,
922 780 1176 851 relinque
1207 795 1416 835 munus
1438 781 1603 834 tuum
1624 781 1759 832 ante
1779 777 1872 831 al-

270 871 411 931 tare,
434 870 491 922 et
512 867 647 922 vade
663 869 825 939 prius
838 867 1202 923 reconciliari
1217 867 1392 938 fratri
1407 870 1524 931 tuo,
1539 869 1595 921 et
1618 869 1754 921 tunc
1774 880 1868 920 ve-

268 956 438 1010 niens
458 954 599 1026 offer
615 972 826 1010 munus
846 959 1009 1010 tuum
1027 955 1244 1023 (Matth.
1268 953 1349 1024 v).
1382 954 1443 1008 In
1465 969 1573 1025 qua
1588 952 1871 1008 Dominica

269 1042 639 1114 praeceptione
669 1032 1008 1114 pensandum
1037 1050 1141 1109 est,
1172 1058 1403 1114 quorum
1441 1040 1621 1097 hostia
1651 1039 1870 1111 respui-

272 1139 376 1197 tur,
411 1147 576 1203 quam
597 1130 960 1186 intolerabilis
982 1129 1143 1201 culpa
1168 1137 1518 1185 monstratur.
1552 1129 1685 1184 Cum
1726 1127 1872 1183 enim

270 1219 418 1274 mala
463 1219 742 1291 praeterita
776 1218 936 1273 bonis
979 1218 1239 1289 Operibus
1287 1217 1582 1286 diluuntur,
1636 1231 1870 1287 pensare

272 1307 503 1373 debetis,
536 1323 569 1362 o
597 1306 1008 1379 prudentissimi
1037 1307 1285 1373 comites,
1319 1314 1523 1378 quanta
1553 1313 1678 1361 sunt
1705 1304 1867 1371 mala,

271 1395 580 1462 discordias,
615 1412 736 1467 qua:
753 1395 857 1450 nisi
876 1395 1143 1451 exstincta
1161 1395 1375 1460 fuerint,
1399 1394 1604 1449 bonum
1623 1391 1872 1449 sacriﬁcii

273 1484 533 1556 subsequi
562 1499 671 1538 non
698 1484 1035 1554 permittunt.
1097 1482 1233 1551 Quis
1276 1482 1479 1554 itaque,
1511 1480 1866 1547 dilectissimi,

273 1588 370 1628 vos
401 1572 473 1627 ad
503 1579 667 1639 tanta
695 1571 984 1627 discordia;
1012 1571 1236 1628 crimina
1252 1570 1355 1625 nisi
1377 1570 1632 1641 antiquus
1652 1568 1871 1626 humani

275 1659 500 1733 generis
519 1659 888 1731 adversarius,
909 1659 1224 1731 provocavit
1241 1659 1269 1713 ?
1281 1658 1374 1730 qui
1390 1675 1456 1714 ex
1472 1658 1667 1730 angelo
1691 1657 1870 1714 factus

276 1757 468 1820 aposta
494 1747 655 1803 bona:
681 1747 850 1803 messi
905 1763 1126 1818 semper
1172 1747 1376 1801 zizania
1431 1746 1871 1817 superseminare

276 1836 505 1891 laborat.
541 1836 621 1891 De
648 1836 801 1904 cujus
850 1836 1105 1891 aviditate
1150 1852 1253 1907 per
1298 1834 1601 1907 apostolum
1632 1833 1827 1889 dicitur
1858 1851 1872 1888 :

278 1924 609 1981 Aversarius
666 1927 851 1980 vester
896 1924 1148 1981 diabolus
1190 1927 1463 1997 tanquam
1515 1923 1598 1980 leo
1644 1923 1875 1995 rugiens

288 2014 519 2079 circuit,
549 2028 805 2086 quaerens
825 2028 989 2085 quem
1009 2012 1236 2068 devoret
1269 2030 1282 2066 :
1308 2013 1403 2068 cui
1420 2012 1669 2067 resistite
1696 2014 1875 2083 fortes

278 2103 341 2155 in
360 2100 470 2168 ﬁde
486 2101 540 2172 (1
553 2102 703 2156 Petr.
726 2099 828 2171 vl).
845 2100 913 2154 Et
925 2107 1070 2156 certe
1090 2099 1226 2169 ﬁdes
1240 2100 1364 2155 sine
1376 2098 1634 2172 operibus
1651 2103 1877 2155 mortua

280 2193 364 2244 est
383 2189 527 2260 (Iac.
553 2187 657 2260 n);
688 2195 739 2243 et
763 2187 953 2243 beatus
982 2186 1201 2257 Paulus,
1234 2186 1443 2243 collatis
1471 2186 1658 2243 multis
1702 2187 1877 2242 virtu-

279 2275 446 2341 tibus,
513 2276 849 2346 cbaritatem,
901 2292 1023 2348 quae
1067 2275 1466 2332 multitudinem
1525 2283 1876 2346 peccatorum

279 2364 477 2436 operit,
499 2364 707 2436 praetuli
725 2364 942 2420 dicens:
965 2365 1087 2421 Sive
1102 2364 1412 2437 prophetiae
1428 2364 1872 2429 evacuabuntur,

283 2453 396 2509 sive
456 2453 663 2524 lingua:
722 2452 1040 2523 cessabunt,
1092 2454 1209 2508 sive
1277 2453 1521 2508 scientia
1549 2452 1879 2508 destruetur

281 2541 333 2611 (ι
352 2541 476 2598 Cor.
517 2543 679 2611 xm);
712 2549 763 2596 et
790 2539 937 2596 infra
972 2558 984 2595 :
1013 2542 1175 2596 Nunc
1195 2545 1391 2597 autem
1426 2543 1665 2596 manent
1714 2539 1875 2608 ﬁdes,

283 2646 428 2702 spes,
463 2630 746 2697 eharitas;
778 2631 893 2685 tria
922 2629 1060 2697 haec,
1084 2632 1267 2701 major
1286 2633 1480 2684 autem
1492 2629 1581 2685 his
1599 2633 1682 2685 est
1699 2629 1882 2684 chari-

286 2722 375 2773 tas
405 2717 613 2788 (ibid.).
668 2716 824 2773 Unde
869 2716 1007 2773 bene
1035 2732 1137 2788 per
1164 2717 1431 2772 Joannem
1454 2715 1651 2772 dicitur
1685 2732 1698 2771 :
1729 2718 1878 2772 Deus

281 2806 536 2861 charitas
559 2808 662 2875 est,
686 2810 744 2861 et
758 2808 853 2879 qui
866 2810 1065 2862 manet
1080 2808 1146 2861 in
1159 2805 1462 2876 charitate,
1476 2806 1542 2860 in
1558 2806 1667 2860 Deo
1682 2808 1881 2861 manet

281 2898 339 2949 et
383 2895 531 2950 Deus
568 2895 633 2949 in
680 2909 741 2949 eo
783 2894 860 2964 (ΙΙ
882 2895 1042 2952 Joan.
1085 2896 1186 2965 tv).
1216 2892 1439 2950 Constat
1466 2908 1600 2965 ergo
1631 2893 1759 2964 quia
1788 2892 1881 2965 qui

279 2981 335 3037 in
357 2982 475 3037 Deo
502 2995 613 3038 non
638 2989 842 3051 manet,
874 2982 929 3053 in
950 2981 1167 3038 diabolo
1195 2989 1398 3049 manet,
1446 2983 1603 3052 cujus
1631 2981 1879 3039 membra

280 3078 408 3126 sunt
436 3085 629 3126 omnes
658 3070 753 3143 qui
782 3070 966 3144 jurgia
1012 3070 1298 3138 seminant,
1350 3077 1404 3125 et
1449 3069 1880 3128 ecclesiasticam

280 3158 628 3231 disciplinam
654 3166 935 3230 recusant,
969 3159 1169 3230 quibus
1196 3159 1469 3216 veraciter
1496 3159 1696 3215 dicitur
1726 3177 1739 3213 :
1786 3161 1879 3217 Vos

280 3264 357 3304 ea:
380 3251 548 3321 patre
574 3247 789 3305 diabolo
819 3249 957 3304 estis
978 3248 1163 3318 (Joan.
1200 3250 1345 3311 νηί).
1382 3246 1490 3316 Qui
1505 3246 1760 3305 videlicet
1787 3247 1883 3303 Ca-

277 3335 382 3392 roli
410 3336 698 3391 virtutibus
726 3335 798 3392 ab
826 3335 1062 3392 ineuntis
1082 3336 1254 3392 aetatis
1297 3335 1586 3408 principiis
1604 3334 1878 3392 invidens.

280 3424 511 3497 ejusque
576 3424 891 3498 religiosum
932 3424 1272 3497 propositum
1309 3423 1526 3496 longius
1580 3423 1883 3496 propagari

277 3528 605 3585 pavescens,
647 3512 833 3569 multis
867 3513 1288 3571 adversitatibus
1338 3510 1638 3579 lacessivit,
1690 3511 1883 3568 ﬁdeles

279 3601 401 3670 ejus
428 3600 867 3673 frequentissime
902 3601 1169 3659 rebellare
1190 3601 1399 3670 suasit;
1429 3600 1487 3656 in
1514 3599 1659 3656 bello
1691 3606 1885 3656 contra

277 3688 729 3746 Northamannos
739 3706 841 3762 pro
858 3689 1124 3747 Ecclesiae
1142 3688 1243 3745 Dei
1263 3687 1583 3746 liberatione
1597 3686 1881 3760 pugnanti,

279 3794 489 3851 eosque
508 3794 681 3851 usque
696 3778 768 3834 ad
786 3777 1033 3835 ultimam
1051 3777 1384 3835 deditionem
1402 3776 1735 3849 compellere
1753 3783 1886 3833 sata-

278 3866 456 3941 genti,
474 3866 705 3923 senioris
726 3867 910 3935 vestri,
929 3874 1217 3940 parentum
1234 3882 1473 3940 quoque,
1495 3866 1611 3923 sive
1644 3873 1885 3922 vestrum

280 3954 529 4011 animum
548 3955 618 4011 ad
636 3954 976 4012 invasionem
997 3954 1170 4013 relicti
1218 3954 1336 4024 ejus
1377 3954 1614 4028 imperii,
1665 3953 1804 4011 sicut
1833 3960 1887 4009 et

277 4042 447 4100 modo
469 4042 665 4101 fecisse
680 4043 1042 4117 dignoscitur,
1058 4042 1360 4102 suscitavit.
1387 4043 1543 4116 Ipsos
1564 4041 1883 4109 familiares,

279 4132 464 4205 ipsum
504 4140 783 4204 postremo
813 4132 1012 4199 ﬁlium,
1054 4132 1125 4189 ad
1154 4132 1271 4202 ejus
1300 4131 1680 4188 exterminium
1708 4130 1886 4186 hosti-

279 4220 406 4276 liter
432 4220 747 4293 provocavit
780 4239 793 4275 :
828 4229 882 4277 et
907 4237 977 4276 ne
1026 4220 1245 4294 quando
1290 4220 1364 4276 ad
1392 4219 1706 4291 imperium,
1740 4218 1888 4293 quod

280 4309 334 4365 ei
361 4316 580 4366 constat
605 4325 715 4365 non
742 4310 983 4365 humano
1011 4308 1272 4365 collatum
1300 4306 1590 4375 beneﬁcio,
1622 4308 1749 4364 licet
1788 4322 1889 4379 per

1973 422 2109 479 sicut
2137 439 2236 479 vos
2266 422 2463 491 facitis,
2494 430 2835 479 temerasset.
2868 423 3028 480 Nunc
3056 439 3209 491 vero,
3260 438 3386 480 cum
3432 422 3571 479 divi-

1971 511 2115 566 nitus
2171 512 2459 582 praescitus
2490 519 2543 567 et
2579 512 3012 583 praedestinatus,
3045 528 3155 568 non
3187 527 3219 567 a
3247 512 3564 582 semetipso,

1972 601 2070 655 sed
2111 601 2182 654 ab
2220 600 2481 656 Ecclesiae
2527 600 2628 656 Dei
2663 599 2788 656 ﬁliis
2818 600 3074 658 invitatus
3104 599 3407 666 advenerit,
3443 599 3561 654 sine

1973 688 2241 760 sanguine
2271 687 2384 743 sola
2414 704 2514 743 sua
2544 689 2921 746 benevolentia
2949 688 3110 757 hujus
3139 687 3307 743 Italia:
3334 686 3570 743 fortissi-

1972 792 2091 831 mos
2122 776 2226 831 sibi
2280 777 2455 833 duces
2492 777 2817 844 devinxerit,
2874 776 3123 849 angelico
3170 792 3401 844 munere
3446 775 3567 833 vias

1972 880 2100 919 suas
2127 880 2227 935 per
2273 865 2422 920 invia
2475 865 2596 921 loca
2650 866 2887 922 directas
2945 864 3263 938 inspexerit,
3321 863 3570 921 frustatis

1971 952 2181 1008 insidiis
2219 953 2265 1008 ei
2288 954 2604 1024 compositis
2621 954 2877 1009 divinitus
2898 954 3190 1009 liberatum
3219 969 3279 1007 se
3313 953 3567 1020 senserit,

1971 1041 2201 1112 paludes
2231 1041 2407 1097 invias
2437 1042 2540 1097 sibi
2588 1042 2808 1113 pervias
2862 1041 3035 1098 factas
3084 1041 3376 1108 invenerit,
3428 1042 3571 1097 vada

1970 1129 2368 1201 profundorum
2397 1130 2701 1197 fluminum,
2735 1130 2880 1186 velut
2911 1131 3048 1186 alter
3076 1130 3187 1186 dux
3216 1130 3566 1201 lsraeliticus,

1971 1218 2300 1273 exercitibus
2330 1219 2444 1273 suis
2503 1236 2642 1290 pene
2695 1219 2842 1275 sicca
2888 1219 3174 1289 repererit,
3224 1219 3487 1274 miramur
3515 1225 3570 1274 et

1970 1306 2424 1377 obstupescimus,
2459 1323 2557 1363 cur
2598 1324 2723 1362 eum
2767 1324 2799 1361 a
2854 1307 3087 1362 Domino
3136 1307 3419 1377 praelatum
3457 1322 3567 1362 non

1967 1393 2266 1467 intelligitis
2294 1412 2408 1463 vos,
2436 1395 2528 1466 qui
2576 1395 2866 1450 sensibiles
2898 1395 3049 1465 estis,
3086 1410 3250 1466 quem
3298 1395 3565 1452 elementa

1969 1479 2307 1537 insensibilia
2336 1483 2576 1538 sensisse
2605 1483 2876 1538 videntur.
2910 1483 3172 1538 Miramur
3201 1490 3253 1538 et
3309 1483 3570 1554 obstupe-

1968 1570 2189 1640 scimus,
2225 1587 2322 1627 cur
2348 1570 2696 1642 parricidalis
2727 1580 2917 1627 contra
2935 1588 3059 1626 eum
3091 1586 3247 1626 arma
3264 1570 3567 1639 sustollitis,

1898 1689 1952 1749 Β
1969 1676 2132 1731 quem
2158 1660 2226 1713 ab
2251 1660 2371 1731 ipsa
2400 1676 2499 1715 sua
2545 1659 2772 1715 infantia
2801 1660 2986 1716 multis
3036 1658 3455 1715 adversitatibus
3485 1658 3574 1715 fa-

1975 1746 2201 1819 tigatum
2230 1747 2462 1816 vidistis,
2495 1756 2814 1820 superatum
2841 1764 2976 1804 vero
3004 1756 3325 1821 protegente
3341 1746 3576 1804 Domino

1975 1835 2198 1891 minime
2228 1836 2581 1909 cognovistis.
2643 1836 2918 1902 Miramur,
2960 1835 3199 1907 inquam,
3234 1843 3289 1891 et
3315 1836 3577 1907 obstupe-

1976 1924 2199 1991 scimus,
2234 1940 2333 1981 cur
2361 1940 2507 1992 eum,
2543 1940 2707 1996 quem
2736 1924 3064 1980 obedientire
3085 1940 3183 1979 suo
3204 1924 3401 1979 merito
3417 1922 3575 1980 vobis

1977 2012 2233 2069 divinitus
2275 2012 2562 2083 praelatum
2601 2012 2959 2086 cognoscitis,
3018 2028 3129 2068 non
3186 2012 3326 2068 sicut
3378 2027 3577 2068 revera

1976 2100 2292 2156 imitabilem
2324 2100 2635 2173 sequimini,
2667 2101 2765 2157 sed
2796 2101 2932 2157 sicut
2966 2100 3366 2167 detestabilem,
3401 2115 3577 2172 quan-

1977 2196 2091 2244 tum
2113 2189 2166 2243 in
2186 2189 2342 2245 vobis
2372 2198 2472 2255 est,
2504 2189 2764 2261 persequi
2783 2189 3060 2245 laboratis.
3095 2189 3232 2244 Cum
3250 2188 3298 2243 si
3326 2187 3575 2259 exemplo

1976 2277 2123 2333 illius
2150 2278 2476 2334 obedientiaa
2504 2294 2605 2334 vos
2628 2286 2816 2334 sancta
2846 2277 3008 2333 sedes
3037 2276 3342 2348 apostolica
3363 2275 3466 2331 sibi
3485 2275 3579 2331 ali-

1977 2366 2189 2439 quoties
2235 2366 2547 2423 devotiores
2591 2373 2966 2439 cognosceret,
3015 2364 3413 2422 benedictionis
3461 2380 3576 2420 sum

1979 2470 2077 2509 vos
2096 2462 2150 2509 et
2178 2455 2233 2509 in
2252 2456 2358 2511 hoc
2388 2454 2590 2511 saeculo
2618 2454 2792 2526 gratia
2819 2454 3114 2523 debriaret,
3138 2462 3192 2510 et
3220 2454 3276 2508 in
3295 2452 3477 2509 futuro
3506 2452 3577 2509 ad

1976 2542 2350 2598 hereditatem
2393 2543 2551 2614 regni
2598 2543 2836 2599 caelestis
2883 2542 3091 2597 admitti
3134 2542 3248 2596 suis
3303 2540 3576 2597 continuis

1977 2631 2233 2702 precibus
2266 2631 2601 2702 impetraret.
2634 2631 2744 2687 Sed
2773 2630 2992 2703 quando
3020 2637 3220 2686 sanctae
3247 2629 3393 2685 sedis
3435 2644 3575 2700 apo-

1980 2720 2185 2775 stolica:
2213 2718 2453 2774 debitam
2484 2735 2582 2776 vos
2613 2718 2983 2774 obedientiam
3014 2725 3323 2774 servaturos
3359 2717 3577 2790 putabi-

1977 2824 2117 2876 mus,
2151 2824 2289 2880 quos
2334 2815 2526 2863 contra
2582 2807 2683 2863 Dei
2740 2806 3126 2877 omnipotentis
3180 2805 3577 2863 ordinationem

1978 2910 2092 2952 tam
2133 2895 2433 2951 manifestis
2490 2895 2707 2951 indiciis
2748 2894 3019 2950 rebellare
3066 2894 3353 2950 videmus?
3395 2909 3575 2965 neque

1980 2985 2126 3041 enim
2152 2992 2343 3040 contra
2369 2984 2623 3040 Carolum
2643 2991 2726 3040 est
2755 2999 3001 3039 murmur
3029 2989 3290 3053 vestrum,
3323 2982 3422 3037 sed
3452 2996 3580 3039 con—

1980 3081 2064 3128 tra
2096 3073 2430 3128 Dominum?
2461 3073 2614 3142 cujus
2650 3080 2733 3127 est
2752 3088 3003 3144 regnum,
3036 3079 3090 3126 et
3104 3072 3193 3127 cui
3211 3070 3442 3126 voluerit
3461 3070 3581 3142 ipse

1980 3162 2074 3217 dat
2103 3160 2257 3230 illud,
2291 3161 2384 3233 qui
2411 3161 2576 3217 etiam
2604 3177 2706 3232 per
2763 3159 3113 3216 Solomonem
3143 3157 3274 3214 dicit
3304 3176 3319 3212 :
3350 3160 3462 3214 Per
3485 3174 3578 3214 me

1980 3266 2135 3322 reges
2150 3253 2397 3321 regnant
2427 3250 2610 3319 (Prov.
2644 3246 2806 3319 vui);
2836 3248 2965 3304 item
2991 3262 3094 3318 per
3121 3245 3403 3302 doctorem
3432 3260 3576 3317 gen-

1980 3338 2116 3392 tium
2142 3345 2379 3392 testatur
2415 3337 2605 3393 dicens
2640 3354 2653 3390 :
2687 3337 2807 3391 Non
2836 3338 2923 3391 est
2948 3338 3220 3407 potestas,
3252 3335 3371 3390 nisi
3398 3350 3434 3389 a
3462 3334 3573 3389 Deo

1982 3426 2161 3498 (Rom.
2196 3425 2258 3497 ιι)
2279 3444 2293 3493 ;
2317 3433 2370 3480 et
2391 3424 2585 3480 iterum
2611 3440 2624 3479 :
2662 3423 2770 3491 Qui
2796 3424 3069 3496 potestati
3087 3423 3329 3488 resistit,
3359 3422 3460 3478 Dei
3486 3436 3577 3477 or—

1983 3514 2268 3571 dinationi
2283 3514 2504 3569 resistit
2515 3512 2655 3584 (ibid
2661 3511 2721 3584 .).
2746 3511 2937 3569 Redite
2949 3510 3116 3582 igitur
3130 3508 3578 3582 pravaricatores

1983 3602 2052 3658 ad
2072 3617 2186 3670 cor,
2215 3608 2267 3657 et
2291 3601 2419 3673 quia
2447 3617 2598 3656 mors
2641 3615 2751 3656 non
2791 3599 2984 3665 tardat,
3033 3598 3200 3655 nolite
3246 3596 3464 3654 differre
3507 3595 3578 3653 de

1984 3690 2073 3748 die
2098 3691 2156 3747 in
2183 3690 2349 3746 diem.
2380 3688 2563 3745 Nolite
2579 3686 2802 3745 socialia
2823 3686 3006 3743 libella
3026 3685 3388 3753 committere,
3408 3685 3576 3742 nolite

1982 3778 2339 3852 parricidales
2369 3777 2586 3852 gladios
2614 3776 2672 3832 in
2712 3774 3012 3848 perniciem
3054 3774 3221 3832 vestri
3265 3775 3575 3831 sustollere.

1981 3868 2164 3924 Nolite
2208 3867 2559 3923 Fontanicum
2605 3865 2927 3921 detestabile
2968 3863 3217 3935 praelium
3263 3878 3529 3920 revocare
3563 3877 3577 3918 :

1985 3957 2114 4029 quia
2142 3956 2280 4012 sicut
2308 3956 2401 4029 qui
2419 3971 2521 4028 pro
2546 3953 2812 4011 Ecclesia
2840 3952 2941 4009 Dei
2969 3952 3289 4009 defensione
3326 3952 3575 4019 moritur,

1985 4062 2084 4101 suo
2113 4045 2379 4119 sanguine
2409 4050 2718 4113 coronatur,
2737 4042 2808 4097 ita
2830 4042 2923 4115 qui
2945 4049 3138 4098 contra
3153 4041 3256 4097 Dei
3271 4040 3580 4098 Ecclesiam

1982 4150 2238 4207 pugnans
2266 4142 2325 4188 ut
2355 4132 2549 4205 refuga
2576 4131 2997 4188 Christianitatis
3033 4130 3340 4203 perimitur,
3390 4128 3582 4203 procul

1985 4222 2152 4278 dubio
2180 4222 2590 4279 condemnatur.
2612 4220 2815 4285 Nolite,
2848 4219 3177 4286 charissimi,
3199 4235 3301 4290 pro
3318 4218 3580 4274 brevibus

1984 4311 2109 4367 vitae
2135 4310 2438 4366 commodis
2461 4316 2681 4365 aeternae
2708 4307 3159 4363 remunerationis
3188 4306 3343 4361 vobis
3357 4306 3580 4374 jannam

278 4405 491 4455 nostrae
517 4397 907 4455 mediocritatis
934 4397 1318 4463 ministerium,
1368 4397 1468 4453 sed
1506 4395 1711 4463 divino,
1751 4411 1885 4466 per-
1914 4396 2257 4455 Dclaudere.
2289 4397 2469 4454 Nolite
2510 4413 2609 4468 pro
2658 4395 2824 4451 rebus
2880 4394 3205 4452 transitoriis
3251 4402 3582 4450 aeternorum

280 4487 499 4558 tingere
524 4485 810 4558 potuisset,
844 4494 954 4542 tota
982 4485 1358 4543 fraudulentia
1387 4500 1500 4541 sum
1525 4483 1738 4540 virtutae
1756 4498 1888 4556 pro-

281 4574 483 4640 hibuit,
516 4582 625 4631 tota
651 4575 864 4631 consilii
901 4575 985 4631 sui
1038 4574 1281 4632 versutia
1323 4573 1595 4630 debellare
1638 4572 1883 4629 certavit.

279 4660 394 4719 Sed
424 4664 573 4720 Deus
604 4663 966 4735 omnipotens,
1001 4664 1156 4733 cujus
1183 4661 1522 4735 providentia
1577 4678 1676 4734 per
1703 4667 1887 4716 muta-

279 4750 476 4807 bilium
507 4768 692 4808 rerum
719 4752 996 4825 principes
1024 4752 1189 4808 totius
1218 4751 1406 4808 mundi
1435 4750 1661 4807 latitudo
1691 4749 1892 4824 guber-

277 4848 446 4896 natur
475 4848 532 4896 et
557 4841 788 4914 regitur,
818 4842 965 4897 hunc
993 4840 1225 4913 ﬂagellis
1257 4839 1465 4896 erudiri
1510 4838 1888 4911 frequentibus

278 4927 496 4997 voluit;
528 4928 759 5002 deprimi
777 4928 1014 5000 penitus,
1043 4929 1182 4984 sicut
1210 4944 1244 4984 a
1271 4928 1428 4985 vobis
1459 4928 1656 4985 crebro
1685 4927 1888 4999 proba-

278 5034 398 5083 tum
427 5033 534 5093 est,
565 5043 839 5098 nunquam
866 5026 1135 5098 permisit,
1168 5034 1228 5081 ut
1255 5026 1464 5084 scilicet
1518 5025 1731 5082 futurus
1777 5026 1887 5081 im-

274 5124 503 5186 perator
529 5114 587 5169 in
613 5116 767 5188 regni
796 5123 1066 5186 potestate
1113 5115 1372 5183 disceret,
1406 5123 1670 5187 quantum
1699 5113 1889 5169 timere

275 5202 579 5258 Dominum
625 5202 681 5258 in
722 5204 1022 5275 prosperis,
1070 5212 1329 5277 quantum
1356 5203 1412 5259 in
1470 5202 1718 5260 adversis
1771 5202 1889 5259 Deo

270 5289 562 5347 conﬁdere
594 5292 895 5348 debuisset.
926 5294 994 5347 Et
1015 5293 1235 5365 quidem
1254 5291 1700 5365 reprehensibilis
1717 5299 1884 5357 esset,

272 5380 321 5435 si
343 5388 526 5435 metas
557 5381 640 5435 sui
669 5382 827 5454 regni
857 5381 1174 5455 ingrediens
1204 5380 1340 5438 ﬁnes
1373 5380 1595 5437 alterius
1627 5395 1889 5451 usurpas-

270 5476 381 5535 set,
418 5468 467 5523 si
487 5467 679 5524 fideles
697 5469 913 5526 alterius
942 5468 1263 5538 sollicitans,
1298 5469 1365 5525 ad
1393 5468 1715 5541 perjurium,
1745 5467 1887 5524 sicut

1986 4488 2250 4543 bonorum
2269 4486 2559 4543 commoda
2583 4484 2883 4556 praeterire.
2911 4482 3053 4553 Quia
3076 4484 3230 4553 juxta
3245 4481 3390 4537 beati
3408 4479 3584 4536 Marci

1987 4574 2310 4631 sententiam
2342 4593 2355 4629 :
2387 4575 2543 4631 Nihil
2552 4573 2783 4647 prodest
2802 4573 3021 4631 homini
3041 4574 3093 4628 si
3123 4573 3380 4628 lucretur
3393 4573 3577 4625 totum

1986 4664 2285 4734 mundum,
2316 4662 2525 4720 anima:
2550 4678 2678 4719 vero
2720 4677 2838 4719 suae
2869 4662 3280 4719 detrimentum
3314 4659 3579 4732 patiatur

1986 4754 2206 4827 (Matth.
2241 4755 2382 4825 vni).
2417 4752 2585 4821 Huius
2614 4751 2691 4806 rei
2707 4750 2887 4822 gratia
2902 4748 3318 4823 generalitatem
3337 4754 3579 4803 vestram

1988 4858 2151 4916 quam
2178 4849 2405 4914 paterno
2437 4838 2635 4896 affectu
2664 4837 2957 4910 complecti
3016 4837 3291 4902 volumus,
3322 4835 3414 4892 his
3439 4850 3585 4908 apo-

1988 4931 2194 4987 stolicae
2226 4929 2561 4987 auctoritatis
2603 4926 2800 4982 litteris
2848 4925 3142 4983 identidem
3191 4927 3468 4982 hortamur
3516 4938 3583 4980 ac

1986 5020 2360 5076 obstentamur
2386 5026 2443 5073 ut
2462 5006 2679 5071 tandem
2717 5014 3013 5086 aliquando
3059 5014 3342 5071 nobiscum
3379 5012 3584 5085 pariter

1987 5107 2303 5171 sentientes,
2334 5114 2444 5161 tam
2471 5104 2733 5161 dilectum
2753 5110 2998 5158 nostrum
3026 5102 3359 5158 Ludovicum
3388 5099 3588 5173 glorio-

1987 5214 2108 5252 sum
2137 5212 2329 5269 regem
2359 5202 2602 5251 vestrum
2632 5192 2703 5265 (si
2744 5199 2927 5248 tamen
2975 5189 3117 5247 ﬁlius
3165 5191 3273 5247 dici
3327 5197 3583 5257 meretur,

1986 5285 2077 5358 qui
2123 5284 2435 5356 apostolicae
2466 5281 2613 5338 sedis
2641 5280 2861 5336 monitis
2896 5296 3117 5351 semper
3154 5278 3587 5335 inobedientissi-

1986 5385 2108 5423 mus
2137 5366 2356 5437 exstitit,
2392 5366 2437 5422 si
2484 5364 2759 5437 gloriosus
2807 5363 2914 5420 dici
2958 5364 3143 5431 debet,
3184 5362 3275 5435 qui
3322 5364 3503 5419 adhuc
3531 5362 3588 5418 in

1987 5473 2264 5523 senectute
2294 5463 2577 5537 decrepita
2607 5462 2900 5519 Christiani
2938 5463 3217 5535 sanguinis
3264 5462 3587 5520 effusionem
3630 5522 3643 5531 ,
