4056 6178
503 263 608 318 6⁵75

1773 261 2071 320 JOANNIS
2127 265 2320 324 PAPE
2381 271 2520 327 VIII.

3695 282 3796 336 676

507 385 803 452 desiderat,
837 385 884 440 si
924 399 1018 441 rex
1043 383 1151 442 dici
1182 385 1363 452 debet,
1399 385 1490 458 qui
1535 402 1712 458 neque
1759 403 1875 456 vos,
1919 405 2096 460 neque
2115 393 2172 454 A
2202 393 2527 464 Saracenos,
2563 413 2698 470 quos
2721 399 2836 468 jam
2867 416 2961 472 per
2987 415 3118 457 suos
3147 399 3616 472 familiarissimos,
3641 419 3797 476 aeque

505 475 855 545 semetipsum
885 490 1082 547 regere
1111 475 1294 540 valuit,
1329 475 1614 548 quominus
1649 477 1890 531 absentis
1919 476 2098 532 fratris

505 563 663 636 regni
707 579 900 634 pacem
936 563 1357 634 corrumperet),
1429 579 1593 635 quam
1660 573 1888 620 cunctos
1932 567 2098 621 vestri

507 651 666 722 regni
693 651 962 717 homines,
995 665 1128 706 voce
1141 651 1313 706 libera
1340 652 1626 718 moneatis,
1644 662 1695 708 et
1725 653 1796 708 ab
1817 653 2097 709 invasione

511 739 626 794 sive
655 739 1013 810 oppressione
1069 739 1284 810 imperii
1311 739 1493 796 dilecti
1549 739 1644 795 filii
1691 741 1862 796 nostri
1920 741 2097 797 Caroli

506 842 724 898 semper
751 827 983 898 Augusti
1011 826 1250 882 funditus
1299 827 1582 883 retrahatis
1623 848 1638 895 ;
1707 845 2096 902 nunquamque

503 915 570 970 de
601 915 827 986 reliquo,
859 915 975 971 sive
1003 915 1404 982 blandimentis,
1430 916 1544 972 sive
1565 917 1888 982 terroribus,
1913 933 2098 973 assen-

503 1019 624 1058 sum
665 1002 978 1075 quemlibet,
1029 1002 1345 1060 favoremve
1385 1005 1652 1074 praestetis
1706 1005 1775 1060 ad
1823 1005 2094 1061 funestum

501 1091 744 1164 praelium
772 1090 1138 1164 inferendum,
1189 1101 1244 1146 et
1271 1091 1701 1146 Christianorum
1733 1093 2089 1164 sanguinem,

499 1163 646 1250 quod
675 1179 938 1234 Dominus
966 1163 1240 1245 averterit,
1294 1179 1702 1235 effundendum.
1735 1163 1876 1235 Nam
1907 1182 2092 1250 cujus-

499 1283 712 1339 cunque
750 1268 820 1323 sit
869 1267 1213 1323 sublimitatis
1268 1267 1618 1338 dignitatisve
1664 1284 1922 1338 persona,
1973 1285 2093 1340 quae

495 1355 854 1426 praesentibus
881 1355 1075 1427 legatis
1103 1355 1320 1424 nostris,
1351 1355 1558 1410 Joanne
1595 1355 1882 1426 Siculensi,
1929 1356 2091 1412 item-

499 1460 606 1515 que
621 1443 832 1499 Joanne
853 1443 1205 1509 Tuscanensi,
1221 1443 1622 1498 venerabilibus
1639 1444 1930 1515 episcopis,
1955 1461 2092 1516 quos

495 1531 614 1586 vice
643 1539 828 1584 nostra
875 1529 1057 1600 [Forte
1102 1530 1256 1586 deest
1297 1531 1564 1596 misimus,
1621 1531 1840 1604 Hann]
1885 1532 2006 1586 illas
2035 1533 2092 1587 in

495 1626 678 1690 partes
699 1618 768 1672 ad
797 1617 1158 1674 examinanda
1186 1619 1454 1690 simulque
1471 1619 1786 1674 difiinienda
1801 1621 2092 1690 canonice,

2200 481 2525 554 Saracenos,
2585 486 2967 556 invitaverant,
3036 490 3092 544 in
3140 489 3434 545 Romanam
3486 491 3680 547 urbem
3723 492 3794 548 ad

2197 571 2558 642 perditionem
2588 575 2826 631 omnium
2883 578 3243 633 intromittere
3273 579 3588 634 valuissent.
3623 581 3796 635 Cum-

2199 676 2302 730 que
2323 676 2422 715 nos
2452 671 2639 718 contra
2669 672 2955 736 utramque
2993 665 3262 736 fraudem,
3287 667 3510 735 juvante
3533 668 3787 734 Domino,

2195 758 2536 819 praeparatos
2565 752 2848 820 vidissent,
2885 761 2938 808 et
2968 753 3252 809 imminere
3283 755 3384 808 sibi
3409 755 3602 824 judicii
3633 765 3796 811 statu-

2196 843 2308 892 tum
2339 837 2485 893 diem
2511 849 2928 912 cognoscerent,
2953 842 3165 914 decepti
3195 859 3254 898 se
3301 859 3424 900 cum
3461 845 3792 915 quibusdam

2196 925 2310 979 suis
2337 927 2715 998 complicibus,
2749 929 2999 984 videlicet
3027 930 3291 986 Formoso
3329 932 3609 1002 episcopo,
3665 933 3793 988 Ste-

2193 1013 2377 1082 phano
2405 1015 2800 1082 secundicerio,
2834 1025 2886 1072 et
2916 1018 3112 1090 Sergio
3137 1019 3404 1092 magistro
3451 1019 3704 1086 militum,
3744 1029 3796 1075 et

2195 1101 2550 1158 Constantino
2581 1105 3040 1160 nomenculatoris
3069 1105 3198 1176 filio,
3241 1123 3378 1178 quos
3433 1123 3542 1163 non
3589 1117 3794 1166 nostra:

2193 1191 2566 1246 conventionis
2589 1192 2870 1262 judicium,
2905 1194 3004 1250 sed
3033 1203 3217 1250 reatus
3247 1196 3484 1266 prOpriaa
3503 1197 3794 1253 conscien-

2193 1277 2280 1334 tite
2313 1279 2640 1350 stimulabat,
2684 1289 2874 1336 contra
2923 1281 3150 1338 salutem
3205 1284 3518 1354 reipublicae
3547 1293 3602 1340 et
3631 1286 3796 1358 regni

2193 1365 2376 1422 dilecti
2423 1366 2518 1422 ﬁlii
2574 1369 2741 1424 nostri
2783 1369 2962 1425 Caroli
3005 1371 3338 1426 serenissimi
3375 1372 3660 1444 principis,
3703 1373 3796 1428 cui

2192 1469 2412 1525 semper
2439 1455 2687 1512 infideles
2705 1455 2935 1523 fuerunt,
2969 1465 3022 1513 et
3041 1459 3195 1528 cujus
3215 1460 3550 1530 provectioni
3573 1477 3798 1532 semper

2193 1542 2566 1610 detraxerunt,
2599 1545 2976 1615 conspirantes
3025 1547 3300 1602 nescimus
3331 1563 3440 1618 quo
3469 1547 3792 1618 profecturi,

2191 1630 2365 1686 noctis
2394 1631 2608 1686 silentio
2629 1647 2752 1687 cum
2779 1633 3096 1688 adulterinis
3117 1633 3360 1690 clavibus
3378 1643 3566 1706 portas
3597 1637 3790 1702 Urbis,

497 1707 612 1762 Sive
637 1706 904 1779 186351813
939 1723 1062 1777 quae
1089 1707 1191 1762 hoc
1222 1722 1366 1762 anno
1395 1707 1537 1763 inter
1579 1715 1843 1780 utrosque
1891 1708 2089 1803 {Patres
2119 1743 2172 1803 Β
2195 1735 2316 1790 quae
2345 1727 2568 1774 vocatur
2612 1718 2785 1776 sancti
2842 1721 3134 1789 Pancratii,
3175 1731 3522 1794 aperuerunt,
3565 1731 3621 1780 et
3667 1739 3794 1780 cum

495 1811 772 1850 emersere
795 1795 1032 1868 negotia,
1067 1796 1358 1851 convenire
1375 1795 1432 1850 in
1451 1795 1573 1852 loco
1601 1797 1672 1851 ab
1701 1797 1782 1851 eis
1801 1795 2088 1870 designato

497 1883 684 1955 eisque
727 1883 1044 1938 satisfacere
1083 1883 1353 1938 humiliter
1407 1883 1811 1950 detrectaverit,
1855 1885 2092 1940 auctori-

493 1977 604 2026 tate
647 1971 747 2026 Dei
802 1970 1204 2042 omnipotentis,
1251 1979 1674 2044 sanctorumque
1715 1973 2090 2042 apostolorum

493 2059 797 2131 principum
830 2059 968 2115 Petri
997 2067 1051 2114 et
1093 2060 1260 2126 Pauli,
1307 2067 1618 2132 nostraeque
1673 2061 2084 2128 mediocritatis,

491 2147 704 2204 veniam
736 2147 840 2202 sibi
892 2147 1152 2218 deinceps
1181 2149 1393 2203 noverit
1423 2149 1705 2222 denegari,
1757 2164 1859 2206 nec
1889 2149 2087 2205 amodo

489 2235 888 2292 communionis
937 2243 1142 2291 nostra
1200 2235 1436 2292 futurum
1465 2237 1584 2292 fore
1631 2245 1965 2306 consortem,
1997 2237 2089 2308 qui

491 2324 672 2380 socius
717 2339 843 2379 esse
897 2323 1134 2378 noluerit
1179 2323 1502 2394 disciplinae.
1559 2324 1828 2395 Optamus
1854 2325 2086 2398 gloriam

489 2419 730 2468 vestram
769 2411 1082 2482 apostolicis
1110 2411 1330 2466 monitis
1358 2411 1752 2484 obsequentem
1784 2429 2002 2485 semper
2031 2413 2086 2468 in

491 2500 708 2557 Christo
735 2499 877 2557 bene
907 2499 1111 2556 valere.

1238 2587 1440 2644 XXIV.

705 2673 782 2714 AD
823 2673 1141 2715 UNIVBRSOS
1176 2674 1386 2714 GALLOS
1429 2673 1501 2714 ΕΤ
1543 2674 1864 2716 GEBIANOS.

1127 2729 1308 2802 (Anno
1331 2729 1480 2802 876.)

489 2821 566 2876 De
585 2819 951 2890 damnatione
972 2820 1228 2890 Formosi
1271 2820 1550 2890 Episcopi,
1585 2819 1831 2890 Gregorii
1847 2837 2083 2876 nomen-

560 2889 810 2953 clatoris,
844 2889 1168 2961 et_alio_rum
1197 2891 1293 2960 qui
1318 2889 1505 2944 Romae
1526 2891 1589 2944 in
1609 2889 1816 2961 synodo
1845 2893 2083 2961 fuerant

558 2959 1061 3015 excommunicati.

555 3047 829 3111 lamnas,
851 3059 1041 3100 servus
1079 3059 1356 3100 servorum
1393 3043 1515 3111 Dei,
1547 3045 2002 3102 reverentissimis
2030 3055 2084 3104 et

487 3132 842 3190 sanctissimis
905 3131 1267 3188 confratribus
1340 3133 1561 3200 nostris,
1633 3134 2078 3206 archiepiscopis,

487 3222 778 3296 episcopis,
811 3221 1119 3288 abbatibus,
1153 3221 1550 3288 sacerdotibus,
1588 3223 1906 3296 cunctisque
1929 3223 2080 3292 judi-

485 3313 660 3379 cibus,
691 3319 745 3365 et
789 3309 1045 3366 universo
1100 3309 1322 3380 populo,
1385 3327 1486 3381 per
1531 3326 1724 3366 omnes
1771 3311 1980 3367 Gallias
2029 3319 2081 3368 et

484 3399 806 3458 Germanias
837 3397 1162 3454 constitutis.

554 3489 680 3544 Zelo
708 3487 1026 3543 Christianae
1043 3485 1326 3559 religionis
1341 3485 1586 3542 Ecclesia
1615 3487 1717 3543 Dei
1739 3504 1858 3560 quae
1885 3503 2076 3560 penes,

483 3594 584 3633 nos
605 3584 706 3644 est,
737 3575 1102 3646 instinctuque
1159 3573 1344 3630 dilecti
1401 3573 1494 3630 filii
1542 3575 1712 3630 nostri
1741 3577 2078 3632 serenissimi

483 3664 848 3737 imperatoris,
877 3663 988 3718 imo
1020 3663 1313 3734 spiramine
1361 3663 1596 3735 Spiritus
1626 3665 1800 3720 sancti
1829 3681 2078 3721 commo-

481 3755 614 3822 nita,
635 3769 734 3825 pro
762 3751 994 3808 diversis
1022 3751 1286 3808 Ecclesiae
1316 3751 1418 3806 Dei
1446 3751 1689 3807 refendis
1717 3753 2077 3808 incommodis

479 3849 667 3898 contra
723 3839 1054 3912 Gregorium
1103 3839 1622 3908 nomenculatorem,
1675 3847 1728 3894 et
1779 3840 2077 3912 Georgium

481 3945 746 4000 generum
777 3928 913 3994 ejus,
945 3927 1054 3980 duo
1102 3925 1314 3981 scilicet
1369 3926 1667 3998 iniquitatis
1697 3943 1830 3983 vasa
1889 3936 2076 3984 contra

479 4017 682 4072 excelsi
735 4015 836 4068 Dei
891 4013 1214 4085 religionem
1259 4014 1577 4086 pugnantia,
1625 4022 1732 4069 tam
1799 4017 2074 4086 praeterito

479 4119 670 4159 mense
724 4101 1022 4156 Februario
1076 4101 1360 4172 praesentis
1417 4117 1574 4157 nona:
1615 4102 1941 4172 indictionis,
1973 4121 2074 4175 per

479 4193 696 4248 Petrum
725 4187 1092 4246 venerabilem
1129 4189 1700 4260 Forosemproniatem
1755 4191 2072 4264 episcopum

476 4295 646 4354 penes
668 4277 953 4352 prafatum
981 4277 1282 4348 spiritalem
1311 4275 1482 4333 filium
1509 4279 1922 4352 lacrymabilem
1951 4297 2075 4353 sug-

479 4371 785 4444 gestionem
813 4367 1066 4438 deposuit
1099 4383 1112 4422 :
1147 4383 1307 4438 quam
1336 4375 1577 4423 nostram
1609 4384 1825 4442 quoque
1855 4368 2071 4440 pontiﬁ-

2194 1806 2305 1860 suis
2335 1807 2714 1878 complicibus,
2743 1825 2976 1880 cumque
3003 1810 3254 1866 omnibus
3283 1811 3556 1866 thesauris
3583 1821 3796 1868 sancta:

2189 1893 2290 1948 Dei
2317 1895 2597 1964 Ecclesiae,
2633 1896 2916 1953 Saracenis
2945 1898 3184 1969 undique
3199 1897 3601 1969 populantibus,
3628 1899 3795 1956 diﬂ'u-

2189 1991 2424 2055 gerent:
2471 1991 2762 2055 portasque
2815 1993 3060 2056 patentes
3131 1987 3521 2058 relinquentes,
3601 1987 3794 2043 multis

2189 2070 2496 2142 margaritis
2515 2071 2780 2144 fugiendi,
2804 2081 2857 2128 et
2878 2073 3170 2129 Saracenis
3191 2075 3534 2146 ingrediendi
3555 2075 3790 2146 aditum,

2187 2157 2292 2212 nisi
2309 2175 2408 2213 nos
2425 2159 2604 2214 divina
2616 2161 2860 2216 custodia
2881 2169 3144 2229 tueretur,
3169 2161 3358 2234 procul
3375 2163 3535 2218 cubio
3557 2163 3794 2234 relique-

2188 2254 2332 2300 runt.
2367 2249 2554 2319 Itaque
2581 2249 3031 2320 obstupescentes
3051 2251 3107 2304 in
3128 2251 3345 2318 talibus,
3371 2251 3725 2308 Dominicum
3739 2260 3792 2307 et

2189 2334 2528 2390 Grimoldum
2557 2337 2901 2392 venerabiles
2929 2338 3218 2408 episcopos
3239 2339 3308 2393 ad
3327 2339 3678 2394 evocandum
3695 2355 3793 2394 eos

2187 2422 2504 2478 direximus.
2564 2423 2670 2492 Qui
2717 2433 3056 2481 revertentes
3084 2427 3464 2482 nuntiaverunt
3493 2427 3602 2483 sibi
3631 2443 3668 2481 a
3698 2443 3792 2482 sa-

2183 2511 2440 2566 tellitibus
2471 2511 2582 2566 suis
2613 2511 2780 2568 fuisse
2810 2529 3156 2584 responsum,
3189 2515 3403 2570 nescire
3436 2529 3496 2570 se
3546 2529 3794 2586 quonam

2183 2598 2416 2670 profecti
2441 2598 2687 2656 fuissent.
2719 2601 2932 2657 Judicio
2962 2617 3097 2658 sane
3123 2601 3181 2658 in
3211 2603 3356 2658 diem
3384 2603 3620 2659 alterum
3654 2619 3792 2674 pro-

2183 2685 2369 2756 telato,
2401 2703 2526 2742 cum
2556 2704 2652 2743 eos
2681 2688 2876 2744 iterum
2898 2690 3158 2760 synodica
3169 2691 3438 2762 simulque
3461 2698 3515 2746 et
3535 2689 3796 2762 legaliter

2185 2791 2576 2846 quazreremus,
2635 2784 2688 2831 et
2725 2777 2930 2832 habere
2985 2778 3208 2834 minime
3263 2779 3595 2848 valeremus,
3663 2795 3790 2834 cum

2183 2864 2330 2919 omni
2361 2865 2460 2919 Dei
2495 2864 2761 2920 Ecclesiae
2789 2865 2844 2918 in
2871 2865 3092 2922 basilica
3121 2875 3324 2923 sancte
3353 2868 3454 2922 Dei
3470 2866 3786 2940 genitricis,

2185 2968 2304 3024 quas
2335 2952 2406 3006 ad
2437 2953 2706 3023 Martyres
2751 2961 2994 3024 vocatur,
3041 2955 3310 3026 synodum
3360 2955 3706 3021 vocavimus,
3739 2963 3794 3010 et

2183 3047 2306 3111 post
2335 3040 2624 3111 regulares
2651 3041 3022 3108 allocutiones,
3057 3043 3353 3099 sententias
3373 3043 3428 3098 in
3457 3059 3556 3098 eos
3585 3049 3794 3113 protu-

2181 3127 2363 3194 limus,
2419 3143 2648 3199 quarum
2696 3130 2944 3200 exempla
2991 3131 3294 3187 secundum
3341 3131 3788 3187 ecclesiasticum

2179 3231 2389 3272 morem
2411 3217 2748 3288 generalitati
2779 3227 2974 3274 vestrae
3001 3219 3320 3288 dixerimus,
3355 3237 3423 3275 ne
3435 3219 3594 3276 vobis
3627 3234 3789 3275 com-

2177 3305 2491 3360 municandi
2520 3321 2644 3362 cum
2667 3307 2747 3362 eis
2778 3307 3084 3363 occasionis
3111 3309 3288 3364 aditus
3317 3310 3607 3366 tribuatur.

2250 3392 2384 3462 Quae
2413 3393 2620 3450 scilicet
2649 3395 2918 3450 sententia
2946 3395 3022 3451 ita
3053 3412 3111 3450 se
3141 3397 3305 3452 habet
3340 3414 3352 3452 :
3393 3421 3414 3448 ι
3453 3401 3788 3458 Formosum

2179 3483 2532 3537 Portuensem
2553 3482 2889 3554 episcOpum,
2919 3483 3046 3555 quia
3066 3485 3248 3541 beatas
3269 3488 3543 3544 memoria:
3575 3491 3794 3548 domno

2175 3571 2584 3642 praedecessore
2629 3579 2816 3626 nostro
2863 3587 3008 3644 papa
3057 3573 3299 3630 Nicolao
3329 3575 3386 3630 in
3417 3576 3790 3650 Bulgarorum

2175 3658 2408 3730 patriam
2453 3659 2782 3726 destinatus,
2829 3661 3045 3717 noviter
3101 3661 3154 3716 in
3203 3663 3417 3719 Christo
3467 3669 3793 3738 regenerati

2175 3747 2324 3819 regis
2351 3747 2562 3803 animos
2590 3748 2730 3804 adeo
2747 3748 2860 3804 suis
2887 3749 3266 3805 calliditatibus
3296 3751 3523 3820 vitiavit,
3573 3763 3630 3810 ut
3665 3764 3790 3812 ter—

2173 3835 2423 3890 ribilibus
2453 3836 2810 3892 sacramentis
2838 3853 2964 3892 eum
2993 3838 3096 3892 sibi
3133 3839 3490 3896 obstrinxisse
3539 3849 3785 3899 testatus

2175 3921 2262 3992 sit,
2295 3939 2362 3978 ne
2391 3939 2452 3978 se
2481 3923 2604 3980 vivo
2641 3925 2937 3996 quemlibet
2967 3925 3284 3998 episcopum
3313 3943 3346 3982 a
3374 3927 3505 3984 sede
3537 3939 3784 4000 aposto-

2171 4010 2275 4066 lica
2303 4012 2654 4082 suscepisset,
2705 4029 2874 4084 seque
2919 4013 3098 4070 eidem
3127 4015 3462 4070 terribilibus
3492 4018 3790 4075 nihilomi-

2171 4115 2276 4153 nus
2298 4100 2640 4168 juramentis,
2669 4109 2724 4156 ut
2767 4101 2837 4156 ad
2881 4117 3006 4156 eum
3053 4103 3376 4174 quantocius
3427 4106 3631 4161 reverti
3674 4109 3788 4164 de-

2171 4187 2399 4254 buisset,
2457 4188 2778 4245 obstrictum
2825 4188 2991 4244 fuisse
3039 4190 3323 4261 professus
3370 4193 3459 4258 sit,
3508 4195 3724 4266 quique
3758 4211 3794 4252 a

2169 4275 2328 4330 nobis
2355 4274 2737 4346 proficiscendi
2766 4277 2894 4333 illuc
2923 4277 3212 4344 licentiam,
3247 4280 3452 4334 litteras
3485 4289 3536 4336 et
3569 4299 3790 4340 neces-

2170 4363 2314 4418 saria
2332 4363 2597 4432 adjutoria
2626 4365 2932 4436 impetravit
2965 4385 2977 4421 :
3013 4367 3267 4440 quoniam
3296 4369 3618 4437 jamdudum
3677 4389 3788 4444 per

476 4457 646 4515 calem
675 4455 1086 4529 suggestionem
1111 4455 1290 4526 pridie
1320 4455 1589 4510 Kalendas
1607 4457 1808 4528 Aprilis
1827 4457 1918 4514 die
1947 4473 2071 4514 con-
2095 4447 2148 4509 D
2170 4452 2520 4508 ambitionem
2549 4469 2580 4508 a
2609 4453 2806 4510 minori
2840 4455 3084 4510 Ecclesia
3114 4456 3168 4510 in
3199 4457 3482 4526 majorem,
3507 4458 3788 4518 videlicet

473 4555 558 4603 tra
613 4545 838 4602 eosdem
893 4560 995 4614 per
1037 4544 1378 4614 semetipsam
1407 4543 1600 4600 offerre
1631 4547 1860 4601 curavit.
1923 4547 2070 4615 Qua-

475 4643 699 4710 propter
727 4649 830 4689 nos
859 4647 960 4702 per
985 4631 1303 4687 Zachariam
1325 4639 1377 4687 et
1410 4632 1756 4688 Gaidericum
1789 4635 2071 4690 venerabi-

475 4725 556 4779 les
591 4724 898 4795 episcopos,
921 4727 973 4774 et
996 4719 1444 4789 Christophorum
1466 4719 1612 4774 sedis
1628 4722 2069 4794 apostolicaspri-

473 4812 778 4876 micerium,
811 4809 890 4864 eis
922 4807 1332 4880 suggestionum
1387 4809 1836 4865 contestationem
1879 4811 2068 4866 emisi-

475 4915 617 4964 mus,
650 4899 1004 4954 admonentes
1035 4903 1196 4968 atque
1209 4895 1463 4965 jubentes
1481 4904 1540 4950 ut
1569 4896 1614 4950 si
1635 4897 1842 4969 aliquid
1856 4899 1925 4954 de
1945 4915 2070 4956 con-

474 4987 714 5044 scientiae
743 5002 857 5040 sua:
883 4985 1108 5056 puritate
1139 4983 1495 5050 confiderent,
1527 4985 1596 5039 ad
1635 4985 1938 5042 condictum
1967 5005 2066 5043 ve-

473 5077 594 5134 nire
644 5075 927 5131 studerent
955 5089 1199 5128 examen.
1232 5075 1301 5129 At
1328 5072 1406 5128 illi
1435 5072 1691 5128 mollibus
1723 5077 2068 5131 sermonibus

476 5175 529 5222 et
563 5162 844 5238 expuisitis
891 5161 1366 5217 adinventionibus
1405 5178 1466 5217 se
1514 5161 1734 5233 quidem
1789 5173 2063 5231 venturos,

473 5262 529 5310 et
571 5255 640 5310 ad
687 5254 1024 5310 voluntatem
1083 5257 1330 5304 nostram
1373 5257 1566 5306 cuncta
1590 5267 1649 5306 se
1678 5253 2067 5308 emendaturos

475 5341 745 5410 dixerunt,
778 5357 838 5396 se
868 5341 936 5395 de
983 5339 1072 5394 die
1127 5337 1183 5391 in
1237 5337 1378 5393 diem
1406 5339 1508 5392 sub
1535 5339 1754 5394 obtentu
1783 5341 2068 5414 aegritudi-

475 5429 561 5484 nis
597 5431 782 5484 tandiu
815 5427 1000 5496 judicii
1049 5425 1194 5481 diem
1225 5425 1564 5496 distulerunt,
1611 5427 1787 5484 donec
1833 5439 1921 5483 aut
1966 5445 2067 5485 nos

425 5543 436 5556 η
475 5533 596 5574 cum
625 5517 878 5572 fidelibus
905 5515 1168 5572 Ecclesia
1198 5513 1298 5570 Dei
1327 5515 1630 5586 potuissent
1659 5517 1950 5586 perimere,
1977 5525 2069 5574 aut

2171 4549 2416 4596 sanctam
2445 4541 2632 4598 sedem
2663 4542 3042 4614 apostolicam,
3075 4543 3327 4615 prosilire
3361 4553 3612 4612 conatus,
3645 4549 3790 4618 plu-

2167 4629 2335 4684 rimos
2364 4628 2468 4684 sibi
2497 4631 2867 4686 consolatores
2888 4629 3085 4698 effecit,
3119 4641 3170 4687 et
3193 4648 3337 4690 nunc
3362 4649 3462 4705 per
3490 4645 3790 4704 repertam

2167 4717 2497 4788 hypocrisim
2517 4726 2818 4774 retrorsum
2849 4720 3089 4786 rediens,
3125 4720 3243 4776 sine
3272 4721 3488 4778 licentia
3521 4723 3608 4780 vel
3639 4741 3792 4780 con-

2168 4805 2396 4862 scientia
2431 4813 2639 4870 nostra,
2674 4807 2953 4879 propriam
2983 4809 3280 4879 parmeiam
3335 4811 3600 4876 deseruit,
3631 4815 3788 4871 urbe

2166 4893 2435 4958 discessit,
2488 4903 2541 4948 et
2581 4903 2768 4950 contra
2814 4897 3044 4952 salutem
3091 4897 3424 4968 reipublicae,
3473 4899 3788 4975 dilectique

2167 4981 2264 5036 filii
2291 4982 2464 5036 nostri
2493 4983 2668 5039 Caroli
2697 4999 2730 5038 a
2753 4984 2911 5040 nobis
2940 4985 3098 5041 electi
3120 4993 3172 5039 et
3212 4985 3447 5044 ordinati
3479 4987 3786 5062 principis,

2165 5085 2288 5126 cum
2317 5070 2430 5124 suis
2483 5070 2784 5126 fautoribus
2813 5073 3143 5144 conSpiravit
3177 5091 3189 5127 :
3223 5073 3326 5128 nisi
3365 5075 3566 5131 amodo
3623 5077 3780 5134 intra

2167 5158 2311 5213 diem
2357 5159 2650 5228 decimum,
2694 5159 2748 5215 id
2793 5169 2876 5216 est
2921 5175 2983 5216 nt
3017 5161 3292 5217 Kalendas
3318 5161 3446 5218 Maii
3475 5167 3784 5234 praesentis

2151 5269 2324 5311 none
2353 5255 2683 5322 indictionis,
2717 5257 3064 5328 praesentiam
3115 5273 3268 5312 suam
3329 5258 3490 5314 nobis
3536 5261 3776 5317 satisfa—

2163 5343 2357 5398 ciendo
2405 5346 2807 5411 monstraverit,
2860 5347 3180 5402 auctoritate
3211 5347 3311 5402 Dei
3354 5348 3780 5419 omnipotentis,

2166 5439 2589 5504 sanctorumque
2619 5434 2990 5504 apostolorum
3023 5435 3328 5506 principum
3351 5435 3494 5490 Petri
3515 5445 3568 5490 et
3591 5439 3782 5508 Pauli,

2165 5521 2312 5574 omni
2359 5521 2728 5578 ecclesiastica
2775 5523 3156 5578 communione
3204 5524 3472 5594 privatum
3506 5541 3632 5582 esse
3665 5528 3784 5583 de-
