4020 6178
232 259 335 316 677

1411 249 1773 308 ΕΡιὸΤοιῶ
1828 249 1920 307 ΕΤ
1973 247 2326 307 DECRETA.

3437 254 3541 309 6’78

235 380 533 439 cernimus.
568 377 877 436 Decernitis
903 384 958 433 et
985 393 1085 434 vos
1112 375 1189 432 ita
1207 376 1236 431 ?
1264 376 1686 448 Responderunt
1714 391 1837 431 om-
1867 376 1920 437 A
1942 375 2177 431 crabiles
2225 373 2551 431 Christianis
2577 373 2842 441 incestus,
2873 373 3090 431 vivente
3115 382 3279 447 nepte
3303 376 3541 431 sanctis-

235 486 337 526 nes
368 485 383 525 :
416 467 780 525 Decernimus
802 485 816 522 :
840 474 893 523 et
921 465 1025 521 nisi
1054 472 1179 537 post
1207 464 1354 520 diem
1383 464 1655 521 decimum
1686 463 1844 536 quin-

241 565 378 624 tum,
414 556 469 611 id
512 564 595 612 est
624 571 681 610 IV
704 555 895 611 Nonas
936 554 1061 609 Maii
1104 553 1390 624 prasentis
1419 568 1479 608 rx
1506 551 1839 619 indictionis,

234 644 566 716 resipiscens
614 642 994 699 satisfacturus
1042 641 1202 698 nobis
1245 640 1563 707 occurrerit,
1599 639 1842 696 auctori-

229 741 340 789 tate
370 742 426 788 et
449 732 656 801 judicio
703 731 881 786 sancti
938 730 1169 801 Spiritus
1213 729 1306 801 qui
1354 745 1575 800 semper
1622 726 1844 800 effugiet

230 821 442 890 ﬁctum,
474 820 623 875 omni
654 818 985 874 sacerdotali
1014 817 1316 873 ministerio
1345 817 1561 888 penitus
1590 816 1843 871 denuda-

234 917 351 964 tum
383 908 500 964 fore
524 907 850 977 judicamus.
880 905 1144 962 Judicatis
1173 914 1226 961 et
1256 920 1354 960 vos
1382 905 1495 960 ita?
1525 904 1845 975 Responde—

234 1004 364 1053 runt
393 1012 586 1052 omues
619 1013 634 1050 :
661 994 999 1051 Judicamus.
1034 993 1138 1062 Qui
1169 993 1216 1048 si
1245 1009 1347 1049 nec
1374 994 1532 1062 hujus
1572 992 1843 1047 dilationis

234 1084 592 1140 miseratione
640 1090 966 1147 commotus,
1014 1082 1291 1137 humiliter
1322 1097 1380 1137 se
1408 1089 1531 1152 post
1577 1080 1722 1135 diem
1749 1082 1841 1146 20,

238 1173 294 1228 id
341 1180 427 1228 est
473 1187 553 1226 vn
599 1171 728 1226 Idus
777 1171 1022 1240 ejusdem
1076 1169 1201 1224 Maii
1255 1169 1477 1236 mensis,
1540 1167 1844 1238 prasentia

238 1268 445 1316 nostra
490 1257 814 1325 reddiderit,
863 1258 951 1314 vel
982 1257 1028 1312 si
1053 1257 1109 1311 in
1152 1256 1404 1312 Ecclesia
1444 1255 1545 1311 Dei
1575 1255 1631 1310 in
1659 1255 1844 1326 aliquo

239 1346 577 1405 conturbare
605 1345 1032 1418 prasumpserit,
1057 1346 1103 1400 si
1123 1353 1309 1399 contra
1329 1345 1469 1399 hanc
1500 1358 1844 1399 communem

241 1436 486 1491 omnium
540 1441 791 1489 nostrum
843 1433 1169 1488 sententiam
1233 1447 1401 1504 agere
1450 1431 1536 1486 vel
1581 1430 1845 1486 resultare

240 1522 554 1589 tentaverit,
598 1522 887 1577 anathema
925 1520 1048 1575 sita
1081 1521 1257 1586 Patre,
1292 1527 1344 1574 et
1374 1518 1530 1584 Filio,
1563 1526 1617 1574 et
1645 1518 1845 1589 Spiritu

243 1618 457 1677 sancto,
507 1624 893 1680 nunquamque
939 1608 995 1663 in
1036 1607 1147 1663 ulla
1176 1607 1385 1679 synodo
1414 1604 1846 1677 recuperationis

242 1714 399 1770 spem
447 1704 544 1752 aut
569 1695 956 1752 satisfactionis
983 1696 1187 1750 aditum
1218 1695 1320 1749 sibi
1350 1694 1559 1750 noverit
1584 1709 1844 1749 reserva-

123 1832 139 1849 .
242 1795 376 1842 tum.
452 1784 782 1858 Gregorium
853 1783 1355 1839 nomenculatorem
1380 1824 1393 1851 ,
1453 1781 1845 1853 TheOphylacti

245 1874 525 1947 quondam
570 1870 1033 1927 nomenculatoris
1076 1870 1269 1938 ﬁlium,
1329 1870 1420 1942 qui
1472 1869 1847 1939 jusjurandum

245 1961 372 2019 ﬁdei
398 1978 516 2017 sua
544 1960 765 2015 diverso
795 1959 958 2015 modo
988 1974 1364 2029 corrumpens,
1397 1958 1688 2029 puritatem
1717 1973 1849 2012 san-

247 2058 347 2107 cta
377 2050 483 2105 Dei
513 2048 776 2104 Ecclesia
820 2048 936 2103 suis
981 2046 1374 2112 fraudulentiis,
1405 2045 1667 2113 avaritiis,
1700 2044 1849 2116 rapi-

248 2138 352 2207 nis,
386 2136 798 2208 cupiditatibus,
828 2134 1097 2207 simulque
1145 2134 1551 2199 calliditatibus,
1584 2149 1685 2205 per
1727 2140 1850 2189 octo

245 2225 422 2281 ferme
470 2238 740 2279 annorum
789 2222 1032 2278 curicula
1079 2222 1381 2290 maculans,
1438 2236 1706 2277 summum
1736 2222 1851 2276 Ro-

244 2328 425 2369 mana
471 2312 627 2367 urbis
669 2309 1004 2382 pontiﬁcum,
1063 2309 1475 2380 conjurantibus
1512 2309 1617 2364 sibi
1645 2308 1851 2364 dudum

253 2402 370 2456 suis
411 2398 789 2470 complicibus,
834 2398 1062 2454 factiose
1106 2398 1408 2469 pracipere
1454 2395 1768 2463 affectavit;
1801 2402 1854 2451 et

248 2490 316 2544 de
345 2487 536 2543 multis
563 2487 745 2558 palam
772 2485 1011 2542 recitatis
1041 2485 1311 2556 capitulis,
1336 2493 1445 2539 tam
1472 2484 1651 2555 primo
1680 2500 1853 2555 penes

249 2571 513 2629 dilectum
539 2570 717 2626 ﬁlium
742 2576 992 2625 nostrum
1019 2568 1274 2624 Carolum
1303 2568 1715 2624 serenissimum
1743 2567 1853 2622 im-

246 2667 582 2732 peratorem,
605 2674 768 2730 quam
786 2665 980 2729 postea
1007 2672 1179 2728 penes
1208 2671 1310 2712 nos
1340 2656 1409 2711 ad
1438 2656 1854 2729 generalitatem

248 2755 456 2805 sencta
499 2747 602 2803 Dei
648 2745 934 2812 Ecclesia,
982 2761 1085 2816 per
1128 2744 1391 2800 nonnulla
1438 2744 1854 2817 suggestionum

248 2834 487 2907 capitula
543 2833 742 2890 noxius
795 2832 1125 2900 diﬂ‘amatur,
1174 2840 1227 2889 et
1268 2846 1371 2903 pro
1418 2832 1628 2888 eisdem
1662 2832 1854 2889 crimi-

247 2924 414 2979 nibus
433 2937 468 2978 a
487 2922 648 2978 nobis
674 2937 775 2993 per
802 2921 1117 2977 Zachariam
1146 2927 1202 2975 et
1229 2919 1601 2976 Gaudericum
1631 2934 1860 2977 venera-

250 3011 391 3067 biles
418 3010 731 3081 episcopos,
765 3016 819 3065 et
847 3008 1293 3079 ChristOphorum
1321 3007 1693 3079 primicerium
1720 3022 1855 3064 san-

218 3138 233 3147 .
251 3106 355 3155 cta
385 3098 539 3154 sedis
582 3096 915 3168 apostolica,
946 3111 1073 3153 cum
1114 3095 1285 3152 fratre
1314 3103 1369 3151 et
1396 3111 1606 3169 genero
1635 3096 1857 3168 suisque

250 3185 635 3257 complicibus,
679 3184 914 3254 juridice
954 3191 1311 3251 contestatus,
1350 3184 1587 3240 examini
1617 3200 1677 3241 se
1705 3200 1855 3256 pra-

251 3274 582 3332 sentandum
630 3272 772 3340 fore,
818 3280 872 3329 et
912 3280 1109 3329 cuncta
1151 3289 1275 3344 qua
1322 3272 1569 3329 ecclesiis
1610 3272 1697 3329 vel
1751 3272 1857 3343 piis

248 3362 390 3420 locis
420 3361 654 3433 aliisque
682 3361 994 3418 hominibus
1030 3360 1348 3428 abstulerat,
1380 3361 1482 3416 sub
1505 3359 1858 3430 jurisjurandi

249 3450 665 3522 interpositione
706 3449 1074 3505 restituturum
1117 3448 1370 3520 promisit
1402 3465 1417 3504 :
1474 3447 1673 3503 deinde
1728 3462 1859 3504 con-

250 3546 481 3596 ventum
523 3546 767 3599 nostrum
794 3537 864 3593 de
908 3537 998 3593 die
1025 3537 1082 3592 in
1124 3537 1269 3592 diem
1314 3535 1690 3592 fraudulenter
1735 3535 1857 3607 (us-

252 3642 476 3700 quequo
521 3641 625 3682 nos
651 3625 739 3682 vel
779 3625 973 3682 ﬁdeles
1016 3625 1178 3695 hujus
1226 3624 1475 3681 ecclesia
1520 3624 1862 3698 interimere,

247 3715 337 3773 vel
385 3717 576 3771 hostes
623 3714 912 3769 Christiani
959 3714 1221 3781 nominis,
1270 3713 1327 3769 id
1385 3720 1469 3769 est
1525 3713 1855 3780 Saracenos,

252 3819 397 3876 quos
426 3818 531 3876 per
558 3817 689 3859 suos
716 3801 1170 3858 familiarissimos
1199 3802 1503 3859 Saracenos
1527 3802 1640 3871 jam
1668 3800 1860 3857 invita-

252 3899 431 3959 verat,
461 3891 605 3946 intra
632 3892 935 3947 Romanam
960 3891 1152 3947 urbem
1197 3890 1540 3946 introducere
1569 3888 1859 3961 potuisset)

253 3979 457 4046 elusit;
488 3988 544 4034 et
568 3977 894 4050 praeﬁnitum
923 3978 1091 4045 diem,
1122 3993 1231 4050 quo
1257 3977 1521 4035 canonice
1551 3977 1668 4034 sive
1696 3976 1859 4050 lega-

252 4068 379 4124 liter
406 4066 588 4123 audiri
649 4066 943 4134 debuisset,
976 4065 1347 4123 fraudulenter
1365 4066 1710 4139 praripiens,
1734 4081 1860 4121 eum

254 4157 503 4229 Georgio
559 4162 615 4212 et
660 4154 855 4229 Sergio
899 4155 1178 4228 magistris
1224 4154 1474 4222 militum,
1524 4169 1628 4211 nec
1667 4169 1780 4210 non
1807 4161 1863 4210 et

253 4245 538 4316 Stephano
580 4243 979 4310 secundicerio,
1046 4242 1277 4316 aliisque
1333 4242 1447 4299 suis
1503 4242 1862 4314 complicibus

254 4341 529 4390 nocturno
575 4331 789 4387 silentio
834 4339 1023 4403 portas
1068 4332 1228 4401 hujus
1271 4347 1442 4387 sacra
1484 4331 1657 4397 urbis,
1692 4332 1861 4385 Sara-

1866 1725 1918 1785 B

1884 3072 1933 3138 C

1941 463 2093 519 sima
2121 463 2515 520 recordationis
2547 463 2826 519 Benedicti
2854 478 3032 535 papa,
3065 464 3220 533 cujus
3249 463 3445 535 Opibus
3474 464 3545 522 de

1941 559 2258 623 paupertate
2290 560 2626 621 surrexerat,
2658 550 2875 623 prafati
2902 551 3370 608 nomenculatoris
3400 552 3543 609 Gre-

1942 640 2081 711 gorii
2122 638 2248 695 lilia
2278 656 2338 695 se
2367 639 2658 696 fornicario
2706 655 2858 696 more
2904 639 3245 696 commiscuit
3278 657 3291 694 :
3323 647 3545 712 propter

1943 744 2101 799 quam
2130 744 2271 799 pene
2318 728 2535 799 publice
2576 727 2695 797 jam
2723 728 2924 784 dictam
2971 727 3272 801 legitimam
3317 744 3546 785 uxorem

1941 815 2190 886 peremit.
2220 816 2301 871 De
2329 817 2484 885 cujus
2512 816 2826 881 homicidio,
2857 824 2906 870 et
2938 815 3276 887 principibus
3327 816 3547 873 adulte-

1943 904 2093 960 rinos
2147 903 2345 959 missos
2404 919 2620 972 eruens,
2673 902 3016 973 adjudicante
3076 903 3300 960 conscio
3348 918 3546 961 socero

1941 991 2209 1047 nefandus
2239 1007 2410 1064 gener
2424 991 2721 1062 impunitus
2743 992 2930 1047 exiliit.
2954 990 3166 1064 Quique
3182 1000 3304 1063 post
3323 992 3546 1048 diversa

1944 1078 2256 1146 homicidia,
2289 1078 2711 1150 depradationis
2728 1086 2781 1134 et
2800 1080 3155 1151 malignitatis
3183 1095 3409 1153 genera,
3429 1087 3543 1136 tam

1942 1167 2351 1238 patriarchium,
2387 1182 2549 1239 quam
2581 1166 2897 1222 vestiarium
2929 1167 3076 1223 sedis
3105 1167 3419 1238 apostolica
3439 1167 3546 1222 sibi

1943 1255 2315 1320 commissum,
2351 1270 2461 1310 ncn
2503 1262 2712 1309 tantum
2754 1271 2907 1323 auro,
2946 1263 3196 1326 argento,
3227 1255 3315 1312 vel
3343 1255 3543 1327 palliis,

1943 1360 2135 1399 verum
2166 1343 2327 1398 etiam
2373 1342 2534 1398 areis
2564 1342 2757 1415 signis,
2804 1342 3057 1415 vasisque
3102 1344 3330 1414 privavit
3363 1361 3376 1398 :
3410 1352 3464 1399 et
3489 1343 3548 1399 in

1945 1431 2199 1485 omnibus
2224 1430 2597 1501 impietatibus
2629 1446 2875 1486 socerum
2908 1429 3159 1502 loquens,
3191 1431 3300 1487 imo
3327 1447 3547 1503 prave-

1944 1518 2120 1585 niens,
2155 1518 2440 1574 Saracenis
2484 1518 2725 1590 undique
2768 1518 3138 1586 savientibus,
3183 1527 3371 1591 portas
3398 1520 3549 1575 urbis

1946 1622 2071 1663 cum
2101 1622 2167 1662 eo
2194 1605 2571 1661 fraudulenter
2613 1607 2847 1677 aperuit,
2880 1614 2932 1663 et
2962 1623 3086 1663 cum
3115 1608 3220 1662 sibi
3264 1607 3548 1680 conspira-

1948 1695 2186 1750 tionibus
2232 1702 2419 1751 contra
2458 1694 2689 1750 salutem
2732 1695 3042 1766 reipublica
3085 1696 3427 1769 demigravit.
3460 1695 3551 1752 Si-

1951 1783 2172 1855 mulque
2204 1783 2457 1856 Sergium
2486 1782 2811 1854 magistrum
2837 1783 3089 1850 militum,
3129 1784 3399 1840 Theodori
3429 1801 3551 1840 ma-

1951 1871 2106 1943 gistri
2126 1871 2354 1926 militum
2375 1869 2566 1937 filium,
2585 1869 2677 1942 qui
2697 1871 3012 1926 reverenda
3038 1871 3320 1928 memoria
3346 1872 3549 1930 domno

1949 1960 2200 2025 Nicolao,
2234 1959 2388 2029 cujus
2439 1965 2660 2029 neptem
2688 1958 2742 2013 in
2771 1957 3086 2032 conjugium
3117 1960 3444 2031 suscipiens,
3475 1961 3553 2016 ita

1950 2047 2201 2120 ingratus
2230 2062 2297 2103 ac
2325 2046 2651 2102 inhumanus
2702 2047 2999 2113 exstiterat,
3032 2055 3090 2101 ut
3118 2048 3334 2103 vivente
3377 2062 3464 2114 eo,
3496 2055 3553 2103 et

1950 2133 2007 2190 in
2038 2135 2292 2191 extremis
2320 2135 2519 2205 posito,
2545 2134 2720 2190 eidem
2742 2135 3029 2190 thesauros
3057 2151 3188 2191 suos
3216 2135 3287 2190 ad
3319 2134 3552 2192 eleemo—

1953 2238 2116 2293 synas
2145 2222 2451 2278 faciendum
2480 2239 2603 2278 cum
2644 2222 2881 2294 prafatis
2930 2223 3041 2278 suis
3072 2223 3428 2295 complicibus
3453 2224 3553 2279 ab-

1952 2319 2231 2384 negasset.
2267 2309 2481 2383 Quique
2511 2311 2706 2367 eadem
2735 2326 2833 2366 sua
2860 2311 3113 2384 conjuge,
3143 2319 3370 2383 propter
3389 2327 3554 2384 quam

1952 2399 2021 2454 de
2049 2398 2287 2454 maxima
2331 2406 2652 2470 paupertate
2695 2398 3063 2466 convaluerat,
3109 2399 3389 2469 derelicta,
3429 2415 3554 2456 cum

1953 2486 2329 2542 Valuisindula
2401 2486 2724 2557 concubina,
2795 2487 3039 2559 prastito
3087 2487 3438 2557 jurejurando
3494 2495 3556 2544 ut

1954 2589 2076 2630 eam
2106 2574 2420 2646 nuptialiter
2462 2582 2715 2640 sumeret,
2763 2590 2935 2645 nuper
2963 2573 3172 2648 effugit,
3206 2582 3259 2631 et
3285 2574 3339 2630 in
3369 2573 3553 2631 omni-

1952 2662 2056 2717 bus
2098 2662 2471 2734 iniquitatibus
2507 2677 2632 2718 cum
2678 2662 2971 2717 nominatis
3025 2662 3139 2718 suis
3197 2662 3555 2733 complicibus

1954 2751 2306 2822 conspiravit.
2360 2750 2469 2807 Sed
2499 2758 2554 2806 et
2581 2750 3013 2822 Constantinam,
3043 2750 3252 2823 prafati
3300 2750 3557 2824 Gregorii

1953 2838 2411 2895 nomenculatoris
2460 2837 2646 2908 ﬁliam,
2697 2855 2820 2910 qua
2861 2837 3043 2910 primo
3089 2854 3188 2910 per
3225 2854 3557 2896 consensum

1953 2926 2147 2999 patris,
2181 2927 2283 2982 sub
2325 2925 2638 2982 conditione
2675 2925 3048 2996 jurisjurandi,
3078 2926 3332 2999 legaliter
3361 2927 3559 2984 Cessa-

1955 3016 2041 3071 rio
2068 3014 2282 3087 Pippini
2309 3014 2673 3087 potentissimi
2691 3014 2975 3070 vestararii
2997 3014 3109 3070 ﬁlio
3136 3015 3410 3087 copulata,
3429 3015 3559 3073 dein

1956 3103 2291 3175 consumptis
2330 3102 2584 3159 omnibus
2627 3102 2805 3159 soceri
2833 3102 2918 3158 sui
2946 3102 3165 3170 divitiis,
3204 3102 3475 3160 viventem
3504 3111 3560 3162 et

1955 3191 2227 3247 valentem
2270 3206 2532 3263 sponsum
2579 3206 2740 3245 suum
2788 3190 2906 3247 sine
2934 3190 3044 3246 ulla
3079 3190 3247 3263 legali
3292 3190 3558 3263 disquisi-

1956 3279 2103 3334 tione
2151 3279 2410 3345 deseruit,
2472 3286 2527 3333 et
2582 3278 2652 3333 ad
2699 3277 2944 3333 Gratiani
2995 3276 3249 3349 Gregorii
3304 3278 3556 3351 magistri

1956 3366 2188 3422 militum
2216 3365 2311 3421 ﬁlii
2340 3365 2561 3437 nuptias
2590 3365 2805 3436 publice
2834 3364 3140 3422 convolavit
3171 3381 3186 3421 :
3220 3373 3556 3437 postremum

1957 3469 2079 3510 cum
2113 3454 2218 3509 alio
2247 3453 2440 3526 fugere
2469 3454 2712 3525 gestiens
2740 3453 3007 3510 incestum
3029 3454 3319 3521 commisit,
3352 3470 3416 3510 ex
3448 3469 3557 3526 quo

1956 3558 2249 3614 pragnans
2295 3542 2515 3598 inventa
2561 3541 2881 3613 pradictum
2930 3542 3251 3598 Gratianum
3298 3541 3558 3616 Gregorii

1957 3629 2125 3685 ﬁlium
2180 3629 2430 3685 maritum
2479 3646 2639 3685 suum
2688 3629 3021 3702 relinquens,
3073 3647 3196 3687 cum
3240 3631 3556 3702 rapacibus,

1957 3718 2211 3791 perjuris,
2244 3718 2553 3792 sacrilegis,
2586 3718 2835 3784 moechis,
2882 3717 3301 3775 fornicatoribus
3330 3720 3561 3790 turpiter

1957 3807 2284 3864 fornicatura
2330 3807 2603 3864 discessit.
2649 3806 2769 3863 Nisi
2815 3807 2959 3862 intra
3004 3808 3152 3863 diem
3179 3807 3471 3878 decimum,
3504 3807 3560 3864 id

1960 3905 2042 3953 est
2088 3910 2149 3951 ιιι
2199 3895 2475 3952 Kalendas
2522 3895 2649 3952 Maii
2689 3895 2973 3967 prasentis
3020 3912 3178 3951 nona
3224 3895 3559 3964 indictionis,

1959 3985 2310 4058 prasentiam
2337 4000 2494 4040 suam
2522 3984 2682 4041 nobis
2711 3983 2942 4056 prafati,
2960 3984 3217 4043 videlicet
3237 3985 3559 4059 Gregorius,

1963 4073 2290 4145 Stephanus,
2324 4072 2598 4146 Georgius
2629 4080 2681 4128 et
2710 4073 2958 4145 Sergius,
2993 4073 3263 4147 simulque
3293 4074 3567 4131 Constan-

1961 4161 2090 4228 tina,
2124 4177 2367 4234 congrue
2415 4160 2815 4217 satisfacientes
2858 4161 3215 4231 exhibuerint,
3247 4164 3564 4219 auctoritate

1960 4248 2064 4305 Dei
2092 4248 2479 4320 omnipotentis
2509 4255 2933 4320 sanctorumque
2962 4249 3331 4319 apostolorum
3359 4250 3565 4320 princi-

1960 4348 2091 4402 pum
2128 4333 2276 4387 Petri
2334 4338 2389 4387 et
2443 4331 2594 4387 Pauli
2639 4331 2786 4387 omni
2829 4331 3138 4387 Christiana
3180 4333 3564 4389 communione

252 4422 413 4478 cenis
467 4420 893 4492 circumquaque
950 4419 1374 4486 imminentibus,
1437 4433 1563 4475 cum
1615 4417 1860 4475 clavibus
1888 4421 1942 4484 D
1963 4420 2223 4492 privatos,
2258 4435 2380 4476 cum
2426 4418 2683 4475 omnibus
2718 4419 3274 4476 communicatoribus
3302 4427 3356 4476 et
3383 4420 3563 4476 fauto-

250 4508 582 4566 adulterinis
612 4508 844 4581 aperuit,
868 4523 1036 4581 seque
1067 4516 1255 4565 contra
1286 4507 1518 4563 salutem
1545 4506 1863 4579 reipublica

252 4597 533 4670 simulque
564 4597 802 4668 quietem
830 4596 1046 4669 imperii
1074 4596 1288 4668 prafati
1316 4595 1412 4651 filii
1440 4596 1614 4653 nostri
1634 4595 1867 4652 serenis-

251 4687 385 4742 simi
412 4685 671 4759 Augusti,
695 4693 882 4742 contra
900 4685 1056 4758 leges
1075 4685 1462 4756 conspirando,
1494 4684 1866 4740 fraudulenter

250 4773 553 4846 proripuit,
582 4781 636 4829 et
665 4789 788 4830 cum
816 4774 1070 4829 omnibus
1110 4789 1252 4845 pene
1300 4773 1575 4829 thesauris
1602 4770 1864 4829 Ecclesia

251 4864 545 4928 Romana,
578 4861 804 4918 dubium
833 4878 941 4934 quo
968 4861 1335 4934 profecturus,
1369 4861 1624 4918 excessit.
1658 4861 1863 4918 Simul-

252 4966 367 5023 que
398 4950 740 5022 Stephanum
785 4950 1234 5016 secundicerium,
1278 4950 1371 5022 qui
1400 4951 1649 5007 diversas
1679 4950 1860 5007 eccle-

252 5041 370 5094 sias
399 5038 649 5109 spolians
677 5054 778 5109 per
805 5039 1088 5094 avaritiam
1117 5037 1397 5111 turpisque
1431 5039 1571 5095 lucri
1603 5055 1865 5111 compen-

250 5126 351 5182 dia
379 5127 585 5182 tributa
623 5134 810 5183 vetera
836 5126 1233 5198 multiplicavit,
1268 5135 1322 5183 et
1352 5128 1406 5182 in
1446 5127 1699 5183 omnibus
1729 5143 1864 5199 per-

246 5215 611 5273 versitatibus
651 5215 903 5286 superius
948 5215 1241 5271 nominatis
1297 5215 1454 5271 fratri
1507 5216 1757 5288 complex
1812 5224 1866 5273 et

248 5312 668 5362 consentaneus
695 5303 916 5359 exstitit.
941 5304 1170 5360 Necnon
1201 5311 1254 5360 et
1283 5303 1584 5375 Georgium
1608 5304 1867 5378 Gregorii

248 5392 558 5465 primicerii
602 5389 793 5460 filium,
842 5392 935 5464 qui
977 5392 1227 5465 germani
1264 5392 1472 5465 pr0prii
1502 5393 1867 5449 concubinam

250 5488 595 5562 subripiens,
619 5504 743 5544 eum
771 5505 984 5545 veneno
1031 5489 1247 5547 necavit
1280 5508 1293 5546 :
1327 5488 1526 5546 deinde
1557 5497 1681 5563 post
1710 5506 1867 5548 exse-

1963 4508 2112 4563 ribus
2143 4508 2275 4572 suis,
2306 4522 2631 4579 permanere
2662 4507 3029 4564 decernimus.
3052 4510 3121 4564 Et
3142 4508 3247 4563 nisi
3274 4516 3397 4579 post
3416 4508 3563 4564 diem

1965 4596 2214 4668 quintum
2243 4596 2538 4665 decimum,
2572 4596 2629 4653 id
2659 4605 2742 4653 est
2779 4612 2837 4652 IV
2874 4597 3064 4653 Nonas
3098 4596 3223 4652 Maii
3253 4597 3368 4666 jam
3406 4596 3567 4654 dicta

1963 4685 2249 4757 prasentis
2288 4684 2615 4756 indictionis,
2659 4685 2977 4758 simpliciter
3009 4694 3061 4741 et
3082 4684 3357 4741 humiliter
3382 4685 3568 4753 nobis,

1964 4774 2074 4829 imo
2093 4772 2357 4831 Ecclesia
2394 4773 2515 4844 Dei,
2538 4774 2814 4846 sapedicti
2851 4772 3058 4831 scilicet
3094 4773 3415 4846 Gregorius,
3441 4774 3566 4830 Ste-

1964 4864 2197 4935 phanus,
2252 4863 2541 4935 Georgius,
2576 4862 2824 4935 Sergius,
2848 4870 2900 4917 et
2921 4861 3298 4934 Constantina,
3320 4860 3568 4935 puriﬁca-

1965 4951 2069 5006 turi
2089 4951 2442 5018 occurrerint,
2463 4967 2559 5007 eos
2573 4951 2890 5007 auctoritate
2911 4959 2964 5006 et
2975 4950 3181 5020 judicio
3197 4952 3372 5008 sancti
3392 4949 3569 5022 Spiri-

1965 5048 2072 5109 tus,
2093 5056 2218 5095 cum
2235 5040 2443 5096 cunctis
2462 5040 2565 5094 sibi
2587 5038 3133 5107 communicantibus,
3159 5047 3421 5112 perpetuo
3442 5053 3573 5094 ana-

1966 5129 2200 5184 themate
2229 5129 2677 5185 condemnamus.
2697 5128 2763 5182 Hi
2786 5144 2919 5184 vero
2940 5127 3031 5201 qui
3050 5128 3118 5183 ab
3135 5128 3282 5184 omni
3313 5144 3373 5184 se
3389 5125 3572 5184 socie-

1966 5225 2073 5273 tate
2103 5225 2447 5273 removentes
2472 5217 2542 5272 ad
2561 5217 2820 5273 unitatem
2860 5224 3063 5274 sancta
3082 5215 3394 5289 apostolica
3423 5215 3573 5273 sedis

1968 5305 2252 5374 redierint,
2285 5305 2685 5362 communionis
2714 5314 2765 5363 et
2796 5304 3192 5362 benedictionis
3219 5313 3419 5362 nostra
3445 5321 3575 5378 gra-

1968 5394 2099 5449 tiam
2131 5393 2236 5448 sibi
2266 5394 2604 5450 reddendam
2635 5411 2758 5451 esse
2789 5394 3084 5452 confidant.
3128 5416 3149 5445 ι

2039 5492 2135 5549 His
2163 5492 2346 5565 itaque
2375 5493 2693 5550 auctoritate
2724 5494 2899 5551 sancti
2928 5492 3164 5566 Spiritus
3183 5493 3568 5569 promulgatis,
