4056 6178
467 220 572 274 6'19

1711 221 2010 279 JOANNIS
2057 222 2253 280 PAPE
2307 223 2449 279 VIII.

3655 232 3757 284 680

465 344 706 401 omnium
733 351 978 402 vestrum
1007 342 1420 417 generalitatem
1450 344 1536 400 his
1565 345 1878 417 apostolicis
1907 346 2056 402 litte-
2087 347 2139 410 Α
2160 362 2254 402 eos
2283 345 2605 417 exhorteris,
2637 355 2694 404 ut
2722 364 2946 422 urgeas,
2981 349 3310 424 viriliterque
3339 367 3626 424 quousque
3654 368 3757 408 ve-

463 435 544 490 ris
571 435 921 490 exhortamur
968 440 1022 488 ut
1053 433 1149 487 has
1179 433 1386 488 litteras
1434 449 1534 504 per
1571 449 1761 490 omnes
1791 435 2059 490 dimceses

465 532 678 580 vestras
725 523 941 594 publice
987 521 1317 594 relegentes,
1347 530 1400 577 et
1429 523 1500 577 ad
1531 522 1737 579 vicinas
1786 523 2058 594 parmcias

467 613 787 685 dirigentes,
818 609 1168 682 praefatorum
1197 610 1592 682 depositorum,
1627 611 2062 668 excommunica-

465 711 642 758 torum
659 709 712 756 et
730 699 1300 754 anathematizatorum
1322 700 1594 754 consortia
1617 701 1772 771 quasi
1792 715 2060 756 venenum

466 790 785 862 pestiferum
813 787 1117 853 declinetis,
1151 803 1327 859 neque
1357 803 1480 843 cum
1507 788 1586 842 eis
1615 789 2062 844 communicanti-

465 881 569 934 bus
623 878 678 932 in
732 876 874 942 cibo,
934 883 1065 946 potu
1120 876 1234 931 sive
1291 876 1562 948 colldquio
1620 877 2058 944 communicetis,

468 969 706 1024 scientes
751 982 876 1022 eum
923 965 1014 1036 qui
1045 965 1123 1018 eis
1173 965 1288 1020 sive
1335 966 1862 1021 communicantibus
1893 967 1973 1021 eis
2003 982 2062 1021 se

465 1053 522 1108 in
582 1051 846 1116 oratione,
907 1049 1049 1115 cibo,
1105 1055 1236 1118 potu
1307 1048 1688 1120 colloquioque
1745 1049 2060 1116 miscuerit,

468 1141 661 1196 eadem
705 1136 1274 1194 excommunicationis
1321 1145 1376 1191 et
1421 1137 1778 1192 anathematis
1833 1153 2066 1193 censura

460 1229 616 1297 juxta
642 1227 966 1282 canonicum
1015 1225 1304 1296 capitulum
1348 1225 1526 1278 modis
1566 1225 1818 1280 omnibus
1849 1225 2064 1298 obliga-

465 1325 599 1382 tum,
630 1330 1016 1387 nunquamque
1065 1329 1098 1367 a
1126 1312 1285 1366 nobis
1318 1312 1435 1366 sine
1482 1312 1647 1383 digna
1679 1313 2063 1368 satisfactionis

465 1403 777 1475 pmnitentia
807 1401 910 1456 sibi
940 1401 1054 1455 fore
1084 1399 1615 1455 communicandum.
1649 1400 1916 1470 Optamus
1946 1417 2067 1456 san-

465 1493 702 1548 ctitatem
749 1498 986 1545 vestram
1033 1488 1088 1542 in
1136 1489 1349 1543 Christo
1391 1504 1534 1544 nunc
1581 1497 1633 1544 et
1679 1505 1895 1560 semper
1924 1490 2065 1546 bene

467 1579 670 1636 valere.
705 1579 838 1632 Data
867 1592 929 1632 xr
959 1577 1236 1632 Kalendas
1265 1577 1409 1632 Maii.
1461 1579 1714 1633 Recitata
1748 1580 1812 1634 in
1860 1579 2064 1650 synodo

471 1668 892 1740 Pontigo-nensi.

1169 1771 1363 1842 xxv.

919 1875 992 1915 AD
1033 1876 1292 1916 BOSONEM
1347 1875 1613 1916 COMITEM.

1075 1967 1256 2038 (Anno
1313 1967 1464 2036 876.)

472 2059 604 2130 Agit
627 2058 844 2130 gratias
875 2056 1018 2128 quod
1046 2059 1364 2130 ejus‘opera
1388 2056 1556 2126 legati
1577 2055 1648 2110 ad
1667 2056 2068 2130 imperatorem

542 2127 922 2202 pervenerint,
958 2130 1055 2202 ret
1098 2127 1239 2182 illis
1273 2128 1539 2202 injuncta
1596 2129 1867 2202 confecta
1890 2127 2070 2202 _si~nt;

545 2196 778 2270 eumque
807 2201 966 2270 rogat
996 2201 1061 2252 ut
1085 2197 1510 2270 quamprimum
1539 2197 1766 2252 auxilia
1798 2196 1902 2250 sibi
1931 2211 2069 2250 con-

550 2275 640 2326 tra
669 2267 977 2326 Saracenos
1007 2267 1293 2322 mittenda
1317 2271 1499 2322 curet.

543 2375 796 2430 .IOANNES
833 2373 1121 2444 episcopus
1171 2373 1378 2425 Bosom
1406 2379 1431 2406 α
1459 2370 1821 2426 illustrissimo
1865 2371 2066 2426 comiti.

545 2461 894 2518 Charissimze
943 2469 1047 2515 tuae
1073 2459 1338 2515 nobilitati
1375 2459 1568 2514 laudes
1597 2459 1810 2514 Christo
1839 2459 2071 2516 Domino

475 2551 796 2616 referentes,
831 2549 1037 2622 gratias
1098 2547 1332 2621 agimus,
1369 2555 1422 2603 et
1449 2549 1588 2602 hanc
1611 2547 1904 2618 praeconiis
1935 2546 2072 2602 effe-

476 2647 658 2696 rentes
685 2638 740 2694 in
772 2639 964 2694 eodem
1007 2637 1241 2692 Domino
1285 2636 1642 2709 gratulamur,
1693 2637 1845 2706 cujus
1893 2635 2072 2707 gratia

477 2736 666 2785 nostro
701 2726 866 2783 fultus
895 2741 1104 2796 amore,
1123 2725 1307 2780 missis
1335 2725 1648 2796 apostolicae
1667 2733 1868 2780 nostra:
1902 2723 2068 2794 sedis,

474 2817 691 2873 facilem
737 2816 941 2871 aditum
982 2813 1333 2886 perveniendi
1377 2814 1446 2868 ad
1487 2812 1820 2869 serenissimi
1866 2811 2076 2867 domini

475 2905 655 2961 Caroli
703 2920 920 2975 semper
964 2903 1197 2974 Augusti
1238 2901 1531 2972 spiritualis
1579 2901 1675 2956 ﬁlii
1723 2901 1896 2956 nostri
1924 2917 2069 2971 pra:-

475 2993 725 3058 sentiam,
759 3007 869 3046 non
916 2989 1158 3045 indebita
1187 2988 1458 3057 tribuisti;
1493 2996 1546 3043 et
1573 2996 1629 3043 ut
1661 3005 1724 3045 ea
1752 3005 1874 3060 quae
1903 2988 2006 3043 sibi
2038 3004 2072 3043 a

475 3080 634 3137 nobis
671 3078 904 3135 dicenda
951 3077 1196 3146 injuncta
1234 3077 1466 3142 fuerant,
1515 3093 1648 3132 aure
1697 3094 1810 3132 suae
1857 3076 2072 3148 pietatis

476 3169 802 3234 adverteret,
836 3175 888 3221 et
917 3167 986 3221 ad
1017 3173 1408 3238 congruentem
1451 3163 1700 3220 effectum
1728 3165 2069 3236 perduceret,

476 3257 708 3312 suadere
737 3254 956 3311 curasti.
989 3253 1146 3322 Quod
1175 3269 1299 3309 cum
1327 3254 1476 3308 Deus
1506 3252 1850 3324 omnipotens
1894 3253 2073 3324 impe-

477 3345 693 3401 ratoriae
742 3341 1118 3416 magnitudini,
1170 3349 1228 3397 ut
1274 3341 1448 3408 fieret,
1483 3341 1870 3412 inspiraverit;
1902 3349 1955 3396 te
1987 3349 2073 3396 ta-

477 3449 624 3501 men,
661 3433 754 3504 qui
781 3432 954 3488 nostri
985 3429 1149 3486 studii
1178 3437 1500 3501 cooperator
1524 3429 1749 3486 effectus
1778 3446 1858 3496 es,
1892 3429 2076 3484 admo-

477 3523 608 3578 dum
637 3521 1024 3586 collaudamus,
1055 3527 1127 3586 et,
1163 3527 1222 3574 ut
1251 3519 1503 3586 diximus,
1543 3519 1745 3591 gratias
1774 3526 1880 3574 tuae
1909 3517 2075 3573 indu-

480 3611 623 3667 stria:
664 3609 984 3676 referentes,
1019 3615 1072 3662 et
1097 3623 1198 3679 pro
1250 3607 1334 3662 his
1383 3615 1436 3663 et
1461 3624 1563 3678 pro
1608 3607 1726 3662 aliis
1775 3606 2074 3662 retribuere

475 3699 574 3755 tibi
603 3697 1030 3754 vicissitudinem
1061 3712 1170 3751 non
1211 3695 1539 3751 omittemus.
1571 3696 1800 3752 Necnon
1830 3703 1884 3750 et
1912 3694 2074 3767 quid-

477 3787 606 3860 quid
645 3786 842 3843 honori
889 3795 978 3841 tuo
1024 3783 1292 3856 congruit,
1341 3783 1429 3840 vel
1473 3783 1544 3838 ad
1587 3783 1871 3839 utilitatem
1927 3791 2077 3838 tuam

475 3891 728 3932 crescere
771 3873 1210 3945 cognoverimus,
1263 3871 1640 3927 incunctanter
1685 3872 1908 3942 exsequi
1949 3887 2076 3941 pro-

475 3963 807 4030 curabimus,
867 3969 918 4016 et
974 3967 1132 4033 grato
1187 3975 1394 4026 amore,
1453 3959 1740 4028 adjuvante
1814 3959 2069 4026 Domino,

473 4066 758 4123 quousque
804 4047 1167 4121 perficiamus,
1210 4047 1633 4102 elaborabimus.
1684 4049 1762 4102 Tu
1811 4063 1966 4115 vero,
2000 4047 2076 4104 fili

473 4137 815 4208 charissime,
847 4135 984 4192 sicut
1025 4135 1256 4206 ccepisti,
1294 4135 1361 4190 ad
1398 4134 1698 4190 inﬁdelium
1735 4145 2071 4202 nostrorum,

473 4227 559 4282 vel
603 4233 802 4281 sanctae
851 4226 952 4280 Dei
989 4223 1252 4280 Ecclesia:
1284 4223 1694 4280 adversantium
1735 4225 2078 4296 tyrannidem

473 4314 710 4370 funditus
754 4312 1078 4369 abolendam
1123 4312 1299 4383 magis
1348 4311 1521 4384 [Edit.
1557 4315 1733 4381 Rom.,
1788 4312 1963 4385 magis
2012 4329 2077 4368 ac

2101 1697 2155 1758 B

2161 435 2308 490 niant
2365 451 2465 506 pro
2512 437 2613 492 Dei
2655 446 2951 510 nostroque
2981 455 3165 495 amore
3193 441 3414 495 insistas
3447 459 3460 495 :
3491 440 3616 511 quia
3645 441 3752 495 nisi

2161 523 2420 580 citissime
2449 525 2714 592 venerint,
2739 535 2790 582 et
2817 527 2976 583 nobis
3003 544 3165 598 opem
3196 529 3542 593 contulerint,
3565 530 3760 598 pejora

2160 611 2434 683 prioribus
2480 612 2594 668 fieri
2643 613 2991 671 formidamus
3016 635 3028 682 ;
3063 632 3128 672 ac
3155 633 3256 687 per
3285 618 3388 672 hoc
3417 618 3619 673 domno
3649 616 3760 670 im-

2161 701 2398 770 peratori
2443 709 2722 772 peccatum
2756 711 2808 758 et
2836 705 3093 759 damnum
3142 705 3273 760 oriri
3301 705 3519 774 poterit,
3553 713 3606 760 et
3638 703 3764 775 quia

2161 787 2405 843 Ecclesia
2453 789 2572 860 Dei,
2607 791 2694 846 vel
2717 806 2850 846 oves
2895 809 3114 863 pascuae
3165 794 3280 862 ejus
3311 793 3515 848 fortiter
3544 793 3764 848 discer-

2161 883 2378 946 puntur,
2411 877 2588 948 ipsum
2619 895 2818 934 nomen
2848 879 3112 944 Christus,
3162 881 3308 952 quod
3337 881 3498 944 absit,
3531 881 3590 934 in
3617 897 3762 952 gen-

2162 964 2306 1019 tibus
2381 965 2761 1036 blasphemari.
2841 969 2977 1023 Data
3059 967 3317 1024 Kalendis
3399 968 3758 1039 Septembris,

2164 1051 2458 1108 indictione
2487 1053 2718 1111 decima.

2855 1144 3056 1200 XXVI.

2615 1244 2688 1284 AD
2726 1246 3042 1287 LUDOVICUM
3093 1247 3280 1288 REGEH
3290 1275 3303 1286 .

2782 1322 2962 1392 (Anno
3001 1321 3146 1391 876.)

2165 1405 2552 1462 Dissensiones
2581 1407 2736 1480 inter
2764 1409 2948 1480 ipsum
2978 1412 3034 1464 et
3065 1411 3465 1480 imperatorem
3485 1410 3686 1480 scribit
3707 1425 3766 1464 se

2237 1492 2352 1530 non
2376 1493 2537 1551 posse
2566 1477 2795 1540 sedare;
2815 1479 2928 1534 nisi
2958 1477 3203 1534 alteram
3224 1480 3386 1550 prius
3408 1479 3614 1534 audiat
3639 1497 3766 1551 par-

2241 1551 2354 1600 tem
2379 1549 2644 1621 :Ainterea
2673 1553 2866 1621 monet
2895 1553 2960 1603 ut
2986 1565 3185 1621 pacem
3216 1549 3345 1604 cum
3397 1549 3673 1621 omnibus,
3712 1553 3772 1604 et

2235 1619 2520 1689 praecipue
2545 1635 2700 1742 tcum
2745 1619 3106 1691 imperatore,
3152 1623 3351 1685 servet,
3402 1624 3458 1675 et
3485 1620 3766 1691 subjectos

2251 1704 2538 1742 comoesca
2571 1727 2586 1742 .

2251 1704 2586 1759 compescat.

2239 1778 2490 1831 Joamas
2519 1775 2812 1847 episcopus
2843 1777 3045 1834 dilecto
3073 1776 3184 1833 filio
3211 1778 3492 1833 Lunovrco
3521 1777 3768 1850 glorioso

2169 1865 2308 1938 regi.

2239 1954 2515 2024 Epistolas
2571 1962 2676 2010 tuae
2734 1953 3059 2022 dilectionis,
3111 1971 3222 2010 non
3263 1954 3483 2026 quidem
3525 1953 3770 2009 diversas

2171 2043 2546 2113 suscepimus;
2580 2059 2713 2114 quas
2757 2043 3088 2114 relegentes,
3139 2059 3205 2098 ea
3251 2042 3308 2096 in
3355 2043 3434 2097 eis
3463 2043 3771 2113 reperimus

2171 2147 2291 2203 qua;
2318 2131 2424 2186 nisi
2467 2148 2569 2187 nos
2601 2131 2902 2186 charissimi
2933 2129 3028 2184 filii
3057 2131 3230 2186 nostri
3259 2131 3596 2185 serenissimi
3627 2147 3776 2202 quo—

2172 2236 2277 2290 que
2308 2219 2650 2290 imperatoris
2681 2219 2878 2274 Domni
2910 2219 3090 2274 Caroli
3121 2235 3342 2289 semper
3369 2219 3598 2291 Augusti
3627 2219 3782 2289 prior

2175 2308 2401 2378 querela
2445 2308 2705 2378 pulsaret,
2758 2323 2866 2362 non
2897 2307 3073 2362 solum
3121 2307 3551 2373 admitteremus,
3583 2322 3778 2362 verum

2171 2396 2334 2450 etiam
2377 2395 2692 2466 priusquam
2729 2402 2952 2466 putares
2991 2395 3464 2467 investigaremus,
3499 2403 3666 2466 atque
3693 2395 3778 2449 di-

2171 2493 2528 2553 scuteremus,
2579 2484 2824 2556 rectique
2861 2484 3016 2538 lance
3061 2483 3380 2553 libraminis,
3424 2484 3570 2554 quod
3607 2491 3662 2538 et
3691 2483 3778 2536 fa-

2172 2580 2352 2628 cturos
2383 2587 2502 2639 nos,
2556 2573 2670 2627 Deo
2705 2573 2952 2640 juvante,
3001 2571 3344 2636 confidimus,
3385 2587 3777 2642 pensaremus.

2174 2662 2282 2717 Sed
2333 2660 2462 2732 quia
2515 2677 2621 2714 una
2675 2677 2802 2732 pars
2861 2660 2978 2715 sine
3022 2660 3196 2715 altera
3237 2659 3398 2715 facile
3443 2659 3620 2714 audiri
3669 2675 3780 2714 non

2172 2749 2353 2818 debet,
2413 2749 2628 2804 interim
2696 2748 3048 2804 deliberative
3107 2765 3216 2803 non
3273 2749 3565 2804 scribimus
3599 2765 3614 2802 :
3649 2749 3782 2819 quin

2172 2839 2348 2909 potius
2381 2837 2612 2908 gloriam
2657 2846 2802 2892 tuam
2847 2853 3152 2904 monemus,
3185 2845 3238 2892 et
3265 2837 3590 2892 auctoritate
3639 2853 3780 2907 apo-

2173 2926 2366 2982 stolica
2404 2927 2762 2992 obtestamur,
2793 2933 2850 2980 ut
2881 2941 3074 2996 pacem
3103 2940 3227 2981 cum
3260 2925 3512 2980 omnibus
3544 2933 3598 2980 et
3629 2941 3780 2996 prae-

2104 3015 2329 3112 Ccipue
2359 3030 2482 3070 cum
2527 3015 2721 3070 eodem
2769 3013 3098 3085 imperatore
3128 3029 3481 3078 conservans,
3517 3012 3615 3067 tibi
3649 3014 3782 3068 sub-

2167 3105 2343 3172 jectos
2371 3118 2705 3174 compescas,
2729 3110 2782 3157 et
2811 3103 2882 3157 ab
2909 3101 3161 3157 omnibus
3191 3101 3466 3158 scandalis
3485 3101 3575 3156 vel
3596 3101 3785 3158 factio-

2174 3190 2250 3246 sis
2280 3190 2772 3261 conspirationibus
2801 3206 2972 3262 usque
2999 3190 3069 3245 ad
3091 3197 3326 3244 nostram
3348 3189 3780 3256 discussiouem,

2174 3279 2309 3334 sicut
2362 3295 2462 3349 per
2517 3286 2567 3334 te
2621 3295 2924 3349 speramus,
2982 3293 3283 3334 removeas.
3331 3276 3469 3346 Quia
3511 3293 3640 3343 nos,
3689 3277 3788 3348 qui

2174 3366 2518 3424 sacerdotum
2577 3366 2796 3422 Domini
2837 3373 3049 3421 matura
3095 3365 3344 3422 volumus
3391 3381 3512 3419 esse
3543 3364 3782 3434 judicia,

2175 3470 2277 3511 nec
2328 3455 2424 3520 illi,
2473 3470 2577 3510 nec
2621 3453 2720 3509 tibi
2761 3462 2952 3510 contra
2971 3453 3237 3523 justitiam
3265 3453 3448 3508 {avere
3471 3452 3782 3508 studemus.

2173 3543 2346 3613 Hujus
2375 3543 2456 3598 rei
2486 3542 2678 3616 gratia,
2703 3542 2975 3598 mediante
2995 3543 3171 3598 sancti
3203 3541 3435 3613 Spiritus
3451 3540 3654 3612 gratia,
3683 3557 3786 3612 per

2175 3639 2376 3688 nostrae
2431 3629 2822 3687 mediocritatis
2873 3630 3130 3698 studium,
3182 3629 3446 3701 quidquid
3485 3627 3620 3684 illud
3675 3637 3782 3696 est,

2175 3718 2423 3776 volumus
2483 3719 2734 3786 difiiniri;
2789 3726 2842 3773 et
2897 3718 3045 3789 quod
3101 3718 3280 3773 adhuc
3331 3717 3786 3788 suspendendum

2175 3809 2450 3876 duximus,
2473 3809 2586 3878 jam
2617 3808 2787 3880 digna
2835 3805 3242 3873 deliberatione,
3269 3807 3486 3876 juvante
3515 3805 3782 3870 Domino,

2175 3896 2598 3968 dispensationis
2653 3901 2855 3951 nostra:
2905 3895 3112 3964 judicio
3157 3893 3592 3950 terminabimus.
3641 3895 3786 3949 Data

2175 3985 2436 4040 Kalendis
2465 3983 2818 4056 Septembris,
2853 3983 3148 4039 indictione
3175 3982 3408 4039 decima.

2175 4174 2248 4215 AD
2277 4176 2496 4216 CLERUM
2527 4174 2800 4230 ORDINEM,
2837 4175 2907 4215 ET
2935 4173 3154 4214 PLEBEM
3171 4173 3398 4214 SANC'I'E
3423 4173 3785 4215 UVALV'ENSIS

2814 4245 3094 4286 ECCLESIE
3119 4271 3132 4284 .

2795 4319 2975 4390 (Anno
3015 4317 3164 4388 876.)

471 4402 671 4477 magis]
695 4403 900 4469 insiste,
925 4410 982 4456 ut
1004 4401 1096 4474 qui
1118 4409 1357 4456 sanctam
1379 4403 1675 4457 Romanam
1691 4401 2065 4458 Ecclesiamin
2099 4403 2152 4462 D
2175 4405 2467 4462 [avehitur
2495 4409 2558 4461 in
2587 4407 2884 4478 quemdam
2924 4408 3188 4462 Ecclesiae
3223 4405 3502 4478 Value-nsis
3539 4407 3786 4478 invaso-

475 4492 658 4548 multis
698 4491 898 4546 laadere
928 4507 1037 4545 non
1069 4489 1451 4556 formidarunt,
1485 4490 1578 4544 tali
1627 4491 1914 4558 sententia,
1965 4491 2074 4546 imo

469 4580 676 4650 judicio
716 4579 1094 4650 percellantur,
1127 4587 1184 4633 ut
1215 4578 1491 4648 deinceps,
1526 4579 1983 4650 quemadmodum
2013 4596 2075 4634 es

473 4669 767 4740 pollicitus,
801 4665 1230 4738 recuperationis
1261 4665 1440 4722 locum
1469 4682 1744 4738 nunquam
1775 4666 2067 4723 inveniant.

477 4759 747 4812 Caeterum
777 4757 905 4828 quia
935 4771 1036 4826 pro
1067 4755 1298 4809 maxima
1325 4753 1645 4809 necessitate
1686 4755 1845 4823 hujus
1873 4764 2074 4810 nostrae

478 4844 736 4915 regionis,
798 4860 958 4914 quam
1015 4842 1266 4899 Saraceni
1320 4859 1460 4914 pene
1539 4850 1703 4897 totam
1759 4843 2072 4914 depOpulati

480 4940 622 4999 sunt,
655 4932 958 4986 audivimus
1005 4931 1280 5002 imperiale
1309 4931 1635 5000 adjutorium
1681 4947 1850 5002 usque
1880 4933 1947 4985 ad
1971 4948 2072 4986 nos

479 5037 602 5076 esse
659 5019 998 5090 mittendum,
1058 5020 1288 5093 gloriam
1352 5019 1649 5075 nobilitatis
1695 5027 1801 5074 tuae
1850 5020 2075 5074 nimium

480 5109 857 5182 deprecamur,
891 5116 947 5163 ut
976 5108 1121 5164 idem
1153 5109 1496 5178 adjutorium.
1531 5108 1616 5163 vel
1645 5108 1882 5163 virorum
1913 5125 2076 5164 exer-

480 5199 666 5264 citum,
701 5197 794 5268 qui
823 5198 1022 5251 utinam
1047 5197 1157 5265 jam
1187 5213 1428 5268 praesens
1469 5197 1702 5262 adesset,
1735 5197 1885 5252 nullo
1915 5197 2078 5252 modo

483 5286 588 5341 illis
645 5287 699 5341 in
746 5285 992 5358 partibus
1036 5300 1243 5340 moram
1282 5285 1392 5355 pati
1436 5286 1774 5356 permittat...
1810 5285 2079 5342 veniendo

2247 4493 2385 4543 rem,
2412 4477 2661 4549 legitimo
2699 4477 2881 4532 adhuc
2911 4479 3218 4549 superstite
3255 4477 3543 4549 episcopo:
3573 4477 3788 4532 laudat

2241 4564 2330 4603 eos
2374 4545 2516 4619 quod
2553 4549 2730 4602 illum
2751 4545 2994 4603 minime
3029 4545 3414 4618 recipiendum
3440 4545 3782 4619 duxerunt,

2243 4615 2419 4690 simul
2461 4619 2820 4690 praecipiens,
2873 4634 2946 4672 ne
2975 4615 3227 4690 unquam
3261 4633 3392 4671 cum
3431 4615 3781 4690 admittant,

2243 4687 2498 4760 alioquih
2567 4687 3178 4744 excommunicationis
3209 4687 3562 4743 sententiam
3593 4689 3792 4742 mina-

2247 4763 2360 4814 tur.

2243 4848 2496 4900 JOANNES
2544 4847 2835 4917 episcopus
2878 4846 3048 4912 clero,
3081 4844 3258 4900 ordini
3301 4852 3354 4899 et
3379 4843 3528 4915 plebi
3576 4853 3786 4900 sanctae

2176 4935 2463 4990 Valvensis
2495 4934 2777 4990 Ecclesiae.

2247 5021 2384 5090 Quia
2431 5022 2810 5078 sollicitudinis
2858 5038 2980 5087 nos,
3025 5037 3192 5092 quam
3233 5036 3333 5091 pro
3374 5021 3633 5078 omnibus
3682 5023 3784 5078 Dei

2177 5111 2440 5166 Ecclesiis
2466 5109 2968 5181 circumspiciendis
2997 5109 3358 5179 suscepimus,
3383 5109 3623 5164 maxima
3653 5127 3784 5166 cura

2179 5199 2516 5270 constringit,
2553 5207 2610 5252 ut
2637 5199 2724 5254 vel
2759 5198 2982 5269 provisa
3026 5197 3156 5252 vitia
3205 5211 3536 5263 resecemus,
3567 5198 3656 5253 vel
3689 5215 3787 5253 ru—

2179 5302 2329 5342 more
2357 5295 2657 5358 comperta,
2689 5303 2757 5342 ne
2784 5285 3066 5357 pullulent,
3115 5285 3438 5358 vigilemus;
3471 5285 3649 5340 latere
3681 5303 3784 5343 vos

559 5489 583 5516 a
609 5463 677 5513 De
701 5464 889 5515 Bosone
928 5464 1096 5526 regine
1119 5463 1156 5514 ι.
1189 5475 1223 5512 ιι
1249 5463 1431 5514 Chron.
1457 5477 1470 5526 ;
1496 5463 1709 5528 Aimoin,
1735 5463 1772 5514 l.
1797 5477 1845 5526 ν,
1874 5477 1921 5514 c.
1950 5465 2032 5526 14,
2059 5463 2143 5526 27,
2167 5461 2233 5514 32
2259 5466 2310 5515 et
2333 5464 2440 5515 aliis
2463 5465 2513 5515 in
2536 5464 2680 5515 locis.
