4020 6178
209 266 307 319 681

1417 258 1775 319 EPISTOLA!
1828 258 1945 351 nr,
1972 230 2322 319 nscas“.

3407 267 3512 329 682

208 385 469 442 nolumus
496 384 814 457 pervenisse
856 384 926 440 ad
972 399 1073 441 nos
1118 384 1265 457 quod
1310 383 1550 456 quidam,
1604 383 1809 440 calcata
1838 383 1890 446 A
1911 401 2052 454 rum,
2083 386 2266 442 missis
2310 395 2363 443 et
2403 387 2651 459 epistolis
2696 387 3125 448 discurrentibus
3171 391 3316 450 dicta
3364 402 3509 465 sunt,

210 474 523 528 reverentia
569 474 847 529 canonica:
893 472 1213 543 disciplinae,
1261 480 1447 528 contra
1494 488 1655 528 omne
1704 471 1807 538 fas,

210 562 320 616 imo
350 569 543 616 contra
587 561 770 633 legem
812 560 1259 627 ecclesiasticam,
1302 560 1595 631 superstite
1630 568 1813 616 vestro

210 656 435 720 pastore
471 649 600 705 velit
641 665 780 704 ausu
826 649 1118 704 temerario
1166 656 1402 704 vestram
1448 648 1814 703 sinceritatem

212 752 588 809 corrumpere,
618 745 671 793 et
701 737 870 808 (quod
893 737 1040 793 dictu
1067 735 1221 792 nefas
1251 739 1355 806 est)
1390 736 1608 807 plebem
1639 736 1815 807 ipsam

212 825 499 891 invadere,
530 841 864 898 gregemque
894 824 1258 894 Dominicum,
1306 823 1562 881 videlicet
1591 839 1814 880 vosme-

214 913 413 985 tipsos,
446 913 779 984 discerpere,
811 912 1106 969 schismata
1132 928 1415 986 generare,
1452 920 1506 967 et
1536 913 1713 968 Deum
1759 911 1816 965 in

215 1004 319 1057 hoc
347 1002 420 1056 ad
448 1002 785 1058 iracundiam
812 1017 1113 1072 provocare
1146 1019 1159 1055 :
1190 1001 1396 1056 habens
1427 1000 1583 1072 quasi
1621 1007 1816 1055 aucto-

218 1090 431 1146 ritatem
462 1088 803 1146 saecularium
832 1090 889 1144 id
919 1089 1241 1162 peragendi,
1264 1097 1317 1144 et
1340 1105 1461 1161 quas
1487 1088 1556 1143 ab
1589 1087 1688 1154 eis,
1708 1087 1816 1142 imo

219 1193 249 1234 a
277 1178 463 1244 nobis,
498 1178 713 1234 vivente
742 1185 922 1234 vestro
949 1178 1227 1248 episcopo,
1255 1178 1378 1246 jure
1406 1176 1523 1232 dari
1567 1192 1677 1231 non
1711 1191 1817 1246 po-

218 1274 345 1332 test,
382 1267 636 1338 nequiter
664 1265 974 1321 exercendi.
1010 1264 1168 1334 Quod
1195 1272 1402 1320 tantum
1422 1263 1541 1319 fieri
1560 1264 1817 1335 prohibe-

217 1370 363 1419 mus,
395 1361 714 1425 tantumque
742 1354 1072 1409 detestantes
1109 1352 1506 1418 abominamur,
1558 1359 1819 1423 quantum

220 1450 415 1498 contra
461 1441 740 1497 canonica:
789 1439 1125 1496 auctoritatis
1172 1454 1483 1509 censuram,
1533 1447 1586 1494 et
1630 1446 1820 1494 contra

218 1528 421 1584 divinae
449 1528 590 1601 legis
619 1528 984 1591 traditionem,
1011 1528 1102 1584 vel
1129 1535 1376 1584 veterum
1397 1528 1615 1583 Patrum
1643 1542 1821 1582 exem-

219 1617 329 1688 pla,
362 1617 473 1672 tale
503 1616 635 1688 quid
663 1616 910 1671 attentari
940 1616 1345 1687 cognoscimus,
1377 1623 1433 1670 ut
1465 1614 1680 1671 vivente
1708 1630 1818 1671 uno

1917 491 2037 545 qua
2066 474 2247 531 locum
2278 475 2334 529 in
2362 476 2479 544 ejus
2499 477 2666 533 corde
2681 478 2887 533 nullum
2908 480 3124 551 penitus
3143 479 3467 537 invenerunt
3495 499 3510 536 :

1916 562 2041 633 quia
2069 562 2314 634 profecto
2343 564 2554 620 viscera
2581 565 2752 636 ipsius
2782 568 2951 623 verba
2976 568 3098 623 vita:
3127 576 3347 625 aeterna:
3377 569 3510 626 reci-

1914 666 2048 720 pere
2077 661 2371 707 renuerunt
2406 669 2418 707 :
2447 652 2647 709 Iudaeis
2696 654 2840 710 enim
2882 655 3147 711 Dominus
3194 657 3326 713 dicit
3360 675 3374 711 :
3411 657 3518 725 Qui

1916 754 1991 795 ex
2019 741 2126 795 Deo
2146 745 2249 807 est,
2274 741 2437 797 verba
2456 744 2557 797 Dei
2579 743 2774 810 audit;
2793 747 3091 815 prapterea
3112 761 3202 800 vos
3222 761 3337 801 non
3359 746 3518 802 audi-

1919 827 2014 893 tis,
2037 830 2170 900 quia
2191 844 2267 883 ea:
2285 831 2395 885 Deo
2416 846 2530 885 non
2549 832 2685 885 estis
2705 830 2890 901 (Joan.
2910 832 3055 900 vm).
3079 832 3139 888 Si
3153 833 3296 904 quis,
3316 832 3510 904 inquit,

1916 914 2103 987 diligit
2119 933 2226 983 me,
2240 932 2553 973 sermonem
2563 935 2754 974 meum
2769 919 3206 988 scrvabit(Joan.
3221 922 3364 990 xw);
3380 936 3513 992 ergo

1915 1003 2166 1074 probatio
2221 1003 2525 1061 dilectionis
2569 1006 2827 1062 exhibitio
2871 1014 2955 1062 est
2998 1007 3201 1078 operis.
3248 1008 3511 1064 Probatur

1916 1091 2085 1163 igitur
2110 1108 2409 1164 germanus
2437 1100 2559 1147 tuus
2590 1110 2698 1149 non
2725 1094 2957 1167 diligere
2991 1096 3184 1162 Deum,
3227 1095 3321 1168 qui
3346 1112 3510 1152 man-

1917 1180 2047 1235 data
2094 1180 2212 1250 ejus
2253 1181 2624 1252 participando
2671 1198 2795 1237 cum
2835 1181 3060 1253 perfidis
3101 1200 3212 1239 non
3253 1184 3509 1241 custodit.
3607 1204 3619 1214 ·

1916 1268 2059 1323 Nam
2083 1268 2321 1323 Joannes
2366 1269 2644 1340 apostolus
2689 1269 2763 1323 ait
2794 1287 2808 1323 :
2845 1269 2950 1338 Qui
2996 1270 3139 1326 dicit
3166 1274 3299 1344 quia
3323 1271 3517 1343 diligit

1916 1358 2116 1424 Deum,
2151 1360 2208 1412 et
2235 1357 2511 1413 mandata
2539 1359 2661 1429 ejus
2692 1372 2808 1413 non
2837 1358 3107 1424 custodit,
3130 1360 3384 1415 mendas:
3424 1361 3513 1416 est

1919 1444 1973 1513 (Ι
1993 1446 2154 1501 Joan.
2187 1446 2271 1514 ιι).
2305 1444 2416 1500 Sed
2444 1460 2545 1499 nos
2574 1452 2874 1515 postremo,
2923 1459 3027 1500 nec
3071 1444 3236 1519 etiam
3264 1446 3346 1502 sic
3373 1461 3511 1503 con-

1917 1531 2127 1603 tempti,
2163 1548 2284 1603 quas
2311 1532 2382 1586 ad
2409 1532 2641 1588 salutem
2670 1532 2788 1602 ejus
2817 1540 2870 1588 et
2915 1541 3233 1589 cunctorum
3276 1532 3515 1604 pertine-

1918 1618 2069 1686 bant,
2100 1618 2441 1691 negleximus
2470 1636 2484 1674 :
2517 1620 2663 1676 unde
2691 1635 2803 1675 non
2849 1620 3097 1692 angelus,
3148 1636 3259 1676 non
3302 1619 3520 1694 legatus

221 1705 505 1776 episcopo,
551 1720 616 1760 ac
659 1705 948 1776 superstite
995 1704 1345 1774 consistente,
1395 1703 1532 1759 alter
1575 1703 1664 1759 vel
1710 1718 1820 1758 non
1840 1728 1893 1787 Β
1922 1707 2150 1779 quilibet
2176 1708 2255 1778 (ut
2295 1708 2366 1764 de
2419 1707 2783 1779 Redemptore
2829 1716 3020 1764 nostro
3065 1706 3386 1780 prophetica
3430 1707 3521 1764 di-

219 1794 443 1866 petitus,
476 1794 565 1848 vel
605 1793 698 1864 qui
745 1792 857 1864 peti
901 1809 1010 1848 non
1053 1800 1231 1864 potest
1278 1808 1380 1849 nec
1429 1792 1591 1847 etiam
1637 1791 1818 1861 debet,

223 1882 414 1937 sedem
460 1880 694 1936 viventis
736 1880 957 1936 invadat
990 1899 1006 1948 ;
1058 1888 1110 1936 et
1151 1882 1292 1936 hanc
1334 1880 1423 1936 vel
1466 1880 1583 1935 sine
1631 1887 1820 1935 nostro

222 1970 493 2037 consultu,
539 1978 598 2024 ut
642 1969 715 2024 ita
761 1969 1007 2035 dixerim,
1060 1977 1314 2040 expetat;
1346 1968 1435 2025 vel
1480 1968 1627 2040 quia,
1682 1967 1822 2023 sicut

224 2058 480 2124 diximus,
513 2064 781 2128 superest,
813 2056 871 2111 in
900 2071 994 2112 cor
1022 2057 1138 2126 ejus
1184 2056 1442 2113 ascendat
1490 2055 1620 2111 talia
1662 2055 1821 2128 0οεί-

219 2146 390 2201 tandi.
428 2146 632 2201 Verum
661 2162 766 2202 nos
793 2144 1025 2216 primum
1043 2144 1200 2200 vobis
1216 2146 1423 2217 gratias
1438 2143 1656 2217 agimus
1675 2143 1818 2215 quia,

224 2234 359 2290 sicut
390 2234 700 2299 didicimus,
736 2241 918 2288 vestro
947 2233 1206 2303 episcOpo
1235 2232 1399 2287 fidem
1428 2232 1665 2288 debitam
1694 2247 1824 2287 con-

222 2330 530 2387 servantes,
564 2322 815 2377 eumdem
842 2322 1152 2377 invaserem
1172 2337 1281 2377 non
1303 2321 1676 2391 recipiendum
1700 2335 1824 2375 esse

222 2411 614 2482 praposuistis.
645 2410 857 2466 Deinde
883 2410 1055 2465 nostri
1085 2408 1423 2480 apostolatus
1451 2409 1670 2463 monitis
1699 2423 1823 2463 om-

220 2499 371 2554 nium
400 2506 646 2555 vestrum
675 2499 1020 2555 devotionem
1050 2498 1356 2565 hortamur,
1378 2496 1729 2568 praecipimus
1760 2510 1826 2551 ac

230 2587 548 2653 suademus,
583 2594 641 2641 ut
671 2587 863 2642 eodem
894 2594 1077 2642 vestro
1108 2585 1366 2656 episcopo
1413 2585 1648 2650 vivente,
1693 2583 1826 2638 nulli

227 2690 471 2747 unquam
502 2674 816 2729 mortalium
842 2690 942 2729 vos
971 2673 1187 2729 conanti
1215 2672 1355 2728 forte
1385 2672 1660 2743 decipere,
1692 2687 1825 2741 prae-

219 2762 398 2818 beatis
426 2778 733 2827 assensum,
768 2769 827 2815 ut
855 2762 942 2817 vel
970 2761 1027 2816 in
1054 2760 1273 2817 modico
1302 2759 1619 2823 atidelitate
1655 2758 1827 2829 ipsius

220 2850 393 2906 vestri
450 2848 693 2920 episcopi
745 2849 837 2921 qui
893 2865 1039 2904 nunc
1094 2856 1197 2915 est,
1245 2847 1453 2904 scilicet
1500 2844 1829 2903 venerabilis

220 2936 455 3007 Amulli,
482 2952 701 3008 quoquo
719 2936 882 2992 modo
902 2935 1230 3003 discedatis;
1266 2935 1394 3007 quin
1414 2935 1595 3006 potius
1610 2949 1829 2989 omnem

1920 1804 2064 1853 ctum
2094 1797 2219 1866 est),
2253 1795 2352 1851 sed
2381 1796 2450 1850 ad
2480 1795 2773 1852 salvandos
2794 1812 2890 1853 eos
2911 1797 3029 1868 ipse
3047 1813 3148 1869 per
3167 1796 3521 1868 semetipsum

1921 1883 2255 1955 apostolatus
2284 1891 2472 1940 noster
2501 1884 2819 1951 adveniens,
2852 1885 2983 1956 quid
3012 1892 3097 1940 est
3142 1884 3288 1957 quod
3333 1883 3524 1941 debuit

1922 1971 2122 2039 facere,
2173 1979 2226 2027 et
2267 1986 2379 2028 non
2424 1970 2595 2028 fecit?
2632 1971 2759 2027 licet
2800 1972 2936 2043 ipse,
2986 1979 3046 2027 ut
3089 1988 3213 2028 cum
3256 1972 3522 2043 propheta

1923 2060 2191 2130 dicamus,
2222 2075 2522 2116 conversus
2550 2067 2634 2115 est
2652 2060 2710 2114 in
2739 2060 3158 2116 amaritudinem
3177 2059 3304 2117 vitis
3329 2060 3524 2117 alienae

1924 2148 2054 2218 (Isa.
2087 2149 2166 2218 v),
2200 2157 2252 2203 et
2278 2148 2418 2203 sicut
2449 2147 2669 2218 aspidas
2698 2148 2899 2216 surdas,
2932 2156 2984 2203 et
3013 2148 3331 2204 obturantes
3359 2164 3525 2205 aures

1924 2251 2073 2302 suas,
2106 2252 2217 2291 non
2245 2235 2479 2291 audierit
2505 2251 2699 2292 vocem
2728 2235 3112 2292 incantantium
3162 2237 3316 2307 (Psal
3358 2239 3518 2308 Lvn),

1924 2324 1982 2379 id
2028 2330 2111 2379 est
2155 2322 2606 2394 praedicantium,
2661 2339 2766 2380 nec
2819 2322 3109 2380 mutaverit
3164 2322 3524 2382 versutiarum

1926 2427 2147 2466 suarum
2195 2411 2462 2477 colorem,
2511 2419 2602 2465 aut
2647 2411 2960 2467 varietatem
2981 2454 2994 2478 ,
3038 2411 3214 2467 instar
3258 2410 3525 2482 Ethiopis

1926 2507 1980 2554 et
2007 2499 2183 2570 pardi,
2225 2498 2419 2570 quibus
2466 2496 2801 2569 perﬁdorum
2848 2499 3215 2555 Israelitarum
3257 2497 3526 2555 Jeremias

1928 2586 2181 2642 duritiam
2209 2586 2562 2657 comparavit,
2594 2587 2737 2642 unde
2765 2586 2959 2642 merito
3008 2584 3240 2643 abscissi
3271 2592 3416 2652 sunt,
3459 2592 3521 2641 ut

1926 2674 1995 2729 de
2024 2673 2222 2728 talibus
2250 2674 2543 2743 Apostolus
2571 2681 2721 2744 optat
2744 2691 2758 2728 :
2781 2672 3220 2740 Abscindantur,
3242 2672 3515 2745 inquiens,

1929 2762 2026 2834 qui
2052 2778 2143 2817 vos
2163 2761 2523 2827 conturbant,
2548 2779 2584 2816 a
2607 2762 2829 2818 Christo
2850 2762 2998 2831 (Gal.
3022 2763 3102 2831 v),
3119 2760 3176 2817 id
3195 2768 3331 2818 asta
3350 2759 3528 2832 capite

1930 2856 1985 2904 et
2013 2863 2267 2919 corpore,
2298 2848 2443 2920 quod
2473 2856 2557 2903 est
2584 2848 2834 2904 Ecclesia
2860 2849 2964 2903 Dei
2999 2847 3128 2916 vivi,
3177 2848 3428 2905 columna
3475 2855 3531 2904 et

1930 2934 2334 2999 firmamentum
2362 2936 2628 2991 veritatis.
2660 2936 2807 3007 Ergo
2835 2952 2962 2992 cum
2988 2936 3064 2991 ita
3106 2936 3197 3002 sit,
3242 2933 3533 3006 prudentia

222 3025 498 3081 henorem
544 3041 609 3081 ac
656 3024 1016 3080 reverentiam
1055 3024 1208 3093 juxta
1257 3038 1447 3078 sacros
1492 3037 1732 3077 canones
1779 3020 1829 3077 ei
1857 3068 1903 3093 η
1934 3030 2026 3078 tua
2054 3023 2265 3079 moveri
2290 3038 2401 3078 non
2429 3023 2613 3089 debet,
2648 3023 2695 3078 si
2723 3023 2867 3079 inter
2894 3023 3035 3079 tales
3069 3022 3308 3079 ofﬁcium
3353 3029 3537 3080 cesset

220 3111 554 3186 impendere
584 3113 862 3182 studeatis,
900 3120 958 3167 ut
1002 3112 1182 3185 magis
1227 3111 1381 3182 (Edit
1426 3113 1606 3177 Rom,
1656 3108 1836 3182 magis

226 3218 295 3258 ac
338 3201 569 3274 magis),
621 3202 766 3256 unde
811 3200 967 3257 vobis
1009 3199 1216 3272 gratias
1259 3199 1579 3264 referamus,
1632 3197 1838 3252 habere

223 3290 510 3362 possimus
545 3308 558 3344 :
591 3290 827 3345 scientes
853 3305 955 3344 nos
985 3289 1137 3343 nullo
1168 3288 1331 3343 modo
1357 3287 1418 3341 in
1463 3286 1560 3341 tali
1600 3284 1839 3341 nefando

222 3394 397 3449 opere
428 3393 817 3443 consensuros,
853 3377 952 3432 sed
980 3376 1159 3448 potius
1192 3383 1245 3430 et
1273 3375 1508 3431 factores
1555 3381 1609 3428 et
1648 3387 1841 3428 eorum

224 3474 640 3521 consentaneos
668 3466 974 3536 punituros.
1018 3465 1403 3519 Verumtamen
1453 3462 1501 3517 si
1546 3463 1687 3516 hanc
1733 3476 1840 3515 no-

226 3562 401 3609 stram
433 3552 735 3626 legitimam
765 3552 1181 3608 obtestationem
1210 3568 1310 3607 vos
1337 3551 1393 3605 in
1416 3550 1599 3622 aliquo
1648 3548 1717 3603 ab
1756 3548 1842 3602 his

223 3642 456 3698 deviare
503 3641 949 3712 cognoverimus,
1003 3648 1057 3695 et
1108 3640 1370 3695 habentes
1412 3639 1554 3693 hanc
1600 3644 1842 3692 nostram

223 3729 615 3786 auctoritatem
644 3744 744 3784 vos
774 3728 1013 3784 omnium
1062 3728 1477 3783 ambitiosorum
1518 3724 1844 3781 factionibus

223 3817 504 3874 contraire
534 3815 757 3872 minime
786 3816 1136 3882 senserimus,
1170 3815 1256 3871 vel
1287 3814 1332 3869 si
1353 3814 1844 3886 quomodocunque

223 3905 363 3960 talia
392 3905 582 3961 facere
612 3905 833 3960 tentanti
863 3921 962 3960 vos
993 3920 1322 3961 consensum
1366 3903 1609 3974 praebere
1652 3901 1845 3956 saltem

224 3993 509 4059 clanculo,
560 3994 707 4065 quod
756 3993 918 4059 absit,
967 3992 1340 4058 didicerimus,
1391 3991 1573 4047 sciatis
1621 3988 1750 4061 quia
1794 3995 1848 4043 et

222 4097 330 4136 vos
360 4081 699 4136 anathemati
730 4081 1128 4146 submittemus,
1162 4088 1216 4135 et
1245 4079 1395 4134 illum
1421 4079 1541 4150 pari
1578 4076 1848 4133 sententia

221 4165 692 4231 condemnantes,
724 4181 886 4221 omne
904 4162 1256 4221 sacerdotalis
1278 4162 1441 4218 oﬂicii
1461 4160 1842 4227 ministerium,

218 4261 280 4307 ut
312 4269 566 4324 unquam
594 4252 759 4307 nullis
788 4252 1094 4323 praesideat,
1134 4250 1183 4307 ei
1211 4258 1472 4322 perpetuo
1518 4248 1844 4305 adimemus.

222 4341 396 4409 Data,
434 4349 564 4408 etc.,
598 4340 893 4398 indictione
923 4340 1157 4397 decima.

911 4441 1165 4497 XXVIII.

811 4554 886 4595 AD
920 4552 1192 4603 QUEKDAI
1218 4546 1263 4593 ⁸.

866 4628 1047 4699 (Anno
1072 4629 1220 4697 876.)

222 4721 311 4777 De
344 4716 859 4790 Neapolitanorum
888 4717 1027 4790 duce
1061 4718 1184 4790 ejus
1212 4718 1398 4790 fratre
1427 4714 1708 4790 queritur,
1742 4708 1854 4790 ‘qui

292 4791 430 4845 suis
449 4779 686 4844 monitis
709 4804 824 4843 non
843 4779 1101 4859 parebat:
1127 4779 1307 4854 Quare
1331 4779 1597 4859 hortatur
1619 4785 1684 4859 ut
1700 4779 1779 4859 ab:
1790 4794 1852 4835 eo

292 4877 361 4916 se
394 4862 657 4929 separet;
687 4851 939 4929 alioquin
970 4874 1101 4914 cum
1121 4851 1182 4914 eo
1202 4873 1268 4913 ac
1290 4853 1511 4913 elateri:
1529 4851 1853 4926 fautoribus

298 4929 679 4986 anathemati
706 4929 1060 5000 subjicietur.

290 5027 567 5081 Joasmas
596 5024 961 5095 episcopus...

292 5114 479 5170 Multa
506 5128 605 5184 per
632 5129 733 5168 nos
760 5129 861 5183 per
888 5112 1319 5183 decessoresque
1341 5117 1559 5165 nostros
1591 5122 1846 5164 reveren-

210 5206 327 5261 dos
357 5200 653 5274 pontiﬁces
682 5200 808 5257 duci
835 5199 1345 5273 Neapolitanorum,
1376 5198 1487 5254 imo
1519 5196 1644 5253 duci
1672 5210 1847 5252 caeco-

284 5331 315 5358 ι
339 5320 500 5370 Forte
528 5318 846 5369 Athanasium
865 5317 1140 5381 episcopum
1164 5316 1553 5379 Neapolitanum,
1600 5313 1665 5381 ad
1697 5323 1841 5381 quem

210 5385 483 5439 nonnulla
526 5384 658 5435 infra
696 5379 972 5435 scribuntur
1007 5379 1263 5446 epistolae:
1293 5381 1431 5442 cujus
1470 5380 1704 5446 meminit
1740 5379 1843 5429 Leo

213 5451 500 5513 Ostiensis,
527 5450 616 5501 lib.
643 5464 681 5515 ι,
706 5452 887 5502 Chron.
913 5444 1055 5503 Cass:
1090 5462 1198 5513 cap.
1225 5449 1310 5499 42.
1337 5448 1448 5499 Fuit
1466 5452 1633 5497 autem
1658 5444 1738 5495 hic
1758 5455 1846 5493 ne-

570 5594 816 5650 PATROL.
856 5594 1107 5651 CXXVI.

1856 3068 1907 3131 C

1936 3111 2244 3178 doctorum,
2279 3110 2394 3167 sive
2422 3111 2661 3183 torpenti
2705 3112 2915 3167 desidia
2961 3111 3194 3168 faciente
3241 3116 3532 3177 rectorum,

1938 3199 2054 3255 sive
2082 3198 2443 3269 impmnitenti
2474 3199 2727 3271 exigente
2757 3199 2981 3254 crimine
3011 3198 3398 3267 subjectorum.
3436 3196 3538 3253 Di-

1936 3287 2066 3343 vino
2122 3286 2269 3341 enim
2309 3286 2516 3355 judicio
2539 3327 2554 3352 ,
2606 3286 2855 3356 quamvis
2902 3285 3116 3342 occulto
3139 3326 3154 3355 ,
3202 3285 3329 3340 talia
3367 3283 3533 3353 ﬁunt,

1940 3374 2079 3429 sicut
2106 3373 2162 3428 in
2188 3373 2328 3428 libro
2359 3373 2503 3428 beati
2538 3373 2642 3428 Job
2679 3372 2898 3444 legitur,
2950 3388 3073 3428 cum
3118 3372 3189 3427 de
3229 3372 3347 3428 Deo
3396 3370 3541 3427 inter

1939 3461 2047 3516 alia
2076 3461 2252 3516 fertur
2283 3476 2296 3515 :
2327 3463 2498 3517 Ducit
2522 3461 2841 3517 sacerdotes
2870 3460 3160 3531 inglorios,
3198 3463 3257 3514 et
3290 3458 3542 3531 optima-

1943 3552 2025 3605 tes
2040 3549 2397 3620 supplantat,
2411 3552 2771 3604 commutans
2791 3548 3002 3604 labium
3019 3548 3323 3614 veracium,
3338 3547 3543 3603 doctri-

1941 3653 2080 3692 nam
2106 3652 2307 3692 senum
2328 3638 2596 3707 auferens
2614 3637 2732 3705 (Job
2752 3636 2878 3705 xu);
2902 3636 3059 3704 cujus
3087 3651 3280 3690 sensus
3305 3632 3546 3690 medulla

1943 3731 2222 3794 concepta,
2257 3723 2448 3794 procul
2476 3723 2662 3789 dubio,
2694 3723 2831 3779 scito
2862 3722 2986 3794 quia
3003 3722 3059 3776 in
3080 3722 3357 3792 optionem
3374 3737 3545 3777 unum

1944 3828 1975 3867 e
2002 3811 2212 3867 duobus
2242 3826 2276 3866 a
2304 3811 2462 3867 nobis
2490 3811 2589 3866 tibi
2616 3811 2867 3866 tribuitur
2898 3828 2913 3865 :
2945 3817 3037 3865 aut
3056 3810 3222 3877 enim,
3246 3809 3548 3866 secundum

1946 3899 2092 3971 quod
2122 3899 2385 3970 scriptum
2415 3907 2517 3967 est,
2541 3901 2756 3956 Exiens
2777 3900 2956 3956 exibis
2978 3899 3044 3955 de
3064 3899 3246 3955 medio
3268 3899 3546 3970 ipsorum,

1946 3992 2003 4043 et
2014 3989 2304 4059 pollutum
2323 4004 2440 4044 non
2462 3992 2658 4060 tanges
2679 3987 2814 4058 (Isa.
2837 3988 2933 4059 ιιι)
2956 4005 2972 4054 ;
3004 3995 3093 4042 aut
3114 3994 3285 4049 certe,
3303 3982 3547 4058 quandiu

1946 4090 2071 4131 cum
2101 4076 2300 4130 talibus
2327 4083 2687 4132 conversatus
2717 4074 2910 4141 fueris,
2959 4091 3072 4131 non
3119 4073 3327 4146 poteris
3374 4070 3553 4129 videri
3632 4130 3637 4133 _

1947 4177 2060 4217 non
2087 4163 2232 4230 talis,
2266 4164 2363 4219 sed
2393 4164 2504 4219 eris
2534 4162 2779 4235 profecto
2805 4162 2912 4218 illis
2939 4178 3126 4232 poena,
3159 4162 3296 4217 sicut
3326 4176 3556 4218 consoro

1947 4249 2024 4304 tio
2055 4249 2273 4306 similis.
2309 4252 2450 4306 Nam
2481 4251 2580 4306 Lot
2607 4251 2777 4306 chaos
2806 4249 3062 4310 Sodomis
3082 4249 3322 4321 fugiens,
3345 4247 3555 4304 cunctis

1950 4337 2161 4393 necatis
2172 4338 2404 4405 civibus,
2419 4338 2606 4393 salvus
2618 4336 2968 4406 singulariter
2978 4336 3225 4391 redditur
3235 4333 3552 4405 (Genaux).

1876 4409 1930 4470 D
1952 4424 2042 4479 Sic
2069 4426 2262 4481 Petrus
2294 4425 2529 4498 fugiens,
2560 4424 2792 4480 Herodis
2821 4423 3000 4479 cateni
3029 4430 3271 4493 ereptus,
3319 4421 3392 4476 ad
3439 4420 3554 4475 sal-

1960 4514 2166 4571 vandas
2195 4521 2390 4587 gentes
2419 4512 2627 4570 eruitur
2655 4510 2803 4583 (Act.
2833 4510 2963 4582 xu).
2997 4510 3087 4567 Sic
3114 4508 3331 4576 Paulus,
3360 4508 3555 4565 obser-

1957 4612 2118 4659 vante
2145 4602 2404 4659 Damasci
2431 4600 2751 4673 praeposito,
2782 4598 2955 4656 teneri
2981 4599 3124 4654 intra
3151 4597 3388 4655 claustra
3420 4611 3555 4667 per-

1955 4690 2189 4747 fidorum
2236 4691 2430 4758 noluit,
2488 4690 2546 4746 in
2605 4697 2793 4761 sporta
2836 4704 2938 4759 per
2980 4701 3195 4741 murum
3244 4682 3550 4740 submissus

1956 4781 2103 4850 (Act.
2136 4779 2241 4851 ιιι),
2276 4779 2348 4835 ad
2379 4778 2692 4836 certaminis
2720 4782 2974 4849 properat
3001 4788 3274 4845 campum.
3314 4773 3552 4828 Verum.

1954 4877 2136 4924 tamen
2166 4884 2236 4923 ne
2264 4868 2489 4939 sanguis
2518 4882 2712 4922 eorum
2740 4865 2810 4921 de
2840 4862 3090 4919 manibus
3139 4859 3246 4916 tuis
3293 4859 3549 4916 divinitus

1952 4956 2278 5029 requiratur,
2315 4963 2572 5025 tanquam
2602 4952 2790 5024 segnis
2816 4949 3132 5022 desidisque
3168 4946 3544 5020 speculatoris,

1954 5046 2047 5118 qui
2076 5046 2262 5103 videas
2290 5043 2530 5116 gladium
2577 5042 2835 5111 lupumpe
2881 5038 3208 5106 venientem,
3259 5044 3314 5092 et
3359 5043 3546 5090 taceas

1952 5134 2174 5204 (Ezech.
2224 5132 2309 5201 ιιι)
2364 5147 2379 5186 :
2426 5131 2585 5185 Insta
2629 5126 2843 5204 interim
2885 5127 2968 5197 (ut
3005 5125 3299 5197 Apostolus
3334 5122 3546 5194 monet)

1949 5196 2622 5294 opportunc,'importune
2643 5234 2663 5271 :
2684 5196 2925 5283 obseEra,
2950 5196 3184 5285 increpa
3201 5229 3215 5265 :
3236 5225 3401 5267 nemo
3420 5208 3548 5266 ado-

1948 5347 2037 5399 pos
2060 5339 2111 5386 et
2132 5346 2383 5386 successor
2404 5332 2569 5399 sancti
2586 5329 2862 5399 Athanasii,
2881 5328 3019 5391 cujus
3042 5328 3225 5381 mentio
3248 5330 3325 5380 cst
3347 5326 3396 5378 ln
3420 5326 3550 5377 Mar-

1948 5396 2182 5467 tyrologio
2206 5403 2425 5453 Romano
2448 5399 2527 5451 die
2551 5398 2617 5450 25
2640 5396 2772 5449 Julii.

3171 5578 3241 5632 22
