4020 6178
240 275 344 330 685

1442 284 1798 345 EPISTOLE
1843 288 1938 345 ET
1989 291 2335 352 DECRETA.

3427 314 3531 374 686

238 396 396 452 cibus
451 398 716 456 Ecclesiae
780 408 981 460 nostrae
1032 407 1448 466 necessitatibus
1506 412 1609 467 sub
1663 413 1833 469 nimia
1864 414 1921 476 A
1940 417 2313 487 cognovimus,
2351 426 2606 492 tuumque
2643 423 3079 484 strenuissimum
3106 446 3372 502 generum
3399 436 3535 491 Pul-

238 483 584 542 festinatione
611 488 936 557 miserimus,
959 508 993 547 a
1012 494 1186 563 vobis,
1223 513 1386 568 quem
1416 499 1521 555 hoc
1545 515 1655 555 non
1684 500 1831 567 lalet,

237 588 349 627 non
375 573 648 644 impediri,
680 577 780 633 sed
827 578 898 634 ad
925 580 982 635 id
1026 582 1258 638 celerius
1299 586 1574 658 agendum
1614 588 1832 656 vestris,

236 659 376 715 sicut
422 662 771 733 credidimus,
821 667 1003 737 potius
1048 670 1292 728 debuere
1333 672 1512 729 fulciri
1553 675 1830 733 subsidiis.

235 746 375 802 Data
406 753 472 804 at
499 766 693 823 supra.

930 843 1149 901 XXXI.

461 940 538 981 AD
573 940 907 986 LANme
942 947 1251 992 EPISCOPUH
1288 950 1606 995 CAPUANUH.

854 1019 1034 1088 (Anno
1071 1024 1220 1093 876.)

234 1099 482 1181 Nuntiat
512 1103 720 1174 legatos
748 1105 822 1181 ad
847 1108 1248 1181 imperatorem
1278 1112 1550 1181 rediisse;
1580 1130 1744 1181 quem
1766 1117 1831 1172 in

299 1173 691 1248 episcopium
737 1179 796 1231 et
842 1173 1183 1248 optimatum
1227 1173 1541 1240 conventu,
1564 1173 1831 1243 Romam

345 1241 570 1297 caesia:
585 1241 1158 1325 jura_recognou_isse,
1192 1254 1478 1325 praecipue
1506 1270 1633 1312 vero
1661 1241 1830 1313 terrea

303 1310 601 1391 Capuam:
615 1319 850 1391 pactum
877 1310 976 1374 suo
1006 1310 1155 1391 juri'
1189 1310 1535 1381 commisisse
1583 1310 1824 1384 scribit}

296 1379 422 1436 ideo
450 1383 517 1437 in
545 1379 667 1453 ejus
691 1390 887 1457 partes
915 1404 974 1445 se
1001 1379 1307 1448 uenturum
1336 1379 1644 1466 proiriittit.

294 1466 553 1556 {omns
582 1471 873 1544 episcopus
901 1475 1201 1534 LANDULFO
1229 1480 1487 1553 episcopo
1516 1484 1787 1556 Capuano.

140 1624 153 1637 .
298 1554 499 1612 Sancta
526 1558 774 1615 Romana
800 1561 1068 1634 Ecclesia,
1100 1567 1255 1635 cujus
1283 1569 1401 1625 Deo
1429 1554 1647 1629 auctore
1676 1590 1825 1644 prae-

229 1640 475 1699 sidemus
521 1646 799 1719 regimini,
830 1652 1037 1707 cunctis
1083 1653 1155 1709 ab
1185 1657 1410 1713 exordio
1458 1660 1562 1715 sibi
1589 1640 1826 1718 ﬁdeliter

225 1728 591 1788 servientibus
624 1734 850 1808 dignam
878 1737 934 1793 in
962 1742 1219 1811 praesenti
1249 1752 1303 1800 et
1328 1745 1385 1800 in
1412 1745 1594 1804 futuro
1623 1750 1825 1807 seculo
1852 1755 1910 1818 Β

223 1817 383 1874 solita
414 1827 499 1874 est
528 1821 687 1879 bona
732 1825 1099 1884 retributionis
1144 1833 1454 1889 mercedem
1483 1837 1823 1908 rependere;

225 1905 327 1961 tibi
355 1906 716 1998 nihilominus
760 1913 1095 1988 reliquisque
1140 1917 1396 1979 ﬁdelibus
1442 1905 1559 1979 suis
1597 1905 1824 1998 utroque

223 1994 411 2061 modo,
444 1996 517 2051 ob
560 2007 759 2056 vestra:
802 1999 1072 2059 ﬁdelitatis
1113 2006 1479 2078 devotionem,
1523 2027 1687 2084 quam
1716 1994 1825 2070 illic

224 2082 387 2153 positi
417 2084 582 2155 plene
612 2089 991 2161 cognovimus,
1021 2109 1124 2164 per
1151 2096 1332 2152 omnia
1358 2082 1619 2156 maternis
1648 2101 1826 2159 visce-

225 2170 377 2227 ribus
426 2171 631 2230 favebit
654 2175 713 2230 in
740 2177 1005 2250 proximo,
1057 2181 1334 2254 Siquidem
1379 2201 1545 2244 nosse
1573 2189 1823 2246 volumus

223 2264 326 2315 tuae
354 2259 643 2332 religionis
669 2262 1028 2323 intentionem
1056 2271 1332 2341 quoniam,
1361 2273 1597 2332 Domino
1623 2293 1824 2350 coope-

223 2354 393 2413 rante,
444 2348 628 2405 Leone
675 2354 975 2410 venerabili
1003 2357 1262 2429 episcopo
1294 2370 1493 2433 nepote
1516 2348 1745 2433 nostro;
1758 2380 1825 2423 ac

222 2442 427 2491 sanctae
452 2436 716 2494 Ecclesiae
745 2440 1002 2499 Romanae
1030 2445 1231 2502 eximio
1257 2449 1629 2521 apocrisiario,
1663 2452 1820 2508 aliis-

223 2538 325 2592 que
382 2524 590 2580 nostris
645 2526 860 2600 legatis,
922 2547 1059 2602 quos
1116 2549 1292 2605 nuper
1343 2536 1740 2611 direxeramus,
1788 2556 1824 2598 a

221 2609 550 2668 charissimo
594 2612 708 2670 ﬁlio
762 2624 952 2673 nostro
993 2619 1189 2677 Carolo
1215 2622 1545 2694 imperatore
1572 2609 1821 2701 Augusto

219 2698 482 2767 reversis,
515 2700 690 2771 vobis,
725 2710 913 2776 utpote
941 2721 976 2762 a
1003 2717 1212 2766 secreto
1241 2712 1567 2769 consiliariis
1597 2698 1816 2789 nostris,

219 2793 401 2842 ratum
447 2787 698 2845 ducimus
750 2792 920 2848 animi
960 2795 1099 2865 ejus,
1145 2797 1264 2855 Deo
1314 2800 1631 2872 inspirante,
1671 2787 1821 2861 circa

218 2872 614 2946 Ecclesiarum,
669 2881 973 2948 praesertim
1028 2884 1307 2953 Romanae,
1360 2905 1483 2959 qum
1529 2899 1690 2962 caput
1736 2900 1820 2948 est

216 2961 482 3032 omnium,
533 2965 937 3036 exaltationem,
980 2970 1238 3028 affectum
1282 2961 1614 3046 patefacere,
1656 2995 1818 3036 omne

217 3063 351 3105 sane
364 3051 459 3119 jus
479 3056 767 3122 potestatis
784 3057 1080 3129 antiquitus
1108 3060 1428 3118 attributum
1448 3066 1819 3136 capitulariter

215 3152 551 3194 renovamus
577 3141 634 3195 in
655 3152 922 3200 conventu
943 3145 1323 3218 episcoporum
1342 3166 1406 3207 ac
1426 3153 1746 3224 optimatum
1765 3164 1809 3227 ³,

213 3224 606 3284 inviolabiliter
660 3233 929 3288 concessit
984 3234 1316 3294 habendum.
1376 3241 1524 3297 Inter
1577 3260 1700 3315 quae
1744 3224 1815 3301 de

212 3318 372 3371 terra
400 3323 601 3373 vestrae
628 3326 807 3389 pacta,
829 3329 992 3391 prout
1016 3323 1228 3381 Christo
1254 3327 1396 3383 duce
1424 3329 1808 3402 voluissemus,

211 3408 477 3471 statuere,
510 3413 700 3462 nostro
739 3407 848 3476 juri
893 3412 1259 3485 potestatique
1294 3418 1582 3485 commisit,
1617 3427 1812 3491 quate-

206 3506 312 3546 nus
340 3490 401 3546 id
431 3493 580 3563 quod
624 3495 923 3564 pontiﬁcali
971 3514 1067 3556 ore
1110 3501 1271 3557 nudis
1315 3505 1502 3561 verbis
1548 3490 1807 3576 diximus,

207 3592 445 3649 operum
493 3582 843 3640 ostendamus
888 3590 1212 3657 patratione,
1260 3598 1313 3646 et
1361 3599 1419 3648 ut
1464 3609 1567 3665 pro
1615 3595 1812 3653 anima

206 3675 414 3724 vestrm
461 3669 853 3729 exhilaratione
899 3683 1110 3745 patrum
1158 3679 1402 3736 notarice
1445 3681 1617 3753 stylus
1665 3684 1809 3739 scri-

204 3752 388 3810 bentis
416 3754 675 3828 loquatur
702 3769 748 3814 b.
780 3760 970 3817 Parate
999 3764 1312 3835 hospitium,
1347 3768 1476 3839 quia
1502 3752 1630 3825 cum
1665 3787 1809 3829 novo

203 3841 488 3914 hospitum
516 3846 738 3917 agmine
764 3848 866 3904 Dei
892 3851 1071 3921 gratia
1098 3852 1154 3907 in
1181 3862 1393 3909 vestras
1411 3864 1599 3927 partes
1619 3874 1808 3917 sumus

203 3931 442 3986 venturi.
490 3932 725 3991 Frenum
777 3938 1115 3995 coercitionis
1169 3941 1499 4013 inﬁdelibus,
1550 3956 1807 4018 quantum

203 4017 424 4086 valetis,
460 4020 742 4092 imponite,
773 4023 1025 4082 ﬁdelibus
1066 4045 1284 4101 quoque
1313 4030 1509 4089 futurae
1532 4017 1589 4091 in
1616 4037 1804 4106 proxi-

200 4121 353 4162 mum
385 4108 509 4179 spei
536 4110 965 4171 sublevationem
981 4116 1279 4187 promittite
1301 4137 1315 4185 ;
1339 4120 1557 4177 Domini
1579 4123 1680 4179 Dei
1707 4139 1807 4181 no-

200 4194 301 4249 stri
332 4195 456 4251 sine
501 4196 920 4269 intermissione,
966 4203 1176 4274 hortor,
1226 4206 1663 4266 misericordiam
1701 4212 1805 4268 de-

196 4283 529 4355 precamini,
559 4293 915 4361 nostrumque
940 4291 1231 4349 adventum
1250 4303 1492 4367 spectate
1512 4298 1801 4356 veraciter.

892 4394 1127 4452 XXXII.

342 4490 422 4531 AD
462 4492 809 4537 GUAIFERIUI
820 4497 1190 4627 (Σηωϐῐέξέ)
1208 4500 1658 4547 εΛιΕιιΝῐτΑΝυκ.

354 4601 365 4610 .
891 4570 1002 4610 [1Πο
1149 4598 1162 4611 .

891 4570 1002 4610 [1Πο
1040 4570 1162 4611 δ’]ῧ.

200 4601 493 4722 Ostendit.
528 4652 588 4693 se
629 4601 1063 4722 paratumaut;
1100 4601 1333 4722 [ir/mare
1385 4652 1620 4722 pactum
1640 4650 1804 4722 ‘quod

263 4709 534 4791 fecerat;
563 4713 829 4783 rogatque
855 4711 961 4769 sibi
990 4715 1062 4770 ad
1090 4709 1277 4787 ipsum
1304 4709 1468 4773 eauti
1496 4709 1804 4792 hospitium

266 4793 475 4847 pararz
486 4817 501 4830 .

261 4865 530 4919 Iomas
546 4863 835 4939 episcopus
855 4867 1052 4927 dilecto
1069 4870 1178 4928 ﬁlio
1197 4871 1506 4931 GUAIFEBIO
1522 4884 1543 4909 °
1562 4877 1802 4950 glorioso

189 4952 457 5023 principi.

262 5039 414 5109 Quia
446 5048 500 5096 te
526 5057 639 5097 non
666 5042 843 5099 solum
869 5045 1174 5117 legatorum
1202 5056 1509 5106 nostrorum
1539 5051 1679 5109 inter
1705 5070 1799 5109 re-

187 5128 298 5183 lata
324 5127 580 5184 ﬁdelium
609 5130 815 5187 circum
844 5134 1106 5191 Ecclesia
1135 5145 1335 5195 nostra:
1361 5139 1619 5197 Romanae
1645 5142 1800 5215 regi-

187 5232 343 5285 men,
404 5215 495 5272 cui
549 5217 767 5276 Christo
819 5221 1182 5292 prasidemus
1253 5234 1490 5294 auctore,
1543 5228 1800 5286 devotum

254 5339 506 5418 I_Buj_us__
521 5342 714 5394 concilii
738 5345 1104 5418 et__legatorum
1146 5351 1369 5404 meminit
1399 5353 1669 5418 Aimoinus,
1706 5354 1743 5405 1.
1768 5368 1801 5406 v

185 5409 248 5460 de
269 5409 446 5461 Gestis
467 5409 668 5473 Franc.,
694 5423 741 5462 c.
767 5413 854 5463 35.

252 5520 282 5559 δ
313 5503 501 5567 Locus,
526 5505 584 5554 ut
605 5503 822 5571 videtur,
848 5507 1128 5561 mendosus.
1152 5510 1312 5562 iisan.

1938 504 2053 559 cari
2075 505 2411 578 praefectum,
2462 525 2656 565 verum
2703 512 2867 568 etiam
2916 530 3041 571 cum
3078 534 3182 589 pro
3209 520 3534 581 liberatione

1938 590 2099 645 totius
2122 593 2331 662 patria,
2365 603 2422 649 ut
2449 596 2609 651 nobis
2638 614 2673 653 a
2702 598 2913 657 Christo
2942 617 3077 658 cura
3105 608 3399 664 commissa
3424 619 3532 679 est,

1935 676 1992 731 in
2020 687 2229 734 vestras
2274 690 2457 751 partes
2485 685 2844 754 venissemus,
2876 705 2979 759 pro
3008 700 3162 748 certo
3189 693 3407 752 ﬁdelem
3434 676 3532 755 re;

1932 765 2177 835 perimus
2212 785 2225 821 :
2256 768 2489 842 ideoque
2518 782 2736 843 pactum
2767 778 2914 847 quod
2941 778 3144 848 petisti,
3178 790 3238 836 ut
3264 785 3532 854 promise-

1934 868 2118 908 ramus
2161 856 2452 926 pontiﬁcali
2495 876 2621 915 vera
2661 863 2963 920 assertione
2993 881 3028 921 a
3052 867 3251 925 dilecto
3279 870 3393 927 ﬁlio
3421 889 3530 930 no-

1934 947 2050 996 stro
2084 942 2282 998 Carolo
2318 935 2649 1016 imperatore
2686 953 2954 1022 Augusto,
2970 954 3096 1022 jure
3122 957 3279 1013 vobis
3300 959 3530 1016 ﬁrman-

1931 1027 2081 1098 dum,
2123 1038 2391 1100 potestate
2424 1051 2526 1105 per
2564 1046 2896 1095 revertentes
2926 1043 3270 1100 venerabiles
3316 1046 3528 1118 legatos
3610 1058 3613 1061 '

1929 1116 2194 1175 Ecclesiae
2220 1128 2418 1177 nostrae
2444 1132 2668 1194 accepta
2691 1126 2837 1195 juste
2865 1143 2932 1184 ac
2950 1128 3200 1201 legaliter
3217 1116 3529 1192 adfuturum

1931 1210 2172 1261 statuere
2200 1223 2388 1263 sumus
2406 1211 2618 1280 parati;
2641 1212 2912 1286 simulque
2930 1216 3062 1273 mihi
3082 1226 3136 1273 et
3155 1235 3299 1277 novo
3319 1224 3530 1295 agmini

1929 1292 2243 1348 comitatum
2271 1295 2397 1350 volo
2424 1299 2768 1369 praeparatis,
2790 1307 2850 1355 ut
2869 1302 3093 1359 dixerim
3114 1305 3191 1361 ita
3207 1292 3523 1381 hospitium,

1928 1376 2229 1452 ﬁdelesque
2252 1390 2468 1438 nostros
2498 1384 2734 1457 incoepta
2762 1389 3115 1448 corroborata
3150 1376 3426 1465 ﬁdelitate,
3458 1376 3527 1455 ac

1927 1464 2259 1556 inﬁdelibus,
2316 1479 2480 1541 prout
2534 1474 2781 1545 potestis,
2840 1475 3056 1533 frenum
3122 1481 3525 1556 redargutionis

1924 1552 2205 1625 imponite,
2238 1566 2600 1632 nostrumque
2651 1562 2965 1633 adventum,
3018 1567 3135 1624 Deo
3179 1552 3337 1640 duce,
3388 1588 3521 1644 spe-

1924 1649 2056 1698 rate.
2782 1724 2789 1731 _

2593 1737 2853 1795 XXXIII.

2005 1832 2080 1873 an
2118 1834 2404 1878 cauom
2440 1837 2701 1882 ABBA‘I'BH
2725 1843 3160 1889 mammam
3191 1846 3440 1902 manus

2561 1929 2880 1973 NONACHOS.

2038 2074 2043 2075 ί
2537 2018 2717 2090 (Anno
2755 2022 2905 2093 877.)

1922 2099 2157 2190 Illorum.
2166 2103 2389 2190 pmnia,
2419 2106 2507 2190 vel
2527 2110 2700 2190 regia,
2722 2111 2809 2165 vel
2834 2112 3513 2190 episcopaliaprinilegia,

1990 2173 2291 2247 pontiﬁcia
2316 2173 2696 2247 auctoritate
2719 2173 2927 2247 sancit,
2974 2173 3126 2238 αἱιηο
3170 2173 3380 2243 Christi
3397 2173 3515 2245 ’ἔτήὸ

1992 2243 2198 2329 quibus.
2214 2244 2379 2329 addit
2409 2250 2843 2329 ‘emcmiptionem
2884 2243 2952 2309 ab
3004 2255 3160 2310 omni
3213 2243 3516 2329 cujuslibet

1992 2311 2277 2369 antistitis
2294 2311 2723 2386 jurisdictione.

1986 2419 2073 2489 Ex_
2093 2421 2395 2489 autographo
2417 2422 2467 2472 in
2493 2424 2708 2488 philyra,
2760 2426 2941 2480 litteris
2988 2431 3257 2484 uncialibus
3291 2433 3516 2489 Gothicis

1918 2482 2181 2550 descripto,
2212 2482 2353 2552 longo
2376 2482 2523 2551 pedes
2545 2482 2744 2544 circiter
2765 2492 3043 2560 duodecim,
3068 2482 3334 2552 latoiduos'.

1988 2603 2245 2659 JOANNES
2275 2604 2586 2677 episcopus,
2640 2624 2830 2665 servus
2883 2628 3168 2670 servorum
3206 2615 3327 2682 Dei,
3370 2616 3512 2674 Gm-

1918 2705 2046 2746 LONI
2099 2691 2304 2762 inclyto
2356 2693 2562 2762 abbati,
2640 2696 2964 2771 dilectisque
3018 2700 3145 2757 ﬁliis
3199 2704 3403 2760 nostris
3455 2705 3516 2762 in

1916 2778 2175 2834 Tornutio
2202 2782 2556 2849 monasterio,
2580 2798 2613 2837 a
2631 2784 2895 2854 spirituali
2913 2785 3025 2844 ﬁlio
3050 2797 3241 2847 nostro
3269 2791 3515 2864 glorioso

1918 2866 2113 2923 Carolo
2142 2866 2469 2938 imperatore
2523 2872 2791 2943 Augusto,
2848 2883 3052 2932 sanctis
3081 2884 3138 2933 et
3175 2878 3526 2937 intemerata.

1917 2968 2242 3025 semperque
2291 2955 2493 3028 virgini
2523 2958 2625 3013 Dei
2651 2960 2903 3030 genitrici
2953 2963 3159 3032 Mariae,
3191 2974 3353 3038 atque
3379 2983 3516 3039 pre-

1915 3040 2058 3098 tioso
2100 3042 2400 3099 confessori
2448 3044 2665 3102 Christo
2711 3048 3009 3106 Philiberto
3053 3051 3251 3125 largito
3286 3055 3391 3110 sub
3417 3071 3515 3111 re-

1914 3129 2046 3201 gula
2073 3130 2246 3186 sancti
2276 3131 2555 3188 Benedicti
2582 3133 2837 3207 religiosa
2868 3140 3284 3199 conversatione
3312 3143 3516 3215 degen-

1913 3216 2078 3284 tibus,
2108 3233 2254 3274 nunc
2282 3226 2337 3274 et
2362 3220 2554 3276 futuris
2583 3223 2938 3292 temporibus,

1986 3303 2214 3372 Quando
2241 3306 2314 3360 ad
2370 3322 2437 3361 ea
2491 3324 2613 3379 quae
2665 3310 3063 3368 catholicorum
3116 3313 3509 3386 imperatorum

1911 3392 2082 3448 corda
2125 3392 2527 3463 pontiﬁcalibus
2571 3403 2698 3450 sunt
2742 3398 2963 3455 monitis
3008 3401 3374 3472 provocanda,
3431 3404 3504 3459 ita

1911 3479 2122 3536 ardenti
2168 3480 2462 3549 desiderio,
2510 3482 2692 3538 divina
2737 3487 3106 3556 praeveniente
3145 3490 3344 3563 gratia,
3392 3498 3502 3547 tam

1912 3568 2335 3637 succenduntur,
2371 3577 2431 3624 ut
2458 3569 2528 3625 ab
2554 3571 2634 3626 eis
2661 3571 2806 3629 ultro
2846 3583 3165 3645 pascantur,
3204 3586 3357 3635 tanto
3385 3579 3503 3635 ala-

1910 3655 1991 3711 cri
2018 3663 2073 3711 et
2100 3655 2224 3712 laeto
2269 3664 2395 3711 sunt
2439 3658 2623 3714 animo
2662 3661 3034 3732 concedenda,
3083 3672 3287 3736 quanto
3334 3672 3389 3722 et
3437 3681 3499 3723 ea

1909 3742 2030 3815 ipsa
2056 3759 2178 3815 quae
2224 3744 2465 3816 cupiunt,
2496 3745 2545 3801 si
2573 3745 2780 3804 nollent
2806 3747 3009 3817 facere,
3041 3751 3155 3822 peti
3181 3751 3482 3809 debuerant

1910 3831 2145 3887 Proinde
2168 3832 2323 3902 juxta
2351 3832 2554 3905 scripta
2581 3835 2834 3905 petitoris
2851 3834 2949 3892 ﬁlii
2975 3839 3169 3909 nostri,
3191 3839 3509 3911 praecellen-

1907 3920 2102 3975 tissimi
2149 3920 2490 3993 imperatoris
2545 3923 2743 3993 Caroli,
2792 3924 3103 3995 huiusmodi
3157 3927 3507 4001 privilegium

1907 4008 2190 4079 presentis
2239 4010 2581 4066 auctoritatis
2628 4019 2830 4068 nostrae
2858 4013 3099 4085 decreto,
3131 4015 3308 4072 eidem
3333 4032 3499 4074 vene-

1909 4096 2070 4151 rabili
2112 4098 2446 4154 monasterio
2485 4098 2682 4175 vestris
2710 4100 3017 4174 futurisque
3046 4104 3383 4175 temporibus
3411 4105 3502 4160 in-

1906 4184 2216 4257 dulgemus,
2250 4186 2597 4242 concedimus
2626 4196 2788 4259 atque
2812 4188 3200 4247 conﬁrmamus
3232 4210 3245 4247 :
3275 4199 3335 4248 ut
3360 4192 3506 4250 sicut

1905 4270 2023 4342 ipse
2097 4272 2526 4345 gloriosissimus
2593 4273 2737 4330 ﬁlius
2790 4284 2995 4344 noster,
3069 4279 3255 4335 divino
3304 4279 3502 4336 ductus

1904 4374 2110 4429 amore,
2142 4360 2211 4416 de
2259 4360 2402 4416 villis
2429 4374 2497 4416 ac
2535 4360 2894 4429 facultatibus,
2928 4379 3027 4419 seu
3056 4364 3339 4435 stipendiis
3367 4380 3500 4437 spe-

1834 4448 1886 4508 D
1905 4446 2119 4502 cialiter
2144 4448 2540 4503 monachorum
2568 4456 2623 4502 et
2653 4448 2900 4506 ecclesia
2927 4459 3390 4522 ornamentorum,
3410 4453 3502 4509 vel

1903 4533 2328 4601 luminariorum,
2384 4550 2450 4591 ac
2496 4535 3009 4606 matriculariorum,
3060 4554 3157 4595 seu
3197 4540 3494 4610 hospitum,

1904 4629 2067 4693 atque
2094 4638 2398 4694 pauperum
2444 4623 2636 4679 usibus
2672 4633 2902 4693 servata,
2936 4626 3028 4682 vel
3056 4627 3375 4683 emeliorata
3401 4642 3500 4684 seu

1903 4718 2062 4765 aucta
2091 4710 2434 4767 ordinatione
2462 4720 2740 4784 praecepto
2768 4728 2882 4769 sua:
2909 4713 3239 4770 auctoritatis
3265 4712 3502 4771 ﬁrmavit

1901 4798 2250 4872 privilegium
2298 4800 2445 4872 quod
2490 4800 2888 4857 venerabilibus
2941 4801 3196 4857 fratribus
3250 4817 3318 4859 ac
3372 4802 3499 4860 ﬁliis

1901 4887 2104 4943 nostris
2153 4887 2427 4960 episcOpis
2475 4888 2689 4944 illarum
2728 4888 3017 4961 regionum
3062 4888 3184 4945 ﬁeri
3214 4898 3268 4946 et
3295 4890 3502 4949 conﬁr-

1901 4974 2041 5029 mari
2072 4974 2234 5043 fecit;
2266 4976 2345 5032 ita
2373 4976 2511 5031 sicut
2559 4976 2753 5031 eodem
2798 4976 3089 5050 privilegio
3138 4986 3303 5051 atque
3349 4996 3500 5051 prse-

1901 5063 2092 5134 ceptis,
2122 5063 2182 5119 in
2209 5064 2402 5133 primis
2429 5062 2524 5117 ﬁlii
2552 5063 2725 5118 nostri
2754 5062 2933 5119 Caroli
2963 5065 3160 5122 exinde
3189 5066 3347 5123 factis
3376 5082 3504 5123 con-

1901 5150 2158 5218 tinentur,
2188 5159 2454 5222 perpetuo
2482 5149 2804 5207 inconvulsa
2837 5162 3206 5224 permaneant.
3239 5153 3498 5223 Quamvis

1901 5238 2048 5295 enim
2092 5239 2237 5295 fama
2283 5238 2443 5293 fuerit
2472 5236 2578 5295 hoc
2606 5239 2848 5297 tenuisse
2873 5242 2944 5298 ad
2973 5241 3345 5314 episcopatum
3375 5244 3497 5299 Ma-

1964 5372 1987 5401 ¢
2010 5365 2080 5415 De
2100 5363 2346 5416 Guaiferio
2369 5362 2588 5428 principe
2623 5363 2931 5418 Salernitano
2957 5368 3056 5420 Leo
3099 5366 3356 5433 episcopus
3407 5369 3502 5422 Os-

1898 5447 2068 5500 tiensis
2089 5448 2214 5499 libro
2242 5461 2259 5499 l
2285 5447 2459 5499 chron.
2485 5449 2622 5500 Cass.
2648 5462 2695 5501 c.
2721 5449 2785 5499 42
2809 5454 2859 5501 et
2871 5451 2957 5502 44.
