  <div class='ocr_page' id='page_1' title='image "/cluster/home/n/w/nwhite01/storage/ocr_20150623/126/hvd.32044052819513/349.png"; bbox 0 0 4020 6178; ppageno 0'>
   <div class='ocr_carea' id='block_1_1' title="bbox 519 287 623 342">
    <p class='ocr_par' dir='ltr' id='par_1_1' title="bbox 519 287 623 342">
     <span class='ocr_line' id='line_1_1' title="bbox 519 287 623 342; baseline -0.019 0"><span class='ocrx_word' id='word_1_1' title='bbox 519 287 623 342; x_wconf 78' lang='lat'><strong>687</strong></span> 
     </span>
    </p>
   </div>
   <div class='ocr_carea' id='block_1_2' title="bbox 1739 277 2539 348">
    <p class='ocr_par' dir='ltr' id='par_1_2' title="bbox 1739 277 2539 348">
     <span class='ocr_line' id='line_1_2' title="bbox 1739 277 2539 348; baseline 0.001 -16"><span class='ocrx_word' id='word_1_2' title='bbox 1739 345 1742 348; x_wconf 29' lang='grc'>,</span> <span class='ocrx_word' id='word_1_3' title='bbox 1793 277 2090 332; x_wconf 80' lang='lat' dir='ltr'><strong>JOANNIS</strong></span> <span class='ocrx_word' id='word_1_4' title='bbox 2149 277 2343 332; x_wconf 65' lang='lat' dir='ltr'><strong>PAPzE</strong></span> <span class='ocrx_word' id='word_1_5' title='bbox 2395 279 2539 333; x_wconf 72' lang='lat' dir='ltr'><strong>VIII.</strong></span> 
     </span>
    </p>
   </div>
   <div class='ocr_carea' id='block_1_3' title="bbox 3709 281 3806 332">
    <p class='ocr_par' dir='ltr' id='par_1_3' title="bbox 3709 281 3806 332">
     <span class='ocr_line' id='line_1_3' title="bbox 3709 281 3806 332; baseline 0 0"><span class='ocrx_word' id='word_1_6' title='bbox 3709 281 3806 332; x_wconf 83' lang='lat'><strong>688</strong></span> 
     </span>
    </p>
   </div>
   <div class='ocr_carea' id='block_1_4' title="bbox 521 387 3810 476">
    <p class='ocr_par' dir='ltr' id='par_1_4' title="bbox 521 387 3810 476">
     <span class='ocr_line' id='line_1_4' title="bbox 521 387 3810 476; baseline -0.002 -14"><span class='ocrx_word' id='word_1_7' title='bbox 521 409 906 472; x_wconf 83' lang='lat' dir='ltr'><strong>tisconensem,</strong></span> <span class='ocrx_word' id='word_1_8' title='bbox 965 405 1220 476; x_wconf 87' lang='lat' dir='ltr'><strong>nullaque</strong></span> <span class='ocrx_word' id='word_1_9' title='bbox 1277 387 1350 457; x_wconf 85' lang='lat' dir='ltr'><strong>ibi</strong></span> <span class='ocrx_word' id='word_1_10' title='bbox 1405 401 1724 458; x_wconf 87' lang='lat' dir='ltr'><strong>auctoritate</strong></span> <span class='ocrx_word' id='word_1_11' title='bbox 1781 417 1886 472; x_wconf 87' lang='lat' dir='ltr'><strong>qua</strong></span> <span class='ocrx_word' id='word_1_12' title='bbox 1943 400 2117 455; x_wconf 80' lang='lat' dir='ltr'><strong>teneri</strong></span> <span class='ocrx_word' id='word_1_13' title='bbox 2147 403 2200 462; x_wconf 88' lang='lat' dir='ltr'><strong>A</strong></span> <span class='ocrx_word' id='word_1_14' title='bbox 2223 401 2458 455; x_wconf 90' lang='lat' dir='ltr'><strong>lentibus</strong></span> <span class='ocrx_word' id='word_1_15' title='bbox 2501 401 2766 456; x_wconf 90' lang='lat' dir='ltr'><strong>benevola</strong></span> <span class='ocrx_word' id='word_1_16' title='bbox 2793 402 3170 471; x_wconf 88' lang='lat' dir='ltr'><strong>compassione</strong></span> <span class='ocrx_word' id='word_1_17' title='bbox 3197 416 3534 466; x_wconf 80' lang='lat' dir='ltr'><strong>succurrere,</strong></span> <span class='ocrx_word' id='word_1_18' title='bbox 3575 416 3810 470; x_wconf 90' lang='lat' dir='ltr'><strong>poscen-</strong></span> 
     </span>
    </p>
   </div>
   <div class='ocr_carea' id='block_1_5' title="bbox 521 487 2112 566">
    <p class='ocr_par' dir='ltr' id='par_1_5' title="bbox 521 487 2112 566">
     <span class='ocr_line' id='line_1_5' title="bbox 521 487 2112 566; baseline -0.006 -16"><span class='ocrx_word' id='word_1_19' title='bbox 521 496 696 566; x_wconf 87' lang='lat' dir='ltr'><strong>possit</strong></span> <span class='ocrx_word' id='word_1_20' title='bbox 724 495 1036 562; x_wconf 90' lang='lat' dir='ltr'><strong>adjunctum</strong></span> <span class='ocrx_word' id='word_1_21' title='bbox 1059 493 1224 564; x_wconf 83' lang='lat' dir='ltr'><strong>longo</strong></span> <span class='ocrx_word' id='word_1_22' title='bbox 1245 491 1638 545; x_wconf 90' lang='lat' dir='ltr'><strong>interveniente</strong></span> <span class='ocrx_word' id='word_1_23' title='bbox 1670 499 1912 558; x_wconf 83' lang='lat' dir='ltr'><strong>tempore</strong></span> <span class='ocrx_word' id='word_1_24' title='bbox 1933 487 2112 550; x_wconf 85' lang='lat' dir='ltr'><strong>fuerit,</strong></span> 
     </span>
    </p>
   </div>
   <div class='ocr_carea' id='block_1_6' title="bbox 526 576 2121 651">
    <p class='ocr_par' dir='ltr' id='par_1_6' title="bbox 526 576 2121 651">
     <span class='ocr_line' id='line_1_6' title="bbox 526 576 2121 651; baseline -0.007 -13"><span class='ocrx_word' id='word_1_25' title='bbox 526 583 724 638; x_wconf 91' lang='lat' dir='ltr'><strong>melius</strong></span> <span class='ocrx_word' id='word_1_26' title='bbox 753 582 1031 651; x_wconf 86' lang='lat' dir='ltr'><strong>multoque</strong></span> <span class='ocrx_word' id='word_1_27' title='bbox 1061 579 1300 634; x_wconf 88' lang='lat' dir='ltr'><strong>sanctius</strong></span> <span class='ocrx_word' id='word_1_28' title='bbox 1321 577 1634 648; x_wconf 81' lang='lat' dir='ltr'><strong>apostolicae</strong></span> <span class='ocrx_word' id='word_1_29' title='bbox 1655 576 1999 630; x_wconf 83' lang='lat' dir='ltr'><strong>discretionis</strong></span> <span class='ocrx_word' id='word_1_30' title='bbox 2029 591 2121 628; x_wconf 84' lang='lat' dir='ltr'><strong>no-</strong></span> 
     </span>
    </p>
   </div>
   <div class='ocr_carea' id='block_1_7' title="bbox 528 663 2118 732">
    <p class='ocr_par' dir='ltr' id='par_1_7' title="bbox 528 663 2118 732">
     <span class='ocr_line' id='line_1_7' title="bbox 528 663 2118 732; baseline -0.006 -8"><span class='ocrx_word' id='word_1_31' title='bbox 528 679 656 724; x_wconf 59' lang='lat' dir='ltr'><strong>stre</strong></span> <span class='ocrx_word' id='word_1_32' title='bbox 685 670 862 724; x_wconf 90' lang='lat' dir='ltr'><strong>visum</strong></span> <span class='ocrx_word' id='word_1_33' title='bbox 892 668 988 722; x_wconf 82' lang='lat' dir='ltr'><strong>fuit</strong></span> <span class='ocrx_word' id='word_1_34' title='bbox 1017 677 1068 720; x_wconf 91' lang='lat' dir='ltr'><strong>ut</strong></span> <span class='ocrx_word' id='word_1_35' title='bbox 1103 665 1414 720; x_wconf 87' lang='lat' dir='ltr'><strong>monasticis</strong></span> <span class='ocrx_word' id='word_1_36' title='bbox 1435 663 1756 718; x_wconf 83' lang='lat' dir='ltr'><strong>utilitatibus</strong></span> <span class='ocrx_word' id='word_1_37' title='bbox 1779 663 1834 715; x_wconf 92' lang='lat' dir='ltr'><strong>in</strong></span> <span class='ocrx_word' id='word_1_38' title='bbox 1855 663 2118 732; x_wconf 72' lang='lat' dir='ltr'><strong>praedicto</strong></span> 
     </span>
    </p>
   </div>
   <div class='ocr_carea' id='block_1_8' title="bbox 526 749 2118 823">
    <p class='ocr_par' dir='ltr' id='par_1_8' title="bbox 526 749 2118 823">
     <span class='ocr_line' id='line_1_8' title="bbox 526 749 2118 823; baseline -0.006 -11"><span class='ocrx_word' id='word_1_39' title='bbox 526 756 856 812; x_wconf 89' lang='lat' dir='ltr'><strong>monasterio</strong></span> <span class='ocrx_word' id='word_1_40' title='bbox 885 753 1252 822; x_wconf 83' lang='lat' dir='ltr'><strong>conﬁrmetur,</strong></span> <span class='ocrx_word' id='word_1_41' title='bbox 1287 769 1448 823; x_wconf 86' lang='lat' dir='ltr'><strong>quam</strong></span> <span class='ocrx_word' id='word_1_42' title='bbox 1478 751 1762 806; x_wconf 91' lang='lat' dir='ltr'><strong>laicalibus</strong></span> <span class='ocrx_word' id='word_1_43' title='bbox 1793 751 1909 804; x_wconf 89' lang='lat' dir='ltr'><strong>sine</strong></span> <span class='ocrx_word' id='word_1_44' title='bbox 1939 749 2118 818; x_wconf 89' lang='lat' dir='ltr'><strong>aliqua</strong></span> 
     </span>
    </p>
   </div>
   <div class='ocr_carea' id='block_1_9' title="bbox 524 837 2119 914">
    <p class='ocr_par' dir='ltr' id='par_1_9' title="bbox 524 837 2119 914">
     <span class='ocr_line' id='line_1_9' title="bbox 524 837 2119 914; baseline -0.005 -16"><span class='ocrx_word' id='word_1_45' title='bbox 524 843 877 914; x_wconf 89' lang='lat' dir='ltr'><strong>acquisitione</strong></span> <span class='ocrx_word' id='word_1_46' title='bbox 941 849 1248 896; x_wconf 85' lang='lat' dir='ltr'><strong>sanctorum</strong></span> <span class='ocrx_word' id='word_1_47' title='bbox 1309 841 1551 894; x_wconf 89' lang='lat' dir='ltr'><strong>locorum</strong></span> <span class='ocrx_word' id='word_1_48' title='bbox 1612 837 2119 907; x_wconf 84' lang='lat' dir='ltr'><strong>depOpulationibus</strong></span> 
     </span>
    </p>
   </div>
   <div class='ocr_carea' id='block_1_10' title="bbox 525 925 2118 1002">
    <p class='ocr_par' dir='ltr' id='par_1_10' title="bbox 525 925 2118 1002">
     <span class='ocr_line' id='line_1_10' title="bbox 525 925 2118 1002; baseline -0.005 -16"><span class='ocrx_word' id='word_1_49' title='bbox 525 931 884 1002; x_wconf 90' lang='lat' dir='ltr'><strong>indulgeatur.</strong></span> <span class='ocrx_word' id='word_1_50' title='bbox 937 928 1321 982; x_wconf 90' lang='lat' dir='ltr'><strong>Constituimus</strong></span> <span class='ocrx_word' id='word_1_51' title='bbox 1347 927 1446 980; x_wconf 87' lang='lat' dir='ltr'><strong>alia</strong></span> <span class='ocrx_word' id='word_1_52' title='bbox 1496 925 1810 980; x_wconf 85' lang='lat' dir='ltr'><strong>auctoritate</strong></span> <span class='ocrx_word' id='word_1_53' title='bbox 1841 925 1982 978; x_wconf 88' lang='lat' dir='ltr'><strong>beati</strong></span> <span class='ocrx_word' id='word_1_54' title='bbox 2013 925 2118 978; x_wconf 90' lang='lat' dir='ltr'><strong>Pe-</strong></span> 
     </span>
    </p>
   </div>
   <div class='ocr_carea' id='block_1_11' title="bbox 523 1013 2116 1086">
    <p class='ocr_par' dir='ltr' id='par_1_11' title="bbox 523 1013 2116 1086">
     <span class='ocr_line' id='line_1_11' title="bbox 523 1013 2116 1086; baseline -0.006 -13"><span class='ocrx_word' id='word_1_55' title='bbox 523 1019 594 1073; x_wconf 92' lang='lat' dir='ltr'><strong>tri</strong></span> <span class='ocrx_word' id='word_1_56' title='bbox 625 1026 682 1072; x_wconf 91' lang='lat' dir='ltr'><strong>ut</strong></span> <span class='ocrx_word' id='word_1_57' title='bbox 711 1018 892 1071; x_wconf 90' lang='lat' dir='ltr'><strong>nullus</strong></span> <span class='ocrx_word' id='word_1_58' title='bbox 937 1033 1148 1086; x_wconf 88' lang='lat' dir='ltr'><strong>regum,</strong></span> <span class='ocrx_word' id='word_1_59' title='bbox 1197 1031 1357 1070; x_wconf 91' lang='lat' dir='ltr'><strong>nemo</strong></span> <span class='ocrx_word' id='word_1_60' title='bbox 1396 1015 1695 1068; x_wconf 88' lang='lat' dir='ltr'><strong>antistitum</strong></span> <span class='ocrx_word' id='word_1_61' title='bbox 1725 1013 1808 1068; x_wconf 87' lang='lat' dir='ltr'><strong>vel</strong></span> <span class='ocrx_word' id='word_1_62' title='bbox 1839 1013 2116 1076; x_wconf 76' lang='lat' dir='ltr'><strong>abbatum,</strong></span> 
     </span>
    </p>
   </div>
   <div class='ocr_carea' id='block_1_12' title="bbox 528 1099 2119 1177">
    <p class='ocr_par' dir='ltr' id='par_1_12' title="bbox 528 1099 2119 1177">
     <span class='ocr_line' id='line_1_12' title="bbox 528 1099 2119 1177; baseline -0.005 -15"><span class='ocrx_word' id='word_1_63' title='bbox 528 1123 624 1162; x_wconf 84' lang='lat' dir='ltr'><strong>seu</strong></span> <span class='ocrx_word' id='word_1_64' title='bbox 674 1106 896 1177; x_wconf 88' lang='lat' dir='ltr'><strong>quilibet</strong></span> <span class='ocrx_word' id='word_1_65' title='bbox 943 1120 1266 1176; x_wconf 89' lang='lat' dir='ltr'><strong>quacunque</strong></span> <span class='ocrx_word' id='word_1_66' title='bbox 1315 1103 1572 1172; x_wconf 67' lang='lat' dir='ltr'><strong>praeditus</strong></span> <span class='ocrx_word' id='word_1_67' title='bbox 1612 1101 1896 1171; x_wconf 82' lang='lat' dir='ltr'><strong>dignitate,</strong></span> <span class='ocrx_word' id='word_1_68' title='bbox 1939 1101 2006 1154; x_wconf 90' lang='lat' dir='ltr'><strong>de</strong></span> <span class='ocrx_word' id='word_1_69' title='bbox 2035 1099 2119 1154; x_wconf 89' lang='lat' dir='ltr'><strong>his</strong></span> 
     </span>
    </p>
   </div>
   <div class='ocr_carea' id='block_1_13' title="bbox 527 1186 2120 1266">
    <p class='ocr_par' dir='ltr' id='par_1_13' title="bbox 527 1186 2120 1266">
     <span class='ocr_line' id='line_1_13' title="bbox 527 1186 2120 1266; baseline -0.005 -18"><span class='ocrx_word' id='word_1_70' title='bbox 527 1194 618 1266; x_wconf 89' lang='lat' dir='ltr'><strong>qui</strong></span> <span class='ocrx_word' id='word_1_71' title='bbox 649 1194 704 1248; x_wconf 90' lang='lat' dir='ltr'><strong>in</strong></span> <span class='ocrx_word' id='word_1_72' title='bbox 735 1193 962 1262; x_wconf 70' lang='lat' dir='ltr'><strong>prazfato</strong></span> <span class='ocrx_word' id='word_1_73' title='bbox 993 1191 1282 1264; x_wconf 90' lang='lat' dir='ltr'><strong>privilegio</strong></span> <span class='ocrx_word' id='word_1_74' title='bbox 1311 1207 1408 1248; x_wconf 88' lang='lat' dir='ltr'><strong>seu</strong></span> <span class='ocrx_word' id='word_1_75' title='bbox 1437 1191 1492 1244; x_wconf 91' lang='lat' dir='ltr'><strong>in</strong></span> <span class='ocrx_word' id='word_1_76' title='bbox 1519 1189 1804 1260; x_wconf 63' lang='lat' dir='ltr'><strong>praeceptis</strong></span> <span class='ocrx_word' id='word_1_77' title='bbox 1826 1189 1994 1258; x_wconf 88' lang='lat' dir='ltr'><strong>ipsius</strong></span> <span class='ocrx_word' id='word_1_78' title='bbox 2025 1186 2120 1240; x_wconf 83' lang='lat' dir='ltr'><strong>ﬁlii</strong></span> 
     </span>
    </p>
   </div>
   <div class='ocr_carea' id='block_1_14' title="bbox 525 1275 2118 1348">
    <p class='ocr_par' dir='ltr' id='par_1_14' title="bbox 525 1275 2118 1348">
     <span class='ocr_line' id='line_1_14' title="bbox 525 1275 2118 1348; baseline -0.006 -12"><span class='ocrx_word' id='word_1_79' title='bbox 525 1282 698 1336; x_wconf 88' lang='lat' dir='ltr'><strong>nostri</strong></span> <span class='ocrx_word' id='word_1_80' title='bbox 747 1281 924 1336; x_wconf 86' lang='lat' dir='ltr'><strong>Caroli</strong></span> <span class='ocrx_word' id='word_1_81' title='bbox 969 1297 1032 1334; x_wconf 86' lang='lat' dir='ltr'><strong>ex</strong></span> <span class='ocrx_word' id='word_1_82' title='bbox 1079 1280 1166 1333; x_wconf 84' lang='lat' dir='ltr'><strong>his</strong></span> <span class='ocrx_word' id='word_1_83' title='bbox 1195 1295 1316 1348; x_wconf 66' lang='lat' dir='ltr'><strong>quae</strong></span> <span class='ocrx_word' id='word_1_84' title='bbox 1361 1277 1724 1348; x_wconf 66' lang='lat' dir='ltr'><strong>praemisimus</strong></span> <span class='ocrx_word' id='word_1_85' title='bbox 1753 1275 1910 1330; x_wconf 91' lang='lat' dir='ltr'><strong>factis</strong></span> <span class='ocrx_word' id='word_1_86' title='bbox 1939 1275 2118 1330; x_wconf 91' lang='lat' dir='ltr'><strong>conti-</strong></span> 
     </span>
    </p>
   </div>
   <div class='ocr_carea' id='block_1_15' title="bbox 524 1363 2118 1434">
    <p class='ocr_par' dir='ltr' id='par_1_15' title="bbox 524 1363 2118 1434">
     <span class='ocr_line' id='line_1_15' title="bbox 524 1363 2118 1434; baseline -0.006 -10"><span class='ocrx_word' id='word_1_87' title='bbox 524 1377 743 1434; x_wconf 87' lang='lat' dir='ltr'><strong>nentur,</strong></span> <span class='ocrx_word' id='word_1_88' title='bbox 777 1368 866 1424; x_wconf 91' lang='lat' dir='ltr'><strong>vel</strong></span> <span class='ocrx_word' id='word_1_89' title='bbox 895 1369 948 1422; x_wconf 91' lang='lat' dir='ltr'><strong>in</strong></span> <span class='ocrx_word' id='word_1_90' title='bbox 979 1367 1179 1430; x_wconf 91' lang='lat' dir='ltr'><strong>futuro,</strong></span> <span class='ocrx_word' id='word_1_91' title='bbox 1231 1366 1299 1419; x_wconf 89' lang='lat' dir='ltr'><strong>ab</strong></span> <span class='ocrx_word' id='word_1_92' title='bbox 1349 1381 1414 1420; x_wconf 92' lang='lat' dir='ltr'><strong>eo</strong></span> <span class='ocrx_word' id='word_1_93' title='bbox 1443 1365 1530 1418; x_wconf 85' lang='lat' dir='ltr'><strong>vel</strong></span> <span class='ocrx_word' id='word_1_94' title='bbox 1559 1379 1590 1417; x_wconf 91' lang='lat' dir='ltr'><strong>a</strong></span> <span class='ocrx_word' id='word_1_95' title='bbox 1623 1363 1950 1434; x_wconf 88' lang='lat' dir='ltr'><strong>quibuslibet</strong></span> <span class='ocrx_word' id='word_1_96' title='bbox 1997 1363 2118 1416; x_wconf 88' lang='lat' dir='ltr'><strong>aliis</strong></span> 
     </span>
    </p>
   </div>
   <div class='ocr_carea' id='block_1_16' title="bbox 522 1449 2112 1526">
    <p class='ocr_par' dir='ltr' id='par_1_16' title="bbox 522 1449 2112 1526">
     <span class='ocr_line' id='line_1_16' title="bbox 522 1449 2112 1526; baseline -0.007 -14"><span class='ocrx_word' id='word_1_97' title='bbox 522 1457 592 1512; x_wconf 89' lang='lat' dir='ltr'><strong>de</strong></span> <span class='ocrx_word' id='word_1_98' title='bbox 621 1455 840 1526; x_wconf 89' lang='lat' dir='ltr'><strong>pr0prio</strong></span> <span class='ocrx_word' id='word_1_99' title='bbox 873 1454 1070 1509; x_wconf 83' lang='lat' dir='ltr'><strong>fuerint</strong></span> <span class='ocrx_word' id='word_1_100' title='bbox 1099 1453 1182 1507; x_wconf 90' lang='lat' dir='ltr'><strong>his</strong></span> <span class='ocrx_word' id='word_1_101' title='bbox 1213 1453 1537 1523; x_wconf 87' lang='lat' dir='ltr'><strong>specialibus</strong></span> <span class='ocrx_word' id='word_1_102' title='bbox 1557 1451 1876 1518; x_wconf 88' lang='lat' dir='ltr'><strong>usibusjure</strong></span> <span class='ocrx_word' id='word_1_103' title='bbox 1898 1449 2112 1516; x_wconf 89' lang='lat' dir='ltr'><strong>collata,</strong></span> 
     </span>
    </p>
   </div>
   <div class='ocr_carea' id='block_1_17' title="bbox 525 1537 2115 1612">
    <p class='ocr_par' dir='ltr' id='par_1_17' title="bbox 525 1537 2115 1612">
     <span class='ocr_line' id='line_1_17' title="bbox 525 1537 2115 1612; baseline -0.004 -16"><span class='ocrx_word' id='word_1_104' title='bbox 525 1544 626 1598; x_wconf 86' lang='lat' dir='ltr'><strong>sub</strong></span> <span class='ocrx_word' id='word_1_105' title='bbox 657 1543 942 1612; x_wconf 77' lang='lat' dir='ltr'><strong>cujuslibet</strong></span> <span class='ocrx_word' id='word_1_106' title='bbox 984 1557 1166 1598; x_wconf 74' lang='lat' dir='ltr'><strong>causa:</strong></span> <span class='ocrx_word' id='word_1_107' title='bbox 1211 1540 1500 1596; x_wconf 87' lang='lat' dir='ltr'><strong>occasione</strong></span> <span class='ocrx_word' id='word_1_108' title='bbox 1541 1539 1656 1594; x_wconf 88' lang='lat' dir='ltr'><strong>sive</strong></span> <span class='ocrx_word' id='word_1_109' title='bbox 1705 1539 1909 1608; x_wconf 84' lang='lat' dir='ltr'><strong>specie,</strong></span> <span class='ocrx_word' id='word_1_110' title='bbox 1953 1537 2115 1607; x_wconf 81' lang='lat' dir='ltr'><strong>quid-</strong></span> 
     </span>
    </p>
   </div>
   <div class='ocr_carea' id='block_1_18' title="bbox 525 1625 2116 1701">
    <p class='ocr_par' dir='ltr' id='par_1_18' title="bbox 525 1625 2116 1701">
     <span class='ocr_line' id='line_1_18' title="bbox 525 1625 2116 1701; baseline -0.004 -16"><span class='ocrx_word' id='word_1_111' title='bbox 525 1647 690 1701; x_wconf 88' lang='lat' dir='ltr'><strong>quam</strong></span> <span class='ocrx_word' id='word_1_112' title='bbox 737 1631 978 1684; x_wconf 87' lang='lat' dir='ltr'><strong>minuere</strong></span> <span class='ocrx_word' id='word_1_113' title='bbox 1027 1629 1116 1684; x_wconf 90' lang='lat' dir='ltr'><strong>vel</strong></span> <span class='ocrx_word' id='word_1_114' title='bbox 1159 1628 1393 1692; x_wconf 88' lang='lat' dir='ltr'><strong>auferre,</strong></span> <span class='ocrx_word' id='word_1_115' title='bbox 1434 1629 1547 1682; x_wconf 89' lang='lat' dir='ltr'><strong>sive</strong></span> <span class='ocrx_word' id='word_1_116' title='bbox 1577 1627 1690 1680; x_wconf 90' lang='lat' dir='ltr'><strong>suis</strong></span> <span class='ocrx_word' id='word_1_117' title='bbox 1719 1627 1906 1680; x_wconf 87' lang='lat' dir='ltr'><strong>usibus</strong></span> <span class='ocrx_word' id='word_1_118' title='bbox 1937 1625 2116 1695; x_wconf 89' lang='lat' dir='ltr'><strong>appli—</strong></span> 
     </span>
    </p>
   </div>
   <div class='ocr_carea' id='block_1_19' title="bbox 523 1713 2114 1787">
    <p class='ocr_par' dir='ltr' id='par_1_19' title="bbox 523 1713 2114 1787">
     <span class='ocr_line' id='line_1_19' title="bbox 523 1713 2114 1787; baseline -0.003 -14"><span class='ocrx_word' id='word_1_119' title='bbox 523 1733 672 1784; x_wconf 90' lang='lat' dir='ltr'><strong>care,</strong></span> <span class='ocrx_word' id='word_1_120' title='bbox 705 1718 791 1773; x_wconf 89' lang='lat' dir='ltr'><strong>vel</strong></span> <span class='ocrx_word' id='word_1_121' title='bbox 838 1718 958 1772; x_wconf 90' lang='lat' dir='ltr'><strong>aliis</strong></span> <span class='ocrx_word' id='word_1_122' title='bbox 1008 1717 1160 1787; x_wconf 88' lang='lat' dir='ltr'><strong>quasi</strong></span> <span class='ocrx_word' id='word_1_123' title='bbox 1205 1713 1308 1786; x_wconf 88' lang='lat' dir='ltr'><strong>piis</strong></span> <span class='ocrx_word' id='word_1_124' title='bbox 1355 1715 1536 1772; x_wconf 86' lang='lat' dir='ltr'><strong>causis</strong></span> <span class='ocrx_word' id='word_1_125' title='bbox 1585 1731 1686 1786; x_wconf 87' lang='lat' dir='ltr'><strong>pro</strong></span> <span class='ocrx_word' id='word_1_126' title='bbox 1719 1731 1829 1768; x_wconf 74' lang='lat' dir='ltr'><strong>suae</strong></span> <span class='ocrx_word' id='word_1_127' title='bbox 1875 1713 2114 1768; x_wconf 65' lang='lat' dir='ltr'><strong>avaritiae</strong></span> 
     </span>
    </p>
   </div>
   <div class='ocr_carea' id='block_1_20' title="bbox 520 1803 2105 1875">
    <p class='ocr_par' dir='ltr' id='par_1_20' title="bbox 520 1803 2105 1875">
     <span class='ocr_line' id='line_1_20' title="bbox 520 1803 2105 1875; baseline -0.004 -13"><span class='ocrx_word' id='word_1_128' title='bbox 520 1807 870 1862; x_wconf 81' lang='lat' dir='ltr'><strong>excusatione</strong></span> <span class='ocrx_word' id='word_1_129' title='bbox 899 1812 1190 1875; x_wconf 70' lang='lat' dir='ltr'><strong>praesumat</strong></span> <span class='ocrx_word' id='word_1_130' title='bbox 1233 1804 1536 1860; x_wconf 87' lang='lat' dir='ltr'><strong>concedere</strong></span> <span class='ocrx_word' id='word_1_131' title='bbox 1571 1820 1583 1856; x_wconf 95' lang='lat'><strong>:</strong></span> <span class='ocrx_word' id='word_1_132' title='bbox 1617 1803 1714 1858; x_wconf 90' lang='lat' dir='ltr'><strong>sed</strong></span> <span class='ocrx_word' id='word_1_133' title='bbox 1760 1809 1953 1857; x_wconf 90' lang='lat' dir='ltr'><strong>cuncta</strong></span> <span class='ocrx_word' id='word_1_134' title='bbox 1983 1817 2105 1872; x_wconf 66' lang='lat' dir='ltr'><strong>quae</strong></span> 
     </span>
    </p>
   </div>
   <div class='ocr_carea' id='block_1_21' title="bbox 520 1890 2116 1964">
    <p class='ocr_par' dir='ltr' id='par_1_21' title="bbox 520 1890 2116 1964">
     <span class='ocr_line' id='line_1_21' title="bbox 520 1890 2116 1964; baseline -0.005 -16"><span class='ocrx_word' id='word_1_135' title='bbox 520 1893 760 1964; x_wconf 65' lang='lat' dir='ltr'><strong>praefatis</strong></span> <span class='ocrx_word' id='word_1_136' title='bbox 805 1894 992 1947; x_wconf 86' lang='lat' dir='ltr'><strong>usibus</strong></span> <span class='ocrx_word' id='word_1_137' title='bbox 1041 1893 1430 1947; x_wconf 87' lang='lat' dir='ltr'><strong>monachorum</strong></span> <span class='ocrx_word' id='word_1_138' title='bbox 1459 1899 1512 1946; x_wconf 91' lang='lat' dir='ltr'><strong>et</strong></span> <span class='ocrx_word' id='word_1_139' title='bbox 1543 1890 1790 1946; x_wconf 66' lang='lat' dir='ltr'><strong>ecclesiae</strong></span> <span class='ocrx_word' id='word_1_140' title='bbox 1825 1905 2116 1944; x_wconf 89' lang='lat' dir='ltr'><strong>ornamen-</strong></span> 
     </span>
    </p>
   </div>
   <div class='ocr_carea' id='block_1_22' title="bbox 521 1976 2114 2050">
    <p class='ocr_par' dir='ltr' id='par_1_22' title="bbox 521 1976 2114 2050">
     <span class='ocr_line' id='line_1_22' title="bbox 521 1976 2114 2050; baseline -0.004 -15"><span class='ocrx_word' id='word_1_141' title='bbox 521 1989 716 2050; x_wconf 87' lang='lat' dir='ltr'><strong>torum,</strong></span> <span class='ocrx_word' id='word_1_142' title='bbox 741 1981 826 2036; x_wconf 91' lang='lat' dir='ltr'><strong>vel</strong></span> <span class='ocrx_word' id='word_1_143' title='bbox 855 1979 1284 2044; x_wconf 89' lang='lat' dir='ltr'><strong>luminariorum,</strong></span> <span class='ocrx_word' id='word_1_144' title='bbox 1309 1979 1816 2042; x_wconf 87' lang='lat' dir='ltr'><strong>matriculariorum,</strong></span> <span class='ocrx_word' id='word_1_145' title='bbox 1841 1976 2114 2046; x_wconf 87' lang='lat' dir='ltr'><strong>hospitum</strong></span> 
     </span>
    </p>
   </div>
   <div class='ocr_carea' id='block_1_23' title="bbox 523 2064 2110 2140">
    <p class='ocr_par' dir='ltr' id='par_1_23' title="bbox 523 2064 2110 2140">
     <span class='ocr_line' id='line_1_23' title="bbox 523 2064 2110 2140; baseline -0.005 -16"><span class='ocrx_word' id='word_1_146' title='bbox 523 2075 576 2124; x_wconf 87' lang='lat' dir='ltr'><strong>et</strong></span> <span class='ocrx_word' id='word_1_147' title='bbox 625 2084 928 2140; x_wconf 87' lang='lat' dir='ltr'><strong>pauperum</strong></span> <span class='ocrx_word' id='word_1_148' title='bbox 983 2068 1166 2122; x_wconf 88' lang='lat' dir='ltr'><strong>oblata</strong></span> <span class='ocrx_word' id='word_1_149' title='bbox 1214 2075 1352 2135; x_wconf 89' lang='lat' dir='ltr'><strong>sunt,</strong></span> <span class='ocrx_word' id='word_1_150' title='bbox 1423 2066 1508 2122; x_wconf 87' lang='lat' dir='ltr'><strong>vel</strong></span> <span class='ocrx_word' id='word_1_151' title='bbox 1572 2065 1756 2121; x_wconf 69' lang='lat' dir='ltr'><strong>offerri</strong></span> <span class='ocrx_word' id='word_1_152' title='bbox 1803 2064 2110 2134; x_wconf 85' lang='lat' dir='ltr'><strong>contigerit,</strong></span> 
     </span>
    </p>
   </div>
   <div class='ocr_carea' id='block_1_24' title="bbox 517 2151 2112 2227">
    <p class='ocr_par' dir='ltr' id='par_1_24' title="bbox 517 2151 2112 2227">
     <span class='ocr_line' id='line_1_24' title="bbox 517 2151 2112 2227; baseline -0.005 -15"><span class='ocrx_word' id='word_1_153' title='bbox 517 2156 743 2227; x_wconf 89' lang='lat' dir='ltr'><strong>perenni</strong></span> <span class='ocrx_word' id='word_1_154' title='bbox 773 2165 1018 2226; x_wconf 89' lang='lat' dir='ltr'><strong>tempore</strong></span> <span class='ocrx_word' id='word_1_155' title='bbox 1061 2155 1282 2210; x_wconf 90' lang='lat' dir='ltr'><strong>inlibata</strong></span> <span class='ocrx_word' id='word_1_156' title='bbox 1315 2163 1364 2208; x_wconf 91' lang='lat' dir='ltr'><strong>et</strong></span> <span class='ocrx_word' id='word_1_157' title='bbox 1397 2154 1734 2218; x_wconf 87' lang='lat' dir='ltr'><strong>inconvulsa,</strong></span> <span class='ocrx_word' id='word_1_158' title='bbox 1768 2169 1830 2208; x_wconf 89' lang='lat' dir='ltr'><strong>ac</strong></span> <span class='ocrx_word' id='word_1_159' title='bbox 1857 2153 1973 2207; x_wconf 91' lang='lat' dir='ltr'><strong>sine</strong></span> <span class='ocrx_word' id='word_1_160' title='bbox 2007 2151 2112 2206; x_wconf 88' lang='lat' dir='ltr'><strong>ali-</strong></span> 
     </span>
    </p>
   </div>
   <div class='ocr_carea' id='block_1_25' title="bbox 517 2243 2110 2314">
    <p class='ocr_par' dir='ltr' id='par_1_25' title="bbox 517 2243 2110 2314">
     <span class='ocr_line' id='line_1_25' title="bbox 517 2243 2110 2314; baseline -0.004 -16"><span class='ocrx_word' id='word_1_161' title='bbox 517 2259 623 2314; x_wconf 89' lang='lat' dir='ltr'><strong>qua</strong></span> <span class='ocrx_word' id='word_1_162' title='bbox 653 2243 1042 2314; x_wconf 90' lang='lat' dir='ltr'><strong>inquietudine,</strong></span> <span class='ocrx_word' id='word_1_163' title='bbox 1075 2258 1260 2298; x_wconf 90' lang='lat' dir='ltr'><strong>eorum</strong></span> <span class='ocrx_word' id='word_1_164' title='bbox 1289 2243 1478 2296; x_wconf 90' lang='lat' dir='ltr'><strong>usibus</strong></span> <span class='ocrx_word' id='word_1_165' title='bbox 1505 2257 1606 2312; x_wconf 87' lang='lat' dir='ltr'><strong>pro</strong></span> <span class='ocrx_word' id='word_1_166' title='bbox 1636 2257 1860 2312; x_wconf 91' lang='lat' dir='ltr'><strong>quorum</strong></span> <span class='ocrx_word' id='word_1_167' title='bbox 1892 2248 2110 2293; x_wconf 86' lang='lat' dir='ltr'><strong>susten-</strong></span> 
     </span>
    </p>
   </div>
   <div class='ocr_carea' id='block_1_26' title="bbox 516 2327 2114 2403">
    <p class='ocr_par' dir='ltr' id='par_1_26' title="bbox 516 2327 2114 2403">
     <span class='ocr_line' id='line_1_26' title="bbox 516 2327 2114 2403; baseline -0.003 -18"><span class='ocrx_word' id='word_1_168' title='bbox 516 2331 716 2386; x_wconf 91' lang='lat' dir='ltr'><strong>tatione</strong></span> <span class='ocrx_word' id='word_1_169' title='bbox 743 2331 1243 2403; x_wconf 87' lang='lat' dir='ltr'><strong>gubernationeque</strong></span> <span class='ocrx_word' id='word_1_170' title='bbox 1273 2345 1534 2384; x_wconf 89' lang='lat' dir='ltr'><strong>concessa</strong></span> <span class='ocrx_word' id='word_1_171' title='bbox 1565 2337 1707 2392; x_wconf 87' lang='lat' dir='ltr'><strong>sunt,</strong></span> <span class='ocrx_word' id='word_1_172' title='bbox 1741 2328 1917 2382; x_wconf 89' lang='lat' dir='ltr'><strong>modis</strong></span> <span class='ocrx_word' id='word_1_173' title='bbox 1945 2327 2114 2380; x_wconf 86' lang='lat' dir='ltr'><strong>omni-</strong></span> 
     </span>
    </p>
   </div>
   <div class='ocr_carea' id='block_1_27' title="bbox 515 2415 2108 2488">
    <p class='ocr_par' dir='ltr' id='par_1_27' title="bbox 515 2415 2108 2488">
     <span class='ocr_line' id='line_1_27' title="bbox 515 2415 2108 2488; baseline -0.003 -16"><span class='ocrx_word' id='word_1_174' title='bbox 515 2417 616 2472; x_wconf 91' lang='lat' dir='ltr'><strong>bus</strong></span> <span class='ocrx_word' id='word_1_175' title='bbox 661 2417 948 2488; x_wconf 86' lang='lat' dir='ltr'><strong>profutura</strong></span> <span class='ocrx_word' id='word_1_176' title='bbox 989 2425 1358 2488; x_wconf 87' lang='lat' dir='ltr'><strong>permaneant.</strong></span> <span class='ocrx_word' id='word_1_177' title='bbox 1395 2417 1521 2471; x_wconf 70' lang='lat' dir='ltr'><strong>Hazc</strong></span> <span class='ocrx_word' id='word_1_178' title='bbox 1545 2416 1710 2486; x_wconf 79' lang='lat' dir='ltr'><strong>igitur</strong></span> <span class='ocrx_word' id='word_1_179' title='bbox 1741 2415 1939 2479; x_wconf 87' lang='lat' dir='ltr'><strong>omnia,</strong></span> <span class='ocrx_word' id='word_1_180' title='bbox 1989 2429 2108 2484; x_wconf 77' lang='lat' dir='ltr'><strong>quae</strong></span> 
     </span>
    </p>
   </div>
   <div class='ocr_carea' id='block_1_28' title="bbox 517 2503 2106 2576">
    <p class='ocr_par' dir='ltr' id='par_1_28' title="bbox 517 2503 2106 2576">
     <span class='ocr_line' id='line_1_28' title="bbox 517 2503 2106 2576; baseline -0.004 -14"><span class='ocrx_word' id='word_1_181' title='bbox 517 2506 676 2575; x_wconf 89' lang='lat' dir='ltr'><strong>hujus</strong></span> <span class='ocrx_word' id='word_1_182' title='bbox 723 2505 984 2576; x_wconf 70' lang='lat' dir='ltr'><strong>praecepti</strong></span> <span class='ocrx_word' id='word_1_183' title='bbox 1028 2505 1344 2576; x_wconf 86' lang='lat' dir='ltr'><strong>decretique</strong></span> <span class='ocrx_word' id='word_1_184' title='bbox 1389 2505 1556 2559; x_wconf 87' lang='lat' dir='ltr'><strong>nostri</strong></span> <span class='ocrx_word' id='word_1_185' title='bbox 1603 2504 1808 2575; x_wconf 83' lang='lat' dir='ltr'><strong>pagina</strong></span> <span class='ocrx_word' id='word_1_186' title='bbox 1849 2503 2106 2568; x_wconf 88' lang='lat' dir='ltr'><strong>continet,</strong></span> 
     </span>
    </p>
   </div>
   <div class='ocr_carea' id='block_1_29' title="bbox 512 2591 2109 2664">
    <p class='ocr_par' dir='ltr' id='par_1_29' title="bbox 512 2591 2109 2664">
     <span class='ocr_line' id='line_1_29' title="bbox 512 2591 2109 2664; baseline -0.003 -16"><span class='ocrx_word' id='word_1_187' title='bbox 512 2602 622 2648; x_wconf 89' lang='lat' dir='ltr'><strong>tam</strong></span> <span class='ocrx_word' id='word_1_188' title='bbox 671 2594 828 2650; x_wconf 89' lang='lat' dir='ltr'><strong>vobis</strong></span> <span class='ocrx_word' id='word_1_189' title='bbox 873 2609 1034 2664; x_wconf 86' lang='lat' dir='ltr'><strong>quam</strong></span> <span class='ocrx_word' id='word_1_190' title='bbox 1081 2593 1286 2648; x_wconf 90' lang='lat' dir='ltr'><strong>cunctis</strong></span> <span class='ocrx_word' id='word_1_191' title='bbox 1319 2593 1412 2664; x_wconf 91' lang='lat' dir='ltr'><strong>qui</strong></span> <span class='ocrx_word' id='word_1_192' title='bbox 1435 2593 1490 2646; x_wconf 92' lang='lat' dir='ltr'><strong>in</strong></span> <span class='ocrx_word' id='word_1_193' title='bbox 1519 2607 1586 2646; x_wconf 93' lang='lat' dir='ltr'><strong>eo</strong></span> <span class='ocrx_word' id='word_1_194' title='bbox 1615 2607 1724 2662; x_wconf 93' lang='lat' dir='ltr'><strong>quo</strong></span> <span class='ocrx_word' id='word_1_195' title='bbox 1763 2591 1892 2645; x_wconf 89' lang='lat' dir='ltr'><strong>estis</strong></span> <span class='ocrx_word' id='word_1_196' title='bbox 1921 2591 2109 2644; x_wconf 88' lang='lat' dir='ltr'><strong>ordine</strong></span> 
     </span>
    </p>
   </div>
   <div class='ocr_carea' id='block_1_30' title="bbox 511 2679 2110 2753">
    <p class='ocr_par' dir='ltr' id='par_1_30' title="bbox 511 2679 2110 2753">
     <span class='ocr_line' id='line_1_30' title="bbox 511 2679 2110 2753; baseline -0.004 -16"><span class='ocrx_word' id='word_1_197' title='bbox 511 2681 744 2753; x_wconf 88' lang='lat' dir='ltr'><strong>locoque</strong></span> <span class='ocrx_word' id='word_1_198' title='bbox 801 2681 1182 2748; x_wconf 87' lang='lat' dir='ltr'><strong>successerint,</strong></span> <span class='ocrx_word' id='word_1_199' title='bbox 1243 2680 1298 2733; x_wconf 93' lang='lat' dir='ltr'><strong>in</strong></span> <span class='ocrx_word' id='word_1_200' title='bbox 1353 2687 1672 2750; x_wconf 84' lang='lat' dir='ltr'><strong>perpetuum</strong></span> <span class='ocrx_word' id='word_1_201' title='bbox 1736 2679 2110 2734; x_wconf 89' lang='lat' dir='ltr'><strong>conservanda</strong></span> 
     </span>
    </p>
   </div>
   <div class='ocr_carea' id='block_1_31' title="bbox 513 2765 2108 2838">
    <p class='ocr_par' dir='ltr' id='par_1_31' title="bbox 513 2765 2108 2838">
     <span class='ocr_line' id='line_1_31' title="bbox 513 2765 2108 2838; baseline -0.004 -13"><span class='ocrx_word' id='word_1_202' title='bbox 513 2769 880 2824; x_wconf 87' lang='lat' dir='ltr'><strong>decernimus.</strong></span> <span class='ocrx_word' id='word_1_203' title='bbox 927 2769 1084 2822; x_wconf 89' lang='lat' dir='ltr'><strong>Salva</strong></span> <span class='ocrx_word' id='word_1_204' title='bbox 1137 2768 1194 2821; x_wconf 91' lang='lat' dir='ltr'><strong>in</strong></span> <span class='ocrx_word' id='word_1_205' title='bbox 1239 2767 1490 2822; x_wconf 86' lang='lat' dir='ltr'><strong>omnibus</strong></span> <span class='ocrx_word' id='word_1_206' title='bbox 1531 2783 1652 2838; x_wconf 68' lang='lat' dir='ltr'><strong>quae</strong></span> <span class='ocrx_word' id='word_1_207' title='bbox 1703 2765 1862 2834; x_wconf 90' lang='lat' dir='ltr'><strong>hujus</strong></span> <span class='ocrx_word' id='word_1_208' title='bbox 1905 2765 2108 2820; x_wconf 89' lang='lat' dir='ltr'><strong>decreti</strong></span> 
     </span>
    </p>
   </div>
   <div class='ocr_carea' id='block_1_32' title="bbox 517 2855 2108 2928">
    <p class='ocr_par' dir='ltr' id='par_1_32' title="bbox 517 2855 2108 2928">
     <span class='ocr_line' id='line_1_32' title="bbox 517 2855 2108 2928; baseline -0.002 -18"><span class='ocrx_word' id='word_1_209' title='bbox 517 2856 719 2928; x_wconf 78' lang='lat' dir='ltr'><strong>pagina</strong></span> <span class='ocrx_word' id='word_1_210' title='bbox 772 2855 1130 2920; x_wconf 89' lang='lat' dir='ltr'><strong>continentur,</strong></span> <span class='ocrx_word' id='word_1_211' title='bbox 1187 2855 1504 2909; x_wconf 87' lang='lat' dir='ltr'><strong>auctoritate</strong></span> <span class='ocrx_word' id='word_1_212' title='bbox 1553 2862 1606 2908; x_wconf 92' lang='lat' dir='ltr'><strong>et</strong></span> <span class='ocrx_word' id='word_1_213' title='bbox 1647 2855 1852 2908; x_wconf 85' lang='lat' dir='ltr'><strong>honore</strong></span> <span class='ocrx_word' id='word_1_214' title='bbox 1909 2861 2108 2908; x_wconf 57' lang='lat' dir='ltr'><strong>sanctw</strong></span> 
     </span>
    </p>
   </div>
   <div class='ocr_carea' id='block_1_33' title="bbox 513 2940 2104 3010">
    <p class='ocr_par' dir='ltr' id='par_1_33' title="bbox 513 2940 2104 3010">
     <span class='ocr_line' id='line_1_33' title="bbox 513 2940 2104 3010; baseline -0.002 -12"><span class='ocrx_word' id='word_1_215' title='bbox 513 2944 772 2998; x_wconf 70' lang='lat' dir='ltr'><strong>Romanas</strong></span> <span class='ocrx_word' id='word_1_216' title='bbox 828 2941 1110 3010; x_wconf 57' lang='lat' dir='ltr'><strong>Ecclesia,</strong></span> <span class='ocrx_word' id='word_1_217' title='bbox 1163 2947 1216 2994; x_wconf 91' lang='lat' dir='ltr'><strong>et</strong></span> <span class='ocrx_word' id='word_1_218' title='bbox 1243 2941 1391 2995; x_wconf 87' lang='lat' dir='ltr'><strong>sedis</strong></span> <span class='ocrx_word' id='word_1_219' title='bbox 1439 2941 1750 3010; x_wconf 69' lang='lat' dir='ltr'><strong>apostolicae</strong></span> <span class='ocrx_word' id='word_1_220' title='bbox 1797 2940 2104 3010; x_wconf 87' lang='lat' dir='ltr'><strong>privilegio.</strong></span> 
     </span>
    </p>
   </div>
   <div class='ocr_carea' id='block_1_34' title="bbox 513 3027 2114 3098">
    <p class='ocr_par' dir='ltr' id='par_1_34' title="bbox 513 3027 2114 3098">
     <span class='ocr_line' id='line_1_34' title="bbox 513 3027 2114 3098; baseline -0.004 -14"><span class='ocrx_word' id='word_1_221' title='bbox 513 3029 693 3084; x_wconf 87' lang='lat' dir='ltr'><strong>Placet</strong></span> <span class='ocrx_word' id='word_1_222' title='bbox 722 3029 886 3084; x_wconf 88' lang='lat' dir='ltr'><strong>etiam</strong></span> <span class='ocrx_word' id='word_1_223' title='bbox 917 3037 974 3082; x_wconf 91' lang='lat' dir='ltr'><strong>ut</strong></span> <span class='ocrx_word' id='word_1_224' title='bbox 1001 3043 1102 3098; x_wconf 90' lang='lat' dir='ltr'><strong>per</strong></span> <span class='ocrx_word' id='word_1_225' title='bbox 1131 3027 1312 3082; x_wconf 85' lang='lat' dir='ltr'><strong>futura</strong></span> <span class='ocrx_word' id='word_1_226' title='bbox 1355 3035 1600 3097; x_wconf 90' lang='lat' dir='ltr'><strong>tempora</strong></span> <span class='ocrx_word' id='word_1_227' title='bbox 1627 3027 1732 3098; x_wconf 89' lang='lat' dir='ltr'><strong>ipsi</strong></span> <span class='ocrx_word' id='word_1_228' title='bbox 1761 3029 2012 3082; x_wconf 88' lang='lat' dir='ltr'><strong>monachi</strong></span> <span class='ocrx_word' id='word_1_229' title='bbox 2041 3044 2114 3082; x_wconf 82' lang='lat' dir='ltr'><strong>ex.</strong></span> 
     </span>
    </p>
   </div>
   <div class='ocr_carea' id='block_1_35' title="bbox 517 3115 2110 3188">
    <p class='ocr_par' dir='ltr' id='par_1_35' title="bbox 517 3115 2110 3188">
     <span class='ocr_line' id='line_1_35' title="bbox 517 3115 2110 3188; baseline -0.001 -16"><span class='ocrx_word' id='word_1_230' title='bbox 517 3116 734 3188; x_wconf 86' lang='lat' dir='ltr'><strong>scriptis</strong></span> <span class='ocrx_word' id='word_1_231' title='bbox 762 3115 998 3172; x_wconf 85' lang='lat' dir='ltr'><strong>habeant</strong></span> <span class='ocrx_word' id='word_1_232' title='bbox 1042 3116 1316 3171; x_wconf 89' lang='lat' dir='ltr'><strong>licentiam</strong></span> <span class='ocrx_word' id='word_1_233' title='bbox 1345 3115 1548 3186; x_wconf 81' lang='lat' dir='ltr'><strong>eligere</strong></span> <span class='ocrx_word' id='word_1_234' title='bbox 1594 3116 1866 3170; x_wconf 89' lang='lat' dir='ltr'><strong>abbatem.</strong></span> <span class='ocrx_word' id='word_1_235' title='bbox 1901 3116 1958 3170; x_wconf 91' lang='lat' dir='ltr'><strong>Si</strong></span> <span class='ocrx_word' id='word_1_236' title='bbox 1988 3115 2110 3185; x_wconf 89' lang='lat' dir='ltr'><strong>quis</strong></span> 
     </span>
    </p>
   </div>
   <div class='ocr_carea' id='block_1_36' title="bbox 516 3205 2106 3274">
    <p class='ocr_par' dir='ltr' id='par_1_36' title="bbox 516 3205 2106 3274">
     <span class='ocr_line' id='line_1_36' title="bbox 516 3205 2106 3274; baseline 0 -16"><span class='ocrx_word' id='word_1_237' title='bbox 516 3212 699 3260; x_wconf 87' lang='lat' dir='ltr'><strong>autem</strong></span> <span class='ocrx_word' id='word_1_238' title='bbox 747 3205 1040 3260; x_wconf 88' lang='lat' dir='ltr'><strong>temerario</strong></span> <span class='ocrx_word' id='word_1_239' title='bbox 1093 3219 1250 3269; x_wconf 90' lang='lat' dir='ltr'><strong>ausu,</strong></span> <span class='ocrx_word' id='word_1_240' title='bbox 1299 3219 1502 3274; x_wconf 84' lang='lat' dir='ltr'><strong>magna</strong></span> <span class='ocrx_word' id='word_1_241' title='bbox 1547 3219 1822 3274; x_wconf 88' lang='lat' dir='ltr'><strong>parvaque</strong></span> <span class='ocrx_word' id='word_1_242' title='bbox 1853 3219 2106 3274; x_wconf 90' lang='lat' dir='ltr'><strong>persona,</strong></span> 
     </span>
    </p>
   </div>
   <div class='ocr_carea' id='block_1_37' title="bbox 517 3291 2110 3362">
    <p class='ocr_par' dir='ltr' id='par_1_37' title="bbox 517 3291 2110 3362">
     <span class='ocr_line' id='line_1_37' title="bbox 517 3291 2110 3362; baseline -0.002 -14"><span class='ocrx_word' id='word_1_243' title='bbox 517 3299 706 3348; x_wconf 90' lang='lat' dir='ltr'><strong>contra</strong></span> <span class='ocrx_word' id='word_1_244' title='bbox 751 3292 856 3348; x_wconf 91' lang='lat' dir='ltr'><strong>hoc</strong></span> <span class='ocrx_word' id='word_1_245' title='bbox 907 3299 1154 3346; x_wconf 91' lang='lat' dir='ltr'><strong>nostrum</strong></span> <span class='ocrx_word' id='word_1_246' title='bbox 1215 3291 1569 3362; x_wconf 90' lang='lat' dir='ltr'><strong>apostolicum</strong></span> <span class='ocrx_word' id='word_1_247' title='bbox 1619 3291 1900 3346; x_wconf 90' lang='lat' dir='ltr'><strong>decretum</strong></span> <span class='ocrx_word' id='word_1_248' title='bbox 1944 3307 2110 3362; x_wconf 86' lang='lat' dir='ltr'><strong>agere</strong></span> 
     </span>
    </p>
   </div>
   <div class='ocr_carea' id='block_1_38' title="bbox 517 3378 2110 3450">
    <p class='ocr_par' dir='ltr' id='par_1_38' title="bbox 517 3378 2110 3450">
     <span class='ocr_line' id='line_1_38' title="bbox 517 3378 2110 3450; baseline -0.002 -14"><span class='ocrx_word' id='word_1_249' title='bbox 517 3379 946 3450; x_wconf 69' lang='lat' dir='ltr'><strong>praesumpserit,</strong></span> <span class='ocrx_word' id='word_1_250' title='bbox 1017 3380 1149 3436; x_wconf 86' lang='lat' dir='ltr'><strong>sciat</strong></span> <span class='ocrx_word' id='word_1_251' title='bbox 1197 3396 1257 3434; x_wconf 91' lang='lat' dir='ltr'><strong>se</strong></span> <span class='ocrx_word' id='word_1_252' title='bbox 1303 3378 1663 3434; x_wconf 89' lang='lat' dir='ltr'><strong>anathematis</strong></span> <span class='ocrx_word' id='word_1_253' title='bbox 1721 3378 1936 3434; x_wconf 89' lang='lat' dir='ltr'><strong>vinculo</strong></span> <span class='ocrx_word' id='word_1_254' title='bbox 1988 3394 2110 3433; x_wconf 90' lang='lat' dir='ltr'><strong>esse</strong></span> 
     </span>
    </p>
   </div>
   <div class='ocr_carea' id='block_1_39' title="bbox 515 3467 2108 3540">
    <p class='ocr_par' dir='ltr' id='par_1_39' title="bbox 515 3467 2108 3540">
     <span class='ocr_line' id='line_1_39' title="bbox 515 3467 2108 3540; baseline 0 -20"><span class='ocrx_word' id='word_1_255' title='bbox 515 3467 853 3534; x_wconf 89' lang='lat' dir='ltr'><strong>innodatum,</strong></span> <span class='ocrx_word' id='word_1_256' title='bbox 886 3476 938 3522; x_wconf 88' lang='lat' dir='ltr'><strong>et</strong></span> <span class='ocrx_word' id='word_1_257' title='bbox 967 3483 1000 3522; x_wconf 89' lang='lat' dir='ltr'><strong>a</strong></span> <span class='ocrx_word' id='word_1_258' title='bbox 1029 3483 1206 3540; x_wconf 85' lang='lat' dir='ltr'><strong>regno</strong></span> <span class='ocrx_word' id='word_1_259' title='bbox 1253 3467 1352 3522; x_wconf 90' lang='lat' dir='ltr'><strong>Dei</strong></span> <span class='ocrx_word' id='word_1_260' title='bbox 1401 3467 1658 3536; x_wconf 90' lang='lat' dir='ltr'><strong>alienum,</strong></span> <span class='ocrx_word' id='word_1_261' title='bbox 1693 3474 1744 3520; x_wconf 92' lang='lat' dir='ltr'><strong>et</strong></span> <span class='ocrx_word' id='word_1_262' title='bbox 1775 3482 1900 3521; x_wconf 87' lang='lat' dir='ltr'><strong>cum</strong></span> <span class='ocrx_word' id='word_1_263' title='bbox 1927 3467 2108 3521; x_wconf 88' lang='lat' dir='ltr'><strong>omni-</strong></span> 
     </span>
    </p>
   </div>
   <div class='ocr_carea' id='block_1_40' title="bbox 513 3553 2104 3625">
    <p class='ocr_par' dir='ltr' id='par_1_40' title="bbox 513 3553 2104 3625">
     <span class='ocr_line' id='line_1_40' title="bbox 513 3553 2104 3625; baseline 0 -18"><span class='ocrx_word' id='word_1_264' title='bbox 513 3553 616 3608; x_wconf 90' lang='lat' dir='ltr'><strong>bus</strong></span> <span class='ocrx_word' id='word_1_265' title='bbox 645 3555 824 3625; x_wconf 90' lang='lat' dir='ltr'><strong>impiis</strong></span> <span class='ocrx_word' id='word_1_266' title='bbox 865 3555 1054 3610; x_wconf 76' lang='lat' dir='ltr'><strong>aeterni</strong></span> <span class='ocrx_word' id='word_1_267' title='bbox 1097 3555 1332 3610; x_wconf 89' lang='lat' dir='ltr'><strong>incendii</strong></span> <span class='ocrx_word' id='word_1_268' title='bbox 1373 3554 1640 3624; x_wconf 90' lang='lat' dir='ltr'><strong>supplicio</strong></span> <span class='ocrx_word' id='word_1_269' title='bbox 1669 3553 2104 3609; x_wconf 90' lang='lat' dir='ltr'><strong>condemnatum.</strong></span> 
     </span>
    </p>
   </div>
   <div class='ocr_carea' id='block_1_41' title="bbox 515 3639 2108 3710">
    <p class='ocr_par' dir='ltr' id='par_1_41' title="bbox 515 3639 2108 3710">
     <span class='ocr_line' id='line_1_41' title="bbox 515 3639 2108 3710; baseline 0 -16"><span class='ocrx_word' id='word_1_270' title='bbox 515 3639 619 3709; x_wconf 89' lang='lat' dir='ltr'><strong>Qui</strong></span> <span class='ocrx_word' id='word_1_271' title='bbox 647 3650 830 3697; x_wconf 90' lang='lat' dir='ltr'><strong>autem</strong></span> <span class='ocrx_word' id='word_1_272' title='bbox 867 3658 1032 3698; x_wconf 90' lang='lat' dir='ltr'><strong>verus</strong></span> <span class='ocrx_word' id='word_1_273' title='bbox 1070 3651 1254 3698; x_wconf 91' lang='lat' dir='ltr'><strong>custos</strong></span> <span class='ocrx_word' id='word_1_274' title='bbox 1285 3651 1338 3696; x_wconf 87' lang='lat' dir='ltr'><strong>et</strong></span> <span class='ocrx_word' id='word_1_275' title='bbox 1365 3642 1688 3698; x_wconf 88' lang='lat' dir='ltr'><strong>observator</strong></span> <span class='ocrx_word' id='word_1_276' title='bbox 1715 3642 1873 3710; x_wconf 89' lang='lat' dir='ltr'><strong>hujus</strong></span> <span class='ocrx_word' id='word_1_277' title='bbox 1905 3641 2108 3696; x_wconf 86' lang='lat' dir='ltr'><strong>conﬁr-</strong></span> 
     </span>
    </p>
   </div>
   <div class='ocr_carea' id='block_1_42' title="bbox 513 3727 2110 3801">
    <p class='ocr_par' dir='ltr' id='par_1_42' title="bbox 513 3727 2110 3801">
     <span class='ocr_line' id='line_1_42' title="bbox 513 3727 2110 3801; baseline 0.001 -19"><span class='ocrx_word' id='word_1_278' title='bbox 513 3727 768 3784; x_wconf 86' lang='lat' dir='ltr'><strong>mationis</strong></span> <span class='ocrx_word' id='word_1_279' title='bbox 812 3730 1091 3794; x_wconf 76' lang='lat' dir='ltr'><strong>exstiterit,</strong></span> <span class='ocrx_word' id='word_1_280' title='bbox 1173 3729 1606 3785; x_wconf 89' lang='lat' dir='ltr'><strong>benedictionem</strong></span> <span class='ocrx_word' id='word_1_281' title='bbox 1661 3737 1714 3784; x_wconf 90' lang='lat' dir='ltr'><strong>et</strong></span> <span class='ocrx_word' id='word_1_282' title='bbox 1769 3730 2001 3801; x_wconf 83' lang='lat' dir='ltr'><strong>gratiam</strong></span> <span class='ocrx_word' id='word_1_283' title='bbox 2057 3737 2110 3784; x_wconf 90' lang='lat' dir='ltr'><strong>et</strong></span> 
     </span>
    </p>
   </div>
   <div class='ocr_carea' id='block_1_43' title="bbox 514 3815 2107 3888">
    <p class='ocr_par' dir='ltr' id='par_1_43' title="bbox 514 3815 2107 3888">
     <span class='ocr_line' id='line_1_43' title="bbox 514 3815 2107 3888; baseline -0.001 -16"><span class='ocrx_word' id='word_1_284' title='bbox 514 3815 794 3874; x_wconf 71' lang='lat' dir='ltr'><strong>caelestem</strong></span> <span class='ocrx_word' id='word_1_285' title='bbox 821 3818 1254 3873; x_wconf 90' lang='lat' dir='ltr'><strong>misericordiam</strong></span> <span class='ocrx_word' id='word_1_286' title='bbox 1284 3833 1318 3872; x_wconf 87' lang='lat' dir='ltr'><strong>a</strong></span> <span class='ocrx_word' id='word_1_287' title='bbox 1347 3817 1578 3872; x_wconf 89' lang='lat' dir='ltr'><strong>Domino</strong></span> <span class='ocrx_word' id='word_1_288' title='bbox 1607 3817 1869 3888; x_wconf 90' lang='lat' dir='ltr'><strong>consequi</strong></span> <span class='ocrx_word' id='word_1_289' title='bbox 1897 3833 2107 3872; x_wconf 86' lang='lat' dir='ltr'><strong>merea-</strong></span> 
     </span>
    </p>
   </div>
   <div class='ocr_carea' id='block_1_44' title="bbox 511 3903 2108 3976">
    <p class='ocr_par' dir='ltr' id='par_1_44' title="bbox 511 3903 2108 3976">
     <span class='ocr_line' id='line_1_44' title="bbox 511 3903 2108 3976; baseline 0.003 -20"><span class='ocrx_word' id='word_1_290' title='bbox 511 3909 618 3956; x_wconf 88' lang='lat' dir='ltr'><strong>tur.</strong></span> <span class='ocrx_word' id='word_1_291' title='bbox 651 3903 923 3973; x_wconf 88' lang='lat' dir='ltr'><strong>Scriptum</strong></span> <span class='ocrx_word' id='word_1_292' title='bbox 965 3921 1066 3974; x_wconf 89' lang='lat' dir='ltr'><strong>per</strong></span> <span class='ocrx_word' id='word_1_293' title='bbox 1109 3919 1330 3958; x_wconf 89' lang='lat' dir='ltr'><strong>manum</strong></span> <span class='ocrx_word' id='word_1_294' title='bbox 1371 3905 1638 3958; x_wconf 77' lang='lat' dir='ltr'><strong>Anastasii</strong></span> <span class='ocrx_word' id='word_1_295' title='bbox 1679 3905 1876 3959; x_wconf 88' lang='lat' dir='ltr'><strong>notarii</strong></span> <span class='ocrx_word' id='word_1_296' title='bbox 1924 3906 2108 3976; x_wconf 90' lang='lat' dir='ltr'><strong>regio-</strong></span> 
     </span>
    </p>
   </div>
   <div class='ocr_carea' id='block_1_45' title="bbox 515 3989 2106 4060">
    <p class='ocr_par' dir='ltr' id='par_1_45' title="bbox 515 3989 2106 4060">
     <span class='ocr_line' id='line_1_45' title="bbox 515 3989 2106 4060; baseline 0.003 -18"><span class='ocrx_word' id='word_1_297' title='bbox 515 3989 654 4043; x_wconf 86' lang='lat' dir='ltr'><strong>narii</strong></span> <span class='ocrx_word' id='word_1_298' title='bbox 709 3998 762 4043; x_wconf 92' lang='lat' dir='ltr'><strong>et</strong></span> <span class='ocrx_word' id='word_1_299' title='bbox 817 3989 1086 4046; x_wconf 88' lang='lat' dir='ltr'><strong>scriniarii</strong></span> <span class='ocrx_word' id='word_1_300' title='bbox 1141 3999 1344 4046; x_wconf 68' lang='lat' dir='ltr'><strong>sanctae</strong></span> <span class='ocrx_word' id='word_1_301' title='bbox 1399 3992 1656 4046; x_wconf 68' lang='lat' dir='ltr'><strong>Romanae</strong></span> <span class='ocrx_word' id='word_1_302' title='bbox 1711 3992 1994 4060; x_wconf 69' lang='lat' dir='ltr'><strong>Ecclesiae,</strong></span> <span class='ocrx_word' id='word_1_303' title='bbox 2051 3993 2106 4046; x_wconf 93' lang='lat' dir='ltr'><strong>in</strong></span> 
     </span>
    </p>
   </div>
   <div class='ocr_carea' id='block_1_46' title="bbox 513 4076 2006 4145">
    <p class='ocr_par' dir='ltr' id='par_1_46' title="bbox 513 4076 2006 4145">
     <span class='ocr_line' id='line_1_46' title="bbox 513 4076 2006 4145; baseline 0.003 -16"><span class='ocrx_word' id='word_1_304' title='bbox 513 4090 704 4131; x_wconf 88' lang='lat' dir='ltr'><strong>mense</strong></span> <span class='ocrx_word' id='word_1_305' title='bbox 733 4076 1015 4145; x_wconf 89' lang='lat' dir='ltr'><strong>Octobrio,</strong></span> <span class='ocrx_word' id='word_1_306' title='bbox 1048 4077 1343 4133; x_wconf 92' lang='lat' dir='ltr'><strong>indictione</strong></span> <span class='ocrx_word' id='word_1_307' title='bbox 1373 4078 1602 4133; x_wconf 88' lang='lat' dir='ltr'><strong>decima.</strong></span> <span class='ocrx_word' id='word_1_308' title='bbox 1637 4081 1779 4133; x_wconf 87' lang='lat' dir='ltr'><strong>Bene</strong></span> <span class='ocrx_word' id='word_1_309' title='bbox 1809 4079 2006 4134; x_wconf 89' lang='lat' dir='ltr'><strong>valete.</strong></span> 
     </span>
    </p>
   </div>
   <div class='ocr_carea' id='block_1_47' title="bbox 585 4165 2108 4236">
    <p class='ocr_par' dir='ltr' id='par_1_47' title="bbox 585 4165 2108 4236">
     <span class='ocr_line' id='line_1_47' title="bbox 585 4165 2108 4236; baseline 0.001 -15"><span class='ocrx_word' id='word_1_310' title='bbox 585 4165 962 4235; x_wconf 90' lang='lat' dir='ltr'><strong>Subscriptum</strong></span> <span class='ocrx_word' id='word_1_311' title='bbox 991 4165 1117 4220; x_wconf 91' lang='lat' dir='ltr'><strong>Idus</strong></span> <span class='ocrx_word' id='word_1_312' title='bbox 1147 4165 1458 4236; x_wconf 82' lang='lat' dir='ltr'><strong>Octobrias,</strong></span> <span class='ocrx_word' id='word_1_313' title='bbox 1490 4182 1588 4236; x_wconf 91' lang='lat' dir='ltr'><strong>per</strong></span> <span class='ocrx_word' id='word_1_314' title='bbox 1615 4183 1834 4221; x_wconf 89' lang='lat' dir='ltr'><strong>manum</strong></span> <span class='ocrx_word' id='word_1_315' title='bbox 1863 4167 2108 4222; x_wconf 83' lang='lat' dir='ltr'><strong>Christo-</strong></span> 
     </span>
    </p>
   </div>
   <div class='ocr_carea' id='block_1_48' title="bbox 508 4253 2098 4325">
    <p class='ocr_par' dir='ltr' id='par_1_48' title="bbox 508 4253 2098 4325">
     <span class='ocr_line' id='line_1_48' title="bbox 508 4253 2098 4325; baseline 0.001 -17"><span class='ocrx_word' id='word_1_316' title='bbox 508 4253 665 4324; x_wconf 88' lang='lat' dir='ltr'><strong>phori</strong></span> <span class='ocrx_word' id='word_1_317' title='bbox 705 4253 1001 4324; x_wconf 89' lang='lat' dir='ltr'><strong>primicerii</strong></span> <span class='ocrx_word' id='word_1_318' title='bbox 1045 4261 1246 4310; x_wconf 71' lang='lat' dir='ltr'><strong>sanctae</strong></span> <span class='ocrx_word' id='word_1_319' title='bbox 1299 4271 1524 4310; x_wconf 79' lang='lat' dir='ltr'><strong>summae</strong></span> <span class='ocrx_word' id='word_1_320' title='bbox 1569 4255 1718 4310; x_wconf 90' lang='lat' dir='ltr'><strong>sedis</strong></span> <span class='ocrx_word' id='word_1_321' title='bbox 1766 4256 2098 4325; x_wconf 67' lang='lat' dir='ltr'><strong>apostolicae,</strong></span> 
     </span>
    </p>
   </div>
   <div class='ocr_carea' id='block_1_49' title="bbox 503 4341 2102 4416">
    <p class='ocr_par' dir='ltr' id='par_1_49' title="bbox 503 4341 2102 4416">
     <span class='ocr_line' id='line_1_49' title="bbox 503 4341 2102 4416; baseline 0.001 -19"><span class='ocrx_word' id='word_1_322' title='bbox 503 4342 804 4414; x_wconf 88' lang='lat' dir='ltr'><strong>imperante</strong></span> <span class='ocrx_word' id='word_1_323' title='bbox 833 4341 1054 4398; x_wconf 91' lang='lat' dir='ltr'><strong>domino</strong></span> <span class='ocrx_word' id='word_1_324' title='bbox 1082 4343 1328 4412; x_wconf 90' lang='lat' dir='ltr'><strong>piissimo</strong></span> <span class='ocrx_word' id='word_1_325' title='bbox 1357 4342 1602 4414; x_wconf 90' lang='lat' dir='ltr'><strong>principe</strong></span> <span class='ocrx_word' id='word_1_326' title='bbox 1619 4346 1862 4416; x_wconf 83' lang='lat' dir='ltr'><strong>Augusto</strong></span> <span class='ocrx_word' id='word_1_327' title='bbox 1885 4343 2102 4412; x_wconf 87' lang='lat' dir='ltr'><strong>Carolo,</strong></span> 
     </span>
    </p>
   </div>
   <div class='ocr_carea' id='block_1_50' title="bbox 505 4428 2172 4502">
    <p class='ocr_par' dir='ltr' id='par_1_50' title="bbox 505 4428 2172 4502">
     <span class='ocr_line' id='line_1_50' title="bbox 505 4428 2172 4502; baseline 0.001 -16"><span class='ocrx_word' id='word_1_328' title='bbox 505 4447 536 4486; x_wconf 92' lang='lat' dir='ltr'><strong>a</strong></span> <span class='ocrx_word' id='word_1_329' title='bbox 561 4431 678 4486; x_wconf 92' lang='lat' dir='ltr'><strong>Deo</strong></span> <span class='ocrx_word' id='word_1_330' title='bbox 724 4439 1000 4496; x_wconf 90' lang='lat' dir='ltr'><strong>coronato,</strong></span> <span class='ocrx_word' id='word_1_331' title='bbox 1052 4447 1254 4502; x_wconf 82' lang='lat' dir='ltr'><strong>magno</strong></span> <span class='ocrx_word' id='word_1_332' title='bbox 1295 4431 1620 4501; x_wconf 89' lang='lat' dir='ltr'><strong>imperatore</strong></span> <span class='ocrx_word' id='word_1_333' title='bbox 1649 4447 1792 4486; x_wconf 90' lang='lat' dir='ltr'><strong>anno</strong></span> <span class='ocrx_word' id='word_1_334' title='bbox 1815 4432 2010 4502; x_wconf 90' lang='lat' dir='ltr'><strong>primo,</strong></span> <span class='ocrx_word' id='word_1_335' title='bbox 2047 4428 2172 4487; x_wconf 92' lang='lat' dir='ltr'><strong>etD</strong></span> 
     </span>
    </p>
   </div>
   <div class='ocr_carea' id='block_1_51' title="bbox 505 4518 2104 4590">
    <p class='ocr_par' dir='ltr' id='par_1_51' title="bbox 505 4518 2104 4590">
     <span class='ocr_line' id='line_1_51' title="bbox 505 4518 2104 4590; baseline -0.001 -16"><span class='ocrx_word' id='word_1_336' title='bbox 505 4525 631 4588; x_wconf 87' lang='lat' dir='ltr'><strong>post</strong></span> <span class='ocrx_word' id='word_1_337' title='bbox 691 4519 1094 4574; x_wconf 88' lang='lat' dir='ltr'><strong>coronationem</strong></span> <span class='ocrx_word' id='word_1_338' title='bbox 1168 4519 1284 4587; x_wconf 87' lang='lat' dir='ltr'><strong>ejus</strong></span> <span class='ocrx_word' id='word_1_339' title='bbox 1350 4535 1494 4573; x_wconf 90' lang='lat' dir='ltr'><strong>anno</strong></span> <span class='ocrx_word' id='word_1_340' title='bbox 1555 4519 1752 4590; x_wconf 90' lang='lat' dir='ltr'><strong>primo,</strong></span> <span class='ocrx_word' id='word_1_341' title='bbox 1809 4518 2104 4574; x_wconf 91' lang='lat' dir='ltr'><strong>indictione</strong></span> 
     </span>
    </p>
   </div>
   <div class='ocr_carea' id='block_1_52' title="bbox 510 4607 740 4664">
    <p class='ocr_par' dir='ltr' id='par_1_52' title="bbox 510 4607 740 4664">
     <span class='ocr_line' id='line_1_52' title="bbox 510 4607 740 4664; baseline 0.009 -4"><span class='ocrx_word' id='word_1_342' title='bbox 510 4607 740 4664; x_wconf 90' lang='lat' dir='ltr'><strong>decima.</strong></span> 
     </span>
    </p>
   </div>
   <div class='ocr_carea' id='block_1_53' title="bbox 1178 4695 1433 4749">
    <p class='ocr_par' dir='ltr' id='par_1_53' title="bbox 1178 4695 1433 4749">
     <span class='ocr_line' id='line_1_53' title="bbox 1178 4695 1433 4749; baseline -0.004 0"><span class='ocrx_word' id='word_1_343' title='bbox 1178 4695 1433 4749; x_wconf 79' lang='lat' dir='ltr'><strong>XXXIV.</strong></span> 
     </span>
    </p>
   </div>
   <div class='ocr_carea' id='block_1_54' title="bbox 719 4796 1890 4838">
    <p class='ocr_par' dir='ltr' id='par_1_54' title="bbox 719 4796 1890 4838">
     <span class='ocr_line' id='line_1_54' title="bbox 719 4796 1890 4838; baseline 0.001 -2"><span class='ocrx_word' id='word_1_344' title='bbox 719 4797 792 4836; x_wconf 77' lang='lat' dir='ltr'><strong>AD</strong></span> <span class='ocrx_word' id='word_1_345' title='bbox 831 4797 1090 4838; x_wconf 69' lang='lat' dir='ltr'><strong>ABBATEM</strong></span> <span class='ocrx_word' id='word_1_346' title='bbox 1127 4797 1198 4837; x_wconf 81' lang='grc' dir='ltr'><strong>ΕΤ</strong></span> <span class='ocrx_word' id='word_1_347' title='bbox 1245 4796 1544 4836; x_wconf 74' lang='grc' dir='ltr'><strong>ΜΟΝᾹΟΗΟΒ</strong></span> <span class='ocrx_word' id='word_1_348' title='bbox 1582 4797 1890 4837; x_wconf 77' lang='lat' dir='ltr'><strong>HERENSES.</strong></span> 
     </span>
    </p>
   </div>
   <div class='ocr_carea' id='block_1_55' title="bbox 1137 4871 1494 4941">
    <p class='ocr_par' dir='ltr' id='par_1_55' title="bbox 1137 4871 1494 4941">
     <span class='ocr_line' id='line_1_55' title="bbox 1137 4871 1494 4941; baseline 0.003 -17"><span class='ocrx_word' id='word_1_349' title='bbox 1137 4873 1318 4941; x_wconf 80' lang='lat' dir='ltr'><strong>(Anno</strong></span> <span class='ocrx_word' id='word_1_350' title='bbox 1345 4871 1494 4936; x_wconf 81' lang='lat'><strong>8&#39;76.)</strong></span> 
     </span>
    </p>
   </div>
   <div class='ocr_carea' id='block_1_56' title="bbox 511 4957 2107 5100">
    <p class='ocr_par' dir='ltr' id='par_1_56' title="bbox 511 4957 2107 5100">
     <span class='ocr_line' id='line_1_56' title="bbox 511 4957 2107 5100; baseline -0.003 -84"><span class='ocrx_word' id='word_1_351' title='bbox 511 4957 796 5033; x_wconf 80' lang='lat' dir='ltr'><strong>Approbat</strong></span> <span class='ocrx_word' id='word_1_352' title='bbox 841 4960 1220 5100; x_wconf 67' lang='lat' dir='ltr'><strong>donationemf</strong></span> <span class='ocrx_word' id='word_1_353' title='bbox 1244 4961 1580 5084; x_wconf 29' lang='lat' dir='ltr'><strong>monasterii</strong></span> <span class='ocrx_word' id='word_1_354' title='bbox 1627 4961 1680 5016; x_wconf 86' lang='lat' dir='ltr'><strong>S.</strong></span> <span class='ocrx_word' id='word_1_355' title='bbox 1713 4960 1980 5016; x_wconf 80' lang='grc' dir='ltr'><strong>Ρονείαηὶ</strong></span> <span class='ocrx_word' id='word_1_356' title='bbox 2013 4959 2107 5013; x_wconf 75' lang='lat' dir='ltr'><strong>illi</strong></span> 
     </span>
     <span class='ocr_line' id='line_1_57' title="bbox 1213 5047 1421 5086; baseline -0.005 -1"><span class='ocrx_word' id='word_1_357' title='bbox 1213 5047 1278 5086; x_wconf 84' lang='lat' dir='ltr'><strong>ac</strong></span> <span class='ocrx_word' id='word_1_358' title='bbox 1308 5047 1421 5085; x_wconf 86' lang='lat' dir='ltr'><strong>am.</strong></span> 
     </span>
    </p>
   </div>
   <div class='ocr_carea' id='block_1_57' title="bbox 1213 5047 1421 5086">
    <p class='ocr_par' dir='ltr' id='par_1_57' title="bbox 1213 5047 1421 5086">
     <span class='ocr_line' id='line_1_58' title="bbox 1213 5047 1421 5086; baseline -0.01 0"><span class='ocrx_word' id='word_1_359' title='bbox 1213 5047 1421 5086; x_wconf 75' lang='lat' dir='ltr'><strong>acrum.</strong></span> 
     </span>
    </p>
   </div>
   <div class='ocr_carea' id='block_1_58' title="bbox 582 5134 2106 5207">
    <p class='ocr_par' dir='ltr' id='par_1_58' title="bbox 582 5134 2106 5207">
     <span class='ocr_line' id='line_1_59' title="bbox 582 5134 2106 5207; baseline -0.001 -17"><span class='ocrx_word' id='word_1_360' title='bbox 582 5138 838 5192; x_wconf 76' lang='lat' dir='ltr'><strong>JOANNES</strong></span> <span class='ocrx_word' id='word_1_361' title='bbox 863 5136 1168 5207; x_wconf 89' lang='lat' dir='ltr'><strong>episcopus,</strong></span> <span class='ocrx_word' id='word_1_362' title='bbox 1200 5151 1390 5190; x_wconf 89' lang='lat' dir='ltr'><strong>servus</strong></span> <span class='ocrx_word' id='word_1_363' title='bbox 1419 5150 1698 5190; x_wconf 89' lang='lat' dir='ltr'><strong>servorum</strong></span> <span class='ocrx_word' id='word_1_364' title='bbox 1718 5134 1839 5200; x_wconf 91' lang='lat' dir='ltr'><strong>Dei,</strong></span> <span class='ocrx_word' id='word_1_365' title='bbox 1866 5134 2106 5188; x_wconf 74' lang='lat' dir='ltr'><strong>GnILoxt</strong></span> 
     </span>
    </p>
   </div>
   <div class='ocr_carea' id='block_1_59' title="bbox 509 5222 2106 5298">
    <p class='ocr_par' dir='ltr' id='par_1_59' title="bbox 509 5222 2106 5298">
     <span class='ocr_line' id='line_1_60' title="bbox 509 5222 2106 5298; baseline -0.003 -17"><span class='ocrx_word' id='word_1_366' title='bbox 509 5225 772 5298; x_wconf 87' lang='lat' dir='ltr'><strong>religioso</strong></span> <span class='ocrx_word' id='word_1_367' title='bbox 818 5223 999 5279; x_wconf 83' lang='lat' dir='ltr'><strong>abbati</strong></span> <span class='ocrx_word' id='word_1_368' title='bbox 1044 5223 1369 5278; x_wconf 90' lang='lat' dir='ltr'><strong>venerabilis</strong></span> <span class='ocrx_word' id='word_1_369' title='bbox 1415 5222 1730 5278; x_wconf 89' lang='lat' dir='ltr'><strong>monasterii</strong></span> <span class='ocrx_word' id='word_1_370' title='bbox 1777 5229 1976 5278; x_wconf 76' lang='lat' dir='ltr'><strong>sanctae</strong></span> <span class='ocrx_word' id='word_1_371' title='bbox 2005 5223 2106 5277; x_wconf 90' lang='lat' dir='ltr'><strong>Dei</strong></span> 
     </span>
    </p>
   </div>
   <div class='ocr_carea' id='block_1_60' title="bbox 511 5310 2099 5384">
    <p class='ocr_par' dir='ltr' id='par_1_60' title="bbox 511 5310 2099 5384">
     <span class='ocr_line' id='line_1_61' title="bbox 511 5310 2099 5384; baseline -0.001 -16"><span class='ocrx_word' id='word_1_372' title='bbox 511 5313 811 5384; x_wconf 78' lang='lat' dir='ltr'><strong>genitricis,</strong></span> <span class='ocrx_word' id='word_1_373' title='bbox 836 5327 1160 5382; x_wconf 87' lang='lat' dir='ltr'><strong>semperque</strong></span> <span class='ocrx_word' id='word_1_374' title='bbox 1179 5310 1407 5382; x_wconf 85' lang='lat' dir='ltr'><strong>virginis</strong></span> <span class='ocrx_word' id='word_1_375' title='bbox 1427 5311 1611 5366; x_wconf 71' lang='lat' dir='ltr'><strong>Maria:</strong></span> <span class='ocrx_word' id='word_1_376' title='bbox 1630 5311 1864 5366; x_wconf 72' lang='lat' dir='ltr'><strong>dominae</strong></span> <span class='ocrx_word' id='word_1_377' title='bbox 1883 5318 2099 5378; x_wconf 74' lang='lat' dir='ltr'><strong>nostrae,</strong></span> 
     </span>
    </p>
   </div>
   <div class='ocr_carea' id='block_1_61' title="bbox 514 5397 2102 5470">
    <p class='ocr_par' dir='ltr' id='par_1_61' title="bbox 514 5397 2102 5470">
     <span class='ocr_line' id='line_1_62' title="bbox 514 5397 2102 5470; baseline 0 -16"><span class='ocrx_word' id='word_1_378' title='bbox 514 5407 566 5454; x_wconf 90' lang='lat' dir='ltr'><strong>et</strong></span> <span class='ocrx_word' id='word_1_379' title='bbox 598 5401 654 5454; x_wconf 90' lang='lat' dir='ltr'><strong>S.</strong></span> <span class='ocrx_word' id='word_1_380' title='bbox 687 5397 945 5466; x_wconf 89' lang='lat' dir='ltr'><strong>Filiberti,</strong></span> <span class='ocrx_word' id='word_1_381' title='bbox 980 5415 1046 5455; x_wconf 90' lang='lat' dir='ltr'><strong>ac</strong></span> <span class='ocrx_word' id='word_1_382' title='bbox 1073 5415 1174 5470; x_wconf 90' lang='lat' dir='ltr'><strong>per</strong></span> <span class='ocrx_word' id='word_1_383' title='bbox 1203 5405 1256 5454; x_wconf 91' lang='lat' dir='ltr'><strong>te</strong></span> <span class='ocrx_word' id='word_1_384' title='bbox 1285 5397 1463 5453; x_wconf 90' lang='lat' dir='ltr'><strong>eidem</strong></span> <span class='ocrx_word' id='word_1_385' title='bbox 1499 5398 1796 5454; x_wconf 90' lang='lat' dir='ltr'><strong>venerabili</strong></span> <span class='ocrx_word' id='word_1_386' title='bbox 1823 5407 2102 5454; x_wconf 90' lang='lat' dir='ltr'><strong>monaste-</strong></span> 
     </span>
    </p>
   </div>
   <div class='ocr_carea' id='block_1_62' title="bbox 515 5485 1045 5556">
    <p class='ocr_par' dir='ltr' id='par_1_62' title="bbox 515 5485 1045 5556">
     <span class='ocr_line' id='line_1_63' title="bbox 515 5485 1045 5556; baseline 0.006 -16"><span class='ocrx_word' id='word_1_387' title='bbox 515 5485 599 5540; x_wconf 88' lang='lat' dir='ltr'><strong>rio</strong></span> <span class='ocrx_word' id='word_1_388' title='bbox 628 5485 684 5538; x_wconf 93' lang='lat' dir='ltr'><strong>in</strong></span> <span class='ocrx_word' id='word_1_389' title='bbox 707 5495 1045 5556; x_wconf 89' lang='lat' dir='ltr'><strong>perpetuum.</strong></span> 
     </span>
    </p>
   </div>
   <div class='ocr_carea' id='block_1_63' title="bbox 586 5573 2107 5648">
    <p class='ocr_par' dir='ltr' id='par_1_63' title="bbox 586 5573 2107 5648">
     <span class='ocr_line' id='line_1_64' title="bbox 586 5573 2107 5648; baseline 0.001 -19"><span class='ocrx_word' id='word_1_390' title='bbox 586 5573 850 5630; x_wconf 88' lang='lat' dir='ltr'><strong>Convenit</strong></span> <span class='ocrx_word' id='word_1_391' title='bbox 879 5573 1178 5646; x_wconf 85' lang='lat' dir='ltr'><strong>apostolico</strong></span> <span class='ocrx_word' id='word_1_392' title='bbox 1205 5574 1558 5631; x_wconf 89' lang='lat' dir='ltr'><strong>moderamini</strong></span> <span class='ocrx_word' id='word_1_393' title='bbox 1584 5575 1677 5646; x_wconf 87' lang='lat' dir='ltr'><strong>pia</strong></span> <span class='ocrx_word' id='word_1_394' title='bbox 1703 5573 1971 5648; x_wconf 73' lang='lat' dir='ltr'><strong>religione</strong></span> <span class='ocrx_word' id='word_1_395' title='bbox 1993 5574 2107 5646; x_wconf 87' lang='lat' dir='ltr'><strong>pol-</strong></span> 
     </span>
    </p>
   </div>
   <div class='ocr_carea' id='block_1_64' title="bbox 2219 487 3810 558">
    <p class='ocr_par' dir='ltr' id='par_1_64' title="bbox 2219 487 3810 558">
     <span class='ocr_line' id='line_1_65' title="bbox 2219 487 3810 558; baseline 0.001 -19"><span class='ocrx_word' id='word_1_396' title='bbox 2219 487 2350 540; x_wconf 91' lang='lat' dir='ltr'><strong>tium</strong></span> <span class='ocrx_word' id='word_1_397' title='bbox 2406 487 2600 541; x_wconf 86' lang='lat' dir='ltr'><strong>animis</strong></span> <span class='ocrx_word' id='word_1_398' title='bbox 2645 487 2810 542; x_wconf 91' lang='lat' dir='ltr'><strong>alacri</strong></span> <span class='ocrx_word' id='word_1_399' title='bbox 2856 488 3141 542; x_wconf 87' lang='lat' dir='ltr'><strong>devotione</strong></span> <span class='ocrx_word' id='word_1_400' title='bbox 3183 487 3450 558; x_wconf 87' lang='lat' dir='ltr'><strong>impertiri</strong></span> <span class='ocrx_word' id='word_1_401' title='bbox 3503 503 3810 542; x_wconf 85' lang='lat' dir='ltr'><strong>assensum.</strong></span> 
     </span>
    </p>
   </div>
   <div class='ocr_carea' id='block_1_65' title="bbox 2219 575 3812 646">
    <p class='ocr_par' dir='ltr' id='par_1_65' title="bbox 2219 575 3812 646">
     <span class='ocr_line' id='line_1_66' title="bbox 2219 575 3812 646; baseline 0 -19"><span class='ocrx_word' id='word_1_402' title='bbox 2219 575 2296 628; x_wconf 87' lang='lat' dir='ltr'><strong>Ex</strong></span> <span class='ocrx_word' id='word_1_403' title='bbox 2337 575 2439 628; x_wconf 91' lang='lat' dir='ltr'><strong>hoc</strong></span> <span class='ocrx_word' id='word_1_404' title='bbox 2479 577 2620 630; x_wconf 90' lang='lat' dir='ltr'><strong>enim</strong></span> <span class='ocrx_word' id='word_1_405' title='bbox 2667 576 2808 630; x_wconf 89' lang='lat' dir='ltr'><strong>lucri</strong></span> <span class='ocrx_word' id='word_1_406' title='bbox 2855 575 3196 646; x_wconf 89' lang='lat' dir='ltr'><strong>potissimum</strong></span> <span class='ocrx_word' id='word_1_407' title='bbox 3243 576 3522 646; x_wconf 59' lang='lat' dir='ltr'><strong>praemium</strong></span> <span class='ocrx_word' id='word_1_408' title='bbox 3555 590 3590 629; x_wconf 88' lang='lat' dir='ltr'><strong>a</strong></span> <span class='ocrx_word' id='word_1_409' title='bbox 3621 575 3812 630; x_wconf 88' lang='lat' dir='ltr'><strong>condi-</strong></span> 
     </span>
    </p>
   </div>
   <div class='ocr_carea' id='block_1_66' title="bbox 2219 661 3814 732">
    <p class='ocr_par' dir='ltr' id='par_1_66' title="bbox 2219 661 3814 732">
     <span class='ocr_line' id='line_1_67' title="bbox 2219 661 3814 732; baseline 0.001 -18"><span class='ocrx_word' id='word_1_410' title='bbox 2219 669 2337 715; x_wconf 90' lang='lat' dir='ltr'><strong>tore</strong></span> <span class='ocrx_word' id='word_1_411' title='bbox 2367 663 2606 716; x_wconf 91' lang='lat' dir='ltr'><strong>omnium</strong></span> <span class='ocrx_word' id='word_1_412' title='bbox 2636 662 2866 718; x_wconf 91' lang='lat' dir='ltr'><strong>Domino</strong></span> <span class='ocrx_word' id='word_1_413' title='bbox 2899 678 3287 732; x_wconf 88' lang='lat' dir='ltr'><strong>promeremur,</strong></span> <span class='ocrx_word' id='word_1_414' title='bbox 3321 664 3452 716; x_wconf 90' lang='lat' dir='ltr'><strong>dum</strong></span> <span class='ocrx_word' id='word_1_415' title='bbox 3483 661 3814 717; x_wconf 83' lang='lat' dir='ltr'><strong>venerabilia</strong></span> 
     </span>
    </p>
   </div>
   <div class='ocr_carea' id='block_1_67' title="bbox 2217 747 3812 820">
    <p class='ocr_par' dir='ltr' id='par_1_67' title="bbox 2217 747 3812 820">
     <span class='ocr_line' id='line_1_68' title="bbox 2217 747 3812 820; baseline 0.003 -20"><span class='ocrx_word' id='word_1_416' title='bbox 2217 747 2335 803; x_wconf 89' lang='lat' dir='ltr'><strong>loca</strong></span> <span class='ocrx_word' id='word_1_417' title='bbox 2379 759 2676 820; x_wconf 89' lang='lat' dir='ltr'><strong>opportune</strong></span> <span class='ocrx_word' id='word_1_418' title='bbox 2714 751 2984 814; x_wconf 89' lang='lat' dir='ltr'><strong>ordinata,</strong></span> <span class='ocrx_word' id='word_1_419' title='bbox 3035 751 3103 804; x_wconf 90' lang='lat' dir='ltr'><strong>ad</strong></span> <span class='ocrx_word' id='word_1_420' title='bbox 3149 751 3426 806; x_wconf 87' lang='lat' dir='ltr'><strong>meliorem</strong></span> <span class='ocrx_word' id='word_1_421' title='bbox 3467 750 3674 804; x_wconf 79' lang='lat' dir='ltr'><strong>fuerint</strong></span> <span class='ocrx_word' id='word_1_422' title='bbox 3703 750 3812 804; x_wconf 87' lang='lat' dir='ltr'><strong>sine</strong></span> 
     </span>
    </p>
   </div>
   <div class='ocr_carea' id='block_1_68' title="bbox 2219 835 2920 908">
    <p class='ocr_par' dir='ltr' id='par_1_68' title="bbox 2219 835 2920 908">
     <span class='ocr_line' id='line_1_69' title="bbox 2219 835 2920 908; baseline 0.004 -19"><span class='ocrx_word' id='word_1_423' title='bbox 2219 835 2384 890; x_wconf 91' lang='lat' dir='ltr'><strong>dubio</strong></span> <span class='ocrx_word' id='word_1_424' title='bbox 2414 845 2610 890; x_wconf 88' lang='lat' dir='ltr'><strong>statum</strong></span> <span class='ocrx_word' id='word_1_425' title='bbox 2643 838 2920 908; x_wconf 88' lang='lat' dir='ltr'><strong>perducta.</strong></span> 
     </span>
    </p>
   </div>
   <div class='ocr_carea' id='block_1_69' title="bbox 2291 933 3810 1002">
    <p class='ocr_par' dir='ltr' id='par_1_69' title="bbox 2291 933 3810 1002">
     <span class='ocr_line' id='line_1_70' title="bbox 2291 933 3810 1002; baseline 0 -16"><span class='ocrx_word' id='word_1_426' title='bbox 2291 933 2458 1002; x_wconf 80' lang='lat' dir='ltr'><strong>Igitur</strong></span> <span class='ocrx_word' id='word_1_427' title='bbox 2503 934 2756 988; x_wconf 90' lang='lat' dir='ltr'><strong>omnibus</strong></span> <span class='ocrx_word' id='word_1_428' title='bbox 2803 942 3004 989; x_wconf 68' lang='lat' dir='ltr'><strong>sanctae</strong></span> <span class='ocrx_word' id='word_1_429' title='bbox 3053 935 3152 988; x_wconf 91' lang='lat' dir='ltr'><strong>Dei</strong></span> <span class='ocrx_word' id='word_1_430' title='bbox 3181 935 3446 990; x_wconf 64' lang='lat' dir='ltr'><strong>Ecclesia:</strong></span> <span class='ocrx_word' id='word_1_431' title='bbox 3475 933 3736 988; x_wconf 82' lang='lat' dir='ltr'><strong>ﬁdelibus</strong></span> <span class='ocrx_word' id='word_1_432' title='bbox 3765 941 3810 987; x_wconf 86' lang='lat' dir='ltr'><strong>et</strong></span> 
     </span>
    </p>
   </div>
   <div class='ocr_carea' id='block_1_70' title="bbox 2219 1021 3810 1091">
    <p class='ocr_par' dir='ltr' id='par_1_70' title="bbox 2219 1021 3810 1091">
     <span class='ocr_line' id='line_1_71' title="bbox 2219 1021 3810 1091; baseline 0.001 -19"><span class='ocrx_word' id='word_1_433' title='bbox 2219 1021 2441 1076; x_wconf 88' lang='lat' dir='ltr'><strong>nostris.</strong></span> <span class='ocrx_word' id='word_1_434' title='bbox 2490 1023 2846 1091; x_wconf 69' lang='lat' dir='ltr'><strong>praesentibus</strong></span> <span class='ocrx_word' id='word_1_435' title='bbox 2893 1031 2946 1074; x_wconf 91' lang='lat' dir='ltr'><strong>et</strong></span> <span class='ocrx_word' id='word_1_436' title='bbox 2993 1021 3210 1086; x_wconf 89' lang='lat' dir='ltr'><strong>futuris,</strong></span> <span class='ocrx_word' id='word_1_437' title='bbox 3263 1031 3448 1076; x_wconf 90' lang='lat' dir='ltr'><strong>notum</strong></span> <span class='ocrx_word' id='word_1_438' title='bbox 3495 1021 3618 1076; x_wconf 83' lang='lat' dir='ltr'><strong>fieri</strong></span> <span class='ocrx_word' id='word_1_439' title='bbox 3659 1021 3810 1075; x_wconf 86' lang='lat' dir='ltr'><strong>volu-</strong></span> 
     </span>
    </p>
   </div>
   <div class='ocr_carea' id='block_1_71' title="bbox 2219 1109 3810 1180">
    <p class='ocr_par' dir='ltr' id='par_1_71' title="bbox 2219 1109 3810 1180">
     <span class='ocr_line' id='line_1_72' title="bbox 2219 1109 3810 1180; baseline 0.001 -20"><span class='ocrx_word' id='word_1_440' title='bbox 2219 1124 2336 1160; x_wconf 89' lang='lat' dir='ltr'><strong>mus</strong></span> <span class='ocrx_word' id='word_1_441' title='bbox 2383 1109 2617 1178; x_wconf 89' lang='lat' dir='ltr'><strong>qualiter</strong></span> <span class='ocrx_word' id='word_1_442' title='bbox 2659 1110 2961 1164; x_wconf 90' lang='lat' dir='ltr'><strong>reverentia</strong></span> <span class='ocrx_word' id='word_1_443' title='bbox 3001 1120 3092 1164; x_wconf 89' lang='lat' dir='ltr'><strong>tua</strong></span> <span class='ocrx_word' id='word_1_444' title='bbox 3137 1127 3235 1180; x_wconf 91' lang='lat' dir='ltr'><strong>per</strong></span> <span class='ocrx_word' id='word_1_445' title='bbox 3279 1109 3636 1180; x_wconf 81' lang='lat' dir='ltr'><strong>Adalgarium</strong></span> <span class='ocrx_word' id='word_1_446' title='bbox 3687 1124 3810 1163; x_wconf 88' lang='lat' dir='ltr'><strong>san-</strong></span> 
     </span>
    </p>
   </div>
   <div class='ocr_carea' id='block_1_72' title="bbox 2218 1196 3810 1266">
    <p class='ocr_par' dir='ltr' id='par_1_72' title="bbox 2218 1196 3810 1266">
     <span class='ocr_line' id='line_1_73' title="bbox 2218 1196 3810 1266; baseline 0 -16"><span class='ocrx_word' id='word_1_447' title='bbox 2218 1196 2516 1250; x_wconf 90' lang='lat' dir='ltr'><strong>ctissimum</strong></span> <span class='ocrx_word' id='word_1_448' title='bbox 2576 1197 2892 1266; x_wconf 90' lang='lat' dir='ltr'><strong>episcopum</strong></span> <span class='ocrx_word' id='word_1_449' title='bbox 2952 1207 3154 1253; x_wconf 61' lang='lat' dir='ltr'><strong>sanctae</strong></span> <span class='ocrx_word' id='word_1_450' title='bbox 3207 1197 3494 1251; x_wconf 75' lang='lat' dir='ltr'><strong>.Eduensis</strong></span> <span class='ocrx_word' id='word_1_451' title='bbox 3551 1197 3810 1251; x_wconf 68' lang='lat' dir='ltr'><strong>Ecclesiae</strong></span> 
     </span>
    </p>
   </div>
   <div class='ocr_carea' id='block_1_73' title="bbox 2219 1285 3808 1356">
    <p class='ocr_par' dir='ltr' id='par_1_73' title="bbox 2219 1285 3808 1356">
     <span class='ocr_line' id='line_1_74' title="bbox 2219 1285 3808 1356; baseline -0.002 -16"><span class='ocrx_word' id='word_1_452' title='bbox 2219 1292 2404 1340; x_wconf 88' lang='lat' dir='ltr'><strong>nostro</strong></span> <span class='ocrx_word' id='word_1_453' title='bbox 2435 1285 2710 1356; x_wconf 82' lang='lat' dir='ltr'><strong>suggessit</strong></span> <span class='ocrx_word' id='word_1_454' title='bbox 2739 1287 3084 1355; x_wconf 88' lang='lat' dir='ltr'><strong>apostolatui,</strong></span> <span class='ocrx_word' id='word_1_455' title='bbox 3127 1285 3429 1340; x_wconf 89' lang='lat' dir='ltr'><strong>observans</strong></span> <span class='ocrx_word' id='word_1_456' title='bbox 3459 1285 3608 1356; x_wconf 89' lang='lat' dir='ltr'><strong>quod</strong></span> <span class='ocrx_word' id='word_1_457' title='bbox 3643 1285 3808 1338; x_wconf 88' lang='lat' dir='ltr'><strong>abba-</strong></span> 
     </span>
    </p>
   </div>
   <div class='ocr_carea' id='block_1_74' title="bbox 2219 1371 3808 1443">
    <p class='ocr_par' dir='ltr' id='par_1_74' title="bbox 2219 1371 3808 1443">
     <span class='ocr_line' id='line_1_75' title="bbox 2219 1371 3808 1443; baseline 0.001 -18"><span class='ocrx_word' id='word_1_458' title='bbox 2219 1371 2398 1426; x_wconf 89' lang='lat' dir='ltr'><strong>tiolam</strong></span> <span class='ocrx_word' id='word_1_459' title='bbox 2453 1389 2572 1442; x_wconf 68' lang='lat' dir='ltr'><strong>qua:</strong></span> <span class='ocrx_word' id='word_1_460' title='bbox 2631 1381 2849 1428; x_wconf 86' lang='lat' dir='ltr'><strong>vocatur</strong></span> <span class='ocrx_word' id='word_1_461' title='bbox 2909 1375 2964 1428; x_wconf 93' lang='lat' dir='ltr'><strong>S.</strong></span> <span class='ocrx_word' id='word_1_462' title='bbox 3023 1374 3324 1438; x_wconf 90' lang='lat' dir='ltr'><strong>Portianus,</strong></span> <span class='ocrx_word' id='word_1_463' title='bbox 3387 1389 3666 1443; x_wconf 91' lang='lat' dir='ltr'><strong>quamque</strong></span> <span class='ocrx_word' id='word_1_464' title='bbox 3717 1373 3808 1442; x_wconf 67' lang='lat' dir='ltr'><strong>piae</strong></span> 
     </span>
    </p>
   </div>
   <div class='ocr_carea' id='block_1_75' title="bbox 2217 1459 3810 1532">
    <p class='ocr_par' dir='ltr' id='par_1_75' title="bbox 2217 1459 3810 1532">
     <span class='ocr_line' id='line_1_76' title="bbox 2217 1459 3810 1532; baseline 0 -20"><span class='ocrx_word' id='word_1_465' title='bbox 2217 1460 2496 1514; x_wconf 75' lang='lat' dir='ltr'><strong>memoria:</strong></span> <span class='ocrx_word' id='word_1_466' title='bbox 2565 1460 2786 1514; x_wconf 88' lang='lat' dir='ltr'><strong>Carolus</strong></span> <span class='ocrx_word' id='word_1_467' title='bbox 2855 1461 3180 1532; x_wconf 86' lang='lat' dir='ltr'><strong>imperator,</strong></span> <span class='ocrx_word' id='word_1_468' title='bbox 3243 1460 3538 1531; x_wconf 90' lang='lat' dir='ltr'><strong>spiritualis</strong></span> <span class='ocrx_word' id='word_1_469' title='bbox 3613 1459 3810 1514; x_wconf 89' lang='lat' dir='ltr'><strong>scilicet</strong></span> 
     </span>
    </p>
   </div>
   <div class='ocr_carea' id='block_1_76' title="bbox 2217 1545 3810 1619">
    <p class='ocr_par' dir='ltr' id='par_1_76' title="bbox 2217 1545 3810 1619">
     <span class='ocr_line' id='line_1_77' title="bbox 2217 1545 3810 1619; baseline 0.001 -19"><span class='ocrx_word' id='word_1_470' title='bbox 2217 1545 2358 1601; x_wconf 85' lang='lat' dir='ltr'><strong>ﬁlius</strong></span> <span class='ocrx_word' id='word_1_471' title='bbox 2429 1555 2630 1616; x_wconf 89' lang='lat' dir='ltr'><strong>noster,</strong></span> <span class='ocrx_word' id='word_1_472' title='bbox 2691 1549 2762 1602; x_wconf 92' lang='lat' dir='ltr'><strong>ob</strong></span> <span class='ocrx_word' id='word_1_473' title='bbox 2813 1550 2896 1602; x_wconf 90' lang='lat' dir='ltr'><strong>sui</strong></span> <span class='ocrx_word' id='word_1_474' title='bbox 2951 1565 3248 1619; x_wconf 89' lang='lat' dir='ltr'><strong>perennem</strong></span> <span class='ocrx_word' id='word_1_475' title='bbox 3315 1547 3660 1612; x_wconf 89' lang='lat' dir='ltr'><strong>memoriam,</strong></span> <span class='ocrx_word' id='word_1_476' title='bbox 3725 1564 3810 1617; x_wconf 90' lang='lat' dir='ltr'><strong>per</strong></span> 
     </span>
    </p>
   </div>
   <div class='ocr_carea' id='block_1_77' title="bbox 2216 1636 3806 1706">
    <p class='ocr_par' dir='ltr' id='par_1_77' title="bbox 2216 1636 3806 1706">
     <span class='ocr_line' id='line_1_78' title="bbox 2216 1636 3806 1706; baseline 0.001 -18"><span class='ocrx_word' id='word_1_477' title='bbox 2216 1637 2476 1706; x_wconf 60' lang='lat' dir='ltr'><strong>praecepti</strong></span> <span class='ocrx_word' id='word_1_478' title='bbox 2532 1636 2732 1692; x_wconf 90' lang='lat' dir='ltr'><strong>seriem</strong></span> <span class='ocrx_word' id='word_1_479' title='bbox 2781 1637 2834 1691; x_wconf 91' lang='lat' dir='ltr'><strong>in</strong></span> <span class='ocrx_word' id='word_1_480' title='bbox 2877 1639 3070 1692; x_wconf 91' lang='lat' dir='ltr'><strong>eodem</strong></span> <span class='ocrx_word' id='word_1_481' title='bbox 3127 1636 3423 1692; x_wconf 89' lang='lat' dir='ltr'><strong>venerabili</strong></span> <span class='ocrx_word' id='word_1_482' title='bbox 3475 1637 3806 1690; x_wconf 86' lang='lat' dir='ltr'><strong>monasterio</strong></span> 
     </span>
    </p>
   </div>
   <div class='ocr_carea' id='block_1_78' title="bbox 2133 1723 3806 1802">
    <p class='ocr_par' dir='ltr' id='par_1_78' title="bbox 2133 1723 3806 1802">
     <span class='ocr_line' id='line_1_79' title="bbox 2133 1723 3806 1802; baseline -0.002 -23"><span class='ocrx_word' id='word_1_483' title='bbox 2133 1743 2184 1802; x_wconf 80' lang='grc' dir='ltr'>Β</span> <span class='ocrx_word' id='word_1_484' title='bbox 2217 1723 2502 1779; x_wconf 89' lang='lat' dir='ltr'><strong>conferens</strong></span> <span class='ocrx_word' id='word_1_485' title='bbox 2557 1724 2790 1796; x_wconf 85' lang='lat' dir='ltr'><strong>largitus</strong></span> <span class='ocrx_word' id='word_1_486' title='bbox 2844 1733 2944 1788; x_wconf 91' lang='lat' dir='ltr'><strong>est,</strong></span> <span class='ocrx_word' id='word_1_487' title='bbox 2991 1726 3164 1780; x_wconf 88' lang='lat' dir='ltr'><strong>nostri</strong></span> <span class='ocrx_word' id='word_1_488' title='bbox 3212 1723 3496 1794; x_wconf 86' lang='lat' dir='ltr'><strong>apostolici</strong></span> <span class='ocrx_word' id='word_1_489' title='bbox 3541 1723 3806 1794; x_wconf 85' lang='lat' dir='ltr'><strong>privilegii</strong></span> 
     </span>
    </p>
   </div>
   <div class='ocr_carea' id='block_1_79' title="bbox 2217 1811 3026 1868">
    <p class='ocr_par' dir='ltr' id='par_1_79' title="bbox 2217 1811 3026 1868">
     <span class='ocr_line' id='line_1_80' title="bbox 2217 1811 3026 1868; baseline 0.005 -4"><span class='ocrx_word' id='word_1_490' title='bbox 2217 1811 2534 1866; x_wconf 88' lang='lat' dir='ltr'><strong>auctoritate</strong></span> <span class='ocrx_word' id='word_1_491' title='bbox 2563 1811 3026 1868; x_wconf 84' lang='lat' dir='ltr'><strong>contirmaremus.</strong></span> 
     </span>
    </p>
   </div>
   <div class='ocr_carea' id='block_1_80' title="bbox 2285 1908 3802 1978">
    <p class='ocr_par' dir='ltr' id='par_1_80' title="bbox 2285 1908 3802 1978">
     <span class='ocr_line' id='line_1_81' title="bbox 2285 1908 3802 1978; baseline -0.001 -16"><span class='ocrx_word' id='word_1_492' title='bbox 2285 1909 2400 1962; x_wconf 88' lang='lat' dir='ltr'><strong>Nos</strong></span> <span class='ocrx_word' id='word_1_493' title='bbox 2429 1917 2624 1972; x_wconf 88' lang='lat' dir='ltr'><strong>autem,</strong></span> <span class='ocrx_word' id='word_1_494' title='bbox 2679 1909 3084 1964; x_wconf 88' lang='lat' dir='ltr'><strong>considerantes</strong></span> <span class='ocrx_word' id='word_1_495' title='bbox 3127 1909 3268 1964; x_wconf 81' lang='lat' dir='ltr'><strong>lianc</strong></span> <span class='ocrx_word' id='word_1_496' title='bbox 3313 1908 3636 1978; x_wconf 88' lang='lat' dir='ltr'><strong>petitionem</strong></span> <span class='ocrx_word' id='word_1_497' title='bbox 3667 1908 3802 1962; x_wconf 89' lang='lat' dir='ltr'><strong>salu-</strong></span> 
     </span>
    </p>
   </div>
   <div class='ocr_carea' id='block_1_81' title="bbox 2217 1996 3802 2060">
    <p class='ocr_par' dir='ltr' id='par_1_81' title="bbox 2217 1996 3802 2060">
     <span class='ocr_line' id='line_1_82' title="bbox 2217 1996 3802 2060; baseline -0.001 -10"><span class='ocrx_word' id='word_1_498' title='bbox 2217 1996 2370 2050; x_wconf 89' lang='lat' dir='ltr'><strong>brem</strong></span> <span class='ocrx_word' id='word_1_499' title='bbox 2427 1996 2541 2050; x_wconf 84' lang='lat' dir='ltr'><strong>fore</strong></span> <span class='ocrx_word' id='word_1_500' title='bbox 2598 2004 2650 2050; x_wconf 90' lang='lat' dir='ltr'><strong>et</strong></span> <span class='ocrx_word' id='word_1_501' title='bbox 2707 1997 2886 2052; x_wconf 88' lang='lat' dir='ltr'><strong>eidem</strong></span> <span class='ocrx_word' id='word_1_502' title='bbox 2959 1997 3258 2052; x_wconf 87' lang='lat' dir='ltr'><strong>venerabili</strong></span> <span class='ocrx_word' id='word_1_503' title='bbox 3313 1997 3680 2060; x_wconf 87' lang='lat' dir='ltr'><strong>monasterio,</strong></span> <span class='ocrx_word' id='word_1_504' title='bbox 3731 1997 3802 2052; x_wconf 87' lang='lat' dir='ltr'><strong>cui</strong></span> 
     </span>
    </p>
   </div>
   <div class='ocr_carea' id='block_1_82' title="bbox 2213 2083 3800 2156">
    <p class='ocr_par' dir='ltr' id='par_1_82' title="bbox 2213 2083 3800 2156">
     <span class='ocr_line' id='line_1_83' title="bbox 2213 2083 3800 2156; baseline 0.001 -19"><span class='ocrx_word' id='word_1_505' title='bbox 2213 2099 2449 2154; x_wconf 68' lang='lat' dir='ltr'><strong>praeesse</strong></span> <span class='ocrx_word' id='word_1_506' title='bbox 2524 2083 2898 2156; x_wconf 88' lang='lat' dir='ltr'><strong>dignosceris,</strong></span> <span class='ocrx_word' id='word_1_507' title='bbox 2981 2085 3402 2140; x_wconf 88' lang='lat' dir='ltr'><strong>stabilimentum</strong></span> <span class='ocrx_word' id='word_1_508' title='bbox 3469 2085 3800 2152; x_wconf 88' lang='lat' dir='ltr'><strong>consistere,</strong></span> 
     </span>
    </p>
   </div>
   <div class='ocr_carea' id='block_1_83' title="bbox 2212 2171 3800 2242">
    <p class='ocr_par' dir='ltr' id='par_1_83' title="bbox 2212 2171 3800 2242">
     <span class='ocr_line' id='line_1_84' title="bbox 2212 2171 3800 2242; baseline 0.001 -18"><span class='ocrx_word' id='word_1_509' title='bbox 2212 2172 2486 2242; x_wconf 62' lang='lat' dir='ltr'><strong>praecipue</strong></span> <span class='ocrx_word' id='word_1_510' title='bbox 2543 2187 2664 2226; x_wconf 90' lang='lat' dir='ltr'><strong>cum</strong></span> <span class='ocrx_word' id='word_1_511' title='bbox 2723 2173 2908 2227; x_wconf 90' lang='lat' dir='ltr'><strong>omnia</strong></span> <span class='ocrx_word' id='word_1_512' title='bbox 2963 2173 3050 2242; x_wconf 89' lang='lat' dir='ltr'><strong>pia</strong></span> <span class='ocrx_word' id='word_1_513' title='bbox 3105 2173 3220 2227; x_wconf 90' lang='lat' dir='ltr'><strong>loca</strong></span> <span class='ocrx_word' id='word_1_514' title='bbox 3279 2171 3562 2242; x_wconf 85' lang='lat' dir='ltr'><strong>proprium</strong></span> <span class='ocrx_word' id='word_1_515' title='bbox 3619 2172 3800 2226; x_wconf 85' lang='lat' dir='ltr'><strong>habere</strong></span> 
     </span>
    </p>
   </div>
   <div class='ocr_carea' id='block_1_84' title="bbox 2213 2259 3800 2330">
    <p class='ocr_par' dir='ltr' id='par_1_84' title="bbox 2213 2259 3800 2330">
     <span class='ocr_line' id='line_1_85' title="bbox 2213 2259 3800 2330; baseline 0 -16"><span class='ocrx_word' id='word_1_516' title='bbox 2213 2267 2478 2328; x_wconf 90' lang='lat' dir='ltr'><strong>optemus,</strong></span> <span class='ocrx_word' id='word_1_517' title='bbox 2557 2260 2796 2314; x_wconf 90' lang='lat' dir='ltr'><strong>inclinati</strong></span> <span class='ocrx_word' id='word_1_518' title='bbox 2867 2261 3216 2330; x_wconf 89' lang='lat' dir='ltr'><strong>petitionibus</strong></span> <span class='ocrx_word' id='word_1_519' title='bbox 3279 2261 3406 2327; x_wconf 88' lang='lat' dir='ltr'><strong>tuis,</strong></span> <span class='ocrx_word' id='word_1_520' title='bbox 3469 2276 3502 2313; x_wconf 89' lang='lat' dir='ltr'><strong>a</strong></span> <span class='ocrx_word' id='word_1_521' title='bbox 3561 2259 3800 2329; x_wconf 70' lang='lat' dir='ltr'><strong>praesenti</strong></span> 
     </span>
    </p>
   </div>
   <div class='ocr_carea' id='block_1_85' title="bbox 2213 2347 3800 2416">
    <p class='ocr_par' dir='ltr' id='par_1_85' title="bbox 2213 2347 3800 2416">
     <span class='ocr_line' id='line_1_86' title="bbox 2213 2347 3800 2416; baseline -0.001 -16"><span class='ocrx_word' id='word_1_522' title='bbox 2213 2363 2354 2402; x_wconf 89' lang='lat' dir='ltr'><strong>nona</strong></span> <span class='ocrx_word' id='word_1_523' title='bbox 2411 2347 2703 2402; x_wconf 89' lang='lat' dir='ltr'><strong>indictione</strong></span> <span class='ocrx_word' id='word_1_524' title='bbox 2755 2347 3035 2416; x_wconf 68' lang='lat' dir='ltr'><strong>praefatam</strong></span> <span class='ocrx_word' id='word_1_525' title='bbox 3089 2347 3416 2402; x_wconf 89' lang='lat' dir='ltr'><strong>abbatiolam</strong></span> <span class='ocrx_word' id='word_1_526' title='bbox 3460 2363 3590 2402; x_wconf 91' lang='lat' dir='ltr'><strong>cum</strong></span> <span class='ocrx_word' id='word_1_527' title='bbox 3635 2347 3800 2401; x_wconf 83' lang='lat' dir='ltr'><strong>omni-</strong></span> 
     </span>
    </p>
   </div>
   <div class='ocr_carea' id='block_1_86' title="bbox 2213 2434 3796 2503">
    <p class='ocr_par' dir='ltr' id='par_1_86' title="bbox 2213 2434 3796 2503">
     <span class='ocr_line' id='line_1_87' title="bbox 2213 2434 3796 2503; baseline 0 -15"><span class='ocrx_word' id='word_1_528' title='bbox 2213 2434 2312 2488; x_wconf 89' lang='lat' dir='ltr'><strong>bus</strong></span> <span class='ocrx_word' id='word_1_529' title='bbox 2341 2435 2505 2490; x_wconf 90' lang='lat' dir='ltr'><strong>rebus</strong></span> <span class='ocrx_word' id='word_1_530' title='bbox 2535 2435 2648 2490; x_wconf 90' lang='lat' dir='ltr'><strong>suis</strong></span> <span class='ocrx_word' id='word_1_531' title='bbox 2679 2435 2969 2490; x_wconf 87' lang='lat' dir='ltr'><strong>mobilibus</strong></span> <span class='ocrx_word' id='word_1_532' title='bbox 2999 2435 3084 2490; x_wconf 88' lang='lat' dir='ltr'><strong>vel</strong></span> <span class='ocrx_word' id='word_1_533' title='bbox 3113 2435 3500 2500; x_wconf 90' lang='lat' dir='ltr'><strong>immobilibus,</strong></span> <span class='ocrx_word' id='word_1_534' title='bbox 3539 2435 3644 2488; x_wconf 87' lang='lat' dir='ltr'><strong>sibi</strong></span> <span class='ocrx_word' id='word_1_535' title='bbox 3663 2435 3796 2503; x_wconf 89' lang='lat' dir='ltr'><strong>juste</strong></span> 
     </span>
    </p>
   </div>
   <div class='ocr_carea' id='block_1_87' title="bbox 2211 2523 3794 2594">
    <p class='ocr_par' dir='ltr' id='par_1_87' title="bbox 2211 2523 3794 2594">
     <span class='ocr_line' id='line_1_88' title="bbox 2211 2523 3794 2594; baseline 0 -18"><span class='ocrx_word' id='word_1_536' title='bbox 2211 2531 2264 2576; x_wconf 90' lang='lat' dir='ltr'><strong>et</strong></span> <span class='ocrx_word' id='word_1_537' title='bbox 2291 2523 2542 2594; x_wconf 88' lang='lat' dir='ltr'><strong>legaliter</strong></span> <span class='ocrx_word' id='word_1_538' title='bbox 2589 2523 3006 2593; x_wconf 89' lang='lat' dir='ltr'><strong>pertinentibus,</strong></span> <span class='ocrx_word' id='word_1_539' title='bbox 3057 2523 3516 2593; x_wconf 88' lang='lat' dir='ltr'><strong>quemadmodum</strong></span> <span class='ocrx_word' id='word_1_540' title='bbox 3559 2539 3626 2577; x_wconf 77' lang='lat' dir='ltr'><strong>ex</strong></span> <span class='ocrx_word' id='word_1_541' title='bbox 3665 2538 3794 2592; x_wconf 70' lang='lat' dir='ltr'><strong>pra:-</strong></span> 
     </span>
    </p>
   </div>
   <div class='ocr_carea' id='block_1_88' title="bbox 2210 2610 3790 2682">
    <p class='ocr_par' dir='ltr' id='par_1_88' title="bbox 2210 2610 3790 2682">
     <span class='ocr_line' id='line_1_89' title="bbox 2210 2610 3790 2682; baseline 0.001 -20"><span class='ocrx_word' id='word_1_542' title='bbox 2210 2610 2354 2666; x_wconf 91' lang='lat' dir='ltr'><strong>dicto</strong></span> <span class='ocrx_word' id='word_1_543' title='bbox 2413 2611 2602 2666; x_wconf 89' lang='lat' dir='ltr'><strong>eodem</strong></span> <span class='ocrx_word' id='word_1_544' title='bbox 2681 2614 2927 2682; x_wconf 81' lang='lat' dir='ltr'><strong>Augusto</strong></span> <span class='ocrx_word' id='word_1_545' title='bbox 3001 2626 3322 2666; x_wconf 89' lang='lat' dir='ltr'><strong>concessum</strong></span> <span class='ocrx_word' id='word_1_546' title='bbox 3380 2618 3482 2677; x_wconf 84' lang='lat' dir='ltr'><strong>est,</strong></span> <span class='ocrx_word' id='word_1_547' title='bbox 3541 2627 3640 2680; x_wconf 92' lang='lat' dir='ltr'><strong>per</strong></span> <span class='ocrx_word' id='word_1_548' title='bbox 3701 2611 3790 2664; x_wconf 85' lang='lat' dir='ltr'><strong>hoc</strong></span> 
     </span>
    </p>
   </div>
   <div class='ocr_carea' id='block_1_89' title="bbox 2210 2698 3784 2770">
    <p class='ocr_par' dir='ltr' id='par_1_89' title="bbox 2210 2698 3784 2770">
     <span class='ocr_line' id='line_1_90' title="bbox 2210 2698 3784 2770; baseline 0 -19"><span class='ocrx_word' id='word_1_549' title='bbox 2210 2699 2568 2768; x_wconf 89' lang='lat' dir='ltr'><strong>apostolicum</strong></span> <span class='ocrx_word' id='word_1_550' title='bbox 2623 2709 2870 2754; x_wconf 89' lang='lat' dir='ltr'><strong>nostrum</strong></span> <span class='ocrx_word' id='word_1_551' title='bbox 2943 2699 3290 2770; x_wconf 84' lang='lat' dir='ltr'><strong>privilegium</strong></span> <span class='ocrx_word' id='word_1_552' title='bbox 3345 2698 3402 2752; x_wconf 90' lang='lat' dir='ltr'><strong>in</strong></span> <span class='ocrx_word' id='word_1_553' title='bbox 3459 2714 3608 2769; x_wconf 72' lang='lat' dir='ltr'><strong>saepe</strong></span> <span class='ocrx_word' id='word_1_554' title='bbox 3659 2698 3784 2752; x_wconf 89' lang='lat' dir='ltr'><strong>dicto</strong></span> 
     </span>
    </p>
   </div>
   <div class='ocr_carea' id='block_1_90' title="bbox 2206 2785 3784 2856">
    <p class='ocr_par' dir='ltr' id='par_1_90' title="bbox 2206 2785 3784 2856">
     <span class='ocr_line' id='line_1_91' title="bbox 2206 2785 3784 2856; baseline -0.001 -16"><span class='ocrx_word' id='word_1_555' title='bbox 2206 2786 2507 2840; x_wconf 88' lang='lat' dir='ltr'><strong>venerabili</strong></span> <span class='ocrx_word' id='word_1_556' title='bbox 2563 2787 2893 2842; x_wconf 90' lang='lat' dir='ltr'><strong>monasterio</strong></span> <span class='ocrx_word' id='word_1_557' title='bbox 2949 2785 3352 2852; x_wconf 84' lang='lat' dir='ltr'><strong>confirmamus,</strong></span> <span class='ocrx_word' id='word_1_558' title='bbox 3415 2795 3468 2840; x_wconf 90' lang='lat' dir='ltr'><strong>et</strong></span> <span class='ocrx_word' id='word_1_559' title='bbox 3523 2794 3784 2856; x_wconf 86' lang='lat' dir='ltr'><strong>perpetua-</strong></span> 
     </span>
    </p>
   </div>
   <div class='ocr_carea' id='block_1_91' title="bbox 2205 2859 3778 2940">
    <p class='ocr_par' dir='ltr' id='par_1_91' title="bbox 2205 2859 3778 2940">
     <span class='ocr_line' id='line_1_92' title="bbox 2205 2859 3778 2940; baseline -0.001 -12"><span class='ocrx_word' id='word_1_560' title='bbox 2205 2873 2326 2928; x_wconf 92' lang='lat' dir='ltr'><strong>liter</strong></span> <span class='ocrx_word' id='word_1_561' title='bbox 2379 2874 2694 2940; x_wconf 88' lang='lat' dir='ltr'><strong>stabilimus,</strong></span> <span class='ocrx_word' id='word_1_562' title='bbox 2754 2883 2805 2929; x_wconf 91' lang='lat' dir='ltr'><strong>et</strong></span> <span class='ocrx_word' id='word_1_563' title='bbox 2853 2859 2920 2928; x_wconf 76' lang='lat' dir='ltr'><strong>ad</strong></span> <span class='ocrx_word' id='word_1_564' title='bbox 2977 2875 3286 2929; x_wconf 90' lang='lat' dir='ltr'><strong>mercedem</strong></span> <span class='ocrx_word' id='word_1_565' title='bbox 3343 2882 3584 2928; x_wconf 86' lang='lat' dir='ltr'><strong>nostram</strong></span> <span class='ocrx_word' id='word_1_566' title='bbox 3635 2873 3778 2928; x_wconf 90' lang='lat' dir='ltr'><strong>robo-</strong></span> 
     </span>
    </p>
   </div>
   <div class='ocr_carea' id='block_1_92' title="bbox 2209 2960 3782 3032">
    <p class='ocr_par' dir='ltr' id='par_1_92' title="bbox 2209 2960 3782 3032">
     <span class='ocr_line' id='line_1_93' title="bbox 2209 2960 3782 3032; baseline -0.001 -18"><span class='ocrx_word' id='word_1_567' title='bbox 2209 2977 2394 3016; x_wconf 89' lang='lat' dir='ltr'><strong>ramus</strong></span> <span class='ocrx_word' id='word_1_568' title='bbox 2418 2981 2431 3026; x_wconf 86' lang='lat'><strong>-,</strong></span> <span class='ocrx_word' id='word_1_569' title='bbox 2465 2963 2538 3016; x_wconf 90' lang='lat' dir='ltr'><strong>ita</strong></span> <span class='ocrx_word' id='word_1_570' title='bbox 2563 2978 2782 3032; x_wconf 90' lang='lat' dir='ltr'><strong>quoque</strong></span> <span class='ocrx_word' id='word_1_571' title='bbox 2829 2961 3124 3032; x_wconf 90' lang='lat' dir='ltr'><strong>apostolica</strong></span> <span class='ocrx_word' id='word_1_572' title='bbox 3151 2963 3472 3018; x_wconf 88' lang='lat' dir='ltr'><strong>auctoritate</strong></span> <span class='ocrx_word' id='word_1_573' title='bbox 3499 2960 3782 3016; x_wconf 85' lang='lat' dir='ltr'><strong>munientes</strong></span> 
     </span>
    </p>
   </div>
   <div class='ocr_carea' id='block_1_93' title="bbox 2139 3049 3782 3147">
    <p class='ocr_par' dir='ltr' id='par_1_93' title="bbox 2139 3049 3782 3147">
     <span class='ocr_line' id='line_1_94' title="bbox 2139 3049 3782 3147; baseline -0.001 -44"><span class='ocrx_word' id='word_1_574' title='bbox 2139 3085 2188 3147; x_wconf 67' lang='grc' dir='ltr'><strong>Ο</strong></span> <span class='ocrx_word' id='word_1_575' title='bbox 2211 3049 2551 3106; x_wconf 89' lang='lat' dir='ltr'><strong>decernimus</strong></span> <span class='ocrx_word' id='word_1_576' title='bbox 2581 3057 2638 3104; x_wconf 90' lang='lat' dir='ltr'><strong>ut</strong></span> <span class='ocrx_word' id='word_1_577' title='bbox 2665 3050 2846 3104; x_wconf 91' lang='lat' dir='ltr'><strong>nullus</strong></span> <span class='ocrx_word' id='word_1_578' title='bbox 2863 3050 3244 3120; x_wconf 87' lang='lat' dir='ltr'><strong>episcoporum</strong></span> <span class='ocrx_word' id='word_1_579' title='bbox 3273 3050 3346 3104; x_wconf 88' lang='lat' dir='ltr'><strong>ad</strong></span> <span class='ocrx_word' id='word_1_580' title='bbox 3375 3049 3594 3122; x_wconf 86' lang='lat' dir='ltr'><strong>negotia</strong></span> <span class='ocrx_word' id='word_1_581' title='bbox 3622 3049 3782 3102; x_wconf 87' lang='lat' dir='ltr'><strong>divina</strong></span> 
     </span>
    </p>
   </div>
   <div class='ocr_carea' id='block_1_94' title="bbox 2214 3137 3781 3210">
    <p class='ocr_par' dir='ltr' id='par_1_94' title="bbox 2214 3137 3781 3210">
     <span class='ocr_line' id='line_1_95' title="bbox 2214 3137 3781 3210; baseline 0.001 -21"><span class='ocrx_word' id='word_1_582' title='bbox 2214 3137 2362 3202; x_wconf 90' lang='lat' dir='ltr'><strong>illuc,</strong></span> <span class='ocrx_word' id='word_1_583' title='bbox 2421 3145 2512 3192; x_wconf 91' lang='lat' dir='ltr'><strong>aut</strong></span> <span class='ocrx_word' id='word_1_584' title='bbox 2554 3153 2654 3208; x_wconf 87' lang='lat' dir='ltr'><strong>pro</strong></span> <span class='ocrx_word' id='word_1_585' title='bbox 2709 3137 2816 3192; x_wconf 89' lang='lat' dir='ltr'><strong>alia</strong></span> <span class='ocrx_word' id='word_1_586' title='bbox 2863 3153 2922 3192; x_wconf 89' lang='lat' dir='ltr'><strong>re</strong></span> <span class='ocrx_word' id='word_1_587' title='bbox 2965 3139 3303 3210; x_wconf 88' lang='lat' dir='ltr'><strong>peragenda,</strong></span> <span class='ocrx_word' id='word_1_588' title='bbox 3353 3137 3460 3192; x_wconf 91' lang='lat' dir='ltr'><strong>nisi</strong></span> <span class='ocrx_word' id='word_1_589' title='bbox 3505 3153 3540 3190; x_wconf 89' lang='lat' dir='ltr'><strong>a</strong></span> <span class='ocrx_word' id='word_1_590' title='bbox 3581 3145 3634 3191; x_wconf 89' lang='lat' dir='ltr'><strong>te</strong></span> <span class='ocrx_word' id='word_1_591' title='bbox 3677 3151 3781 3190; x_wconf 83' lang='lat' dir='ltr'><strong>suc-</strong></span> 
     </span>
    </p>
   </div>
   <div class='ocr_carea' id='block_1_95' title="bbox 2211 3225 3784 3296">
    <p class='ocr_par' dir='ltr' id='par_1_95' title="bbox 2211 3225 3784 3296">
     <span class='ocr_line' id='line_1_96' title="bbox 2211 3225 3784 3296; baseline -0.002 -16"><span class='ocrx_word' id='word_1_592' title='bbox 2211 3225 2628 3296; x_wconf 88' lang='lat' dir='ltr'><strong>cessoribusque</strong></span> <span class='ocrx_word' id='word_1_593' title='bbox 2685 3225 2792 3280; x_wconf 89' lang='lat' dir='ltr'><strong>tuis</strong></span> <span class='ocrx_word' id='word_1_594' title='bbox 2845 3225 3132 3280; x_wconf 83' lang='lat' dir='ltr'><strong>abbatibus</strong></span> <span class='ocrx_word' id='word_1_595' title='bbox 3191 3225 3348 3280; x_wconf 87' lang='lat' dir='ltr'><strong>fuerit</strong></span> <span class='ocrx_word' id='word_1_596' title='bbox 3405 3225 3678 3290; x_wconf 85' lang='lat' dir='ltr'><strong>invitatus,</strong></span> <span class='ocrx_word' id='word_1_597' title='bbox 3719 3225 3784 3277; x_wconf 88' lang='lat' dir='ltr'><strong>ire</strong></span> 
     </span>
    </p>
   </div>
   <div class='ocr_carea' id='block_1_96' title="bbox 2209 3313 3782 3384">
    <p class='ocr_par' dir='ltr' id='par_1_96' title="bbox 2209 3313 3782 3384">
     <span class='ocr_line' id='line_1_97' title="bbox 2209 3313 3782 3384; baseline -0.002 -16"><span class='ocrx_word' id='word_1_598' title='bbox 2209 3321 2516 3384; x_wconf 86' lang='lat' dir='ltr'><strong>pertentet;</strong></span> <span class='ocrx_word' id='word_1_599' title='bbox 2577 3313 2686 3368; x_wconf 92' lang='lat' dir='ltr'><strong>imo</strong></span> <span class='ocrx_word' id='word_1_600' title='bbox 2743 3329 2811 3368; x_wconf 90' lang='lat' dir='ltr'><strong>ne</strong></span> <span class='ocrx_word' id='word_1_601' title='bbox 2860 3313 3146 3382; x_wconf 88' lang='lat' dir='ltr'><strong>judiciaria</strong></span> <span class='ocrx_word' id='word_1_602' title='bbox 3201 3321 3442 3384; x_wconf 89' lang='lat' dir='ltr'><strong>potestas</strong></span> <span class='ocrx_word' id='word_1_603' title='bbox 3500 3329 3782 3384; x_wconf 89' lang='lat' dir='ltr'><strong>quamcun-</strong></span> 
     </span>
    </p>
   </div>
   <div class='ocr_carea' id='block_1_97' title="bbox 2209 3401 3783 3473">
    <p class='ocr_par' dir='ltr' id='par_1_97' title="bbox 2209 3401 3783 3473">
     <span class='ocr_line' id='line_1_98' title="bbox 2209 3401 3783 3473; baseline -0.001 -19"><span class='ocrx_word' id='word_1_604' title='bbox 2209 3417 2314 3472; x_wconf 89' lang='lat' dir='ltr'><strong>que</strong></span> <span class='ocrx_word' id='word_1_605' title='bbox 2369 3401 2455 3456; x_wconf 90' lang='lat' dir='ltr'><strong>vel</strong></span> <span class='ocrx_word' id='word_1_606' title='bbox 2507 3401 2814 3456; x_wconf 88' lang='lat' dir='ltr'><strong>molestiam</strong></span> <span class='ocrx_word' id='word_1_607' title='bbox 2873 3410 2964 3456; x_wconf 89' lang='lat' dir='ltr'><strong>aut</strong></span> <span class='ocrx_word' id='word_1_608' title='bbox 3019 3401 3443 3456; x_wconf 88' lang='lat' dir='ltr'><strong>destructionem</strong></span> <span class='ocrx_word' id='word_1_609' title='bbox 3511 3401 3783 3473; x_wconf 86' lang='lat' dir='ltr'><strong>quamlibet</strong></span> 
     </span>
    </p>
   </div>
   <div class='ocr_carea' id='block_1_98' title="bbox 2205 3488 3782 3560">
    <p class='ocr_par' dir='ltr' id='par_1_98' title="bbox 2205 3488 3782 3560">
     <span class='ocr_line' id='line_1_99' title="bbox 2205 3488 3782 3560; baseline -0.001 -17"><span class='ocrx_word' id='word_1_610' title='bbox 2205 3503 2446 3560; x_wconf 88' lang='lat' dir='ltr'><strong>pergens</strong></span> <span class='ocrx_word' id='word_1_611' title='bbox 2499 3488 2678 3544; x_wconf 89' lang='lat' dir='ltr'><strong>facere</strong></span> <span class='ocrx_word' id='word_1_612' title='bbox 2736 3489 2946 3555; x_wconf 88' lang='lat' dir='ltr'><strong>audeat,</strong></span> <span class='ocrx_word' id='word_1_613' title='bbox 3009 3505 3174 3560; x_wconf 90' lang='lat' dir='ltr'><strong>quam</strong></span> <span class='ocrx_word' id='word_1_614' title='bbox 3245 3489 3548 3546; x_wconf 87' lang='lat' dir='ltr'><strong>secundum</strong></span> <span class='ocrx_word' id='word_1_615' title='bbox 3633 3490 3782 3560; x_wconf 88' lang='lat' dir='ltr'><strong>ipsius</strong></span> 
     </span>
    </p>
   </div>
   <div class='ocr_carea' id='block_1_99' title="bbox 2209 3577 3782 3650">
    <p class='ocr_par' dir='ltr' id='par_1_99' title="bbox 2209 3577 3782 3650">
     <span class='ocr_line' id='line_1_100' title="bbox 2209 3577 3782 3650; baseline -0.001 -20"><span class='ocrx_word' id='word_1_616' title='bbox 2209 3577 2536 3631; x_wconf 89' lang='lat' dir='ltr'><strong>venerabilis</strong></span> <span class='ocrx_word' id='word_1_617' title='bbox 2578 3577 2896 3632; x_wconf 90' lang='lat' dir='ltr'><strong>monasterii</strong></span> <span class='ocrx_word' id='word_1_618' title='bbox 2943 3577 3122 3642; x_wconf 89' lang='lat' dir='ltr'><strong>ritum,</strong></span> <span class='ocrx_word' id='word_1_619' title='bbox 3173 3585 3228 3632; x_wconf 91' lang='lat' dir='ltr'><strong>et</strong></span> <span class='ocrx_word' id='word_1_620' title='bbox 3267 3579 3516 3648; x_wconf 69' lang='lat' dir='ltr'><strong>praedicti</strong></span> <span class='ocrx_word' id='word_1_621' title='bbox 3573 3577 3782 3650; x_wconf 77' lang='lat' dir='ltr'><strong>Augusti</strong></span> 
     </span>
    </p>
   </div>
   <div class='ocr_carea' id='block_1_100' title="bbox 2210 3665 3782 3736">
    <p class='ocr_par' dir='ltr' id='par_1_100' title="bbox 2210 3665 3782 3736">
     <span class='ocr_line' id='line_1_101' title="bbox 2210 3665 3782 3736; baseline -0.001 -17"><span class='ocrx_word' id='word_1_622' title='bbox 2210 3665 2644 3734; x_wconf 90' lang='lat' dir='ltr'><strong>concessionem,</strong></span> <span class='ocrx_word' id='word_1_623' title='bbox 2689 3681 2792 3722; x_wconf 90' lang='lat' dir='ltr'><strong>nec</strong></span> <span class='ocrx_word' id='word_1_624' title='bbox 2834 3683 2944 3720; x_wconf 90' lang='lat' dir='ltr'><strong>non</strong></span> <span class='ocrx_word' id='word_1_625' title='bbox 2991 3675 3043 3720; x_wconf 89' lang='lat' dir='ltr'><strong>et</strong></span> <span class='ocrx_word' id='word_1_626' title='bbox 3091 3667 3233 3722; x_wconf 90' lang='lat' dir='ltr'><strong>hanc</strong></span> <span class='ocrx_word' id='word_1_627' title='bbox 3278 3666 3636 3736; x_wconf 90' lang='lat' dir='ltr'><strong>apostolicam</strong></span> <span class='ocrx_word' id='word_1_628' title='bbox 3671 3681 3782 3720; x_wconf 89' lang='lat' dir='ltr'><strong>con-</strong></span> 
     </span>
    </p>
   </div>
   <div class='ocr_carea' id='block_1_101' title="bbox 2209 3752 3784 3810">
    <p class='ocr_par' dir='ltr' id='par_1_101' title="bbox 2209 3752 3784 3810">
     <span class='ocr_line' id='line_1_102' title="bbox 2209 3752 3784 3810; baseline -0.002 -2"><span class='ocrx_word' id='word_1_629' title='bbox 2209 3753 2514 3808; x_wconf 89' lang='lat' dir='ltr'><strong>cessionem</strong></span> <span class='ocrx_word' id='word_1_630' title='bbox 2559 3762 2610 3808; x_wconf 92' lang='lat' dir='ltr'><strong>et</strong></span> <span class='ocrx_word' id='word_1_631' title='bbox 2659 3752 3124 3809; x_wconf 85' lang='lat' dir='ltr'><strong>conﬁrmationem</strong></span> <span class='ocrx_word' id='word_1_632' title='bbox 3181 3755 3252 3809; x_wconf 88' lang='lat' dir='ltr'><strong>ab</strong></span> <span class='ocrx_word' id='word_1_633' title='bbox 3295 3755 3550 3810; x_wconf 89' lang='lat' dir='ltr'><strong>omnibus</strong></span> <span class='ocrx_word' id='word_1_634' title='bbox 3607 3753 3784 3809; x_wconf 87' lang='lat' dir='ltr'><strong>Christi</strong></span> 
     </span>
    </p>
   </div>
   <div class='ocr_carea' id='block_1_102' title="bbox 2209 3839 3210 3898">
    <p class='ocr_par' dir='ltr' id='par_1_102' title="bbox 2209 3839 3210 3898">
     <span class='ocr_line' id='line_1_103' title="bbox 2209 3839 3210 3898; baseline 0.002 -4"><span class='ocrx_word' id='word_1_635' title='bbox 2209 3839 2460 3896; x_wconf 78' lang='lat' dir='ltr'><strong>fidelibus</strong></span> <span class='ocrx_word' id='word_1_636' title='bbox 2489 3841 2886 3896; x_wconf 87' lang='lat' dir='ltr'><strong>observandam</strong></span> <span class='ocrx_word' id='word_1_637' title='bbox 2917 3843 3210 3898; x_wconf 89' lang='lat' dir='ltr'><strong>sancimus.</strong></span> 
     </span>
    </p>
   </div>
   <div class='ocr_carea' id='block_1_103' title="bbox 2279 3947 3780 4020">
    <p class='ocr_par' dir='ltr' id='par_1_103' title="bbox 2279 3947 3780 4020">
     <span class='ocr_line' id='line_1_104' title="bbox 2279 3947 3780 4020; baseline 0 -19"><span class='ocrx_word' id='word_1_638' title='bbox 2279 3947 2335 4001; x_wconf 92' lang='lat' dir='ltr'><strong>Si</strong></span> <span class='ocrx_word' id='word_1_639' title='bbox 2390 3947 2511 4017; x_wconf 90' lang='lat' dir='ltr'><strong>quis</strong></span> <span class='ocrx_word' id='word_1_640' title='bbox 2561 3955 2742 4002; x_wconf 88' lang='lat' dir='ltr'><strong>autem</strong></span> <span class='ocrx_word' id='word_1_641' title='bbox 2791 3948 3079 4016; x_wconf 90' lang='lat' dir='ltr'><strong>cujuslibet</strong></span> <span class='ocrx_word' id='word_1_642' title='bbox 3126 3948 3406 4020; x_wconf 86' lang='lat' dir='ltr'><strong>dignitatis</strong></span> <span class='ocrx_word' id='word_1_643' title='bbox 3455 3949 3620 4004; x_wconf 90' lang='lat' dir='ltr'><strong>homo</strong></span> <span class='ocrx_word' id='word_1_644' title='bbox 3663 3963 3780 4004; x_wconf 86' lang='lat' dir='ltr'><strong>con-</strong></span> 
     </span>
    </p>
   </div>
   <div class='ocr_carea' id='block_1_104' title="bbox 2205 4035 3780 4110">
    <p class='ocr_par' dir='ltr' id='par_1_104' title="bbox 2205 4035 3780 4110">
     <span class='ocr_line' id='line_1_105' title="bbox 2205 4035 3780 4110; baseline 0.001 -22"><span class='ocrx_word' id='word_1_645' title='bbox 2205 4043 2288 4089; x_wconf 90' lang='lat' dir='ltr'><strong>tra</strong></span> <span class='ocrx_word' id='word_1_646' title='bbox 2343 4036 2448 4089; x_wconf 89' lang='lat' dir='ltr'><strong>hoc</strong></span> <span class='ocrx_word' id='word_1_647' title='bbox 2501 4043 2744 4090; x_wconf 89' lang='lat' dir='ltr'><strong>nostrum</strong></span> <span class='ocrx_word' id='word_1_648' title='bbox 2801 4037 3160 4106; x_wconf 89' lang='lat' dir='ltr'><strong>apostolicum</strong></span> <span class='ocrx_word' id='word_1_649' title='bbox 3223 4037 3616 4110; x_wconf 63' lang='lat' dir='ltr'><strong>privilegium;</strong></span> <span class='ocrx_word' id='word_1_650' title='bbox 3653 4035 3780 4107; x_wconf 89' lang='lat' dir='ltr'><strong>quod</strong></span> 
     </span>
    </p>
   </div>
   <div class='ocr_carea' id='block_1_105' title="bbox 2205 4123 3780 4195">
    <p class='ocr_par' dir='ltr' id='par_1_105' title="bbox 2205 4123 3780 4195">
     <span class='ocr_line' id='line_1_106' title="bbox 2205 4123 3780 4195; baseline 0.001 -20"><span class='ocrx_word' id='word_1_651' title='bbox 2205 4137 2316 4176; x_wconf 92' lang='lat' dir='ltr'><strong>non</strong></span> <span class='ocrx_word' id='word_1_652' title='bbox 2373 4123 2667 4189; x_wconf 89' lang='lat' dir='ltr'><strong>credimus,</strong></span> <span class='ocrx_word' id='word_1_653' title='bbox 2725 4123 2782 4176; x_wconf 92' lang='lat' dir='ltr'><strong>in</strong></span> <span class='ocrx_word' id='word_1_654' title='bbox 2837 4131 2949 4179; x_wconf 91' lang='lat' dir='ltr'><strong>toto</strong></span> <span class='ocrx_word' id='word_1_655' title='bbox 2997 4125 3082 4180; x_wconf 86' lang='lat' dir='ltr'><strong>vel</strong></span> <span class='ocrx_word' id='word_1_656' title='bbox 3129 4125 3184 4178; x_wconf 93' lang='lat' dir='ltr'><strong>in</strong></span> <span class='ocrx_word' id='word_1_657' title='bbox 3223 4133 3374 4194; x_wconf 89' lang='lat' dir='ltr'><strong>parte</strong></span> <span class='ocrx_word' id='word_1_658' title='bbox 3419 4125 3498 4179; x_wconf 92' lang='lat' dir='ltr'><strong>ire</strong></span> <span class='ocrx_word' id='word_1_659' title='bbox 3545 4139 3780 4195; x_wconf 80' lang='lat' dir='ltr'><strong>praesum-</strong></span> 
     </span>
    </p>
   </div>
   <div class='ocr_carea' id='block_1_106' title="bbox 2205 4211 3778 4282">
    <p class='ocr_par' dir='ltr' id='par_1_106' title="bbox 2205 4211 3778 4282">
     <span class='ocr_line' id='line_1_107' title="bbox 2205 4211 3778 4282; baseline 0 -18"><span class='ocrx_word' id='word_1_660' title='bbox 2205 4211 2394 4280; x_wconf 89' lang='lat' dir='ltr'><strong>pserit,</strong></span> <span class='ocrx_word' id='word_1_661' title='bbox 2447 4225 2509 4266; x_wconf 90' lang='lat' dir='ltr'><strong>ac</strong></span> <span class='ocrx_word' id='word_1_662' title='bbox 2558 4212 2704 4282; x_wconf 92' lang='lat' dir='ltr'><strong>quod</strong></span> <span class='ocrx_word' id='word_1_663' title='bbox 2750 4229 2781 4265; x_wconf 91' lang='lat' dir='ltr'><strong>a</strong></span> <span class='ocrx_word' id='word_1_664' title='bbox 2827 4212 2986 4266; x_wconf 91' lang='lat' dir='ltr'><strong>nobis</strong></span> <span class='ocrx_word' id='word_1_665' title='bbox 3029 4211 3319 4268; x_wconf 90' lang='lat' dir='ltr'><strong>salubriter</strong></span> <span class='ocrx_word' id='word_1_666' title='bbox 3373 4214 3640 4268; x_wconf 91' lang='lat' dir='ltr'><strong>sancitum</strong></span> <span class='ocrx_word' id='word_1_667' title='bbox 3691 4217 3778 4276; x_wconf 90' lang='lat' dir='ltr'><strong>est,</strong></span> 
     </span>
    </p>
   </div>
   <div class='ocr_carea' id='block_1_107' title="bbox 2205 4297 3780 4370">
    <p class='ocr_par' dir='ltr' id='par_1_107' title="bbox 2205 4297 3780 4370">
     <span class='ocr_line' id='line_1_108' title="bbox 2205 4297 3780 4370; baseline 0.001 -20"><span class='ocrx_word' id='word_1_668' title='bbox 2205 4297 2260 4350; x_wconf 91' lang='lat' dir='ltr'><strong>in</strong></span> <span class='ocrx_word' id='word_1_669' title='bbox 2319 4297 2499 4368; x_wconf 89' lang='lat' dir='ltr'><strong>aliquo</strong></span> <span class='ocrx_word' id='word_1_670' title='bbox 2557 4299 2810 4370; x_wconf 87' lang='lat' dir='ltr'><strong>frangere</strong></span> <span class='ocrx_word' id='word_1_671' title='bbox 2867 4315 3031 4354; x_wconf 89' lang='lat' dir='ltr'><strong>ausus</strong></span> <span class='ocrx_word' id='word_1_672' title='bbox 3087 4300 3266 4366; x_wconf 85' lang='lat' dir='ltr'><strong>fuerit,</strong></span> <span class='ocrx_word' id='word_1_673' title='bbox 3325 4302 3642 4355; x_wconf 86' lang='lat' dir='ltr'><strong>auctoritate</strong></span> <span class='ocrx_word' id='word_1_674' title='bbox 3694 4297 3780 4353; x_wconf 89' lang='lat' dir='ltr'><strong>Dei</strong></span> 
     </span>
    </p>
   </div>
   <div class='ocr_carea' id='block_1_108' title="bbox 2205 4386 3776 4460">
    <p class='ocr_par' dir='ltr' id='par_1_108' title="bbox 2205 4386 3776 4460">
     <span class='ocr_line' id='line_1_109' title="bbox 2205 4386 3776 4460; baseline 0.005 -22"><span class='ocrx_word' id='word_1_675' title='bbox 2205 4386 2610 4455; x_wconf 90' lang='lat' dir='ltr'><strong>omnipotentis,</strong></span> <span class='ocrx_word' id='word_1_676' title='bbox 2645 4395 2698 4441; x_wconf 91' lang='lat' dir='ltr'><strong>et</strong></span> <span class='ocrx_word' id='word_1_677' title='bbox 2743 4387 2888 4442; x_wconf 90' lang='lat' dir='ltr'><strong>beati</strong></span> <span class='ocrx_word' id='word_1_678' title='bbox 2921 4389 3062 4442; x_wconf 90' lang='lat' dir='ltr'><strong>Petri</strong></span> <span class='ocrx_word' id='word_1_679' title='bbox 3105 4388 3354 4460; x_wconf 89' lang='lat' dir='ltr'><strong>apostoli,</strong></span> <span class='ocrx_word' id='word_1_680' title='bbox 3402 4397 3560 4460; x_wconf 89' lang='lat' dir='ltr'><strong>atque</strong></span> <span class='ocrx_word' id='word_1_681' title='bbox 3591 4395 3776 4446; x_wconf 84' lang='lat' dir='ltr'><strong>nostra.</strong></span> 
     </span>
    </p>
   </div>
   <div class='ocr_carea' id='block_1_109' title="bbox 2210 4473 3782 4546">
    <p class='ocr_par' dir='ltr' id='par_1_109' title="bbox 2210 4473 3782 4546">
     <span class='ocr_line' id='line_1_110' title="bbox 2210 4473 3782 4546; baseline 0 -20"><span class='ocrx_word' id='word_1_682' title='bbox 2210 4473 2344 4528; x_wconf 88' lang='lat' dir='ltr'><strong>sciat</strong></span> <span class='ocrx_word' id='word_1_683' title='bbox 2407 4491 2466 4528; x_wconf 91' lang='lat' dir='ltr'><strong>se</strong></span> <span class='ocrx_word' id='word_1_684' title='bbox 2535 4475 2758 4545; x_wconf 89' lang='lat' dir='ltr'><strong>pr0pria</strong></span> <span class='ocrx_word' id='word_1_685' title='bbox 2827 4476 3314 4531; x_wconf 88' lang='lat' dir='ltr'><strong>communicatione</strong></span> <span class='ocrx_word' id='word_1_686' title='bbox 3385 4476 3682 4546; x_wconf 83' lang='lat' dir='ltr'><strong>privatum;</strong></span> <span class='ocrx_word' id='word_1_687' title='bbox 3739 4479 3782 4527; x_wconf 89' lang='lat' dir='ltr'><strong>et</strong></span> 
     </span>
    </p>
   </div>
   <div class='ocr_carea' id='block_1_110' title="bbox 2208 4561 3780 4632">
    <p class='ocr_par' dir='ltr' id='par_1_110' title="bbox 2208 4561 3780 4632">
     <span class='ocr_line' id='line_1_111' title="bbox 2208 4561 3780 4632; baseline 0.001 -18"><span class='ocrx_word' id='word_1_688' title='bbox 2208 4561 2314 4614; x_wconf 89' lang='lat' dir='ltr'><strong>nisi</strong></span> <span class='ocrx_word' id='word_1_689' title='bbox 2371 4561 2477 4616; x_wconf 94' lang='lat' dir='ltr'><strong>cito</strong></span> <span class='ocrx_word' id='word_1_690' title='bbox 2532 4562 2822 4632; x_wconf 88' lang='lat' dir='ltr'><strong>resipuerit</strong></span> <span class='ocrx_word' id='word_1_691' title='bbox 2881 4579 2946 4619; x_wconf 90' lang='lat' dir='ltr'><strong>ac</strong></span> <span class='ocrx_word' id='word_1_692' title='bbox 3003 4563 3280 4619; x_wconf 74' lang='lat' dir='ltr'><strong>canonica:</strong></span> <span class='ocrx_word' id='word_1_693' title='bbox 3350 4564 3616 4620; x_wconf 89' lang='lat' dir='ltr'><strong>sanctioni</strong></span> <span class='ocrx_word' id='word_1_694' title='bbox 3665 4561 3780 4617; x_wconf 82' lang='lat' dir='ltr'><strong>obe-</strong></span> 
     </span>
    </p>
   </div>
   <div class='ocr_carea' id='block_1_111' title="bbox 2211 4645 3778 4721">
    <p class='ocr_par' dir='ltr' id='par_1_111' title="bbox 2211 4645 3778 4721">
     <span class='ocr_line' id='line_1_112' title="bbox 2211 4645 3778 4721; baseline -0.001 -20"><span class='ocrx_word' id='word_1_695' title='bbox 2211 4647 2386 4712; x_wconf 91' lang='lat' dir='ltr'><strong>dierit,</strong></span> <span class='ocrx_word' id='word_1_696' title='bbox 2445 4651 2786 4706; x_wconf 87' lang='lat' dir='ltr'><strong>anathemate</strong></span> <span class='ocrx_word' id='word_1_697' title='bbox 2859 4659 3120 4721; x_wconf 90' lang='lat' dir='ltr'><strong>perpetuo</strong></span> <span class='ocrx_word' id='word_1_698' title='bbox 3195 4652 3654 4716; x_wconf 81' lang='lat' dir='ltr'><strong>condemnatum;</strong></span> <span class='ocrx_word' id='word_1_699' title='bbox 3701 4645 3778 4720; x_wconf 88' lang='lat' dir='ltr'><strong>qui</strong></span> 
     </span>
    </p>
   </div>
   <div class='ocr_carea' id='block_1_112' title="bbox 2207 4739 3776 4804">
    <p class='ocr_par' dir='ltr' id='par_1_112' title="bbox 2207 4739 3776 4804">
     <span class='ocr_line' id='line_1_113' title="bbox 2207 4739 3776 4804; baseline -0.002 -13"><span class='ocrx_word' id='word_1_700' title='bbox 2207 4752 2337 4791; x_wconf 89' lang='lat' dir='ltr'><strong>vero</strong></span> <span class='ocrx_word' id='word_1_701' title='bbox 2382 4745 2563 4792; x_wconf 89' lang='lat' dir='ltr'><strong>custos</strong></span> <span class='ocrx_word' id='word_1_702' title='bbox 2593 4747 2646 4792; x_wconf 91' lang='lat' dir='ltr'><strong>et</strong></span> <span class='ocrx_word' id='word_1_703' title='bbox 2675 4739 2991 4794; x_wconf 90' lang='lat' dir='ltr'><strong>observator</strong></span> <span class='ocrx_word' id='word_1_704' title='bbox 3039 4739 3316 4804; x_wconf 79' lang='lat' dir='ltr'><strong>exstiterit,</strong></span> <span class='ocrx_word' id='word_1_705' title='bbox 3365 4739 3776 4796; x_wconf 86' lang='lat' dir='ltr'><strong>benedictionem</strong></span> 
     </span>
    </p>
   </div>
   <div class='ocr_carea' id='block_1_113' title="bbox 2209 4825 3772 4899">
    <p class='ocr_par' dir='ltr' id='par_1_113' title="bbox 2209 4825 3772 4899">
     <span class='ocr_line' id='line_1_114' title="bbox 2209 4825 3772 4899; baseline -0.001 -22"><span class='ocrx_word' id='word_1_706' title='bbox 2209 4831 2260 4878; x_wconf 95' lang='lat' dir='ltr'><strong>et</strong></span> <span class='ocrx_word' id='word_1_707' title='bbox 2289 4825 2520 4895; x_wconf 90' lang='lat' dir='ltr'><strong>gratiam</strong></span> <span class='ocrx_word' id='word_1_708' title='bbox 2542 4841 2572 4879; x_wconf 88' lang='lat' dir='ltr'><strong>a</strong></span> <span class='ocrx_word' id='word_1_709' title='bbox 2593 4826 2824 4881; x_wconf 91' lang='lat' dir='ltr'><strong>Domino</strong></span> <span class='ocrx_word' id='word_1_710' title='bbox 2855 4829 2969 4882; x_wconf 91' lang='lat' dir='ltr'><strong>Deo</strong></span> <span class='ocrx_word' id='word_1_711' title='bbox 2993 4835 3181 4882; x_wconf 91' lang='lat' dir='ltr'><strong>nostro</strong></span> <span class='ocrx_word' id='word_1_712' title='bbox 3209 4827 3474 4899; x_wconf 91' lang='lat' dir='ltr'><strong>consequi</strong></span> <span class='ocrx_word' id='word_1_713' title='bbox 3503 4833 3772 4882; x_wconf 88' lang='lat' dir='ltr'><strong>mereatur.</strong></span> 
     </span>
    </p>
   </div>
   <div class='ocr_carea' id='block_1_114' title="bbox 2279 4931 3776 5004">
    <p class='ocr_par' dir='ltr' id='par_1_114' title="bbox 2279 4931 3776 5004">
     <span class='ocr_line' id='line_1_115' title="bbox 2279 4931 3776 5004; baseline -0.002 -19"><span class='ocrx_word' id='word_1_714' title='bbox 2279 4931 2552 5000; x_wconf 92' lang='lat' dir='ltr'><strong>Scriptum</strong></span> <span class='ocrx_word' id='word_1_715' title='bbox 2595 4947 2698 5002; x_wconf 88' lang='lat' dir='ltr'><strong>per</strong></span> <span class='ocrx_word' id='word_1_716' title='bbox 2741 4947 2935 4986; x_wconf 90' lang='lat' dir='ltr'><strong>manus</strong></span> <span class='ocrx_word' id='word_1_717' title='bbox 2984 4933 3252 4988; x_wconf 80' lang='lat' dir='ltr'><strong>Anastasii</strong></span> <span class='ocrx_word' id='word_1_718' title='bbox 3303 4933 3502 4987; x_wconf 89' lang='lat' dir='ltr'><strong>notarii</strong></span> <span class='ocrx_word' id='word_1_719' title='bbox 3549 4931 3776 5004; x_wconf 81' lang='lat' dir='ltr'><strong>regiona-</strong></span> 
     </span>
    </p>
   </div>
   <div class='ocr_carea' id='block_1_115' title="bbox 2207 5017 3774 5078">
    <p class='ocr_par' dir='ltr' id='par_1_115' title="bbox 2207 5017 3774 5078">
     <span class='ocr_line' id='line_1_116' title="bbox 2207 5017 3774 5078; baseline -0.001 -8"><span class='ocrx_word' id='word_1_720' title='bbox 2207 5017 2270 5071; x_wconf 89' lang='lat' dir='ltr'><strong>rii</strong></span> <span class='ocrx_word' id='word_1_721' title='bbox 2300 5027 2350 5072; x_wconf 90' lang='lat' dir='ltr'><strong>et</strong></span> <span class='ocrx_word' id='word_1_722' title='bbox 2381 5019 2648 5074; x_wconf 86' lang='lat' dir='ltr'><strong>scriniarii</strong></span> <span class='ocrx_word' id='word_1_723' title='bbox 2691 5029 2890 5075; x_wconf 80' lang='lat' dir='ltr'><strong>sanctze</strong></span> <span class='ocrx_word' id='word_1_724' title='bbox 2931 5021 3192 5076; x_wconf 69' lang='lat' dir='ltr'><strong>Romanae</strong></span> <span class='ocrx_word' id='word_1_725' title='bbox 3231 5020 3494 5078; x_wconf 72' lang='lat' dir='ltr'><strong>Ecclesia:</strong></span> <span class='ocrx_word' id='word_1_726' title='bbox 3529 5021 3584 5074; x_wconf 91' lang='lat' dir='ltr'><strong>in</strong></span> <span class='ocrx_word' id='word_1_727' title='bbox 3609 5031 3774 5074; x_wconf 89' lang='lat' dir='ltr'><strong>mense</strong></span> 
     </span>
    </p>
   </div>
   <div class='ocr_carea' id='block_1_116' title="bbox 2207 5105 3364 5174">
    <p class='ocr_par' dir='ltr' id='par_1_116' title="bbox 2207 5105 3364 5174">
     <span class='ocr_line' id='line_1_117' title="bbox 2207 5105 3364 5174; baseline 0.003 -14"><span class='ocrx_word' id='word_1_728' title='bbox 2207 5105 2451 5174; x_wconf 88' lang='lat' dir='ltr'><strong>Octobri,</strong></span> <span class='ocrx_word' id='word_1_729' title='bbox 2481 5107 2774 5163; x_wconf 91' lang='lat' dir='ltr'><strong>indictione</strong></span> <span class='ocrx_word' id='word_1_730' title='bbox 2804 5124 2964 5164; x_wconf 91' lang='lat' dir='ltr'><strong>nona.</strong></span> <span class='ocrx_word' id='word_1_731' title='bbox 2997 5110 3141 5164; x_wconf 90' lang='lat' dir='ltr'><strong>Bene</strong></span> <span class='ocrx_word' id='word_1_732' title='bbox 3167 5109 3364 5164; x_wconf 91' lang='lat' dir='ltr'><strong>valete.</strong></span> 
     </span>
    </p>
   </div>
   <div class='ocr_carea' id='block_1_117' title="bbox 2279 5209 3774 5284">
    <p class='ocr_par' dir='ltr' id='par_1_117' title="bbox 2279 5209 3774 5284">
     <span class='ocr_line' id='line_1_118' title="bbox 2279 5209 3774 5284; baseline -0.002 -18"><span class='ocrx_word' id='word_1_733' title='bbox 2279 5213 2470 5267; x_wconf 91' lang='lat' dir='ltr'><strong>Datum</strong></span> <span class='ocrx_word' id='word_1_734' title='bbox 2521 5213 2648 5268; x_wconf 91' lang='lat' dir='ltr'><strong>Idus</strong></span> <span class='ocrx_word' id='word_1_735' title='bbox 2696 5213 2918 5270; x_wconf 91' lang='lat' dir='ltr'><strong>Octobri</strong></span> <span class='ocrx_word' id='word_1_736' title='bbox 2945 5231 3044 5284; x_wconf 91' lang='lat' dir='ltr'><strong>per</strong></span> <span class='ocrx_word' id='word_1_737' title='bbox 3071 5229 3290 5268; x_wconf 90' lang='lat' dir='ltr'><strong>manum</strong></span> <span class='ocrx_word' id='word_1_738' title='bbox 3333 5213 3646 5270; x_wconf 88' lang='lat' dir='ltr'><strong>Christofori</strong></span> <span class='ocrx_word' id='word_1_739' title='bbox 3671 5209 3774 5266; x_wconf 87' lang='lat' dir='ltr'><strong>Pri-</strong></span> 
     </span>
    </p>
   </div>
   <div class='ocr_carea' id='block_1_118' title="bbox 2205 5300 3774 5374">
    <p class='ocr_par' dir='ltr' id='par_1_118' title="bbox 2205 5300 3774 5374">
     <span class='ocr_line' id='line_1_119' title="bbox 2205 5300 3774 5374; baseline -0.003 -20"><span class='ocrx_word' id='word_1_740' title='bbox 2205 5300 2412 5355; x_wconf 86' lang='lat' dir='ltr'><strong>micerii</strong></span> <span class='ocrx_word' id='word_1_741' title='bbox 2453 5309 2652 5357; x_wconf 67' lang='lat' dir='ltr'><strong>sanctae</strong></span> <span class='ocrx_word' id='word_1_742' title='bbox 2699 5317 2924 5357; x_wconf 74' lang='lat' dir='ltr'><strong>summae</strong></span> <span class='ocrx_word' id='word_1_743' title='bbox 2951 5302 3098 5356; x_wconf 92' lang='lat' dir='ltr'><strong>sedis</strong></span> <span class='ocrx_word' id='word_1_744' title='bbox 3127 5303 3458 5374; x_wconf 70' lang='lat' dir='ltr'><strong>apostolicae.</strong></span> <span class='ocrx_word' id='word_1_745' title='bbox 3489 5303 3774 5372; x_wconf 88' lang='lat' dir='ltr'><strong>Imperante</strong></span> 
     </span>
    </p>
   </div>
   <div class='ocr_carea' id='block_1_119' title="bbox 2205 5387 3774 5462">
    <p class='ocr_par' dir='ltr' id='par_1_119' title="bbox 2205 5387 3774 5462">
     <span class='ocr_line' id='line_1_120' title="bbox 2205 5387 3774 5462; baseline -0.003 -20"><span class='ocrx_word' id='word_1_746' title='bbox 2205 5389 2438 5443; x_wconf 91' lang='lat' dir='ltr'><strong>Domino</strong></span> <span class='ocrx_word' id='word_1_747' title='bbox 2481 5387 2725 5459; x_wconf 91' lang='lat' dir='ltr'><strong>piissimo</strong></span> <span class='ocrx_word' id='word_1_748' title='bbox 2769 5391 3016 5462; x_wconf 81' lang='lat' dir='ltr'><strong>Augusto</strong></span> <span class='ocrx_word' id='word_1_749' title='bbox 3060 5391 3254 5446; x_wconf 91' lang='lat' dir='ltr'><strong>Carolo</strong></span> <span class='ocrx_word' id='word_1_750' title='bbox 3299 5405 3332 5444; x_wconf 91' lang='lat' dir='ltr'><strong>a</strong></span> <span class='ocrx_word' id='word_1_751' title='bbox 3382 5393 3498 5446; x_wconf 90' lang='lat' dir='ltr'><strong>Deo</strong></span> <span class='ocrx_word' id='word_1_752' title='bbox 3537 5393 3774 5446; x_wconf 84' lang='lat' dir='ltr'><strong>coronato</strong></span> 
     </span>
    </p>
   </div>
   <div class='ocr_carea' id='block_1_120' title="bbox 2203 5475 3768 5550">
    <p class='ocr_par' dir='ltr' id='par_1_120' title="bbox 2203 5475 3768 5550">
     <span class='ocr_line' id='line_1_121' title="bbox 2203 5475 3768 5550; baseline 0.005 -20"><span class='ocrx_word' id='word_1_753' title='bbox 2203 5493 2402 5546; x_wconf 87' lang='lat' dir='ltr'><strong>magno</strong></span> <span class='ocrx_word' id='word_1_754' title='bbox 2423 5477 2766 5548; x_wconf 88' lang='lat' dir='ltr'><strong>imperatore,</strong></span> <span class='ocrx_word' id='word_1_755' title='bbox 2785 5487 2910 5550; x_wconf 88' lang='lat' dir='ltr'><strong>post</strong></span> <span class='ocrx_word' id='word_1_756' title='bbox 2928 5479 3270 5535; x_wconf 87' lang='lat' dir='ltr'><strong>consulatum</strong></span> <span class='ocrx_word' id='word_1_757' title='bbox 3291 5479 3408 5548; x_wconf 85' lang='lat' dir='ltr'><strong>ejus</strong></span> <span class='ocrx_word' id='word_1_758' title='bbox 3427 5493 3568 5534; x_wconf 89' lang='lat' dir='ltr'><strong>anno</strong></span> <span class='ocrx_word' id='word_1_759' title='bbox 3593 5475 3768 5546; x_wconf 64' lang='lat' dir='ltr'><strong>primo,</strong></span> 
     </span>
    </p>
   </div>
   <div class='ocr_carea' id='block_1_121' title="bbox 2203 5563 2693 5622">
    <p class='ocr_par' dir='ltr' id='par_1_121' title="bbox 2203 5563 2693 5622">
     <span class='ocr_line' id='line_1_122' title="bbox 2203 5563 2693 5622; baseline 0.004 -2"><span class='ocrx_word' id='word_1_760' title='bbox 2203 5563 2498 5622; x_wconf 91' lang='lat' dir='ltr'><strong>indictione</strong></span> <span class='ocrx_word' id='word_1_761' title='bbox 2529 5580 2693 5622; x_wconf 88' lang='lat' dir='ltr'><strong>nona.</strong></span> 
     </span>
    </p>
   </div>
  </div>
