4056 6178
294 258 398 311 689

505 498 579 538 ΑΒ
606 498 905 539 κιηεοοροε
933 498 1247 539 Ριιονῐκειιε
1277 497 1674 540 BITUBICENSIS.

901 588 1082 661 (Anno
1138 592 1203 644 8’7
1209 588 1288 660 6.)

296 697 361 751 Ut
397 696 652 752 Frotario
678 698 952 766 tanquam
988 696 1425 767 metropolitano
1468 710 1569 750 suo
1623 694 1886 766 deinceps

942 782 1221 838 obedient.

340 889 596 942 JOANan
641 887 1094 943 reverentissimis
1142 895 1196 942 et
1232 887 1591 943 sanctissimis
1626 886 1888 942 fratribus

285 976 489 1030 nostris
515 975 792 1047 episcopis
821 992 920 1047 per
947 974 1338 1031 Bituricensem
1370 975 1706 1047 provinciam
1747 990 1884 1031 con-

286 1064 508 1118 stitutis.

357 1150 500 1219 Quia
527 1150 975 1223 Burdigalensem
1004 1150 1217 1216 urbem,
1268 1152 1368 1206 sed
1413 1159 1467 1206 et
1514 1158 1684 1206 totam
1741 1166 1881 1221 pene

283 1239 569 1310 provincia
598 1239 961 1309 quorumdam
989 1247 1231 1293 vestrum
1260 1238 1475 1299 litteris,
1511 1238 1610 1294 sed
1640 1245 1692 1293 et
1738 1240 1882 1294 Leo-

284 1328 373 1383 nis
398 1326 714 1397 apostolicae
743 1326 890 1381 sedis
920 1326 1257 1397 apocrisiarii
1289 1326 1462 1398 [EdiL
1503 1329 1658 1383 Rom.
1690 1327 1877 1392 addit,

283 1414 760 1470 sanctissimorum
787 1413 1121 1486 nostrorum]
1151 1430 1415 1484 expressa
1445 1414 1711 1470 relatione
1741 1414 1881 1468 didi-

282 1503 458 1557 cimus
509 1502 738 1558 diversis
790 1502 1058 1568 cladibus,
1102 1502 1201 1557 sed
1248 1503 1522 1573 praecipue
1568 1503 1880 1559 incursibus

280 1591 745 1645 Nortmannorum
776 1590 1029 1658 deletam,
1073 1597 1126 1645 et
1174 1590 1231 1644 in
1277 1589 1623 1645 solitudinem
1680 1590 1878 1660 partim

281 1678 478 1750 gladiis
508 1677 813 1749 partimque
841 1677 1152 1748 captivitate
1198 1678 1503 1742 deductam,
1561 1678 1878 1734 necessaria

283 1781 490 1831 rerum,
523 1773 581 1819 ut
607 1781 731 1820 cum
759 1772 949 1820 sancto
978 1781 1116 1835 papa
1137 1765 1356 1820 Gelasio
1376 1766 1667 1821 decessore
1688 1773 1875 1820 nostro

280 1854 531 1909 dolentes
586 1860 980 1926 gementesque
1037 1852 1325 1920 fateamur,
1360 1853 1715 1924 dispositione
1746 1868 1875 1910 con-

283 1942 623 2015 stringimur,
657 1949 710 1997 et
737 1942 1053 2013 apostolicae
1082 1942 1230 1997 sedis
1260 1942 1637 1998 moderamine
1667 1958 1875 1998 conve-

280 2031 484 2097 nimur,
518 2031 598 2086 sic
626 2046 894 2085 canonum
924 2037 1280 2100 paternorum
1308 2030 1530 2086 decreta
1574 2031 1790 2099 librare,
1824 2037 1877 2086 et

282 2128 427 2174 retro
455 2119 752 2189 praesulum
782 2119 1244 2189 decessorumque
1277 2127 1580 2174 nostrorum
1601 2127 1878 2190 praecepta

280 2205 479 2274 metiri,
516 2215 574 2260 ut
602 2223 725 2277 quae
754 2207 1105 2277 praesentium
1134 2207 1436 2263 necessitas
1458 2215 1762 2277 temporum
1779 2223 1877 2277 pro

280 2294 645 2348 instaurandis
672 2294 922 2349 ecclesiis
962 2294 1259 2349 relaxanda
1313 2295 1578 2365 deposcit,
1638 2294 1878 2349 adhibita

279 2382 719 2438 consideratione
747 2381 1012 2455 diligenti,
1046 2389 1303 2454 quantum
1333 2391 1513 2453 potest
1554 2381 1690 2448 ﬁeri,
1748 2391 1879 2437 tem-

277 2486 538 2541 peremus
569 2470 716 2524 Ecce
745 2470 888 2524 enim
920 2468 1089 2541 Uidit.
1120 2473 1273 2525 Rom.
1306 2470 1483 2535 addit,
1516 2470 1605 2543 ne]
1637 2471 1704 2524 de
1736 2470 1875 2525 civi-

279 2565 383 2612 tate
413 2558 485 2611 ad
515 2557 789 2612 civitatem
821 2557 1064 2628 episcopi
1093 2558 1470 2630 trasmigrent,
1502 2557 1674 2612 sancti
1704 2573 1876 2613 cano-

278 2662 376 2699 nes
406 2646 638 2716 provide
671 2645 943 2700 sanciunt.
977 2645 1084 2700 Sed
1113 2645 1157 2698 si
1205 2645 1514 2714 hujusmodi
1565 2645 1877 2700 sanctiones

280 2733 397 2787 sine
428 2734 541 2787 ulla
568 2733 894 2788 discretione
923 2732 1009 2788 vel
1040 2733 1444 2803 dispensatione
1474 2732 1722 2788 ducimus
1771 2734 1875 2787 ob-

278 2821 600 2884 servandas,
633 2820 838 2875 nullam
868 2821 1308 2891 compassionem
1350 2818 1611 2874 fratribus
1656 2820 1879 2874 exhibe-

273 2925 416 2978 mus,
451 2924 591 2979 quos
620 2908 902 2980 gentilium
934 2909 1152 2981 gladios
1178 2923 1372 2979 passos
1393 2923 1553 2962 causa
1575 2906 1702 2961 ﬁdei
1723 2907 1877 2961 Chri-

277 2997 467 3052 stiana:
496 2996 780 3051 servandae
806 2996 1050 3051 videmus
1080 3003 1326 3068 egentes,
1359 2995 1719 3068 angustiatos,
1752 2993 1876 3048 atii-

1502 253 1858 312 EPISTOLE
1913 254 2004 309 ET
2048 256 2394 314 DECRETA.

1911 378 1964 437 A
1986 387 2043 433 ut
2073 380 2164 434 tali
2194 362 2517 438 necessitate
2547 392 2776 450 remota,
2839 384 3315 445 consuetudinarie
3348 386 3578 443 ulterius

3477 266 3581 320 690

1992 482 2101 521 non
2129 468 2456 539 requiratur,
2492 472 2638 542 quod
2666 481 3010 528 removeatur
3057 473 3220 529 etiam
3264 473 3399 528 illud
3434 473 3579 546 quod

1990 556 2286 610 necessitas
2313 557 2648 629 impetraret.
2684 559 2949 630 Optamus
2977 568 3219 617 sanctam
3273 560 3581 617 fraternita-

1989 648 2099 696 tem
2127 652 2363 699 vestram
2389 646 2444 700 in
2475 646 2687 702 Christo
2715 664 2860 704 nunc
2888 656 2942 703 et
2969 664 3188 720 semper
3215 649 3411 705 valere.
3445 650 3582 704 Data

1990 744 2067 784 vn
2096 731 2371 787 Kalendas
2397 733 2747 799 Novembris,
2790 735 3087 792 indictione
3135 736 3365 792 decima.

2657 822 2913 879 XXXVI.

2510 925 2584 964 an
2639 914 3056 968 BITURICENSES.

1992 996 2057 1052 Ut
2063 997 2330 1082 frotario
2359 997 2746 1082 burdigaledsi
2764 1000 3197 1082 archiepiscopo,
3246 1002 3341 1056 cui
3367 1001 3577 1082 fandiu

2054 1068 2473 1142 Bituricensent
2488 1070 2796 1142 Ecclesiam
2838 1068 3162 1142 committit,
3194 1070 3447 1142 quandiu
3472 1087 3576 1141 pa-

2050 1136 2669 1262 gggzdi'Bugdigalensem
2712 1141 2993 1195 dioecesim
3022 1136 3334 1213 obtineant,
3363 1136 3560 1196 omnes

2186 1224 2283 1262 zan
2319 1250 2330 1261 .

2051 1294 2307 1349 lamnas
2336 1294 2626 1366 episcopus
2658 1296 2824 1365 clero,
2858 1304 2910 1352 et
2929 1296 3091 1367 plebi,
3113 1304 3167 1351 et
3182 1296 3356 1352 ordini
3378 1303 3578 1354 sancte

1978 1380 2330 1436 Bituricensis
2359 1382 2643 1438 Ecclesiae.

2050 1469 2430 1541 Suggestionis
2456 1478 2652 1527 vestra:
2679 1471 2990 1543 relegentes
3011 1471 3316 1543 epistolam,
3342 1471 3488 1544 quod
3506 1472 3575 1527 ab

1976 1557 2307 1626 apostolatus
2354 1559 2526 1613 nostri
2568 1560 2885 1615 auctoritate
2929 1560 2997 1615 de
3066 1558 3337 1615 confratre
3388 1567 3575 1617 nostro

1976 1644 2221 1699 Frotario
2248 1646 2549 1701 reverendo
2579 1647 2990 1718 archiepiscopo
3018 1647 3314 1718 postulant,
3348 1647 3451 1702 hoc
3473 1662 3573 1703 nos

1912 1719 2198 1786 Baliorum
2248 1732 2733 1800 testiticationibus,
2783 1742 2835 1789 et
2891 1735 3165 1805 praecipue
3238 1734 3573 1789 serenissimi

1993 1836 2209 1890 semper
2233 1822 2480 1893 Augusti,
2514 1822 2765 1892 spiritalis
2795 1838 3013 1894 quoque
3052 1821 3146 1876 ﬁlii
3200 1822 3374 1876 nostri
3429 1822 3575 1878 rela-

1974 1908 2119 1963 tione
2152 1908 2520 1978 comperimus
2545 1928 2558 1973 ;
2594 1910 2691 1964 sed
2721 1917 2773 1964 et
2803 1909 3001 1981 legatis
3029 1908 3344 1980 apostolicae
3401 1909 3569 1976 sedis,

1976 1996 2157 2051 Leone
2185 1995 2438 2052 videlicet
2468 1996 2766 2051 venerabili
2812 1998 3091 2068 episcopo,
3140 1996 3475 2069 apocrisiaro
3522 2005 3576 2053 et

1973 2084 2173 2138 missos
2196 2092 2398 2139 sanctae
2419 2085 2678 2140 Romanae
2697 2084 2982 2152 Ecclesiae,
3015 2100 3110 2139 seu
3130 2085 3292 2140 Petro
3311 2100 3467 2155 aeque
3488 2100 3578 2141 ve-

1975 2171 2205 2227 nerabili
2249 2172 2524 2242 episcopo.
2557 2172 2973 2237 revertentibus,
3027 2172 3312 2228 didicimus
3328 2186 3469 2243 pene
3489 2179 3573 2227 to-

1975 2268 2083 2313 tam
2113 2259 2452 2330 provinciam
2475 2259 2855 2332 Burdigalensi
2877 2260 3162 2345 metropoli
3182 2260 3568 2331 pertinentem,

1977 2347 2115 2402 sicut
2143 2348 2212 2401 ab
2241 2347 2325 2401 his
2354 2346 2446 2418 qui
2473 2362 2696 2402 causam
2724 2347 2870 2401 illam
2916 2354 3206 2412 noverunt,
3255 2347 3421 2402 iidem
3465 2362 3572 2402 no-

1977 2434 2075 2489 stri
2095 2435 2263 2507 legati
2283 2435 2496 2490 discere
2515 2442 2830 2505 potuerunt,
2856 2435 2928 2490 ita
2949 2450 3073 2490 esse
3088 2448 3423 2507 paganorum
3444 2450 3568 2506 per-

1977 2522 2344 2578 secutionibus
2374 2522 2693 2587 desolatam,
2728 2531 2786 2576 ut
2814 2539 2922 2577 non
2955 2522 3132 2578 solum
3159 2522 3278 2592 ipse
3295 2520 3572 2577 confrater

1975 2619 2161 2665 noster
2189 2610 2300 2665 illic
2329 2610 2465 2664 lucri
2494 2610 2699 2681 aliquid
2730 2611 2986 2678 subjectis
3018 2610 3270 2666 conferre
3296 2624 3407 2664 non
3451 2625 3574 2679 pos-

1977 2699 2061 2761 sit,
2086 2714 2278 2753 verum
2321 2698 2485 2752 etiam
2529 2697 2791 2752 habitatio
2835 2697 3075 2751 fidelium
3118 2696 3246 2752 inde
3298 2697 3576 2752 subtracta

1977 2785 2259 2840 consistat.
2284 2783 2633 2855 Quapropter
2660 2784 2787 2856 quia
2844 2784 3098 2840 eumdem
3153 2784 3327 2839 virum
3387 2784 3575 2839 Frota-

1976 2872 2116 2926 rium
2146 2873 2504 2926 reverendum
2561 2871 3035 2941 archiepiscopum
3087 2871 3275 2941 probis
3327 2871 3575 2926 moribus

1975 2958 2294 3029 actibusque
2313 2958 2611 3029 praeclaris,
2645 2966 2698 3013 et
2735 2958 2806 3013 ad
2835 2958 3048 3014 lucrum
3079 2958 3362 3013 animabus
3390 2958 3571 3014 homi-

277 3044 465 3052 ------.
497 3044 573 3051 -τ-
600 3044 778 3050 -ῇ--η
817 3044 1047 3051 ν-η--τ-
1085 3044 1326 3068 -ον-ηη
1362 3044 1719 3068 π-υ-π---ηι
1756 3044 1841 3048 πη-
2562 3045 2573 3056 .
3230 3046 3241 3056 .

276 3092 413 3150 ctos,
447 3085 553 3139 bac
582 3084 813 3155 illacque
840 3084 1085 3154 palantes
1113 3083 1366 3139 incedere
1390 3101 1405 3148 ;
1427 3083 1733 3153 presertim
1754 3098 1878 3137 cum
1909 3063 1957 3125 Ο
2847 3051 3578 3155 efff’jff’f‘fpe‘ﬁ‘ffﬂ’sjﬁﬁff'

274 3171 521 3227 nonnulli
550 3188 740 3226 eorum
770 3172 845 3225 ita
876 3172 981 3225 sint
1010 3171 1110 3226 Dei
1141 3171 1320 3242 gratia
1352 3171 1622 3236 illustrati,
1656 3178 1713 3224 ut
1766 3186 1878 3225 non

276 3260 455 3315 solum
488 3259 737 3325 scientia,
794 3259 893 3313 sed
921 3266 973 3314 et
1000 3259 1284 3323 moribus;
1318 3274 1427 3312 non
1469 3257 1644 3312 solum
1687 3258 1875 3323 verbo,

277 3348 371 3402 sed
404 3355 459 3402 et
488 3346 738 3416 exemplo
758 3346 1023 3416 plurimos
1043 3346 1262 3401 valeant
1283 3346 1516 3400 erudire.
1542 3346 1621 3399 De
1644 3361 1877 3416 quorum

275 3450 506 3489 numero
537 3434 665 3505 quia
698 3434 979 3489 Frotarius
1027 3434 1437 3506 Burdigalensis
1485 3433 1688 3487 dudum
1736 3433 1874 3486 anti-

275 3531 403 3587 stes,
437 3530 494 3576 ut
523 3529 752 3576 testatur
782 3530 966 3577 vestra
987 3521 1314 3586 fraternitas,
1339 3527 1533 3585 exstat,
1557 3519 1873 3574 necessario

273 3611 529 3664 duximus
570 3609 822 3664 eumdem
850 3608 1027 3664 virum
1045 3609 1135 3663 alii
1165 3608 1426 3664 Ecclesia:
1445 3606 1874 3678 praeponendum

273 3707 324 3753 et
350 3698 830 3763 incardinandum,
864 3696 1180 3751 Bituricensi
1210 3695 1484 3759 videlicet,
1518 3711 1639 3767 quae
1668 3703 1723 3750 ct
1768 3709 1872 3749 va-

274 3803 405 3841 cans
435 3802 561 3841 esse
582 3784 740 3841 nobis
769 3784 1080 3840 denuntiata
1111 3791 1210 3849 est,
1245 3790 1299 3838 et
1353 3783 1487 3836 tanti
1544 3783 1644 3838 viri
1708 3782 1873 3853 digna

272 3874 540 3946 regimine
574 3891 587 3927 :
619 3889 689 3927 ne
717 3889 818 3943 per
846 3873 1024 3926 minus
1051 3872 1303 3927 idoneum
1333 3878 1605 3926 rectorem
1654 3869 1873 3925 salubre

274 3962 658 4017 salvandarum
689 3961 991 4015 animarum
1022 3960 1160 4014 desit
1192 3959 1242 4013 ei
1292 3958 1626 4027 praesidium,
1677 3965 1727 4012 et
1770 3974 1871 4013 nos

271 4059 323 4105 et
352 4057 548 4105 contra
575 4048 812 4120 ingentis
833 4048 1008 4118 culpae
1030 4046 1375 4101 involvamur
1394 4061 1629 4111 annexu,
1655 4045 1701 4099 si
1720 4054 1871 4100 tanto

271 4144 506 4210 urgente
536 4136 873 4202 discrimine,
907 4142 1069 4189 tanta:
1106 4134 1287 4188 minus
1346 4133 1700 4189 consulamus
1759 4134 1870 4188 Ec-

274 4225 476 4293 clesiae,
511 4223 903 4294 pr0pugnatori
931 4224 1072 4277 hanc
1104 4221 1316 4292 probali
1348 4221 1573 4275 minime
1617 4221 1870 4277 commit-

270 4320 467 4368 tentes.
500 4310 780 4366 Prioribus
827 4310 1006 4381 itaque
1053 4309 1395 4364 manentibus
1428 4308 1633 4381 regulis
1676 4308 1869 4363 incon-

271 4399 464 4464 vulsis,
498 4414 620 4470 quae
649 4398 740 4452 ubi
768 4413 871 4454 nec
900 4413 1099 4461 rerum,
1133 4412 1235 4452 nec
1264 4404 1570 4467 temporum
1593 4403 1753 4466 urget
1773 4411 1868 4449 ne-
1896 4399 1947 4458 D

274 4488 503 4542 cessitas
526 4486 645 4554 jure
676 4486 929 4540 convenit
955 4483 1257 4549 observari,
1302 4491 1527 4539 vacante
1556 4483 1706 4549 sede,
1736 4483 1867 4537 Fro-

275 4574 471 4629 tarium
504 4572 728 4628 fratrem
756 4582 807 4627 et
838 4572 1222 4643 coepiscopum
1252 4579 1497 4626 nostrum
1527 4571 1582 4624 in
1613 4570 1745 4624 sede
1790 4570 1871 4623 Bi-

273 4661 537 4717 turicensi
591 4660 998 4732 praaﬁciendum
1071 4659 1441 4714 ordinavimus
1474 4658 1819 4714 sacerdotem
1852 4674 1865 4711 :

274 4750 349 4804 ita
375 4757 434 4804 ut
462 4749 520 4802 in
571 4764 636 4802 ea
691 4747 1074 4815 incardinatus,
1138 4754 1191 4800 et
1234 4746 1581 4817 quodamodo
1641 4745 1874 4799 auctori-

273 4838 399 4891 tatis
428 4835 747 4907 apostolicae
775 4834 1062 4905 privilegio
1120 4834 1406 4899 radicatus,
1440 4841 1638 4888 caetera
1670 4841 1873 4887 metro-

275 4924 515 4997 politana
561 4922 913 4979 Bituricensis
956 4922 1219 4977 Ecclesiae
1265 4937 1328 4975 ac
1375 4921 1679 4976 dicaceseos
1748 4921 1876 4989 jura

275 5023 538 5085 tanquam
562 5013 678 5067 Deo
702 5010 1103 5081 contemplante
1159 5010 1418 5075 obtineat,
1481 5008 1763 5080 dispenset
1821 5017 1874 5063 et

271 5101 510 5166 ordinet,
543 5098 690 5155 omni
720 5100 946 5169 posthac
978 5097 1323 5170 querimonia
1362 5096 1668 5151 invidorum
1722 5111 1879 5165 pror-

270 5205 363 5244 sus
395 5188 594 5244 ablata.
627 5187 726 5241 Cui
754 5190 852 5242 ves
881 5195 1140 5258 tanquam
1188 5185 1410 5255 proprio
1466 5183 1878 5254 metropolitano

272 5275 533 5332 convenit
562 5274 806 5341 obedire,
848 5280 913 5328 “et
952 5280 1348 5343 competentem
1378 5272 1657 5336 exhibere,
1688 5286 1882 5326 secun-

268 5366 402 5420 dum
429 5363 721 5435 pristinum
766 5376 991 5429 morem,
1052 5362 1422 5415 reverentiam
1481 5367 1534 5414 et
1592 5358 1872 5414 honorem.

272 5455 421 5511 Sane
448 5453 622 5508 latere
653 5468 752 5508 vos
777 5450 1051 5519 nolumus,
1085 5449 1164 5505 sic
1195 5464 1297 5503 nos
1327 5447 1427 5502 ista
1484 5445 1881 5502 interveniente

266 5567 389 5609 non
417 5550 635 5609 modica
656 5549 944 5606 barbarica
972 5546 1301 5605 necessitate
1346 5558 1496 5602 nunc
1549 5542 1877 5610 concedere,

1980 3132 2047 3187 lis
2077 3140 2366 3205 tantusque
2396 3132 2478 3187 vir
2504 3133 2635 3199 otio,
2687 3148 2797 3204 quo
2864 3134 3129 3202 prodesse
3205 3132 3329 3187 aliis
3371 3132 3570 3202 valeat,

1978 3221 2199 3276 minime
2221 3226 2390 3281 vacet,
2427 3221 2669 3288 ejusdem
2719 3228 2923 3275 sanctae
2977 3219 3328 3274 Bituricensis
3382 3219 3574 3274 Eccle-

1978 3309 2091 3374 siae,
2126 3308 2213 3362 cui
2240 3307 2493 3371 subestis,
2552 3307 2602 3360 ei
2658 3306 2981 3376 pastoralem
3034 3321 3217 3361 curam
3273 3304 3575 3376 apostolica

1977 3394 2293 3451 auctoritate
2324 3393 2726 3458 committimus,
2761 3401 2812 3448 et
2867 3393 2924 3446 in
2976 3392 3098 3464 ipsa
3152 3408 3278 3447 eum
3330 3392 3571 3447 incardi-

1974 3483 2212 3537 nandum
2242 3482 2549 3537 necessario
2578 3497 2702 3536 esse
2733 3495 3042 3535 censemus.
3074 3480 3172 3535 Cui
3199 3495 3299 3535 vos
3346 3479 3419 3534 ita
3475 3480 3571 3534 de-

1975 3577 2189 3625 centem
2219 3568 2588 3624 obedientiam
2616 3575 2669 3623 et
2700 3568 3023 3623 canonicam
3054 3567 3446 3636 subjectionem
3474 3566 3571 3622 hu-

1973 3657 2172 3712 militer
2219 3657 2451 3721 exibete,
2501 3663 2688 3726 utpote
2735 3671 2927 3711 revera
2993 3654 3394 3724 metropolitani
3448 3654 3568 3722 jura

1974 3745 2196 3811 tenenti,
2229 3743 2454 3814 proprio
2482 3743 2681 3799 rectori
2713 3750 2766 3797 et
2794 3749 2975 3798 vestro
3018 3740 3242 3796 antistiti
3293 3740 3564 3806 convenit,

1975 3840 2027 3888 et
2054 3848 2121 3887 ex
2148 3839 2337 3887 nostra
2358 3830 2655 3901 apostolica
2683 3829 3005 3885 auctoritate
3037 3826 3321 3883 diﬁinitum
3377 3827 3570 3883 adver-

1972 3920 2102 3985 titis,
2129 3928 2181 3975 et
2219 3934 2349 3975 ecce
2377 3917 2694 3972 mandatum
2718 3916 2931 3972 habetis
2965 3934 2981 3971 :
3016 3923 3284 3987 quatenus
3312 3915 3382 3970 de
3416 3915 3561 3971 bono

1969 4016 2164 4064 vestrae
2200 4006 2525 4062 obedientiae
2544 4004 2703 4061 nobis
2723 4006 2840 4061 Deo
2860 4004 3067 4077 gratias
3088 4003 3464 4068 referentibus,
3511 4009 3567 4058 et

1971 4096 2126 4152 vobis
2156 4095 2453 4151 reverentia
2483 4093 2811 4164 competenti
2837 4093 3016 4164 ipsum
3063 4090 3347 4163 praefatum
3391 4089 3565 4146 archi-

1970 4184 2286 4254 episcopum
2328 4182 2626 4248 excolatis;
2660 4188 2712 4235 et
2766 4180 2857 4234 ille
2914 4180 3089 4245 vobis,
3152 4187 3407 4250 tanquam
3462 4192 3561 4249 pro

1972 4271 2126 4325 vobis
2155 4270 2423 4325 rationem
2452 4269 2685 4323 Domino
2705 4267 3034 4333 redditurus,
3058 4267 3305 4320 modeste
3320 4280 3563 4335 praeesse

1970 4358 2214 4421 studens,
2246 4364 2304 4410 ut
2331 4355 2562 4410 dilectos
2590 4352 2730 4408 filios
2759 4353 3109 4423 amplecatur.
3172 4353 3341 4406 Porro
3371 4350 3554 4406 sciatis

1970 4445 2094 4517 quia
2122 4444 2202 4499 sic
2230 4444 2334 4497 ista
2361 4458 2470 4496 non
2512 4440 2727 4496 modica
2777 4438 3170 4494 interveniente
3225 4438 3554 4493 necessitate

1967 4533 2203 4587 barbaro
2232 4530 2394 4585 modo
2441 4527 2810 4595 concedimus,
2863 4534 2920 4581 ut
2963 4525 3054 4580 tali
3102 4524 3428 4581 necessitate
3477 4539 3560 4579 re-

1969 4627 2134 4685 mota,
2170 4625 2518 4673 removeatur
2543 4617 2706 4672 etiam
2735 4615 2791 4670 id
2821 4615 2967 4687 quod
2996 4613 3294 4670 necessitas
3307 4611 3552 4682 imperat.

1971 4709 2111 4762 Data
2140 4724 2173 4764 v
2201 4705 2469 4761 Kalendas
2495 4703 2841 4769 Novembris,
2867 4703 3162 4759 indictione
3191 4700 3422 4756 decima.

2644 4800 2928 4855 XXXVII.

2237 4906 2311 4945 AD
2339 4904 2597 4944 ολιιοιυιί
2626 4902 2846 4942 CALVUM
2878 4898 3296 4940 IMPERATOR“.

2583 4978 2766 5041 (Anno
2797 4975 2946 5043 876.)

1979 5068 2339 5137 Imperatoris
2368 5066 2645 5137 precibus,
2664 5080 2795 5120 cum
2817 5062 3238 5137 Butdigalortsi:
3274 5060 3567 5137 provincia

2086 5138 2282 5205 aganis
2335 5130 2479 5211 esset
2533 5137 2876 5211 ςίιηιαετῖιία,Δ
2904 5130 3226 5211 Frotariurn
3274 5130 3564 5211 Purdiga-

2067 5201 2257 5261 ensem
2295 5207 2773 5276 archiepiscopum
2856 5205 3134 5274 transfert
3167 5203 3229 5255 in
3267 5201 3576 5256 Ecclesium

2051 5276 2481 5331 Bituricensem.

2051 5363 2304 5417 JOANNES
2320 5362 2609 5432 episcopus
2640 5361 2863 5416 Canam
2892 5359 3223 5430 imperatori.

2050 5450 2379 5506 Petitionem
2406 5457 2661 5518 vestram,
2696 5448 2928 5504 ﬁliorum
2985 5445 3328 5513 charissima,
3406 5461 3571 5518 quam

1981 5555 2090 5597 non
2118 5537 2443 5611 obnegando
2473 5537 2571 5593 sed
2607 5536 2978 5610 dispensando
3008 5535 3212 5592 dudum
3241 5534 3570 5602 distulimus,
