4020 6178
549 253 647 308 691

1817 252 2115 311 JOANNIS
2174 251 2371 309 ΡΑΡΕ
2423 253 2602 310 VIII.‘

3701 261 3786 320 692

546 387 692 431 nunc
717 391 818 430 nos
848 376 918 430 ad
951 383 1133 432 votum
1191 385 1438 432 nostrum
1493 377 1564 432 ob
1619 376 1676 430 id
1735 376 1822 431 vel
1881 376 2135 440 maxime,
2161 375 2216 434 A
2245 389 2370 430 cum
2399 391 2567 446 super
2586 375 2794 445 judicio
2839 375 2979 448 [edit
3016 379 3194 442 Rom.,
3243 376 3466 450 judicia]
3523 379 3787 438 Salomonis

547 462 762 517 Christo
813 465 1090 533 prmduce,
1149 465 1472 535 perduxisse
1529 465 1834 536 gaudemus
1891 464 2038 534 quod
2097 470 2152 516 et

549 557 792 606 vestram
819 551 1054 622 gloriam
1083 560 1530 623 perseverantem
1571 551 1993 608 testiﬁcatricem
2051 565 2148 605 co-

548 638 858 708 gnovimus,
915 647 968 694 et
993 641 1406 710 provincialium
1433 639 1724 710 praesulum
1755 647 2148 695 consenteneas

551 727 909 796 probationes
939 728 1311 798 probavimus,
1372 736 1424 782 et
1477 728 1782 800 legatorum
1837 733 2148 782 nostrorum

550 811 932 868 subtilissimas
977 814 1384 886 disquisitiones
1440 815 1796 870 advertimus.
1853 813 2142 882 Quocirca,

546 900 672 956 licet
701 916 801 956 nos
829 902 1012 956 multis
1041 903 1318 958 canonicis
1347 903 1670 958 testimoniis
1699 901 1976 973 provocati
2016 901 2150 972 peti-

543 987 747 1042 tionem
775 997 971 1044 veslrte
999 991 1302 1060 devotionis
1331 991 1560 1062 implere
1593 1005 1926 1060 magnopere
1981 988 2144 1044 moli-

2251 463 2514 534 scriptum
2544 463 2612 518 sit
2644 479 2658 518 :
2699 465 2838 532 Quia
2868 464 3090 520 audivit
3117 467 3302 522 omnis
3349 466 3520 522 Israel
3547 469 3788 538 judicium

2247 551 2389 623 quod
2409 551 2726 622 judicasset
2746 567 2850 606 rea:
2870 555 2927 607 et
2961 553 3286 608 timuerunt
3329 569 3530 625 regem,
3577 556 3788 613 vidente:

2247 639 2592 708 sapientiam
2613 639 2714 694 Dei
2733 639 2928 694 essein
2949 655 3010 694 eo
3030 639 3102 694 ad
3123 640 3452 710 faciendum
3471 641 3727 712 judicium
3751 645 3792 714 (I

2247 727 2375 795 Reg.
2409 727 2510 790 Ill).
2537 725 2712 796 Super
2733 741 2838 796 quo
2864 725 3116 782 videlicet
3139 726 3344 795 judicio
3367 727 3686 782 sentiendum
3699 745 3789 786 me-

2247 811 2352 864 rito
2372 811 2622 866 ducimus
2645 811 2769 882 quia
2787 811 2947 866 laetati
2968 811 3186 883 quidem
3205 813 3444 882 benigni,
3469 814 3652 868 tristati
3686 833 3788 873 vero

2246 905 2369 953 sunt
2391 899 2610 954 omnino
2640 899 2886 970 maligni.
2909 899 3062 970 Ergo
3095 907 3149 954 et
3173 901 3259 955 hic
3277 900 3352 954 ita
3388 901 3547 955 datur
3580 901 3786 976 intelligi,

2245 986 2372 1058 quia
2387 986 2640 1040 nimirum
2657 1003 2821 1058 super
2835 987 3039 1056 judicio
3051 996 3233 1044 vestro
3243 988 3493 1043 laetantur
3497 989 3638 1057 justi,
3651 990 3790 1045 deter-

546 1091 746 1142 remur,
781 1085 834 1132 et
865 1079 1032 1132 solius
1061 1079 1364 1148 majestatis
1391 1087 1588 1135 vestrm
1619 1078 1930 1133 testimonio
1978 1093 2142 1148 super
2242 1082 2428 1129 rentur
2446 1074 2647 1144 injusti.
2671 1075 2807 1130 Nam
2829 1083 2882 1130 et
2896 1075 3237 1146 omnipotens
3269 1078 3436 1142 Deus,
3467 1077 3612 1146 cujus
3637 1085 3684 1132 et
3713 1093 3789 1133 vos

549 1165 870 1220 exterminio
889 1166 1297 1237 Burdigalensis
1326 1167 1625 1238 provinciae
1653 1167 1883 1221 credere
1937 1165 2141 1220 nimine
2235 1161 2496 1230 judicium
2523 1161 2871 1228 mmulamini,
2891 1163 3152 1218 terribilis
3180 1163 3559 1234 peccatoribus
3589 1171 3637 1220 et
3661 1165 3789 1220 blan-

545 1259 942 1320 cunctaremur,
976 1261 1158 1308 tamen
1188 1255 1314 1326 quia
1342 1254 1556 1325 pietatis
1585 1261 1780 1310 vestras
1835 1252 2141 1308 testimonio
2241 1249 2344 1304 dus
2373 1257 2424 1304 et
2445 1249 2626 1332 iustis.
2653 1249 2790 1318 Quia
2805 1250 2969 1322 igitur
2997 1267 3164 1322 super
3193 1252 3457 1306 Emmeno
3508 1252 3612 1320 jam
3663 1253 3788 1307 exhi-

545 1339 1080 1410 comprovincialium
1113 1356 1330 1413 quoque
1359 1341 1655 1412 prmsulum
1685 1341 1894 1396 litteras
1941 1355 2144 1396 conve-
2243 1336 2434 1391 buistis
2462 1337 2810 1392 severitatem
2861 1337 3069 1406 judicii,
3131 1355 3444 1410 quaesumus
3496 1339 3694 1394 exibere
3739 1341 3791 1394 de

544 1423 682 1492 nire,
712 1427 870 1482 sicuti
897 1427 1170 1494 rebamur,
1205 1443 1380 1499 nuper
1405 1428 1780 1500 cognovimus,
1839 1427 2138 1486 secundum
2240 1432 2441 1480 caetero
2471 1424 2686 1495 pietatis
2709 1425 2944 1497 insigne.
2979 1425 3292 1496 Imposuitis
3319 1425 3376 1480 in
3417 1427 3661 1482 humeros
3699 1429 3790 1496 ejus

542 1513 756 1584 pietatis
773 1521 966 1570 vestrae
983 1515 1456 1586 religiosissimum
1475 1515 1706 1582 libitum,
1730 1514 2140 1588 Burdigalensis
2240 1526 2378 1566 onus
2409 1511 2760 1578 austeritatis,
2793 1511 3046 1568 adhibete
3067 1513 3182 1582 jam
3211 1529 3356 1569 nunc
3383 1513 3441 1568 id
3473 1523 3791 1570 removentem

546 1599 830 1656 dioecessis
849 1601 1186 1672 episcOpum,
1216 1602 1437 1658 fratrem
1465 1603 1674 1660 scilicet
1703 1609 1950 1659 nostrum
2007 1603 2140 1658 Fro-
2239 1599 2474 1670 digitum
2501 1599 2758 1655 lenitatis.
2791 1601 3114 1656 Mementote
3145 1601 3271 1672 quia
3317 1601 3466 1656 hunc
3511 1602 3655 1657 vobis
3693 1619 3790 1658 cum

543 1688 744 1744 tarium
771 1687 826 1742 in
855 1689 1246 1746 Bituricensem
1277 1689 1580 1746 Ecclesiam
1622 1690 1958 1747 cardinalem
2019 1689 2138 1746 ﬁeri
2157 1713 2211 1774 Β
2241 1686 2401 1774 Petro
2429 1687 2628 1744 Paulus
2657 1687 2868 1774 dilectis
2899 1689 3034 1754 suis,
3067 1688 3204 1744 sicut
3235 1689 3536 1744 Philemoni
3563 1689 3793 1761 quondam

451 1825 454 1828 .
545 1775 924 1842 decernentes,
956 1777 1386 1848 metmpolitanas
1415 1778 1694 1850 dignitatis
1721 1778 2009 1850 privilegio
2037 1778 2137 1834 ite-

545 1871 666 1918 rato
695 1864 910 1920 munire
953 1866 1302 1933 curavimus;
1353 1866 1553 1922 etudiri
1605 1866 1774 1922 vestri
1832 1865 2133 1934 solertiam,

547 1965 654 2022 quo
683 1967 902 2022 semper
921 1953 1148 2008 idoneos
1165 1953 1426 2010 Ecclesia:
1445 1953 1596 2010 viros
1617 1954 1852 2026 quadam
1873 1954 2138 2010 naturalis

543 2038 752 2112 ingenii
799 2039 1078 2096 nobilitate
1116 2041 1378 2114 deligitis,
1433 2041 1783 2108 admirantes,
1863 2057 2137 2115 congruas

539 2125 766 2196 litteras,
804 2127 889 2182 his
955 2143 1189 2200 quorum
1217 2129 1465 2196 interest,
1501 2146 1568 2184 ex
1611 2130 1932 2186 auctoritate
1989 2129 2136 2185 sedis

543 2221 746 2269 nostrae
767 2213 1084 2282 direximus,
1117 2225 1280 2288 atque
1321 2217 1825 2288 magnanimitatem
1872 2225 2133 2282 vestram,

545 2315 708 2372 quam
735 2301 890 2356 istius
921 2302 1162 2374 religiosi
1175 2304 1380 2376 negotii
1410 2305 1556 2360 circa
1611 2320 1714 2360 nos
1785 2305 2136 2361 incentricem

544 2387 923 2459 cognovimus,
981 2405 1106 2445 eam
1161 2389 1512 2446 nihilominus
1567 2392 1966 2449 exsecutricem
2021 2391 2136 2449 fore

541 2489 647 2530 nec
673 2474 946 2532 immerito
975 2476 1313 2550 delegamus.
1349 2477 1632 2547 Quatenus
1687 2488 1907 2551 propter
1935 2481 2132 2546 Deum,

544 2563 702 2632 cujus
729 2561 848 2617 Filii
875 2565 1116 2635 pretioso
1145 2567 1414 2639 sanguine
1443 2575 1554 2623 tota
1581 2584 1684 2639 per
1719 2569 1984 2623 mundum
2042 2585 2136 2624 re-

543 2649 760 2720 dempta
783 2651 1032 2706 consistit
1058 2651 1328 2720 Ecclesia,
1361 2653 1440 2710 sic
1469 2655 1624 2710 istius
1653 2656 1981 2712 necessariae
2025 2656 2137 2710 dis-

541 2737 881 2807 pensationis
909 2738 1151 2796 instituta
1177 2743 1464 2808 custodiat,
1499 2750 1556 2798 ut
1585 2758 1620 2798 a
1671 2743 1914 2815 paternis
1969 2759 2135 2816 regu-

541 2823 612 2880 lis
641 2825 946 2881 constitutis
974 2827 1272 2900 antiquitus
1321 2829 1375 2884 in
1425 2837 1580 2900 parte
1635 2831 1808 2886 altera
1861 2847 2137 2904 nunquam

543 2910 766 2967 omnino
793 2912 1059 2970 discedat.
1093 2915 1386 2982 Praeterea,
1417 2917 1564 2988 quod
1609 2917 1886 2973 filiolitatis
1940 2927 2137 2976 νεειιυοε

543 2996 678 3068 petit
705 2997 984 3068 industria,
1013 3009 1074 3056 ut
1101 3017 1333 3072 quorum
1363 3004 1808 3076 suggestionibus
1819 3005 2022 3061 dudum
2041 3021 2136 3063 ve-

2247 1773 2564 1830 Onesimum
2595 1775 2816 1830 remittit
2845 1773 3016 1845 (Phil.
3041 1775 3102 1846 ι),
3127 1777 3426 1846 implorans
3449 1785 3501 1832 et
3521 1777 3789 1842 obsecrans,

2241 1870 2507 1932 quatenus
2537 1878 2662 1918 eum
2691 1870 2748 1917 ut
2777 1879 2873 1917 sua
2901 1862 3114 1918 viscera
3173 1864 3504 1935 suscipiatis.
3551 1863 3674 1932 Quia
3712 1865 3791 1920 etsi

2239 1948 2487 2012 fortassis
2517 1949 2588 2004 ad
2617 1951 2806 2005 horam
2835 1951 3124 2022 aliquando
3157 1951 3376 2022 quidem
3407 1951 3564 2008 vobis
3605 1952 3788 2016 inutilis,

2239 2037 2544 2107 exemplum
2575 2053 2684 2092 non
2699 2037 2902 2094 bonum
2937 2039 3152 2094 caeteris
3171 2039 3443 2106 tribuens,
3491 2041 3650 2109 visus,
3687 2045 3788 2094 est!

2237 2141 2380 2180 nunc
2422 2133 2602 2180 autem
2652 2133 2718 2180 et-
2747 2125 2922 2194 vobis,
2971 2133 3023 2181 et
3070 2126 3250 2193 nobis,
3303 2134 3355 2181 et
3397 2127 3639 2197 plurimis
3677 2127 3792 2181 utilis

2237 2220 2336 2281 est,
2367 2212 2798 2284 longanimitatis
2815 2213 3050 2269 formam
3071 2221 3123 2269 et
3141 2213 3415 2284 patientiae
3429 2215 3632 2270 cunctis
3645 2223 3790 2269 osten-

2236 2299 2390 2354 dens.
2424 2300 2703 2372 Rogamus
2732 2315 2864 2372 ergo
2891 2309 2950 2356 ut
2979 2317 3150 2371 penes
3177 2315 3276 2356 vos
3303 2316 3414 2357 non
3449 2302 3552 2356 sibi
3579 2309 3674 2356 tam
3689 2317 3790 2380 suus

2235 2387 2378 2442 obsit
2409 2403 2684 2455 excessus,
2719 2403 2881 2460 quam
2909 2389 3037 2445 ﬁdei
3067 2397 3120 2444 et
3148 2389 3348 2444 amoris
3377 2405 3515 2460 erga
3543 2405 3634 2444 vos
3659 2388 3792 2442 habiti

2234 2475 2410 2547 prosit
2439 2473 2686 2532 affectus.
2717 2477 2784 2531 Et
2814 2477 2941 2548 quia
2968 2492 3166 2532 noxam
3195 2477 3480 2548 propriam
3511 2486 3564 2533 et
3609 2491 3788 2548 pinnam

2235 2563 2498 2619 indictam
2528 2563 2632 2618 sibi
2659 2563 2906 2628 confiteri
2936 2580 3046 2620 non
3101 2564 3296 2632 renuit,
3355 2564 3789 2620 animadversione

2235 2659 2446 2706 remota
2477 2667 2640 2722 quam
2669 2652 2887 2718 meruit,
2921 2660 3177 2723 patronos
3227 2661 3471 2719 vestros,
3515 2662 3568 2709 et
3611 2659 3790 2708 sanctos

2235 2738 2444 2794 scilicet
2469 2739 2676 2809 primos
2705 2740 2984 2810 apostolos
3015 2755 3074 2796 se
3103 2739 3345 2811 proﬁcue
3372 2741 3578 2796 adiisse
3603 2749 3652 2796 et
3675 2739 3791 2794 salu-

2235 2833 2382 2882 tasse
2413 2827 2480 2882 de
2511 2825 2723 2899 reliquo
2753 2829 2969 2894 sentiat,
3003 2835 3056 2884 et
3085 2827 3154 2884 de
3182 2835 3328 2884 tanto
3357 2829 3468 2884 sibi
3493 2829 3675 2885 collato
3691 2843 3790 2882 mu-

2235 2929 2370 2970 nere
2397 2915 2607 2970 laetetur
2635 2922 2689 2970 et
2717 2915 2972 2988 gaudeat,
3007 2923 3066 2970 ut
3097 2915 3190 2971 ubi
3215 2916 3787 2988 abundavitpeccatum,

2237 3003 2658 3074 superabundet,
2721 3005 3019 3059 secundum
3059 3005 3400 3074 Apostolum,
3445 3005 3618 3076 gratia
3643 3005 3788 3074 (Rom.

543 3055 652 3138 atra
680 3084 748 3139 sit
793 3055 984 3142 dilata.
1011 3055 1200 3158 petitio
1254 3055 1892 3161 deiég—{xﬁﬁéfaﬁﬁiﬁ
1929 3055 2130 3161 sciatis,
2157 3055 2206 3120 Ο
2234 3055 2328 3160 v).r
2345 3091 2482 3146 Data
2505 3055 2681 3162 pridie
2711 3089 2985 3146 Kalendas
3012 3055 3360 3162 Novembris,
3386 3055 3787 3149 inldict.decima.

541 3171 666 3244 quia
693 3187 794 3229 nos
823 3173 950 3230 licet
977 3175 1186 3247 indigni
1233 3177 1424 3244 simus,
1485 3186 1668 3234 tamen
1723 3180 1979 3252 quoniam
2037 3197 2136 3253 per

541 3261 990 3333 consequentiam
1017 3263 1264 3334 priorum
1291 3274 1600 3322 nostrorum
1645 3266 1962 3338 pontificum
2017 3285 2134 3326 ma-

539 3354 664 3406 turo
693 3349 944 3422 cogimur
973 3367 1097 3408 esse
1111 3352 1341 3421 judicio,
1365 3369 1586 3409 causam
1609 3363 1769 3412 tantas
1788 3355 2134 3414 deliberatio-

503 3503 508 3508 ‘
535 3433 622 3489 nis
649 3435 774 3492 ideo
803 3453 914 3492 non
945 3437 1102 3495 facile
1133 3447 1258 3496 tunc
1313 3441 1724 3499 deliberandam
1778 3445 2130 3514 credidimus,

535 3537 606 3576 ne
634 3521 917 3592 diﬂinisse,
949 3526 1095 3598 quod
1125 3529 1272 3584 Deus
1299 3529 1577 3600 averterit,
1607 3529 1788 3586 minus
1845 3533 2132 3588 ordinabi-

533 3607 658 3664 liter
687 3610 1018 3670 videremur.
1051 3616 1120 3670 At
1146 3623 1438 3688 postquam
1465 3619 1612 3674 Deus
1639 3619 1982 3691 omnipotens
2029 3637 2131 3692 pe-

535 3696 782 3754 titionem
810 3701 1118 3756 serenitatis
1149 3711 1346 3760 vestraa
1387 3707 1926 3776 comprovincialium
1985 3724 2130 3778 prae-

533 3783 712 3840 sulum
742 3788 1051 3844 testimonio
1081 3789 1374 3859 decoravit,
1405 3792 1515 3848 imo
1553 3794 1862 3850 testimonia
1915 3812 2130 3866 praesu-

535 3870 648 3926 lum
677 3873 892 3943 pietatis
923 3883 1122 3932 vestrae
1153 3877 1416 3951 suffragio
1445 3879 1802 3948 conﬁrmavit,
1835 3899 1938 3938 nos
1995 3883 2129 3939 reli-

535 3958 750 4028 giosam
771 3961 1090 4030 petitionem
1107 3973 1344 4020 vestram
1371 3969 1782 4038 complevimus,
1818 3979 1872 4026 et
1927 3987 2130 4044 sugge-

531 4044 804 4102 stionibus
867 4047 1096 4105 fratrum
1169 4053 1730 4127 coepiscoporumque
1823 4067 2126 4114 nostrorum

533 4146 732 4188 manus
759 4137 1117 4205 porreximus,
1151 4146 1206 4194 et
1224 4140 1484 4198 Ecclesiae
1521 4143 1620 4198 Dei
1651 4146 1810 4199 tantis
1839 4147 2129 4202 necessita-

533 4218 678 4274 tibus
705 4222 1069 4292 consulentes,
1102 4227 1170 4282 de
1199 4227 1456 4285 thesauro
1512 4231 1836 4301 pontiﬁcalis
1889 4235 2126 4304 pectoris

529 4305 602 4362 ita
630 4308 788 4364 vobis
816 4311 1154 4380 protulimus,
1187 4323 1242 4370 ut
1269 4332 1302 4369 a
1329 4317 1588 4373 doctrinis
1617 4320 1867 4376 deviasse
1927 4322 2126 4378 veteri-

531 4393 634 4450 bus
663 4397 814 4454 nullo
841 4399 1004 4455 modo
1033 4401 1334 4458 videamur.
1367 4406 1504 4460 Data
1531 4412 1598 4462 ut
1633 4425 1808 4480 supra

1171 4525 1477 4583 XXXVIII.

793 4623 867 4662 AD
899 4623 1154 4668 CAROLUM
1187 4629 1408 4670 CALVUM
1455 4631 1868 4675 IMPERATOR“.

1149 4703 1329 4770 (Anno
1361 4705 1513 4774 876.)

529 4781 1002 4867 Laudat_eum_de
1037 4789 1254 4867 judicio
1285 4791 1350 4867 iu
1397 4793 1734 4867 Emmenum
1783 4797 2021 4867 prolato,
2065 4800 2120 4852 et

745 4855 1007 4912 hortatur
1027 4855 1096 4914 ut
1113 4876 1244 4915 cum
1273 4861 1374 4916 illo
1403 4863 1718 4919 clementer
1745 4855 1898 4936 agat.

595 4956 849 5013 JOANNes
877 4962 1166 5035 episcopus
1197 4966 1422 5022 Canono
1452 4967 1781 5038 imperatori,

597 5044 775 5116 Super
786 5047 994 5116 judicio
1025 5061 1203 5108 vestro
1231 5053 1286 5107 in
1315 5055 1638 5110 Emmenum
1667 5057 1900 5127 prolato,
1935 5075 1968 5114 ο
2027 5075 2110 5116 re-

523 5133 765 5189 ctissime
795 5135 1110 5208 imperator,
1153 5156 1276 5195 cum
1315 5143 1455 5197 cmlo
1507 5151 1618 5198 tota
1672 5151 1813 5198 terra
1887 5145 2116 5202 laetatur.

521 5217 790 5291 Scriptum
821 5233 905 5280 est
935 5226 1078 5280 enim
1115 5244 1127 5281 :
1161 5230 1472 5285 Lwtabitur
1504 5233 1699 5302 justus
1739 5249 1869 5288 cum
1917 5235 2120 5290 viderit

519 5307 830 5367 vindictam
861 5313 1036 5382 (Psal.
1059 5315 1214 5386 Lvn).
1247 5317 1353 5371 Cur
1381 5325 1562 5372 autem
1591 5319 1838 5374 decimus
1881 5320 2114 5390 laetatur,

2887 3213 3152 3269 XXXIX.

2495 3315 2567 3354 AD
2598 3313 2994 3356 IMPERATOBEM
3031 3317 3100 3356 ΕΤ
3139 3316 3574 3366 ιΜΡΕῃΑτιιῐοειί.

2851 3389 3030 3460 (Anno
3071 3390 3221 3458 876.)

2377 3477 2484 3531 Pro
2507 3475 2808 3546 Madelgero
2848 3478 2944 3549 qui
3001 3476 3318 3533 Odelricum
3373 3479 3668 3535 occiderat.

2301 3571 2554 3626 Joamvns
2565 3571 2838 3644 ipiscopus
2851 3573 2922 3630 ad
2933 3573 3318 3645 imperatorem
3335 3583 3386 3628 et
3403 3573 3788 3646 imperatricem.

2301 3658 2440 3713 Dum
2465 3675 2574 3715 non
2591 3660 2768 3715 minus
2787 3677 2884 3730 pro
2894 3661 3284 3718 misericordiae
3301 3661 3498 3718 intuitu
3517 3663 3792 3734 delinquen-

2230 3746 2372 3801 tibus
2391 3754 2416 3782 ⁸
2437 3747 2762 3816 exhibendo,
2796 3763 2960 3819 quam
2975 3749 3166 3817 judicii
3195 3750 3490 3806 severitate
3519 3751 3572 3804 in
3615 3751 3790 3820 impro-

2231 3833 2331 3889 bos
2361 3835 2682 3901 exercenda,
2709 3836 3053 3906 omnipotens
3081 3837 3230 3892 Deus
3257 3837 3496 3908 gloriam
3517 3835 3788 3894 serenitatis

2229 3929 2428 3978 vestrae
2455 3923 2728 3994 imperiali
2755 3923 2988 3979 voluerit
3011 3924 3304 3980 sublimare
3333 3925 3560 3992 decore,
3590 3925 3783 3998 dignum

2229 4009 2476 4081 profecto
2495 4026 2620 4066 esse
2641 4011 2742 4064 rati
2759 4027 2946 4066 sumus
2957 4013 3214 4082 pastorali
3225 4028 3360 4069 cura
3370 4012 3659 4087 fungentes
3673 4011 3790 4083 apud

2227 4098 2524 4167 majestatis
2555 4106 2751 4154 vestrm
2782 4099 3158 4155 excellentiam
3185 4116 3288 4172 pro
3316 4102 3608 4157 multorum
3629 4100 3790 4161 salute,

2229 4185 2318 4242 vel
2346 4185 2468 4241 vitae
2495 4185 2854 4258 indulgentia,
2885 4187 3162 4259 precipue
3203 4187 3422 4243 illorum
3482 4189 3576 4261 qui
3627 4187 3790 4244 diabo-

2227 4273 2332 4328 lico
2361 4273 2486 4328 licet
2515 4273 2770 4330 instinctu
2799 4273 3036 4330 nefanda
3084 4275 3504 4342 committentes,
3565 4276 3630 4331 ad
3681 4287 3790 4345 apo-

2159 4398 2211 4458 D
2229 4361 2490 4416 stolorum
2519 4361 2824 4432 principum
2853 4362 2996 4418 Petri
3025 4371 3079 4418 et
3109 4363 3265 4418 Pauii
3295 4363 3566 4420 fautorum
3611 4369 3788 4418 vestro-

2231 4465 2352 4502 rum
2383 4448 2588 4514 limina,
2621 4449 2806 4504 divina
2835 4457 3020 4504 tamen
3047 4449 3244 4520 pietate
3301 4453 3582 4516 commoti,
3637 4449 3788 4506 venire

2229 4535 2505 4606 festinant,
2547 4544 2600 4591 et
2629 4537 3064 4592 misericordiam
3093 4539 3284 4594 humili
3315 4555 3480 4610 prece
3509 4539 3784 4610 implorant,

2229 4631 2340 4679 toto
2365 4624 2564 4679 mentis
2586 4624 2778 4679 annisu
2826 4625 3184 4692 intercedere,
3233 4635 3394 4698 atque
3451 4643 3556 4698 pro
3611 4625 3787 4682 viribus

2227 4710 2578 4767 conslationis
2605 4727 2768 4782 opem
2807 4711 2862 4766 in
2917 4721 3174 4783 quantum
3233 4713 3318 4768 fas
3373 4723 3458 4770 est
3517 4713 3786 4786 petentibus

2223 4797 2488 4868 impertiri
2521 4798 2833 4854 clementer.
2855 4800 3008 4854 Unde
3037 4815 3140 4870 pro
3171 4801 3326 4870 hujus
3358 4801 3482 4870 viri,
3517 4799 3786 4872 Madelgeri

2225 4885 2475 4942 videlicet
2503 4887 2742 4956 nomine,
2776 4887 2868 4958 qui
2893 4887 3205 4942 adversario
3237 4889 3497 4944 incitante
3517 4887 3777 4960 quemdam

2222 4973 2496 5028 hominem
2519 4973 2835 5029 Odelricum
2859 4975 3125 5031 vocabulo
3148 4977 3400 5046 peremit,
3433 4977 3622 5045 salute,
3639 4990 3784 5030 mem-

2221 5063 2440 5115 brorum
2461 5061 2701 5115 omnium
2723 5062 3052 5132 integritate,
3087 5071 3141 5118 et
3169 5080 3352 5118 rerum
3383 5079 3608 5118 suarum
3653 5059 3784 5118 resti-

2219 5149 2443 5215 tutione,
2469 5149 2736 5218 majestati
2759 5157 2954 5204 vestrae
2983 5151 3380 5224 suggessimus,
3403 5151 3638 5206 filiorum
3681 5151 3786 5204 cha-

2219 5236 2455 5303 rissime,
2491 5245 2542 5291 et
2571 5252 2671 5306 pro
2697 5252 2882 5292 amore
2925 5239 3026 5292 Dei
3085 5247 3136 5295 et
3191 5239 3407 5294 Domini
3461 5239 3632 5294 nostri
3677 5239 3783 5292 Iesu

2221 5324 2438 5391 Christi,
2464 5332 2888 5398 sanctorumque
2913 5327 3306 5396 apostolorum,
3341 5341 3574 5398 quorum
3627 5324 3784 5380 limina

583 5435 974 5514 tngstgverhum
998 5439 1393 5502 delinquentibus
1425 5441 1620 5494 additur
1665 5445 1716 5494 in
1758 5445 1878 5496 edit.
1931 5447 2072 5497 Rom.
2131 5446 2382 5499 Vaualum
2433 5447 2653 5500 Vestrum
2723 5463 2820 5513 qua
2885 5455 3082 5514 accepta
3124 5453 3366 5503 duntaxat
3407 5451 3624 5502 exhibito
3659 5459 3783 5512 qua

512 5499 722 5563 judicii,
747 5503 842 5554 etc.
879 5505 1058 5554 Μλπει.
