4020 6178
234 237 339 291 693

1478 225 1833 285 EPISTOLE
1877 227 1968 284 ET
2024 228 2372 286 DECRETA.

3430 229 3533 285 694

234 355 500 430 praefatus
531 355 879 428 Madelgerus
923 353 1074 423 adiit,
1122 360 1433 424 nostraeque
1478 351 1838 423 paternitatis,
1871 350 2203 418 Afuturum,
2237 358 2289 409 et
2316 352 2655 424 spiritualem
2684 351 2864 424 potius
2896 368 3061 424 quam
3091 352 3271 408 saeculi
3311 350 3545 423 gloriam

236 460 408 518 quam
434 443 861 501 sincerissimam
878 458 1011 515 erga
1034 457 1134 498 nos
1155 441 1390 509 habetis,
1422 440 1712 496 dilectione
1727 455 1849 509 pre-

240 548 458 598 camur,
492 539 763 603 quatenus
792 530 1029 604 gratiam
1052 537 1294 584 vestram
1321 528 1622 599 plenariam
1651 527 1705 582 ei
1730 527 1848 581 red-

238 621 376 675 dere
407 636 520 675 non
551 617 948 691 dedignemini,
983 633 1156 690 eoque
1186 632 1309 672 cum
1329 623 1523 671 vestrae
1544 614 1847 670 serenitatis

239 716 502 778 respectu
532 715 779 777 accepto,
811 721 913 777 pro
942 705 1054 760 suis
1084 704 1255 760 valeat
1304 702 1620 760 excessibus
1667 701 1846 772 paeni-

240 797 472 851 tentiam
502 794 838 851 fructuosam
877 794 1149 864 accipere,
1201 808 1310 865 qua
1355 791 1631 847 commissi
1675 790 1850 861 possit

238 883 444 955 piaculi
474 885 667 938 noxias
699 882 893 938 sordes
922 881 1165 946 abluere,
1199 887 1258 935 ut
1289 880 1508 951 spiritus
1551 878 1735 934 salvus
1781 877 1850 931 sit

238 971 294 1024 in
326 971 422 1026 die
444 970 683 1036 Domini,
706 970 775 1025 de
793 969 1047 1024 omnibus
1068 968 1313 1024 ultricem
1337 968 1516 1022 dantis
1535 966 1845 1022 vindictam.

238 1060 388 1114 Nam
416 1075 518 1130 pro
548 1059 681 1112 tanti
709 1057 920 1112 itineris
948 1056 1137 1112 labore
1175 1055 1486 1125 durissimo,
1541 1070 1703 1126 quem
1750 1070 1850 1110 ve-

238 1147 451 1201 niendo
479 1161 778 1217 perpessus
808 1153 909 1211 est,
944 1144 1083 1200 sicut
1120 1143 1412 1208 credimus,
1464 1141 1851 1214 aliquantulam

243 1235 315 1290 de
345 1241 577 1305 peracto
608 1233 819 1289 scelere
848 1232 1242 1305 indulgentiam
1270 1231 1484 1297 meruit,
1519 1231 1636 1300 ejus
1667 1230 1851 1301 utique

246 1320 742 1378 intercessionibus
772 1319 1007 1388 adjutus,
1041 1320 1127 1375 cui
1157 1319 1361 1375 dictum
1391 1333 1424 1374 a
1452 1317 1685 1373 Domino
1715 1333 1852 1373 con-

244 1417 392 1465 stat:
418 1410 536 1465 Tibi
554 1409 690 1464 dabo
710 1409 894 1464 claves
915 1410 1076 1479 regni
1091 1408 1377 1464 calorum.
1400 1408 1471 1462 Et
1490 1406 1855 1479 quodcunque

1949 446 2295 506 sectaturum,
2344 456 2467 496 cum
2515 448 2568 496 et
2609 441 2731 511 ipsa
2778 440 3033 495 nimirum
3088 438 3383 495 nobilitatis
3435 454 3547 493 suae

1946 527 2200 597 insignia,
2234 536 2286 583 et
2316 528 2594 599 sapientiae
2626 528 2869 598 specula,
2903 528 3033 583 talia
3062 527 3130 583 de
3178 536 3229 583 te
3274 526 3544 596 speranda

1947 614 2281 680 tribuerunt;
2316 617 2461 687 quod
2483 616 2610 687 quia
2631 616 2909 671 vindicare
2931 615 3034 670 sibi
3056 615 3313 671 virtutum
3334 612 3543 669 nisibus

1949 710 2001 757 et
2030 703 2296 773 probitate
2327 720 2538 759 morum
2570 704 2910 759 sanctitatem
2960 712 3103 758 tuam
3152 702 3541 773 comperimus,

1948 790 2065 845 Deo
2095 790 2407 845 innumeras
2438 791 2639 862 gratias
2666 792 2826 847 valde
2855 791 3193 863 gratulanter
3234 788 3541 855 retulimus,

1950 885 2003 931 et
2030 877 2084 930 in
2117 877 2237 941 hoc,
2272 878 2419 949 quia,
2453 879 2748 934 secundum
2767 878 3106 948 Apostolum,
3128 893 3252 949 spes
3273 894 3388 933 non
3405 893 3545 933 con-

1948 965 2147 1036 fundi!
2176 964 2354 1035 (Rom.
2378 966 2483 1037 ιιι),
2517 966 2885 1036 experimenta
2905 965 3193 1022 didicimus
3227 983 3240 1019 :
3271 970 3326 1019 et
3345 964 3470 1019 ideo
3490 963 3547 1017 in

1948 1052 2215 1124 proximo,
2266 1069 2434 1109 causa
2482 1054 2870 1111 ecclesiasticae
2929 1053 3088 1109 simul
3142 1062 3196 1109 et
3251 1051 3548 1123 imperialis

1952 1141 2390 1211 opportunitatis,
2420 1151 2693 1197 certorum
2732 1142 3115 1215 congregaturi
3164 1141 3546 1212 episcoporum

1952 1229 2268 1296 concilium,
2302 1230 2646 1285 dilectionem
2675 1240 2821 1285 tuam
2850 1238 2998 1285 tanto
3048 1229 3337 1285 conventui
3378 1229 3547 1298 jube-

1951 1334 2074 1372 mus
2105 1317 2321 1373 adesse.
2354 1317 2598 1391 Accinge
2622 1318 2789 1390 igitur
2818 1318 2953 1373 sicut
2981 1318 3064 1372 vir
3094 1318 3308 1372 lumbos
3327 1324 3471 1382 tuos,
3497 1322 3552 1372 et

1954 1421 2172 1460 assume
2203 1405 2299 1460 tibi
2328 1421 2534 1477 pennas
2564 1405 2702 1461 sicut
2729 1405 2997 1471 columba,
3029 1413 3081 1460 et
3110 1405 3254 1472 vola,
3305 1412 3360 1460 et
3397 1403 3546 1469 veni,

246 1499 520 1570 ligaveris
549 1512 721 1569 super
750 1500 985 1560 terram,
1019 1497 1132 1552 erit
1155 1496 1388 1567 ligatum
1412 1499 1471 1551 et
1496 1496 1559 1550 in
1580 1495 1769 1561 oculis;
1800 1497 1859 1550 et
1953 1501 2007 1549 et
2042 1493 2325 1565 requiesce
2372 1494 2429 1548 in
2477 1493 2598 1549 sinu
2647 1492 2962 1564 apostolica
3007 1492 3335 1562 dilectionis,
3375 1492 3447 1547 ita
3489 1499 3549 1545 ut

246 1586 617 1659 quodcunque
633 1584 864 1640 solveris
880 1599 1050 1655 super
1069 1588 1301 1650 terram,
1323 1586 1436 1639 erit
1452 1583 1704 1638 solutum
1720 1586 1778 1638 et
1792 1584 1855 1637 in

1953 1581 2130 1653 pridie
2158 1581 2432 1636 Kalendas
2460 1580 2800 1648 Decembris,
2848 1581 3195 1651 praesentiam
3233 1587 3381 1634 tuam
3408 1577 3551 1633 limi-

245 1675 406 1730 catis
426 1673 647 1743 (Matth.
671 1670 812 1739 xw).
838 1670 999 1739 Quod
1016 1685 1139 1726 cum
1159 1669 1231 1725 ita
1248 1671 1337 1737 sit,
1360 1686 1648 1741 precamur
1669 1670 1933 1757 etiam,_B
1954 1669 2114 1724 nibus
2145 1668 2458 1740 apostolicis
2487 1676 2540 1724 et
2568 1668 2771 1723 nostris
2801 1668 3059 1724 exhibeas
3088 1683 3317 1739 prorsus
3346 1666 3551 1722 obtuti-

246 1768 304 1816 ut
331 1777 460 1816 eum
491 1775 617 1816 cum
644 1759 964 1829 parentibus
995 1759 1114 1827 ejus
1143 1759 1233 1831 qui
1261 1758 1551 1814 defunctus
1581 1766 1680 1825 est,
1713 1757 1856 1829 paci-

247 1865 403 1904 scere
430 1847 690 1915 jubeatis,
721 1863 791 1903 ne
819 1847 994 1915 majus
1026 1846 1286 1917 deinceps
1314 1846 1517 1902 malum
1546 1862 1674 1918 quo,
1707 1846 1854 1901 mul-

250 1945 434 1991 torum
464 1936 659 1992 animae
687 1943 902 2002 noceat,
932 1942 1303 2007 perpetretur.
1327 1936 1463 1990 Data
1491 1938 1559 1991 ut
1592 1951 1781 2007 supra.

990 2093 1105 2149 XL.

610 2204 682 2244 AD
722 2204 1030 2246 EPISCOPUM
1066 2204 1494 2247 CARNOTENSEM.

878 2278 1059 2350 (Anno
1089 2281 1238 2348 876.)

420 2387 529 2442 Pro
557 2383 866 2456 Madelgero
893 2386 991 2457 qui
1031 2384 1352 2440 Odelricum
1378 2384 1681 2441 occiderat.

319 2505 585 2559 Joams
615 2502 906 2573 episcopus
925 2502 1367 2558 reverentissimo
1388 2502 1726 2559 Grsnmaa'ro
1748 2504 1856 2576 epi-

251 2606 429 2663 scopo
457 2598 658 2647 sanctae
689 2589 1040 2645 Carnotensis
1068 2589 1352 2646 Ecclesiae.

318 2678 649 2735 Dilectionis
677 2685 875 2733 vestrm
902 2676 1265 2733 reverentiam
1285 2677 1614 2748 spiritalibus
1642 2678 1854 2749 pollere

247 2766 547 2823 virtutibus
574 2765 766 2836 procul
792 2765 960 2820 dubio
1006 2765 1337 2830 arbitrantis,
1385 2765 1470 2820 his
1515 2766 1852 2837 apostolatus

246 2854 424 2911 nostri
449 2853 641 2910 litteris
668 2852 982 2922 convenire,
1015 2867 1079 2909 ac
1107 2868 1210 2924 pro
1250 2861 1523 2924 prasente
1567 2854 1687 2911 viro
1733 2855 1851 2910 Ma-

247 2943 504 3016 delgero,
536 2942 630 3014 qui
660 2940 923 2997 suadente
951 2941 1297 2997 adversarios
1344 2942 1638 3014 quemdam
1670 2943 1852 2999 homi-

247 3047 378 3087 nem
410 3029 724 3086 Odelricum
753 3029 972 3086 nomine
1001 3029 1182 3102 gladio
1211 3030 1461 3100 peremit,
1493 3031 1638 3086 unde
1668 3031 1854 3088 divina
1881 3041 1932 3104 α

245 3118 612 3189 inspiratione
639 3124 998 3188 compunctus
1027 3117 1099 3172 ad
1126 3116 1311 3172 limina
1348 3126 1664 3174 sanctorum
1711 3134 1850 3191 apo-

249 3206 518 3261 stolarum
546 3204 851 3276 principum
879 3204 1025 3260 Petri
1054 3219 1120 3260 ac
1146 3205 1319 3271 Pauli,
1351 3221 1454 3277 per
1490 3206 1658 3279 longa
1686 3207 1850 3265 itine-

248 3310 376 3349 rum
404 3293 577 3365 spatia
604 3308 702 3364 pro
729 3293 902 3363 ipsius
931 3292 1113 3349 delicti
1141 3292 1434 3349 abolitione
1476 3294 1665 3350 venire
1694 3310 1851 3350 cura-

247 3383 347 3448 vit,
378 3389 568 3453 petere
596 3381 896 3446 studemus,
928 3388 987 3435 ut
1013 3396 1115 3451 pro
1143 3395 1327 3437 amore
1355 3381 1474 3447 Dei,
1500 3389 1553 3437 et
1572 3397 1762 3437 eorum
1782 3384 1852 3438 ad

248 3485 490 3543 quorum
521 3468 922 3525 sacratissimas
951 3468 1214 3525 ecclesias
1239 3469 1406 3535 venit,
1430 3476 1485 3525 et
1501 3485 1604 3541 pro
1625 3471 1739 3526 suis
1759 3486 1852 3527 ex-

245 3558 502 3615 cessibus
529 3558 704 3612 Deum
732 3557 1060 3627 deprecatus
1087 3564 1189 3623 est,
1213 3572 1427 3613 necnon
1449 3564 1502 3613 et
1520 3573 1622 3629 pro
1650 3566 1853 3615 nostrae

245 3645 596 3717 paternitatis
624 3644 933 3710 dilectione,
966 3644 1045 3699 illi
1074 3660 1264 3701 omnes
1292 3661 1380 3701 res
1407 3646 1659 3717 proprias
1689 3654 1853 3719 atque

245 3731 582 3789 beneﬁcium
611 3748 737 3788 cum
763 3732 1002 3804 propriis
1030 3732 1330 3788 honoribus
1360 3748 1497 3805 quos
1532 3733 1848 3801 abstulistis,

246 3837 382 3878 cum
408 3819 654 3892 plenaria
684 3820 855 3893 gratia
881 3820 1117 3876 reddere
1147 3835 1256 3875 non
1276 3820 1667 3893 dedignemini,
1697 3822 1855 3878 sicuti

250 3908 568 3965 dilectionis
597 3916 801 3965 nostra
829 3908 1168 3965 consortium
1199 3916 1253 3963 et
1279 3909 1598 3965 charitatem
1626 3909 1776 3966 circa
1802 3917 1856 3966 te

249 3997 413 4069 cupis
440 3996 642 4053 habere
674 3996 962 4059 sinceriter
987 3995 1264 4052 illibatam.
1298 3997 1442 4052 Data
1469 4001 1535 4053 ut
1558 4013 1735 4071 supra
1754 4007 1781 4034 ⁸
1810 4016 1830 4055 :

987 4154 1127 4210 XLI.

453 4266 529 4307 AD
557 4266 896 4309 ΑυΑιΑιωωί
920 4267 1231 4309 ΒΡΙΒΟΟΡΙῘΠ
1258 4267 1661 4309 VERONEISEI.

879 4340 1059 4409 (Anno
1090 4340 1239 4409 876.)

249 4452 625 4513 Commendat
657 4469 785 4510 eum
815 4453 876 4509 ob
900 4455 1209 4526 praclaras
1239 4454 1498 4526 virtutes,
1520 4458 1577 4510 et
1596 4455 1757 4526 jubet
1786 4459 1853 4511 ut

598 4527 829 4581 Romam
859 4524 932 4579 ad
960 4526 1268 4580 concilium
1296 4525 1509 4579 veniat.

320 4624 584 4678 Joams
610 4621 898 4693 episcopus
919 4622 1222 4676 ADALARDO
1247 4620 1506 4693 episcopo
1557 4621 1854 4677 Veronensi

322 4708 577 4766 Advertit
606 4708 768 4780 plane
796 4708 1085 4779 prudentia
1114 4716 1206 4764 tua
1236 4716 1437 4780 quanto
1464 4716 1517 4764 et
1536 4709 1681 4781 quali
1706 4711 1854 4766 circa

244 4815 311 4855 se
344 4796 686 4868 apostolatus
712 4803 900 4852 noster
926 4796 1123 4868 ﬂagret
1152 4794 1368 4862 affectu,
1400 4813 1523 4851 cum
1557 4805 1661 4853 tua;
1688 4812 1855 4853 causa

240 4882 621 4958 provectionis
676 4898 787 4938 non
835 4883 1106 4939 modicum
1152 4884 1542 4955 sumpserimus
1587 4885 1850 4951 laborem,

240 4974 518 5030 idoneum
559 4978 611 5026 te
657 4970 859 5026 Christi
903 4971 1248 5028 sacerdotem
1296 4973 1489 5028 merito
1530 4973 1854 5029 arbitrantes

313 5132 344 5160 ι
373 5124 427 5173 In
450 5121 569 5174 edit.
597 5121 813 5187 Romana
839 5125 948 5185 post
970 5124 1078 5174 haec
1099 5123 1291 5175 additur
1314 5123 1666 5186 fragmentum,
1690 5126 1746 5174 ut
1771 5137 1856 5188 ap-

240 5193 421 5255 paret,
447 5188 648 5239 alterius
671 5188 889 5255 epistola:
914 5202 928 5239 :
963 5208 985 5232 ι
1013 5189 1178 5240 Gloria
1204 5191 1550 5253 magnitudinis
1574 5192 1750 5241 vestrae
1777 5203 1856 5241 co-

241 5253 467 5320 gnoscat
508 5255 618 5317 quia
657 5253 910 5305 Rotl'redus
931 5255 1166 5317 gloriosus
1189 5269 1353 5308 comes
1390 5258 1659 5307 monachus
1699 5258 1856 5308 sancti

240 5320 476 5374 Amantii
500 5321 565 5387 Β.
583 5322 728 5371 Petro
752 5322 1081 5384 apostolorum
1106 5322 1310 5384 principi
1336 5322 1439 5386 (hic
1471 5323 1665 5385 aliquid
1701 5323 1853 5387 deest)

237 5387 450 5440 tribuit.
478 5385 628 5447 alius
650 5388 875 5448 quoniam
900 5388 1135 5450 quasdam
1160 5401 1239 5439 res
1263 5385 1523 5440 Uuifredus
1545 5400 1710 5439 comes
1732 5385 1858 5440 dici;-

240 5459 333 5506 tur
360 5452 645 5518 abstulisse,
671 5453 868 5517 pietatis
891 5457 1067 5506 vestrae
1090 5454 1293 5518 gloriam
1316 5456 1645 5518 supplicamus
1687 5459 1739 5506 ut
1769 5467 1857 5518 pro

1956 1756 2078 1812 bus.
2113 1757 2281 1812 Porro
2311 1757 2357 1811 si
2386 1757 2491 1812 hoc
2519 1756 2855 1827 impossibile
2883 1756 3107 1822 asseris,
3147 1770 3247 1810 vm
3277 1754 3552 1811 Kalenda-

1955 1857 2078 1896 rum
2117 1840 2495 1897 Januariarutn
2543 1840 2688 1913 quod
2733 1841 3017 1895 hortamur
3061 1846 3117 1895 et
3152 1839 3407 1909 jubemus
3449 1854 3549 1894 ex-

1954 1928 2112 2000 pleri,
2145 1929 2193 1983 si
2222 1928 2482 1984 duntaxat
2511 1928 2580 1984 ab
2623 1927 2935 2000 apostolicae
2981 1927 3127 1983 sedis
3169 1926 3552 1983 communione

1955 2016 2140 2072 renuis
2168 2031 2390 2087 prorsus
2410 2016 2589 2073 arceri
2624 2033 2637 2071 :
2671 2016 2896 2089 dignum
2918 2015 3064 2072 enim
3082 2030 3192 2071 non
3211 2022 3294 2070 est
3312 2022 3370 2069 ut
3390 2020 3553 2070 tantae

1956 2105 2234 2175 sapientiae
2262 2104 2344 2161 vir
2370 2113 2518 2160 tanto
2546 2104 2737 2176 procul
2764 2104 2927 2161 coetui
2961 2104 3047 2159 sit.
3098 2103 3362 2175 Optamus
3416 2116 3551 2158 san-

1954 2192 2189 2248 ctitatem
2218 2200 2366 2248 tuam
2396 2193 2454 2248 in
2483 2193 2697 2250 Christo
2718 2193 2857 2249 bene
2875 2192 3076 2249 valere.
3101 2191 3309 2248 Datatv
3323 2190 3552 2246 Nonnas

1954 2280 2299 2347 Nevembris,
2332 2280 2627 2337 indictione
2656 2280 2889 2337 decima.

2659 2446 2832 2502 XLII.

2341 2566 2414 2608 AD
2451 2566 2707 2609 σΛιιοιωι
2738 2565 3155 2608 ωρειιΑτοιιιζιι.

2570 2659 2753 2729 (Anno
2782 2658 2933 2729 876.)

1953 2780 2175 2836 Laudat
2201 2779 2342 2853 quod
2372 2780 2518 2836 sedis
2546 2781 2865 2853 apostolica
2895 2780 3103 2853 legatos
3132 2778 3548 2853 benigneexce-

1979 2859 1983 2863 '
2021 2853 2190 2923 perit,
2208 2849 2490 2923 'r0gatque
2527 2849 2623 2923 ut
2646 2851 2911 2923 Ecclesia:
2944 2849 3208 2923 Romana
3230 2849 3543 2923 p‘rwdgnes,

2023 2919 2122 2994 qui
2164 2919 2471 2994 missorum
2514 2922 2695 2992 ipsius
2734 2921 3021 2994 judicium
3070 2919 3314 2977 latentes
3341 2919 3551 2992 eﬂ'uge-

2024 2991 2183 3058 rant,
2212 2992 2427 3064 requiri
2455 2995 2511 3047 et
2538 2991 2784 3047 coerceri
2801 2991 3019 3063 jubeat.

2020 3115 2277 3170 JOANNES
2306 3113 2596 3186 episcopus
2625 3114 2850 3170 Canono
2878 3113 3215 3186 imperatori.

2021 3220 2342 3275 Innumeras
2369 3219 2726 3290 omnipotenti
2753 3220 2872 3275 Deo
2901 3226 3085 3291 grates
3131 3226 3185 3274 et
3226 3217 3416 3274 laudes
3453 3233 3546 3274 re-

1950 3305 2196 3372 ferimus,
2231 3306 2325 3377 qui
2353 3321 2451 3363 cor
2477 3306 2695 3377 pietatis
2724 3313 2940 3372 vestrm,
2987 3305 3134 3378 quod
3177 3305 3233 3360 in
3256 3319 3419 3360 manu
3447 3320 3548 3359 sua

1951 3394 2218 3459 consistit,
2251 3400 2401 3448 tanta
2429 3393 2663 3465 Spiritus
2691 3393 2868 3450 sancti
2896 3393 3075 3467 gratia
3100 3392 3318 3464 replere
3343 3392 3547 3465 digna-

1950 3490 2037 3537 tus
2079 3489 2182 3552 est,
2213 3488 2417 3554 quanto
2445 3481 2729 3538 sollicitius
2756 3496 2857 3537 vos
2898 3496 3083 3538 sacras
3118 3496 3276 3536 aures
3313 3480 3383 3537 ad
3411 3495 3546 3551 pro-

1950 3569 2153 3626 fectum
2178 3569 2442 3626 Ecclesia
2471 3569 2629 3625 nobis
2658 3569 2966 3626 commissa
2991 3568 3246 3625 divinitus
3280 3567 3545 3624 inclinan-

1951 3666 2055 3725 tes,
2090 3666 2144 3713 et
2178 3657 2491 3729 apostolicae
2539 3656 2687 3713 sedis
2729 3657 2962 3728 legatos,
3007 3657 3244 3713 Leonem
3291 3654 3547 3713 videlicet

1946 3745 2362 3817 apocrisiarium
2390 3752 2444 3802 et
2470 3745 2700 3801 missum
2728 3752 2926 3801 sancta
2959 3745 3215 3801 Romane
3257 3742 3541 3813 Ecclesia,

1955 3848 2052 3891 seu
2084 3833 2325 3899 Petrum,
2365 3833 2703 3890 venerabiles
2742 3833 3050 3905 episcopos,
3089 3839 3417 3904 nostrosque
3455 3830 3547 3887 di-

1952 3920 2145 3987 lectos,
2179 3936 2246 3977 ea
2272 3921 2611 3994 benignitate
2640 3936 2751 3994 qua
2776 3921 2922 3977 soliti
2949 3920 3102 3990 estis,
3133 3927 3185 3976 et
3214 3935 3280 3976 eo
3315 3918 3548 3991 amplius

1956 4009 2275 4081 suscepistis
2309 4026 2323 4065 τ
2355 4016 2410 4066 et
2437 4009 2534 4064 illa
2571 4026 2693 4082 qua;
2730 4009 2888 4065 vobis
2923 4023 3023 4081 pro
3061 4014 3205 4064 statu
3241 4023 3305 4064 ac
3341 4007 3550 4064 exalta-

1955 4097 2101 4154 tione
2133 4105 2334 4154 sanctae
2362 4098 2463 4153 Dei
2491 4097 2755 4155 Ecclesiae
2795 4104 3204 4171 suggesserunt,
3255 4095 3325 4153 ad
3371 4094 3553 4153 eﬁica-

1957 4201 2078 4243 cem
2107 4186 2271 4242 finem
2298 4185 2592 4259 provenire
2613 4186 2870 4255 jussistis.
2922 4186 3066 4243 Vere
3111 4185 3277 4252 enim,
3320 4183 3550 4241 ﬁliorum

1957 4274 2298 4338 charissime,
2330 4289 2427 4329 cor
2454 4280 2697 4329 vestrum
2728 4273 2785 4327 in
2811 4287 2974 4328 manu
3000 4273 3103 4329 Dei
3130 4280 3232 4340 est,
3277 4272 3404 4343 quia
3433 4272 3550 4340 ejus

1884 4361 2209 4449 Dconsultu
2240 4361 2489 4416 universa
2517 4360 2822 4431 disponitis,
2853 4368 2908 4415 et
2947 4360 3222 4430 sapienter
3261 4358 3550 4429 imperium

1970 4448 2125 4503 vobis
2166 4448 2422 4503 collatum
2468 4446 2741 4503 moderari
2786 4447 3013 4502 studetis
3055 4464 3069 4501 :
3111 4445 3240 4518 quia
3285 4461 3351 4500 ex
3398 4452 3552 4501 utero

1951 4535 2140 4591 matris
2173 4534 2345 4591 crevit
2375 4534 2661 4591 vobiscum
2708 4533 2991 4605 sapientia,
3040 4540 3092 4589 et
3140 4532 3407 4589 rectitudo
3450 4530 3551 4588 fuit

1952 4622 2150 4679 dilecta
2179 4629 2361 4678 vestra
2389 4622 2582 4679 amica.
2624 4623 2694 4678 Et
2725 4622 2849 4695 quia
2895 4620 3291 4694 praeconiorum
3332 4626 3549 4675 vestro-

1953 4726 2076 4766 rum
2101 4711 2338 4765 humana
2364 4710 2554 4784 lingua
2600 4709 2700 4767 fari
2742 4726 2853 4766 non
2894 4709 3086 4765 sutiicit
3128 4706 3548 4776 multitudinem,

1954 4798 2025 4854 ad
2052 4797 2144 4854 illa
2173 4814 2294 4872 quae
2325 4799 2395 4855 de
2424 4798 2734 4855 infidelibus
2762 4796 2960 4855 nostris
3009 4804 3062 4851 et
3107 4794 3299 4850 vestris
3336 4802 3553 4866 peracta

1954 4893 2081 4942 sunt
2122 4886 2484 4958 epistolariter
2525 4887 2800 4943 adeamus.
2853 4883 3057 4940 Vestris
3104 4881 3345 4954 quidem,
3392 4881 3551 4938 beni-

1955 4974 2219 5047 gnissime
2249 4976 2561 5046 imperator,
2596 4972 2840 5045 apprime
2870 4970 3093 5027 eruditis
3135 4969 3267 5026 viris
3295 4978 3349 5026 et
3379 4971 3551 5026 Deum

1955 5130 2122 5169 amore
2146 5120 2427 5169 sanctorum
2451 5116 2777 5181 apostolorum
2800 5114 3073 5181 principum
3098 5114 3292 5165 easdem
3313 5126 3391 5181 res
3412 5112 3551 5163 reddi

1954 5185 2162 5247 praefato
2184 5180 2495 5234 monasterio
2510 5181 2867 5246 praesentaliter
2893 5180 3084 5232 faciatis
3107 5183 3346 5247 quatenus
3369 5180 3553 5230 fructus

1955 5253 2131 5300 vestra:
2156 5249 2393 5365 acrcedis
2417 5250 2615 5299 maneat
2638 5248 2686 5298 in
2718 5247 2947 5299 saeculum
2989 5246 3170 5298 seaculi.
3217 5247 3337 5296 Data
3378 5249 3431 5297 ut
3472 5258 3551 5297 su-

1954 5328 2068 5381 pra.
2105 5335 2126 5357 -
2207 5328 2334 5365 ANSI.
