4056 6178
495 259 599 312 695

507 485 693 541 scopo,
727 477 778 525 et
807 455 1098 539 Adalgario
1126 467 1421 522 venerabili
1466 466 1742 537 episcopo,
1794 463 2100 520 communi-

502 559 604 612 bus
633 573 853 630 quoque
884 556 1136 612 ﬁdelibus
1165 556 1382 620 nostris,
1409 556 1558 623 juxta
1582 553 1726 625 quod
1745 554 2097 626 petieramus,

507 662 608 717 pro
637 647 841 701 honore
871 654 1030 718 atque
1059 645 1286 699 utilitate
1317 651 1519 697 sancta:
1549 643 1737 698 matris
1767 649 1962 697 vestrm
1987 643 2099 696 Ec-

509 734 692 790 clesia:
720 735 978 790 Romanae
1005 748 1040 788 a
1063 733 1218 788 vobis
1246 731 1488 798 directis,
1519 733 1749 786 Romam
1789 729 2101 801 pervenien-

509 823 672 888 tibus,
705 830 758 876 et
785 829 1043 894 quantum
1073 821 1228 876 vobis
1254 819 1460 888 justitia
1487 819 1717 890 placeat,
1751 817 1872 873 luce
1901 817 2101 872 clarius

507 910 850 980 agnovimus,
902 917 955 964 et
996 909 1064 963 de
1094 907 1290 964 aﬁ'ectu
1319 907 1572 974 ﬁliorum,
1618 922 1780 978 quem
1825 921 1958 978 erga
2000 920 2101 960 nos

505 999 864 1064 conservatis,
915 997 972 1052 in
1023 998 1254 1052 Domino
1300 996 1558 1069 gratulati
1603 1010 1786 1049 sumus
1827 1012 1841 1048 :
1885 992 1982 1048 sed
2031 993 2100 1049 de

504 1085 818 1140 inﬁdelibus
867 1093 1178 1156 sanctasque
1223 1085 1482 1140 Romana:
1527 1083 1788 1138 Ecclesiae
1829 1081 2094 1148 hostibus,

503 1190 640 1244 quos
671 1189 771 1244 pro
802 1173 983 1228 multis
1013 1172 1316 1228 sceleribus
1345 1188 1406 1227 ac
1435 1171 1784 1241 pravitatibus
1813 1169 1925 1224 suis
1958 1168 2099 1223 ovile

506 1261 706 1316 Christi
735 1277 844 1316 non
874 1261 1083 1331 recipit,
1117 1262 1222 1316 huc
1251 1260 1485 1331 illucque
1511 1259 1865 1326 latitantibus,
1917 1265 1969 1311 et
1997 1273 2099 1311 ne-

503 1349 853 1405 fandissimos
882 1357 1036 1404 actus
1067 1363 1196 1402 suos
1243 1355 1428 1417 tegere
1471 1345 1836 1410 molientibus,
1885 1360 1994 1400 non
2042 1352 2101 1399 ut

499 1437 754 1508 Oportuit,
789 1452 968 1508 neque
999 1435 1138 1490 sicut
1168 1435 1334 1490 vestri
1365 1435 1652 1489 voluerunt
1679 1433 1860 1504 legati,
1896 1433 1964 1488 de
1993 1432 2100 1486 illis

499 1525 674 1594 potuit
703 1523 1010 1594 adimpleri.
1043 1523 1184 1577 Nam
1214 1531 1270 1576 ut
1299 1523 1372 1576 ita
1402 1521 1686 1588 fateamur,
1736 1537 1766 1574 a
1810 1520 1912 1574 sibi
1943 1519 2098 1575 simi-

497 1611 643 1665 libus
671 1609 978 1664 inﬁdelibus
1009 1609 1204 1665 vestris
1235 1617 1288 1665 et
1318 1609 1548 1665 inimicis
1593 1609 1814 1674 nostris,
1868 1608 2098 1679 quibus-

501 1699 625 1752 dam
655 1698 861 1754 scilicet
889 1698 1306 1765 marchionibus,
1340 1714 1475 1769 quos
1505 1697 1670 1752 iidem
1719 1696 1887 1752 vestri
1933 1695 2098 1765 legati

505 1787 815 1850 narrabunt,
850 1785 1102 1843 occultati
1149 1795 1200 1842 et
1241 1785 1480 1858 eﬁ'ugati,
1529 1801 1630 1840 nec
1678 1785 1744 1840 ad
1788 1800 1847 1839 se
1893 1799 2096 1855 percu-

506 1875 696 1930 tientes
725 1875 928 1930 reversi
959 1883 1100 1942 sunt,
1135 1890 1237 1930 nec
1268 1875 1404 1930 alios
1437 1891 1548 1929 suae
1577 1873 1796 1928 malitiae
1839 1872 2094 1942 inquina-

505 1971 690 2018 mento
720 1963 1094 2018 contaminare
1143 1962 1430 2017 desistunt.
1477 1961 1709 2016 Proinde
1755 1960 2099 2016 clementiam

505 2059 701 2106 vestrae
731 2051 1068 2107 celsitudinis
1097 2050 1466 2122 imploramus,
1503 2058 1554 2104 et
1584 2065 1684 2121 per
1713 2048 1950 2103 futurum
1999 2048 2100 2103 Dei

495 2138 762 2208 judicium
790 2139 1123 2208 adjuramus,
1153 2147 1211 2193 ut
1241 2140 1462 2194 eosdem
1491 2145 1693 2193 sanctae
1719 2138 1817 2193 Dei
1839 2136 2099 2192 Ecclesia:

499 2228 685 2282 hostes
717 2236 876 2298 atque
906 2228 1215 2298 praedones,
1251 2227 1548 2298 sacrilegos
1599 2239 1815 2297 quoque
1862 2225 1977 2279 sive
2017 2232 2100 2296 ty-

501 2329 723 2381 rannos,
759 2330 824 2369 ac
851 2331 952 2385 per
981 2315 1084 2368 hoc
1112 2331 1143 2368 a
1172 2313 1369 2368 Christi
1413 2313 1644 2385 collegio
1694 2312 1954 2382 synodice
2006 2329 2098 2368 se-

505 2409 833 2473 questratos,
865 2401 1161 2457 studiosius
1192 2401 1394 2472 requiri
1415 2401 1672 2470 jubeatis,
1698 2409 1750 2456 et
1771 2401 1838 2455 ad
1861 2401 2100 2472 lugenda

503 2491 650 2546 mala
707 2507 827 2562 quae
881 2490 1325 2560 impraetermisse
1381 2491 1646 2545 hactenus
1695 2489 1901 2560 operati
1954 2495 2096 2553 sunt,

503 2580 642 2634 sicut
666 2579 780 2648 jam
811 2577 1148 2644 decrevistis,
1184 2577 1375 2633 exsilio
1408 2578 1698 2649 deputetis.
1748 2576 1884 2645 Quia
1920 2576 1966 2630 si
1995 2576 2099 2646 ipsi

503 2667 596 2739 qui
625 2675 832 2722 tantum
861 2666 962 2721 Dei
991 2666 1297 2722 Ecclesium
1327 2666 1684 2732 macularunt,
1730 2665 1948 2735 impune
1985 2664 2100 2733 jam

500 2765 738 2812 vestram
769 2756 1105 2810 sanctionem
1133 2753 1480 2827 diffugerint;
1529 2753 1616 2809 vel
1663 2754 1726 2820 si,
1781 2753 1926 2824 quod
1967 2768 2092 2808 eve-

504 2843 622 2898 nire
671 2859 782 2898 non
827 2843 1008 2908 debet,
1059 2843 1115 2896 in
1159 2850 1344 2898 vestro
1389 2842 1619 2912 imperio
1662 2841 2096 2912 quibuscunque,

507 2930 654 3001 quod
682 2938 840 2999 turpe
871 2938 954 2984 est
1001 2930 1199 2994 dicere,
1253 2937 1436 2984 contra
1485 2937 1722 2984 vestram
1769 2929 2100 2983 voluntatem

506 3017 585 3072 eis
633 3016 876 3072 favorem
923 3015 1322 3086 praestantibus,
1375 3025 1484 3070 tam
1529 3016 1774 3071 absolute
1820 3017 2098 3071 discurre-

505 3104 646 3171 rint;
678 3113 848 3159 totum
879 3105 1020 3159 idem
1053 3113 1296 3159 vestrum
1342 3104 1632 3174 imperium
1675 3104 2098 3174 coinquinabunt

507 3200 561 3250 et
590 3192 738 3248 omni
767 3192 1158 3248 Christianitati
1187 3191 1534 3262 dispendium
1579 3192 1932 3263 generabunt,
1974 3193 2100 3263 quia

509 3297 632 3338 cum
663 3281 770 3336 sint
799 3280 902 3351 ipsi
933 3297 1066 3336 oves
1095 3280 1378 3346 morbida,
1433 3288 1598 3335 totum
1641 3296 1866 3352 gregem
1905 3287 2099 3335 conta-

507 3370 732 3436 minant,
767 3378 818 3425 et
847 3377 1002 3424 erunt
1029 3369 1324 3424 novissima
1353 3369 1570 3424 illorum
1597 3369 1783 3440 pejora
1803 3368 2096 3440 prioribus.

509 3460 748 3529 Ideoque
795 3459 970 3527 major
1014 3459 1237 3514 morbus
1283 3459 1474 3526 majori
1517 3457 1789 3513 medicina
1833 3457 2101 3512 curandus

509 3555 626 3613 est;
677 3562 746 3602 ne
794 3547 840 3602 si
886 3561 996 3602 non
1041 3546 1220 3601 debita
1261 3547 1348 3601 vel
1404 3545 1547 3617 quali
1589 3545 1746 3602 decet
1794 3545 2101 3601 austeritate

511 3634 740 3691 vulnera
763 3649 1024 3706 magnum
1052 3633 1280 3690 fetorem
1321 3633 1504 3689 dantia
1551 3634 1808 3689 radicitus
1857 3640 2102 3688 resecata

507 3722 728 3791 fuerint,
788 3729 956 3778 totum
1008 3738 1207 3793 corpus
1249 3722 1514 3777 Ecclesiae
1558 3720 1793 3790 tabeﬁat,
1846 3729 1898 3776 et
1946 3721 2102 3776 nobis

511 3812 630 3868 haec
685 3810 1075 3866 sustinentibus
1119 3809 1489 3864 ministerium
1544 3817 1788 3864 nostrum
1848 3824 2102 3864 exercere

507 3913 620 3954 non
649 3898 831 3953 liceat.
869 3898 994 3954 Non
1023 3897 1168 3952 enim
1201 3898 1531 3967 Stephanum
1561 3904 1616 3951 et
1646 3896 1896 3968 Sergium
1915 3896 1982 3950 ad
2002 3912 2103 3950 nos

509 3985 884 4041 fraudulenter
911 3985 1192 4040 venientes
1237 3983 1478 4055 recipere
1527 3984 1816 4052 noluimus,
1869 3984 1966 4038 sed
2007 3999 2103 4039 eos

511 4073 582 4128 ad
611 4079 848 4127 vestram
876 4072 1064 4127 venire
1102 4071 1364 4140 jussimus
1409 4072 1766 4140 majestatem.
1813 4072 2100 4140 Caeterum,

511 4159 585 4214 ﬁli
613 4159 953 4229 charissima,
985 4160 1272 4214 thesauros
1301 4159 1567 4216 Ecclesiae
1609 4168 1827 4228 nostrae,
1875 4159 1943 4213 ab
1990 4160 2102 4214 eis-

509 4247 636 4304 dem
665 4246 1068 4302 nefandissimis
1093 4255 1281 4318 raptos
1310 4263 1374 4303 ac
1401 4247 1698 4314 fraudatos,
1722 4247 1794 4302 ita
1823 4247 2005 4303 sciatis
2033 4247 2102 4303 ab

511 4336 643 4407 ipsis
673 4335 834 4390 etiam
866 4335 1086 4402 celatos,
1120 4343 1178 4389 ut
1205 4351 1304 4407 per
1335 4351 1430 4392 eos
1461 4336 1550 4408 qui
1583 4336 1672 4391 hic
1699 4336 1767 4390 de
1801 4335 1914 4390 suis
1943 4334 2103 4390 satel-

1767 251 2062 308 JOANNIS
2123 251 2312 308 PAPE
2367 251 2514 338 VIII.

504 379 840 446 timentibus,
873 376 898 410 ι’
925 379 1196 452 Ansegiso
1225 379 1474 435 videlicet
1503 377 1803 433 reverendo
1833 376 2095 447 archiepi-
2125 377 2182 438 Α

3699 251 3794 304 696

2893 374 3080 428 XLIII.

2591 486 2663 526 AD
2700 485 2956 528 CAROLUM
2985 487 3404 528 IMPERATOREM.

2819 569 2998 641 (Anno
3028 571 3176 640 876.)

2203 669 2412 724 Narrat
2441 669 2800 724 calamitate:
2823 669 3087 732 Ecclesiae
3105 669 3302 724 illatas
3333 686 3368 723 a
3397 669 3718 736 Saracenis,
3743 675 3794 726 et

2273 740 2672 863 intpfréztorcm
2699 741 2971 810 precatur
2997 743 3062 793 ut
3095 739 3385 794 auxilium
3410 741 3680 796 adversus
3709 756 3794 796 eo:

2271 825 2352 864 m1
2409 826 2438 863 a
2475 851 2487 862 .

2270 907 2524 960 JOANNES
2553 904 2843 975 episcopus
2875 904 3098 958 CAaono
3129 904 3464 976 imperatori.

2272 993 2486 1061 Quanta
2524 999 2578 1047 et
2623 992 2806 1064 qualia
2849 1008 2950 1062 per
2995 992 3217 1062 impiam
3265 1001 3484 1065 gentem
3530 993 3798 1064 patiamur

2202 1082 2602 1136 Saracenorum
2623 1123 2639 1146 ,
2701 1079 2833 1151 quid
2887 1081 3068 1135 dicam
3107 1081 3232 1152 quia
3270 1081 3512 1136 scribere
3566 1082 3795 1152 quilibet

2201 1169 2372 1240 stylus
2409 1185 2515 1223 non
2563 1167 2773 1233 sufﬁcit,
2827 1182 2950 1223 cum
2995 1169 3174 1222 omnia
3221 1169 3373 1241 ligna
3417 1168 3698 1234 silvarum,
3755 1169 3797 1224 si

2199 1263 2480 1312 vertantur
2505 1257 2561 1310 in
2592 1256 2826 1326 linguas,
2859 1271 3118 1310 enarrare
3139 1272 3248 1311 non
3265 1257 3522 1311 valeant?
3551 1257 3794 1324 Quorum

2201 1345 2328 1415 quia
2359 1361 2424 1398 ex
2453 1343 2539 1398 his
2571 1345 2822 1415 quaedam
2851 1352 3033 1399 vestra
3056 1344 3167 1412 jam
3213 1344 3404 1399 didicit
3450 1344 3794 1411 excellentia,

2197 1431 2583 1503 praedisposuit
2639 1431 2933 1487 exercitum
2984 1447 3141 1486 suum
3187 1433 3260 1486 ad
3303 1433 3420 1487 haec
3465 1433 3796 1487 removenda

2199 1536 2321 1576 cum
2365 1520 2542 1580 valida
2585 1535 2746 1574 manu
2792 1519 3055 1591 dirigere.
3104 1519 3224 1588 Quo
3271 1536 3373 1575 nos
3418 1520 3622 1588 audito,
3669 1536 3796 1575 mox

2201 1607 2425 1662 elevatis
2455 1608 2708 1662 manibus
2739 1607 3026 1662 Dominum
3075 1607 3520 1676 collaudavimus,
3571 1609 3798 1679 ejusque

2127 1695 2544 1784 Bclementiam
2598 1711 2700 1765 pro
2755 1695 2985 1765 imperio
3033 1703 3216 1750 vestro
3257 1695 3501 1751 laetantes
3545 1696 3796 1767 protinus

2201 1783 2564 1838 exoravimus.
2599 1783 2704 1838 Sed
2735 1792 2957 1854 quanto,
3003 1781 3079 1837 ﬁli
3107 1783 3441 1850 charissima,
3492 1783 3655 1839 laetati
3699 1801 3797 1838 su-

2197 1887 2319 1926 mus
2349 1871 2404 1924 in
2433 1871 2516 1926 his
2548 1887 2666 1943 quae
2697 1870 2845 1927 dicta
2874 1879 2998 1926 sunt
3026 1872 3204 1938 nobis,
3231 1879 3397 1938 tanto,
3426 1871 3566 1926 heu!
3603 1872 3798 1928 tristati

2199 1967 2252 2014 et
2282 1959 2585 2026 amaricati,
2622 1959 2745 2029 quia
2776 1976 2896 2030 quae
2923 1960 3066 2014 dicta
3113 1968 3238 2014 sunt
3282 1976 3468 2015 rerum
3511 1975 3622 2014 non
3669 1969 3796 2015 sunt

2200 2046 2482 2102 effectibus
2511 2055 2900 2102 consummata.
2937 2047 3162 2102 Reversi
3194 2047 3393 2119 quippe
3423 2056 3566 2112 sunt,
3609 2055 3670 2102 ut
3697 2063 3794 2102 au-

2199 2135 2452 2200 divimus,
2487 2143 2540 2190 et
2571 2134 2701 2189 solis
2732 2135 2966 2207 paganis
2997 2136 3278 2208 gaudium,
3299 2135 3457 2190 nobis
3479 2143 3666 2190 autem
3693 2152 3800 2191 non

2199 2223 2305 2277 nisi
2357 2222 2758 2277 tribulationem
2813 2223 3237 2278 inenarrabilem
3293 2224 3656 2294 reliquerunt.
3733 2225 3796 2278 Et

2201 2327 2349 2376 ecce,
2381 2311 2518 2381 proh
2546 2309 2739 2366 dolor!
2771 2311 3003 2366 inimicis
3027 2311 3208 2367 crucis
3237 2311 3434 2366 Christi
3471 2312 3796 2384 gratulanti-

2201 2400 2320 2464 bus,
2353 2399 2502 2454 solus
2531 2397 2772 2453 ﬁdelium
2801 2407 2975 2453 cmtus
3006 2413 3204 2470 magna
3248 2399 3619 2454 mmstitudine
3667 2416 3796 2456 eon-

2201 2487 2451 2542 sumitur.
2487 2487 2912 2542 Christianorum
2939 2489 3166 2559 sanguis
3205 2485 3519 2554 eﬁunditur,
3564 2487 3796 2544 devotus

2199 2575 2314 2630 Deo
2368 2574 2601 2644 populus
2661 2574 2916 2630 continua
2975 2583 3162 2646 strage
3210 2583 3461 2630 vastatur.
3515 2577 3658 2631 Nam
3709 2577 3798 2648 qui

2201 2661 2382 2718 evadit
2411 2662 2598 2734 ignem
2629 2662 2715 2718 vel
2745 2663 3004 2734 gladium,
3037 2663 3224 2732 praeda
3259 2662 3507 2730 edicitur,
3552 2664 3796 2734 captivas

2199 2751 2446 2816 trahitur,
2480 2758 2532 2806 et
2560 2750 2711 2806 exsul
2741 2759 3035 2821 perpetuus
3066 2751 3430 2806 constituitur.
3483 2752 3565 2807 En
3595 2753 3795 2808 civita-

2200 2848 2301 2904 tes,
2355 2847 2532 2896 castra
2555 2880 2570 2908 ,
2620 2848 2672 2893 et
2715 2838 2858 2894 villa;
2903 2839 3170 2895 destitutae
3215 2839 3607 2894 habitatoribus
3653 2841 3798 2910 peri-

2202 2935 2376 2993 erunt,
2410 2935 2462 2982 et
2491 2927 2734 2998 episcopi
2779 2929 2880 2982 hac
2925 2927 3160 2998 illacque
3207 2927 3462 2998 dispersi.
3510 2927 3646 2984 Sola
3695 2929 3799 2984 illis

2201 3015 2568 3087 apostolorum
2596 3016 2902 3087 principum
2928 3016 3114 3071 limina
3157 3016 3418 3072 derelicta
3465 3025 3591 3071 sunt
3623 3018 3682 3071 in
3713 3033 3800 3072 re-

2201 3103 2426 3176 fugium,
2460 3120 2584 3160 cum
2613 3104 2888 3175 episcopia
2909 3120 3098 3161 eorum
3115 3105 3170 3160 in
3189 3104 3426 3160 ferarum
3445 3105 3554 3160 sint
3573 3106 3799 3161 redacta

2201 3192 2420 3256 cubilia,
2452 3200 2506 3248 et
2533 3192 2638 3263 ipsi
2666 3193 2796 3265 vagi
2825 3200 2878 3247 et
2907 3193 3024 3248 sine
3058 3193 3214 3248 tectis
3261 3193 3484 3260 inventi,
3533 3209 3646 3248 non
3687 3194 3798 3262 jam

2201 3281 2280 3335 eis
2309 3281 2467 3336 liceat
2497 3281 2813 3350 praedicare,
2847 3281 2946 3336 sed
2981 3281 3316 3336 mendicare.
3365 3281 3528 3345 Ecce,
3579 3281 3802 3338 charis—

2202 3369 2358 3435 sime,
2385 3369 2634 3439 pervenit
2661 3369 2877 3441 gladius
2905 3385 3080 3441 usque
3109 3370 3176 3423 ad
3207 3369 3477 3435 animam;
3517 3385 3654 3426 ecce
3684 3371 3803 3426 dies

2201 3457 2256 3512 in
2285 3473 2393 3528 qua
2407 3458 2706 3512 clamamus
2725 3473 2738 3512 :
2759 3459 2943 3513 Beata:
2961 3459 3186 3514 steriles
3201 3474 3324 3530 quae
3337 3475 3454 3513 non
3469 3464 3801 3529 genuerunt

2201 3547 2358 3616 (Luc.
2389 3547 2579 3616 xxiii);
2611 3561 2740 3602 ecce
2769 3545 2864 3601 illa
2891 3546 3200 3616 periculosa
3227 3553 3472 3616 tempora
3491 3546 3648 3601 Pauli
3669 3563 3804 3602 voce

2201 3633 2460 3704 praedicta
2488 3634 2563 3702 (11
2595 3635 2733 3689 Tim.
2765 3633 2868 3703 ιιι).
2903 3635 3056 3688 Libet
3084 3649 3216 3706 ergo
3245 3650 3366 3688 cum
3403 3635 3644 3688 Jeremia
3695 3634 3808 3690 cla-

2203 3737 2347 3776 mare
2379 3722 2520 3793 (cap.
2556 3722 2640 3786 lx)
2675 3739 2688 3774 :
2725 3721 2856 3788 Quis
2880 3721 3034 3777 dabit
3063 3723 3240 3793 capiti
3289 3738 3408 3778 meo
3438 3739 3672 3794 aquam,
3702 3727 3807 3778 aut

2203 3811 2380 3866 oculis
2409 3811 2550 3864 meis
2569 3813 2788 3880 fontem
2813 3810 3215 3881 lacrymarum,
3241 3817 3299 3864 ut
3318 3809 3574 3881 plangam
3596 3817 3806 3866 tantam

2202 3913 2268 3952 ac
2295 3897 2454 3952 talem
2485 3897 2780 3966 miseriam,
2815 3897 2921 3952 tale
2949 3914 3012 3952 ac
3039 3905 3244 3952 tantum
3273 3897 3543 3952 excidium
3565 3899 3808 3968 patria?

2203 3985 2312 4040 Sed
2343 3993 2395 4039 et
2423 3985 2476 4039 in
2503 3985 2738 4050 tristitia,
2771 3985 2899 4056 quin
2925 3985 3105 4055 potius
3131 3985 3186 4039 in
3214 3985 3370 4040 ruina
3415 3985 3640 4040 domina
3673 4003 3808 4059 gen-

2201 4073 2352 4138 tium,
2387 4073 2578 4146 regina
2605 4073 2838 4138 urbium,
2870 4079 3046 4127 mater
3074 4073 3460 4138 Ecclesiarum,
3496 4074 3808 4130 consolatio

2201 4160 2451 4226 tristium,
2483 4168 2671 4232 portus
2718 4160 3157 4231 periclitantium.
3201 4161 3365 4230 Ecce,
3417 4162 3662 4232 inquam,
3713 4179 3808 4218 re-

2201 4260 2329 4299 vera
2357 4244 2475 4299 dies
2505 4244 2868 4299 tribulationis
2919 4253 2972 4298 et
3013 4245 3294 4315 angustiae,
3329 4245 3447 4300 dies
3483 4245 3811 4300 calamitatis

2201 4340 2253 4385 et
2281 4332 2533 4386 miseriae.
2567 4333 2842 4386 Praeterito
2873 4331 3074 4402 quippe
3101 4347 3242 4388 anno
3270 4331 3666 4387 seminavimus
3689 4333 3812 4404 qui-

509 4424 694 4479 litibus
722 4431 1119 4490 remanserunt,
1141 4423 1373 4478 inveniri
1405 4440 1514 4479 non
1541 4423 1784 4494 possint;
1817 4422 1940 4477 illos
1969 4439 2101 4478 vero
2122 4417 2173 4474 D
2204 4420 2349 4482 dem,
2384 4420 2484 4474 sed
2511 4435 2620 4474 non
2637 4419 3008 4492 recolligimus
3032 4439 3045 4486 ;
3081 4421 3185 4476 hoc
3205 4435 3333 4475 vero
3355 4436 3516 4488 anno,
3542 4421 3674 4492 quia
3697 4436 3810 4476 non

506 4512 598 4585 qui
627 4519 892 4567 noverunt
921 4511 1012 4566 ubi
1042 4527 1138 4566 eos
1169 4512 1588 4576 recondiderint,
1641 4527 1710 4566 ne
1755 4511 1937 4582 detegi
1965 4526 2100 4580 pos-

507 4607 648 4668 sent,
679 4598 822 4670 apud
851 4614 911 4652 se
941 4598 1131 4654 callide
1159 4599 1411 4664 retinent,
1444 4607 1496 4653 et
1524 4596 1629 4653 nisi
1661 4599 1762 4669 ipsi
1807 4598 1950 4669 capti
1979 4597 2100 4654 {ue-

507 4686 631 4752 rint,
663 4686 756 4741 ubi
785 4694 908 4741 sunt
941 4686 1194 4741 occultati
1223 4701 1322 4740 nos
1351 4693 1674 4757 nostrosque
1711 4686 1924 4757 penitus
1953 4685 2097 4752 latet,

507 4775 892 4830 Verumtamen
935 4773 1065 4846 quid
1118 4773 1204 4830 vel
1254 4782 1514 4845 quantum
1555 4775 1624 4829 ab
1668 4790 1776 4830 uno
1825 4781 1876 4828 et
1925 4790 2100 4846 quan-

507 4869 618 4916 tum
667 4862 736 4915 ab
781 4863 928 4928 alio,
986 4871 1352 4935 quantumque
1400 4863 1564 4918 etiam
1612 4861 1666 4916 in
1713 4861 1964 4917 domibus
2008 4877 2100 4916 eo-

505 4964 624 5003 rum
653 4957 931 5019 repertum
961 4950 1046 5017 sit,
1082 4951 1248 5005 vestri
1272 4951 1384 5018 jam
1414 4949 1542 5004 dicti
1591 4949 1756 5020 legati
1801 4957 1854 5004 et
1897 4949 2100 5019 scripto

509 5045 560 5091 et
591 5037 774 5091 verbis
802 5037 976 5103 vobis,
1015 5038 1082 5091 sit
1114 5038 1312 5108 placet,
1364 5037 1594 5094 edicant.
1649 5039 1782 5091 Data
1812 5051 1955 5092 xvm
1987 5038 2098 5090 Ka-

459 5163 474 5178 .
497 5123 689 5181 lendas
721 5125 1059 5191 Decembris,
1096 5125 1384 5182 indictione
1413 5125 1642 5180 decima.

560 5285 585 5320 δ
613 5289 846 5348 Armatae
871 5291 922 5337 et
941 5287 1230 5348 Adalgario.
1269 5287 1398 5336 Missi
1433 5287 1575 5337 ambo
1614 5288 1812 5338 Romam
1850 5299 1876 5334 a
1926 5285 2098 5344 Carolo

497 5353 694 5404 fuerant
723 5366 829 5404 cum
855 5354 1028 5416 legatis
1053 5353 1330 5415 apostolicis
1355 5357 1464 5415 post
1491 5353 1727 5415 synodum
1770 5354 2099 5415 Pontigonen-

491 5431 619 5468 sem.
647 5420 897 5468 Aimoinus
922 5420 1012 5468 lib.
1041 5433 1090 5476 γ,
1116 5431 1222 5480 cap.
1251 5419 1315 5468 33
1344 5432 1356 5467 :
1385 5419 1552 5468 Saluta
1606 5423 1682 5469 est
1702 5419 1936 5480 synodus.
1971 5419 2099 5468 Pos-

495 5490 572 5534 tea
597 5485 860 5546 imperator
903 5487 1084 5546 legatos
1125 5490 1403 5536 muneratos
1451 5485 1754 5549 apostolicos,
1801 5485 2006 5536 Leonem
2050 5489 2100 5534 et

2203 4508 2612 4576 seminavimus,
2648 4523 2750 4562 nec
2775 4515 2858 4562 est
2885 4507 3238 4580 recolligendi
3283 4505 3498 4564 ﬁducia.
3545 4508 3696 4575 Quid
3743 4509 3812 4564 de

2203 4595 2428 4666 paganis
2461 4595 2708 4664 dicimus,
2743 4610 2867 4650 cum
2915 4595 3206 4650 Christiani
3247 4595 3378 4648 nihil
3427 4595 3627 4651 melius
3673 4613 3811 4667 ope-

2201 4683 2429 4738 rentur?
2479 4683 2700 4754 quidam
2750 4681 2999 4737 videlicet
3043 4699 3110 4737 ex
3157 4681 3460 4737 conﬁnibus
3505 4689 3560 4737 et
3609 4684 3812 4739 vicinis

2201 4771 2419 4836 nostris,
2453 4787 2590 4841 quos
2618 4770 2965 4825 marchiones
2995 4769 3154 4824 solito
3184 4771 3524 4840 nuncupatis.
3575 4773 3724 4825 Nam
3755 4779 3812 4826 ut

2200 4858 2516 4928 prophetica
2539 4857 2783 4912 dicamus
2807 4873 2820 4912 :
2843 4858 3146 4912 Residuum
3169 4859 3398 4913 locustte
3417 4859 3668 4914 comedit
3685 4861 3814 4914 bru-

2201 4945 2338 5000 chus
2385 4946 2522 5012 (Jocl
2568 4945 2649 5014 ιι).
2701 4946 2769 4999 Et
2811 4944 2941 5016 quid
2987 4944 3272 4999 Saracenis
3323 4944 3662 5014 incredulis,
3715 4947 3812 5018 qui

2201 5041 2325 5085 sunt
2355 5031 2447 5086 ﬁlii
2478 5032 2705 5098 ancillae,
2747 5031 2883 5086 forte
2923 5031 3242 5103 relinquitur
3285 5033 3353 5086 ab
3403 5032 3509 5085 illis
3557 5033 3654 5102 qui
3709 5051 3813 5104 per

2199 5117 2364 5174 ﬁdem
2393 5119 2581 5176 libera:
2609 5120 2868 5175 deberent
2897 5120 3128 5174 existere
3167 5119 3310 5174 ﬁlii?
3349 5121 3534 5191 Usque
3579 5120 3649 5174 ad
3699 5129 3816 5175 ter-

2197 5283 2420 5342 Petrum,
2447 5281 2639 5332 remisit
2659 5281 2873 5334 Romam.
2903 5284 2953 5330 et
2972 5293 3080 5330 cum
3122 5281 3192 5330 eis
3229 5281 3524 5342 Aneegisum
3565 5279 3822 5331 Senonem

2197 5361 2296 5398 rem
2322 5348 2622 5464 egit-copam,
2663 5352 2714 5396 et
2735 5345 3054 5410 Adalgarium
3091 5347 3577 5407 Augustodunensem
3616 5349 3818 5408 episco-

2191 5427 2327 5475 pum.
2397 5427 2502 5462 mn.
