4020 6178
262 243 376 296 697

1524 235 1879 294 ΕΡΙὸΤοιῶ
1915 236 2007 292 ET
2058 237 2387 296 DECRETA
2398 280 2412 295 .

3465 247 3569 300 698

263 381 393 422 ram
424 363 793 435 depascimur.
825 360 970 430 Quid
1000 361 1145 417 enim
1174 361 1252 417 illi
1293 361 1519 428 faciunt;
1555 370 1607 416 et
1646 361 1732 416 isti
1762 378 1864 433 pe-
1894 362 2185 430 Avestraa,
2237 362 2313 418 ﬁli
2368 363 2707 430 charissime,
2767 363 3161 420 viscerabiliter
3224 365 3465 421 habitum
3512 374 3573 422 et

260 456 386 523 jora
416 469 528 508 non
558 450 799 506 faciunt?
829 449 913 503 Illi
945 456 1143 505 terram
1171 457 1465 521 occupant,
1492 450 1582 505 isti
1626 466 1751 505 cum
1780 450 1875 505 Pe-

1977 450 2116 506 bene
2142 451 2467 527 dispositum
2491 461 2874 524 agnoscentes,
2915 452 3229 509 innumeras
3270 455 3387 510 Deo
3429 469 3566 527 gra-

267 549 359 597 tro
418 539 556 596 nihil
605 555 671 594 ex
704 538 1008 594 civitatibus
1054 538 1141 593 vel
1183 554 1249 593 ex
1279 554 1410 593 rure
1446 537 1721 593 dimittunt
1752 554 1765 592 :
1797 535 1878 592 illi
1977 537 2097 605 tias,
2149 540 2241 611 qui
2289 539 2450 595 totius
2496 540 2625 595 boni
2656 548 2846 596 auctor
2868 549 2923 596 et
2950 542 3265 597 moderator
3304 548 3407 611 est,
3440 541 3567 613 qui-

274 628 537 686 occidunt
569 626 776 699 gladio,
795 626 882 680 isti
906 625 1101 681 ablatis
1126 625 1381 681 omnibus
1409 625 1556 685 fame
1573 625 1869 692 trucidant;

1976 643 2081 697 que
2110 627 2268 682 docet
2296 628 2569 683 hominem
2591 628 2873 698 justitiam,
2908 629 3182 701 gessimus
3208 648 3222 695 ;
3257 630 3357 685 sed
3384 629 3566 701 impe-

264 717 347 772 illi
376 717 436 771 in
467 714 835 785 captivitatem
856 714 1076 779 ducunt,
1118 713 1208 768 isti
1238 714 1341 768 sibi
1370 715 1426 768 in
1455 713 1771 769 servitutem
1794 730 1876 769 re-
1974 714 2107 769 divit
2144 730 2245 769 nos
2272 714 2519 784 Satanas,
2553 724 2606 770 et
2635 732 2763 786 spes
2794 724 2979 771 nostra
2998 715 3252 771 frustrata
3297 725 3399 787 est,
3443 732 3567 772 cum

273 804 492 876 dignm.
523 802 593 858 Et
621 818 746 858 cum
766 801 1031 872 queritur
1058 801 1189 872 quid
1218 802 1477 857 adversus
1504 802 1693 857 hostes
1714 802 1873 856 dimi-

278 900 369 949 cet
392 891 745 947 inveniuntur
781 888 936 955 nulli,
991 904 1115 945 cum
1154 888 1361 945 scilicet
1396 905 1587 944 eorum
1636 905 1871 960 Oppres-

269 981 430 1035 sione
460 978 675 1042 retenti,
701 977 771 1032 ad
807 977 1120 1031 mandatum
1150 985 1393 1031 nostrum
1433 993 1722 1033 occurrere
1738 977 1871 1033 nulli

270 1083 506 1139 prorsus
549 1064 913 1120 inveniantur.
953 1064 1062 1119 Sed
1118 1081 1239 1119 cum
1307 1065 1528 1137 indique
1579 1066 1870 1138 angustiati

259 1155 591 1219 clamamus,
628 1167 739 1208 non
770 1159 852 1207 est
884 1152 975 1223 qui
1003 1152 1205 1219 audiat,
1241 1167 1352 1207 non
1380 1161 1461 1208 est
1490 1153 1581 1224 qui
1626 1154 1865 1222 adjuvet,

249 1259 367 1299 non
398 1250 483 1297 est
510 1241 603 1313 qui
630 1240 845 1295 salvum
873 1239 1054 1307 faciat,
1089 1240 1194 1294 nisi
1219 1248 1293 1305 tu,
1328 1239 1405 1294 ﬁli
1443 1240 1763 1296 charissime
1814 1250 1868 1296 et

251 1331 564 1402 imperator
592 1327 1038 1393 clementissime,
1072 1328 1165 1399 qui
1212 1336 1332 1398 post
1370 1328 1545 1383 Deum
1575 1329 1734 1383 nobis
1781 1329 1866 1383 fa-

254 1426 380 1475 ctus
410 1433 473 1473 es
502 1416 560 1470 in
591 1414 887 1487 refugium,
920 1422 974 1470 et
1006 1414 1275 1483 solatium,
1309 1423 1360 1470 et
1390 1415 1668 1472 auxilium.
1720 1415 1867 1485 Quo-

256 1505 409 1560 circa
452 1503 580 1559 totis
605 1502 941 1574 praecordiis,
973 1503 1207 1573 totisque
1236 1503 1491 1558 commoti
1540 1504 1861 1575 visceribus,

262 1608 391 1648 cum
415 1591 691 1662 episcopis
719 1598 773 1645 et
800 1589 1141 1660 presbyteris
1170 1605 1235 1645 ac
1262 1591 1602 1661 proceribus,
1630 1593 1864 1664 totisque

1974 817 2083 856 non
2097 803 2167 856 ad
2186 809 2372 858 votum
2395 811 2642 858 nostrum
2674 812 2727 858 et
2756 819 3043 859 commune
3070 804 3411 875 propositum
3439 803 3568 859 ﬁnis

1970 889 2050 943 rei
2078 891 2427 960 processerit.
2463 890 2705 959 Qualiter
2724 898 2924 958 autem;
2956 892 3046 947 vol
3077 908 3185 963 quo
3210 891 3463 957 faciente,
3489 892 3566 947 ita

1972 992 2139 1032 causa
2149 978 2479 1047 provenerit.
2496 979 2822 1050 Adalgarius
2843 979 3222 1035 sanctissimus
3243 978 3557 1050 episcopus,

1972 1080 2133 1135 quem
2180 1080 2302 1130 nos,
2348 1064 2512 1120 vestri
2560 1065 2764 1120 amoris
2814 1081 2979 1122 causa
3022 1067 3303 1138 ipsiusque
3348 1082 3565 1122 morum

1968 1151 2237 1222 probitate
2265 1167 2374 1207 non
2402 1152 2675 1208 immerito
2703 1153 2852 1220 moti,
2889 1154 3172 1225 palliatum
3199 1154 3269 1209 ad
3297 1170 3396 1211 vos
3430 1169 3562 1211 ecce

1968 1238 2299 1306 remisimus,
2332 1255 2365 1294 a
2392 1241 2671 1308 majestate
2717 1248 2895 1295 vestra
2934 1242 3318 1314 interrogatus,
3366 1249 3419 1296 et
3462 1257 3565 1313 per

1967 1324 2130 1381 ﬁdem
2160 1341 2325 1398 quam
2352 1327 2509 1382 vobis
2554 1344 2613 1382 se
2644 1327 2873 1383 illaesum
2901 1336 3241 1384 servaturum
3287 1328 3564 1400 pollicitus

1967 1421 2070 1483 est,
2114 1413 2396 1483 adjuratus
2429 1414 2625 1471 edicet.
2676 1414 2813 1469 Illud
2866 1423 3046 1471 tamen
3076 1432 3179 1471 nos
3224 1417 3444 1473 interim
3491 1417 3563 1472 ad

1966 1502 2286 1557 memoriam
2315 1510 2555 1557 vestram
2584 1503 2916 1572 reducimus,
2950 1504 3095 1575 quod
3125 1504 3284 1559 nobis
3334 1504 3465 1559 olim
3493 1504 3564 1559 de

1964 1589 2235 1660 Ansegiso
2264 1596 2318 1643 et
2344 1590 2640 1645 Lantberto
2673 1591 2982 1661 specialiter
3005 1592 3240 1663 quodam
3292 1591 3564 1663 prasagio

254 1679 440 1750 plebis
486 1678 645 1733 nobis
692 1676 821 1732 olim
859 1677 1167 1733 commissa:
1212 1678 1452 1749 reliquiis
1476 1679 1857 1750 deprecamur,
1897 1675 2291 1763 Bfuturorum,
2325 1684 2583 1747 tanquam
2616 1678 2879 1747 providus
2909 1694 3102 1733 revera
3133 1678 3562 1749 praenuntiastis.

244 1768 382 1836 jube
411 1766 636 1821 tandem
664 1765 883 1836 aperire
914 1780 1097 1831 aures,
1124 1765 1316 1820 audire
1348 1767 1612 1838 gemitum
1659 1779 1712 1824 et
1742 1771 1860 1826 sin-
1953 1763 2049 1818 Est
2078 1763 2222 1818 enim
2251 1764 2323 1818 ita
2350 1771 2564 1836 gestum
2611 1772 2668 1819 ut
2712 1765 3059 1836 praevidistis,
3105 1774 3159 1821 et
3190 1766 3266 1820 nil
3295 1782 3394 1822 vos
3438 1772 3563 1821 ante

254 1854 446 1927 gultus
476 1853 721 1909 omnium
750 1860 1017 1919 nostrum,
1050 1852 1337 1926 porrigere
1364 1870 1600 1926 manum,
1632 1865 1684 1912 et
1712 1876 1860 1929 prie-
1951 1851 2108 1906 latuit
2138 1852 2286 1923 quod
2311 1852 2660 1923 postmodum
2690 1853 2999 1909 intellectus
3030 1854 3205 1909 nostri
3235 1854 3425 1910 oculus
3453 1869 3565 1909 non

255 1950 404 1997 stare
436 1957 600 2012 opem
641 1940 833 2010 patrie
858 1940 1207 2010 periclitanti,
1249 1941 1450 1997 civitati
1479 1942 1621 1998 inter
1665 1947 1863 2003 multas

252 2029 511 2084 miserias
542 2036 596 2083 et
620 2042 895 2083 aerumnas
911 2028 1136 2097 jacenti,
1170 2036 1223 2082 et
1259 2029 1385 2084 huic
1413 2030 1674 2087 Ecclesiae
1702 2035 1862 2090 matri

249 2124 474 2181 vestrae,
510 2132 543 2171 a
572 2131 681 2188 qua
709 2131 821 2170 non
851 2115 1027 2171 solum
1056 2117 1346 2186 regnandi,
1380 2118 1477 2171 sed
1507 2127 1560 2173 et
1589 2120 1642 2173 in
1667 2120 1860 2176 Domi-

250 2222 388 2260 num
403 2219 573 2259 unum
602 2211 655 2258 et
683 2219 874 2258 verum
903 2203 1161 2258 credendi
1192 2204 1478 2259 exordium
1511 2208 1858 2279 percepistis,

256 2309 497 2365 quaque
539 2292 595 2346 in
624 2291 832 2356 ultimo,
867 2298 1053 2361 spreto
1082 2291 1225 2347 bono
1256 2300 1308 2346 et
1334 2309 1533 2366 magno
1564 2294 1863 2363 fratre,vos

253 2397 416 2436 more
446 2381 549 2436 Dei
574 2380 809 2452 gratuita
838 2379 1129 2447 voluntate,
1177 2387 1438 2451 tanquam
1482 2382 1715 2438 alterum
1765 2401 1856 2440 re-

252 2486 389 2542 gem
421 2468 597 2522 David
629 2467 795 2540 elegit
833 2475 886 2522 et
913 2467 1199 2540 praeelegit
1248 2476 1409 2539 atque
1452 2470 1521 2524 ad
1557 2471 1863 2542 irnperialia

248 2565 478 2628 sceptra
504 2556 772 2627 provexit.
798 2556 1041 2626 Cogitate
1070 2556 1272 2627 itaque,
1306 2557 1407 2612 Dei
1440 2558 1616 2614 cultor
1646 2575 1864 2631 semper

254 2648 531 2716 Auguste,
563 2660 594 2698 a
623 2644 892 2715 propheta
921 2643 1246 2713 praemoniti,
1284 2645 1330 2699 si
1361 2645 1478 2701 haec
1524 2647 1857 2715 humiliatur,

252 2733 327 2787 ad
356 2732 515 2801 cujus
544 2730 870 2803 confugietis
933 2730 1235 2787 auxilium?
1275 2733 1362 2787 vel
1404 2734 1497 2787 ubi
1545 2735 1864 2806 relinquetis

252 2819 495 2892 gloriam
525 2827 766 2874 vestram
787 2820 817 2873 ?
838 2818 1160 2889 Perpendite
1179 2819 1307 2891 quia
1324 2820 1370 2874 si
1394 2821 1511 2877 haec
1522 2822 1859 2889 humiliatur,

248 2925 368 2965 non
388 2908 570 2963 solum
584 2907 818 2979 gloriam
836 2907 1048 2978 imperii
1064 2908 1230 2962 vestri
1251 2908 1668 2978 periclitabitur,
1693 2912 1793 2966 sed
1809 2920 1863 2967 et

249 2998 379 3069 ipsa
410 2995 660 3067 profecto
691 2995 1009 3050 Christianae
1036 2996 1319 3068 religionis
1366 2998 1577 3053 cultura
1623 2999 1858 3055 maxima

250 3102 320 3141 ex
350 3092 516 3156 parte
548 3083 766 3154 peribit.
797 3084 867 3137 Et
895 3083 1098 3138 idcirco
1125 3083 1254 3138 talia
1282 3084 1518 3141 scientes
1547 3086 1732 3153 nolite,
1765 3089 1857 3142 ob-

250 3188 437 3238 secro,
464 3173 579 3241 jam
607 3170 852 3240 dili'erre,
899 3171 1066 3226 nolite
1113 3172 1183 3227 de
1209 3171 1299 3226 dei
1345 3172 1400 3227 in
1438 3174 1583 3229 diem
1625 3174 1856 3231 induciis

245 3277 365 3318 non
394 3260 699 3332 profuturis
727 3258 893 3313 abuti.
928 3260 1062 3313 Cum
1092 3260 1501 3329 proverbiatore
1547 3261 1743 3329 clamo,
1804 3272 1858 3319 et

243 3365 377 3405 cum
417 3347 710 3403 Salomone
752 3346 1054 3402 vociferor:
1076 3347 1151 3402 Ne
1185 3347 1389 3404 dicatis
1431 3350 1611 3405 amico
1650 3354 1852 3417 vestro,

252 3436 407 3495 Vade
419 3440 477 3492 et
500 3439 807 3502 revertere,
830 3451 958 3491 cras
980 3436 1135 3491 enim
1155 3435 1307 3491 dabo'
1318 3436 1420 3491 tibi
1446 3437 1642 3507 (Eccli.
1667 3438 1752 3507 lx)
1770 3457 1784 3504 ;
1804 3446 1858 3492 et

249 3525 397 3580 alias
420 3542 435 3578 :
454 3524 607 3591 Quod
623 3527 825 3594 potest,
845 3522 1037 3595 inquit,
1055 3540 1263 3579 manus
1279 3527 1377 3578 tua
1397 3526 1607 3595 facere,
1632 3526 1857 3580 instan-

247 3618 343 3670 ter
371 3628 612 3682 operare
631 3611 812 3682 (Prov.
836 3612 943 3681 ιιι),
976 3619 1079 3666 etc.
1102 3611 1336 3666 Nescitis
1352 3626 1606 3683 namque,
1638 3621 1694 3666 ut
1731 3628 1858 3668 cum

247 3702 417 3757 venia
446 3706 628 3756 vestra
684 3699 863 3754 dicam
896 3699 1024 3770 quid
1054 3707 1447 3770 superventura
1488 3699 1665 3771 pariat
1714 3700 1852 3755 dies.

245 3790 333 3845 Ita
385 3803 546 3859 ergo,
578 3786 655 3841 fili
689 3786 1164 3855 Christianissime,
1215 3787 1283 3842 de
1314 3788 1415 3842 hac
1468 3787 1716 3844 Ecclesia
1754 3804 1857 3844 nec

240 3893 360 3933 non
391 3885 446 3931 et
465 3875 639 3947 patria
696 3875 957 3931 velociter
1007 3883 1062 3931 et
1108 3875 1408 3946 prudenter
1455 3876 1761 3949 excogitata
1803 3885 1858 3932 et

249 3965 533 4029 ordinate,
563 3972 620 4018 ut
650 3964 845 4019 saltem
872 3964 1006 4034 ipsa:
1035 3963 1383 4033 paucissimae
1414 3964 1661 4035 reliquiae
1690 3965 1857 4021 salvae

250 4054 366 4110 sint
400 4068 528 4124 qum
570 4059 968 4117 remanserunt,
1002 4068 1232 4123 quaeque
1263 4051 1501 4123 quotidie
1539 4052 1855 4108 catervatim

248 4141 448 4215 gladio
478 4148 533 4195 et
561 4140 748 4210 praeda
777 4140 1111 4210 dispereunt.
1145 4138 1430 4195 Occurrite
1459 4141 1853 4206 strenue,'sub-

246 4229 440 4286 venite
493 4227 762 4292 celeriter,
806 4234 859 4282 et
886 4242 1071 4291 manu,
1123 4226 1514 4282 consolationis
1551 4236 1748 4284 vestrae
1788 4228 1855 4282 ab

242 4316 435 4374 oculis
463 4315 668 4371 nostris
695 4315 912 4370 tandem
948 4315 1242 4386 abstergite
1271 4315 1563 4386 lacrymas,
1583 4324 1850 4387 quatenus

1888 3048 1937 3112 C

1964 1941 2258 2010 aspexerit.
2294 1941 2417 1996 Non
2446 1940 2591 1995 enim
2622 1948 2771 1997 recto
2803 1956 2925 1996 cum
2954 1957 3041 2007 eo,
3075 1941 3213 1996 sicut
3243 1942 3560 2017 episcopum

1958 2027 2157 2093 decuit,
2175 2027 2467 2083 ambulavit
2492 2048 2507 2094 ;
2532 2029 2629 2083 sed
2645 2044 2746 2099 per
2769 2028 3091 2099 versipelles
3104 2027 3382 2083 anfractus
3402 2027 3559 2084 ince-

1959 2114 2113 2184 dens,
2149 2115 2377 2170 multum
2407 2132 2440 2170 a
2468 2115 2557 2170 via
2587 2116 2928 2171 rectitudinis
2957 2115 3214 2171 deviavit.
3249 2114 3407 2184 Quod
3436 2131 3559 2170 cum

1959 2202 2351 2263 exhibitum_ad
2382 2203 2563 2258 lucem
2592 2203 2834 2259 veritatis
2863 2204 3144 2272 exstiterit,
3178 2202 3394 2274 penitus
3423 2217 3554 2258 eva-

1962 2306 2149 2345 surum
2177 2306 2287 2345 non
2316 2292 2591 2346 credimus
2620 2291 2964 2362 impunitum.
2990 2292 3151 2361 Cujus
3181 2291 3388 2347 scilicet
3430 2304 3556 2347 cer-

1958 2385 2069 2434 tam
2098 2378 2179 2433 rei
2210 2379 2456 2449 poteritis
2521 2379 2976 2435 circumstantiam
3007 2380 3197 2450 procul
3250 2378 3414 2434 dubio
3461 2378 3557 2434 de-

1957 2466 2321 2537 prehendere,
2354 2467 2420 2533 si,
2446 2474 2503 2521 ut
2549 2467 2906 2538 praetulimus,
2941 2467 3086 2523 idem
3132 2465 3420 2523 almiﬁicus
3472 2466 3560 2522 vir

1958 2554 2060 2609 sub
2106 2550 2484 2611 testiﬁcatione
2550 2555 2708 2611 vobis
2746 2556 3031 2627 promissae
3076 2555 3203 2611 fidei
3256 2556 3553 2623 adjuratus,

1961 2658 2058 2697 vos
2086 2642 2258 2697 latere
2287 2643 2541 2698 noluerit.
2575 2644 2718 2699 Sane
2764 2660 2927 2700 nosse
2969 2659 3068 2700 vos
3111 2643 3380 2709 volumus,
3431 2642 3557 2714 quia

1960 2747 2083 2785 cum
2113 2747 2259 2801 saepe
2288 2739 2639 2786 memoratum
2673 2732 2964 2797 antistitem
3011 2732 3151 2788 adeo
3193 2730 3554 2805 cognovisse-
3618 2782 3625 2787 .

1960 2835 2083 2873 mus
2112 2818 2269 2874 vobis
2297 2835 2420 2874 esse
2436 2817 2672 2886 ﬁdelem,
2704 2829 2761 2874 ut
2790 2821 3139 2876 crederemus
3159 2820 3324 2875 nullis
3353 2835 3550 2875 mune-

1959 2907 2106 2961 ribus
2134 2906 2405 2978 nullisque
2422 2907 2727 2981 terroribus
2765 2924 2796 2962 a
2826 2925 2939 2963 suae
2966 2907 3094 2963 ﬁdei
3137 2924 3270 2980 erga
3319 2924 3417 2963 vos
3454 2908 3556 2981 h3-

1960 2995 2085 3051 bitm
2114 2976 2423 3051 sinceritate
2451 2976 2615 3066 pesse
2644 2996 2850 3063 divelli,
2874 2996 3102 3051 adhaesit
3132 2976 3327 3051 animae
3354 2976 3557 3050 nostra;

1959 3083 2147 3138 salutis
2176 3083 2340 3153 filius,
2371 3092 2422 3138 et
2450 3083 2657 3140 idcirco
2699 3085 2842 3139 inter
2871 3083 3209 3155 pontiﬁcium
3236 3092 3482 3139 nostrum
3507 3092 3562 3139 et

1957 3171 2246 3242 imperium
2260 3179 2497 3227 vestrum
2518 3173 2875 3227 mediatorem
2895 3173 3046 3226 illum
3060 3171 3177 3227 fore
3191 3171 3554 3238 decrevimus,

1958 3259 2030 3313 ita
2058 3268 2116 3313 ut
2146 3259 2305 3331 quasi
2347 3260 2497 3314 vocis
2544 3259 2826 3330 utriusque
2873 3260 2939 3312 sit
2989 3274 3277 3330 organum,
3329 3257 3553 3313 referat-

1959 3362 2063 3418 que
2107 3353 2289 3402 vestra
2339 3347 2518 3413 nobis,
2566 3355 2618 3400 et
2670 3363 2792 3417 quae
2836 3354 3021 3401 nostra
3067 3353 3190 3400 sunt
3247 3345 3402 3400 vobis
3448 3358 3555 3399 an-

1958 3434 2184 3500 nuntiet,
2242 3441 2298 3488 ut
2362 3434 2498 3505 lapis
2565 3433 2849 3506 angularis
2913 3433 3130 3487 habitus
3202 3432 3259 3486 in
3337 3431 3554 3487 Christo

1955 3524 2105 3589 Jesu,
2151 3522 2242 3593 qui
2297 3538 2368 3577 ex
2413 3538 2517 3592 pax
2576 3530 2779 3587 nostra,
2831 3530 2884 3576 et
2918 3521 3042 3577 fecit
3088 3528 3317 3592 utraque
3361 3534 3550 3574 unum.

1957 3609 2092 3667 Data
2123 3625 2223 3665 xvr
2253 3609 2530 3666 Kalendas
2545 3610 2885 3676 Decembris,
2918 3608 3209 3665 indictione
3245 3608 3477 3664 decima.

2669 3734 2835 3790 XLV.

2384 3854 2459 3894 AD
2490 3854 2781 3895 RICHILDII
2809 3854 3123 3894 AUGUSTAM.

2574 3929 2757 3999 (Anno
2787 3930 2937 3998 876.)

2126 4020 2303 4098 Rogat
2327 4029 2397 4080 ut
2422 4027 2687 4083 Romam:
2713 4025 2978 4081 Ecclesia:
3006 4023 3373 4096 suffragetur.

2025 4140 2282 4194 JOANNES
2313 4138 2605 4210 episcopus
2634 4140 2887 4194 chanm
2916 4140 3196 4211 Augustae.

2028 4225 2242 4295 Quanto
2271 4242 2455 4282 amore
2500 4226 2797 4297 spiritualis
2846 4225 2988 4280 ﬁlius
3048 4232 3234 4279 noster
3274 4224 3555 4295 piissimus

1955 4315 2257 4385 imperator
2286 4330 2417 4384 erga
2449 4315 2592 4369 hanc
2622 4321 2868 4368 sanctam
2910 4321 3143 4366 matrem
3186 4327 3340 4366 suam
3370 4310 3556 4366 Eccle-

238 4421 421 4477 super
448 4403 560 4459 illis
589 4410 642 4458 et
670 4403 1083 4474 praesentialiter
1132 4404 1249 4458 Deo
1278 4402 1515 4474 propitio
1543 4404 1852 4476 gaudeatis,
1877 4397 1930 4458 D
1962 4402 2100 4457 siam
2132 4402 2325 4476 ﬂagret
2355 4418 2421 4456 ex
2450 4402 2555 4456 hoc
2585 4398 3031 4454 manifestissime
3061 4399 3233 4454 claret
3262 4397 3408 4468 quod
3436 4412 3559 4453 cau-

240 4495 388 4549 etin
415 4492 622 4557 futuro,
656 4489 925 4563 frequenti
965 4507 1028 4547 ac
1056 4490 1314 4545 laudabili
1344 4491 1532 4547 relicta
1560 4490 1702 4546 fama
1756 4508 1853 4546 su-

236 4580 500 4652 perstite,
529 4594 656 4633 cum
685 4578 898 4633 Christo
927 4586 1179 4649 perpetes
1208 4578 1263 4632 in
1284 4578 1853 4650 cmlestibusimpere-

242 4670 340 4725 tis.
359 4670 503 4724 Data
513 4682 635 4721 xvn
651 4666 927 4722 Kalendas
955 4666 1291 4732 Decembris,
1311 4666 1604 4723 indictione
1621 4667 1849 4723 decima.

988 4765 1178 4820 XLIV.

524 4849 599 4889 AD
629 4849 886 4889 οΑιιοιυιί
915 4850 1135 4889 CALVUM
1166 4846 1582 4893 IUPERATOBEU.

869 4906 1050 4974 (Anno
1083 4909 1234 4977 876.)

239 4996 464 5054 Scribit
514 4994 951 5050 intellecturum
997 4996 1399 5066 imperatorem
1443 5010 1517 5049 ex
1555 4995 1852 5066 Adalgario

317 5067 584 5137 episcopo
601 5066 719 5132 (cui
734 5066 981 5137 pallium
995 5066 1275 5137 concedit)
1286 5082 1389 5120 cur
1428 5066 1686 5120 Ecclesia:
1714 5081 1853 5137 caa-

311 5135 387 5191 ιὰ
400 5152 477 5190 ea:
507 5135 627 5206 uoto
657 5136 1008 5206 processerit.
1050 5136 1590 5206 TawatAnsegisum,
1611 5135 1852 5190 etAdal-

312 5208 475 5278 garii
505 5205 674 5273 ﬁdem
704 5206 1085 5261 commendat.

320 5296 589 5348 JOANNES
618 5292 910 5364 episcopus
944 5294 1169 5348 (Σωλοιο
1199 5293 1527 5364 imperatori.

316 5380 684 5437 Laudabilem
702 5381 919 5452 quidem
950 5380 1302 5436 intentionem
1352 5389 1403 5435 et
1432 5381 1582 5451 pium
1612 5381 1849 5436 studium

241 5478 504 5526 vestrum
534 5484 637 5539 pro
650 5484 811 5525 causa
826 5468 1092 5527 Ecclesiae
1119 5478 1338 5539 nostrae,
1370 5468 1559 5526 matris
1602 5469 1852 5526 videlicet

1952 4507 2071 4546 sam
2100 4490 2244 4545 illius
2273 4490 2417 4561 apud
2452 4506 2511 4545 se
2543 4487 2857 4560 specialiter
2886 4486 3291 4558 exsequendam
3331 4492 3385 4540 et
3412 4485 3553 4540 ordi-

1954 4579 2191 4635 nandam
2222 4579 2277 4633 in
2306 4578 2503 4635 vestris
2532 4576 2750 4651 proprie
2790 4575 3041 4631 manibus
3078 4572 3386 4637 collocavit.
3453 4573 3549 4627 Cui

1954 4667 2098 4722 enim
2130 4653 2521 4738 congruentius
2570 4675 2622 4723 et
2662 4664 3003 4739 praestantius
3053 4678 3195 4728 eam,
3234 4676 3397 4733 quam
3433 4676 3548 4732 prae

1954 4756 2167 4810 ca’teris
2200 4756 2554 4827 spiritualiter
2581 4757 2776 4829 diligit,
2809 4770 2923 4819 oro,
2971 4750 3348 4817 committeret,
3385 4765 3549 4822 quam

1953 4844 2109 4899 vobis
2138 4861 2260 4917 qua:
2286 4845 2355 4900 ab
2385 4860 2451 4901 eo
2505 4846 2585 4901 sic
2632 4843 2786 4915 diligi
2824 4839 3108 4912 jubemini,
3149 4838 3291 4894 sicut
3322 4837 3475 4910 diligi
3516 4853 3548 4892 a

1953 4933 2166 4990 Christo
2188 4934 2409 5003 jubetur
2435 4933 2685 4990 Ecclesia
2703 4933 2732 4987 ⁸1
2762 4931 2918 4987 Unde
2933 4942 3270 5002 magnopere
3294 4927 3545 5001 gratula-

1952 5040 2077 5078 mur
2103 5023 2172 5077 de
2199 5022 2357 5077 vobis
2386 5029 2462 5077 tot
2488 5021 2771 5076 audientes
2819 5017 3113 5091 praeconia,
3156 5025 3216 5089 et
3259 5015 3546 5072 coﬁdimus

1951 5111 2005 5166 in
2034 5110 2268 5166 Domino
2300 5109 2428 5180 quia
2459 5124 2623 5164 onera
2652 5122 2774 5180 qua:
2797 5114 3095 5179 portamus,
3121 5114 3231 5161 tam
3251 5121 3284 5160 a
3313 5102 3546 5176 paganis

1953 5214 2115 5270 quam
2146 5213 2178 5252 a
2206 5196 2460 5269 pessimis
2489 5195 2829 5262 Christianis,
2878 5194 3048 5252 vestri
3094 5193 3257 5248 studii
3306 5190 3544 5246 humeris

1950 5285 2289 5350 alleviabitis,
2324 5293 2377 5341 et
2396 5285 2548 5339 eritis
2573 5300 2675 5355 pro
2705 5283 2953 5341 Ecclesia
2981 5281 3182 5338 Christi
3216 5279 3366 5351 apud
3393 5278 3544 5350 pium

1951 5374 2243 5446 conjugem
2273 5389 2425 5428 more
2455 5381 2655 5429 sanctae
2684 5372 2829 5428 illius
2872 5372 3073 5428 Esther
3105 5384 3209 5442 pro
3240 5366 3540 5424 Israelitica

1949 5461 2111 5534 plebe
2141 5462 2286 5535 apud
2310 5461 2557 5519 maritum
2575 5462 2818 5533 (Esther.
2850 5460 2951 5531 rx).
2972 5457 3112 5528 Quia
3142 5472 3274 5515 vero
3290 5472 3435 5531 saepe
3463 5456 3534 5513 ad
