4020 6178
521 213 623 266 699

1786 211 2084 270 JOANNIS
2379 215 2520 272 VIII.
3703 225 3788 280 700

516 333 1038 390 Christianissimum
1066 336 1354 407 conjugem
1383 345 1624 392 vestrum
1651 351 1871 406 semper
1917 339 2103 408 Angu-
2125 337 2180 396 A
2209 339 2424 408 quando
2445 347 2636 395 contra
2671 341 2960 412 imperium
2986 350 3232 398 vestrum
3271 343 3662 414 perhibebatur
3683 362 3790 402 sen-

520 429 664 476 stum
709 423 942 478 diversis
983 441 1083 494 pro
1132 425 1548 479 necessitatibus
1611 426 1724 480 sive
1763 425 1961 480 missos
1997 425 2111 480 sive

520 510 704 580 apices
734 509 1012 578 mittimus,
1047 527 1112 566 ex
1138 513 1241 567 hoc
1261 512 1374 580 jam
1393 512 1745 567 obsecramus
1779 521 1828 566 et
1856 511 2108 582 petimus,

521 613 618 651 vos
649 606 820 653 estote
849 615 951 669 pro
983 599 1141 654 nobis
1181 599 1396 664 ostium,
1447 599 1634 670 lingua
1665 609 1718 654 et
1745 615 1936 654 manus
1963 616 1974 653 :
2002 599 2113 654 imo

519 692 691 740 totum
721 702 821 756 pro
849 685 1005 740 nebis
1037 687 1172 756 sitis,
1205 687 1546 742 advocatoris
1579 687 1868 760 fungentes
1899 687 2108 751 ofﬁciis,

515 781 567 827 et
596 774 778 828 omnia
809 790 905 842 pro
935 775 1094 828 nobis
1123 775 1180 828 in
1197 775 1450 828 omnibus
1493 774 1676 830 facite.
1737 776 1816 829 Ita
1847 783 1902 828 ut
1952 774 2113 829 amici

521 861 738 930 quidem
769 868 822 916 et
851 860 1040 916 ﬁdeles
1089 862 1346 916 Ecclesiae
1377 863 1534 930 hujus
1563 878 1664 932 per
1695 879 1792 917 vos
1825 862 1968 931 apud
1992 861 2112 932 api-

519 962 638 1001 cem
669 956 910 1002 vestrum
931 949 1129 1012 locum,
1163 950 1305 1020 apud
1337 965 1432 1004 vos
1481 951 1764 1004 inveniant
1795 950 1996 1003 aditum
2064 957 2117 1004 et

519 1033 733 1089 salubre
782 1036 836 1089 in
884 1038 1261 1091 necessatibus
1299 1038 1411 1091 suis
1443 1038 1663 1092 omnino
1711 1037 2012 1092 remedium
2047 1053 2114 1091 :e

528 1130 718 1177 contra
747 1140 896 1193 vero,
929 1125 1132 1179 inimici
1161 1133 1212 1179 et
1235 1123 1478 1180 inﬁdeles
1513 1141 1614 1196 per
1645 1141 1743 1180 vos
1771 1124 2114 1180 confundan-

521 1218 610 1264 tur
629 1219 682 1265 et
711 1211 1066 1266 excludantur
1097 1229 1110 1267 :
1141 1213 1266 1282 quia
1298 1221 1350 1266 et
1381 1229 1480 1267 nos
1509 1229 1608 1283 pro
1646 1213 1798 1268 vobis
1827 1213 1970 1283 apud
1999 1228 2115 1267 om-

519 1314 620 1353 nes
650 1307 702 1354 et
724 1299 776 1354 in
809 1301 1060 1354 omnibus
1090 1300 1310 1365 erimus,
1337 1308 1390 1354 et
1409 1301 1684 1370 praecipue
1727 1301 1868 1370 apud
1910 1299 2114 1355 beatis-

521 1386 690 1442 simos
729 1387 1102 1457 apostolorum
1167 1387 1443 1458 principes
1509 1389 1728 1442 Petrum
1789 1397 1841 1442 et
1886 1387 2113 1442 Paulum

518 1481 793 1528 amatores
823 1481 876 1530 et
905 1481 1240 1544 protectores
1273 1483 1504 1541 vestros,
1537 1475 1608 1528 ita
1647 1483 1704 1529 ut
1733 1483 1960 1545 paterno
2017 1490 2114 1530 vos

521 1560 716 1616 affectu
745 1577 964 1631 semper
992 1561 1178 1616 fovere
1208 1563 1504 1631 studentes,
1538 1571 1590 1617 et
1619 1571 1872 1633 tanquam
1901 1561 2117 1632 spirita-

2215 425 2335 480 tire.
2385 427 2552 498 Ergo,
2604 429 3022 485 clementissime
3067 429 3375 501 imperator,
3419 433 3551 502 quia
3606 434 3676 486 ab
3717 435 3789 489 in-

2215 513 2383 568 fantia
2412 517 2582 571 crevit
2601 517 2882 582 vobiscum
2910 519 3207 584 miseratio,
3243 520 3468 590 recipite
3499 521 3654 575 illum
3691 531 3787 576 tan-

2215 617 2374 672 quam
2416 604 2483 656 ab
2525 604 2647 674 ipsa
2691 606 2836 660 beati
2883 606 3028 660 Petri
3078 607 3310 676 apostoli
3363 609 3584 678 patroni
3649 611 3788 666 vestri

2215 688 2580 756 confessione,
2614 699 2667 746 et
2705 708 2868 762 super
2895 709 2961 748 eo
2989 695 3302 750 mercedem
3339 695 3544 750 habere
3583 705 3786 752 conten-

2215 777 2344 844 dite,
2381 793 2488 832 non
2531 779 2859 848 imputantes
2907 781 2956 836 ei
2995 783 3142 852 quod
3187 781 3519 836 novissimus
3553 785 3786 840 venerit:

2217 864 2343 934 quia
2373 873 2425 919 et
2445 865 2619 920 bonus
2649 867 2739 922 ille
2769 867 3152 937 paterfamilias
3183 871 3465 940 operarios
3507 871 3790 928 undecima

2215 952 2363 1007 horae
2401 969 2562 1022 pares
2603 953 2798 1010 fecisse
2839 955 3160 1011 describitur
3191 957 3276 1010 his
3327 957 3420 1028 qui
3467 959 3636 1012 tertia
3685 960 3791 1015 hora

2215 1055 2415 1114 venere
2446 1041 2665 1110 (Matth.
2701 1047 2804 1110 ιχ).
2847 1044 2954 1098 Sed
2985 1051 3036 1097 et
3077 1059 3176 1098 vos
3221 1060 3333 1098 non
3371 1045 3556 1099 minus
3593 1045 3792 1116 diligitis

2215 1127 2440 1182 militem
2483 1129 2576 1199 qui
2621 1145 2813 1200 promo
2861 1131 3080 1201 quidem
3129 1131 3184 1186 in
3239 1132 3382 1187 bello
3451 1141 3606 1204 terga
3650 1134 3791 1202 dedit,

2215 1223 2406 1284 postea
2447 1216 2667 1270 rediens
2715 1217 2908 1287 premit
2961 1217 3173 1274 fortiter
3209 1221 3442 1288 hostem,
3495 1236 3668 1291 quam
3697 1237 3792 1276 eum

2217 1303 2308 1373 qui
2337 1319 2612 1374 nunquam
2641 1312 2798 1377 terga
2829 1306 2996 1372 dedit,
3041 1315 3094 1360 et
3139 1323 3418 1378 nunquam
3460 1308 3676 1380 aliquid
3711 1309 3796 1365 for-

2215 1390 2341 1444 titer
2370 1391 2558 1462 gessit.
2595 1393 2704 1447 Sed
2735 1393 2865 1464 quid
2895 1393 3059 1448 multa
3078 1395 3106 1447 ?
3141 1411 3268 1450 cum
3295 1411 3422 1451 ecce
3451 1412 3558 1451 nos
3589 1398 3644 1452 ei
3681 1397 3796 1468 apud

2215 1478 2361 1546 pium
2391 1479 2680 1549 imperium
2709 1489 2968 1550 vestrum,
3003 1481 3081 1536 ﬁli
3129 1483 3468 1550 charissime,
3521 1483 3692 1540 ﬁdem
3727 1486 3796 1540 di-

2217 1565 2390 1620 cimus
2417 1567 2564 1622 Ecce
2593 1584 2694 1623 nos
2741 1585 2840 1638 pro
2869 1569 2962 1624 illo
3000 1570 3198 1626 vadem
3246 1569 3528 1626 offerimus
3559 1593 3578 1627 .-
3617 1579 3797 1626 tantnm

523 1648 632 1701 lem
659 1649 822 1702 filiam
855 1648 1160 1704 dilectionis
1201 1658 1403 1705 nostrae
1451 1649 1660 1704 sinibus
1694 1650 2017 1706 collocatam
2063 1649 2116 1704 in
2146 1677 2200 1736 B
2223 1653 2300 1708 sic
2317 1661 2589 1727 agaterga
2605 1672 2728 1710 eum
2749 1657 3173 1712 clementissima
3197 1666 3250 1712 et
3293 1659 3672 1714 seremissima
3697 1660 3796 1730 pie-

523 1736 740 1792 Christo
769 1745 1005 1792 tractare
1024 1752 1090 1792 ac
1111 1745 1298 1808 tegere
1321 1745 1584 1808 perpetuo
1619 1745 1951 1810 satagentes,
1973 1739 2118 1808 apud

525 1839 621 1878 eos
668 1825 1054 1879 commendare
1102 1825 1338 1878 assiduis
1382 1825 1638 1894 precibus
1678 1825 2014 1891 Studeamus,
2072 1833 2124 1879 et

521 1910 689 1966 vestri
733 1912 1058 1967 memoriam
1097 1913 1166 1966 ad
1217 1921 1564 1968 sacrosancta
1599 1929 1826 1984 corpora
1875 1913 2124 1984 ipsorum

525 2014 744 2068 semper
773 1999 1046 2070 deponere
1073 2008 1410 2072 satagamus.
1442 2001 1710 2056 Laetamus
1739 2009 1916 2056 autem
1947 2009 2000 2056 et
2029 2003 2122 2070 jo-

525 2086 830 2142 cundamur
862 2087 918 2140 in
947 2087 1199 2154 Domino,
1232 2089 1359 2160 quia
1393 2089 1606 2144 beatam
1655 2105 1752 2145 vos
1798 2097 1850 2144 et
1904 2089 2122 2144 felicem

527 2174 708 2229 dicent
745 2190 936 2230 omnes
981 2177 1362 2248 generationes
1397 2177 1560 2248 ;quia
1623 2176 1713 2246 pio
1753 2177 2122 2232 committente

529 2263 761 2334 conjuge
789 2271 897 2316 tam
945 2263 1284 2318 salutiferum
1325 2263 1688 2318 ministerium
1731 2265 2118 2334 assumpsistis,

530 2366 631 2420 per
660 2349 804 2420 quod
859 2350 1067 2406 scilicet
1113 2359 1166 2406 et
1231 2351 1286 2406 in
1331 2351 1589 2422 presenti
1657 2352 1857 2407 saeculo
1919 2367 2122 2407 nomen

529 2439 756 2504 bonum,
797 2438 944 2508 quod
1013 2446 1095 2494 est
1139 2455 1304 2510 super
1354 2439 1570 2494 divitias
1621 2440 1839 2508 multas,
1909 2447 1961 2495 et
2019 2455 2125 2496 co:-

526 2525 663 2580 leste
722 2525 1017 2596 acquiretis
1073 2525 1213 2581 inter
1268 2527 1494 2600 angelos
1565 2535 1618 2582 et
1663 2543 1772 2582 non
1827 2526 2122 2582 ﬁniendum

523 2612 834 2683 imperium.
889 2613 1024 2667 Data
1091 2628 1189 2667 xvr
1250 2615 1522 2670 Kalendas
1597 2615 1913 2670 Decembris
1985 2614 2124 2669 indi-

526 2701 720 2758 ctione.
755 2716 816 2756 x.

1215 2791 1406 2845 XLVI.

803 2894 878 2934 AD
901 2893 1156 2934 CAROLUM
1183 2893 1404 2933 CALVUM
1433 2892 1843 2934 IMPERATOREH.

1148 2969 1328 3036 (Anno
1351 2965 1499 3035 8’76.)

603 3055 968 3110 Commendat
989 3054 1303 3126 Wigbodum
1322 3056 1689 3109 Parmensem
1709 3054 2046 3126 episcopum.

594 3151 847 3205 JOANNr-zs
875 3150 1164 3220 episcopus
1191 3151 1414 3206 Canono
1453 3149 1784 3220 imperatori.

599 3237 740 3307 Quia
766 3238 1184 3294 desiderandam
1215 3239 1392 3304 nobis,
1425 3246 1479 3292 et
1523 3237 1646 3292 totis
1677 3238 1951 3294 viscerum
1991 3237 2121 3302 bra-

524 3325 660 3382 chiis
688 3326 1122 3398 amplectendam
1153 3326 1501 3382 dilectionem
1546 3334 1778 3381 vestram
1817 3326 1950 3380 nihil
1981 3326 2121 3396 pati-

525 3431 649 3470 mur
691 3416 946 3488 ignorare
1016 3431 1201 3470 eorum
1243 3429 1406 3486 quam
1460 3413 1692 3468 maxime
1737 3430 1856 3485 quae
1903 3414 1972 3468 ad
2020 3428 2122 3469 cu—

525 3503 735 3558 mulum
769 3503 954 3574 gloriaa
972 3503 1166 3558 «vestri
1217 3509 1516 3558 noscuntur
1551 3501 1803 3557 culminis
1823 3501 2118 3571 pertinere,

529 3606 714 3660 opera:
761 3591 996 3661 pretium
1061 3590 1314 3646 duximus
1374 3589 1718 3645 innotescere
1781 3589 2122 3662 Wigbodum

523 3679 896 3734 venerabilem
917 3679 1179 3734 Ecclesia
1211 3678 1521 3732 Parmensis
1552 3677 1846 3732 antistitem
1900 3685 2124 3748 aposto-

524 3765 696 3822 lorum
740 3766 943 3821 adiisse
989 3767 1154 3822 limen
1196 3774 1249 3820 et
1290 3767 1498 3831 sedem,
1537 3773 1646 3820 tam
1690 3765 1947 3820 orationis
1995 3773 2122 3821 voto

527 3871 686 3925 quam
713 3854 1054 3909 invenienda:
1085 3869 1182 3922 per
1209 3869 1310 3906 nos
1340 3861 1534 3908 vestrae
1563 3853 1749 3924 gloria:
1796 3852 2069 3907 desiderio
2104 3872 2117 3918 ;

526 3943 678 4009 cujus
717 3941 916 3995 mentis
963 3955 1168 3996 arcana
1230 3939 1479 3994 subtilius
1539 3939 1946 4012 investigantes,
2021 3955 2120 3994 nos

525 4029 686 4098 plane
713 4028 936 4082 minime
963 4028 1188 4082 latuisse
1215 4027 1448 4082 fatemur
1469 4027 1612 4097 quod
1643 4035 1692 4082 et
1719 4043 1864 4083 nunc
1887 4027 2119 4082 sincerae

529 4113 656 4169 ﬁdei
685 4131 820 4188 erga
838 4116 988 4186 pium
1018 4116 1308 4186 imperium
1337 4123 1579 4170 vestrum
1627 4115 1888 4170 habendae
1927 4123 2118 4170 tenea-

529 4210 615 4257 tur
635 4202 831 4258 aﬂ'ectu
865 4223 879 4269 ;
913 4211 966 4258 et
1011 4204 1114 4258 hoc
1155 4203 1272 4272 jam
1301 4203 1430 4258 olim
1479 4203 1668 4273 procul
1715 4203 1880 4258 dubio
1937 4219 2118 4258 rerum

530 4289 814 4347 effectibus
841 4292 1285 4357 demonstrasset,
1309 4291 1413 4346 nisi
1465 4291 1568 4346 sibi
1597 4299 1742 4346 esset
1769 4308 1798 4345 a
1845 4291 1947 4362 pia:
1993 4307 2112 4346 me-

2223 1751 2306 1796 tas
2336 1749 2540 1807 vestra,
2574 1749 2632 1796 ut
2662 1743 2752 1796 alii
2785 1745 2884 1798 sub
2935 1752 3157 1816 tegmen
3187 1745 3555 1802 miserationis
3601 1757 3796 1814 vestrae,

2223 1829 2326 1884 hoc
2374 1837 2676 1900 comperto,
2719 1831 2953 1886 alacrius
2983 1832 3276 1898 confluant,
3309 1841 3362 1887 et
3390 1851 3493 1904 per
3539 1835 3798 1890 interven-

2221 1916 2419 1972 tionem
2475 1925 2722 1972 nostram
2771 1920 2924 1989 quasi
2969 1936 3071 1990 per
3119 1920 3452 1976 immobilem
3495 1930 3718 1991 pontem
3743 1923 3800 1976 ad

2221 2020 2318 2060 vos
2377 2005 2623 2060 certatim
2674 2007 2960 2061 transitum
3015 2007 3234 2064 faciant.
3285 2009 3568 2078 Siquidem
3629 2009 3716 2065 hic
3755 2010 3800 2064 in

2221 2092 2440 2164 signum
2487 2101 2570 2148 est
2615 2093 2684 2148 ad
2731 2095 3030 2165 apostolica
3059 2103 3198 2150 tecta
3239 2096 3518 2166 quoddam
3561 2097 3796 2168 positus;

2220 2188 2444 2234 cunctos
2489 2181 2556 2234 ad
2587 2197 2684 2236 vos
2715 2182 3022 2253 terrigenas
3053 2191 3144 2237 aut
3172 2184 3312 2238 bene
3343 2184 3646 2254 dispositus
3679 2185 3798 2240 invi-

2221 2267 2375 2333 tabit,
2406 2275 2498 2322 aut
2525 2285 2557 2322 a
2585 2269 2741 2324 vobis
2762 2270 2906 2325 male
2939 2278 3204 2326 tractatus
3233 2271 3470 2326 terrebit.
3509 2271 3658 2327 Nam
3709 2272 3798 2328 dif-

2220 2343 2360 2401 ﬁcile
2391 2363 2513 2403 esse
2553 2349 2823 2404 credimus
2871 2350 3014 2420 apud
3068 2349 3324 2420 pietatem
3369 2359 3614 2405 vestram
3636 2368 3801 2422 quem-

2223 2459 2384 2516 quam
2405 2461 2503 2515 per
2532 2445 2668 2500 alios
2698 2446 2962 2511 obtinere,
2999 2447 3148 2517 quod
3187 2463 3286 2517 per
3341 2447 3562 2502 Petrum
3607 2456 3660 2503 et
3689 2449 3800 2502 Pau-

2219 2532 2333 2586 lum
2381 2533 2752 2603 apostolorum
2799 2534 3009 2590 eximos
3061 2549 3172 2589 non
3227 2535 3428 2605 poterit
3507 2535 3801 2608 impetrare.

2224 2621 2362 2676 Data
2391 2625 2456 2675 at
2485 2637 2678 2692 supra.

2907 2728 3122 2784 XLVII.

2327 2829 2401 2868 AD
2429 2829 2786 2870 ADALGARIUM
2815 2830 3124 2870 EPISCOPUM
3155 2830 3732 2872 AUGUSTODUNENSEI.

2843 2907 3024 2973 (Anno
3055 2906 3204 2974 876.)

2141 3023 2192 3086 C
2229 2995 2430 3052 Villam
2455 2992 2804 3076 Tilionacum
2823 2994 2915 3048 illi
2922 2992 3348 3086 festitfteJndam
3367 2993 3644 3086 decerpit,
3659 2997 3803 3086 arefa-

2293 3079 2494 3136 rasque
2507 3065 2881 3135 possessiones
2903 3063 3427 3134 Augustodunemis
3451 3063 3598 3118 sedis
3619 3064 3804 3132 conﬁr—

2291 3137 2433 3190 mat.

2289 3240 2543 3294 JOANNES
2570 3238 2879 3308 episcopus,
2905 3251 3102 3292 servus
3121 3253 3412 3292 servorum
3433 3237 3556 3304 Dei,
3575 3252 3803 3293 reveren-

2219 3327 2430 3382 tissimo
2479 3335 2533 3382 et
2578 3325 2924 3381 sanctissimo
2973 3329 3298 3380 ADALGARIO
3321 3335 3526 3381 sanctae
3541 3329 3804 3397 Augusto-

2221 3415 2480 3471 dunensis
2509 3413 2773 3470 Ecclesiae
2802 3414 3062 3486 episcopo
3092 3428 3158 3470 ac
3185 3430 3287 3485 per
3317 3421 3369 3469 te
3401 3413 3460 3469 in
3490 3413 3682 3470 eadem
3720 3415 3806 3468 Ec-

2222 3503 2390 3559 clesia
2409 3503 2464 3556 in
2496 3510 2839 3573 perpetuum.

2291 3590 2500 3646 Divinas
2529 3589 2914 3661 praeceptionis
2962 3597 3186 3644 monent
3224 3597 3453 3646 cunctos
3505 3589 3714 3662 eloquia
3755 3596 3804 3643 ut

2221 3678 2434 3748 quoties
2447 3694 2536 3732 res
2547 3677 2726 3753 aliena
2742 3685 2924 3733 contra
2953 3677 3182 3732 rationis
3203 3677 3453 3732 ordinem
3482 3693 3516 3733 a
3549 3693 3804 3750 quoquam

2220 3766 2505 3831 detinetur,
2539 3765 2794 3837 aequitate
2823 3765 3018 3820 debeat
3047 3765 3362 3820 imminente
3392 3767 3627 3822 restitui.
3671 3767 3802 3821 Con-

2220 3861 2323 3908 stat
2352 3853 2620 3924 siquidem
2649 3853 2833 3908 villam
2863 3853 3110 3924 quaedam
3138 3853 3478 3908 Tilionacum
3525 3853 3804 3924 proprieta-

2219 3941 2288 3994 tis
2311 3941 2436 4009 jure
2465 3941 2640 3996 sancti
2668 3940 2836 3996 fuisse
2877 3942 3153 4012 quondam
3195 3941 3526 4013 Leodegarii
3559 3945 3806 4012 Augusto-

2220 4027 2478 4083 dunensis
2507 4028 2768 4099 episcOpi,
2804 4036 2858 4082 et
2885 4028 2954 4082 ab
2983 4044 3049 4084 eo
3081 4035 3268 4084 sancto
3285 4027 3546 4084 collatam
3567 4027 3800 4090 Nazario,

2219 4117 2371 4184 cujus
2401 4115 2669 4171 vocabulo
2691 4116 2809 4186 ipse
2835 4117 3134 4171 honoratur
3152 4115 3525 4187 episcopatus.
3551 4117 3673 4171 Post
3688 4129 3804 4172 vero

2219 4218 2344 4259 cum
2373 4220 2406 4259 a
2433 4203 2618 4275 pravis
2655 4203 2968 4260 hominibus
3015 4203 3180 4274 longo
3227 4212 3474 4275 tempore
3520 4205 3701 4260 fuisset
3729 4217 3807 4256 re-

2222 4301 2372 4349 tenta
2398 4300 2452 4347 et
2482 4292 2640 4362 quasi
2667 4292 2722 4345 in
2746 4291 3132 4362 prOprietatem
3171 4307 3360 4347 eorum
3401 4293 3640 4360 redacta,
3671 4289 3804 4346 dile-

527 4380 715 4436 morize
757 4380 941 4450 priore
981 4380 1228 4450 principe
1269 4394 1434 4436 causa
1477 4380 1600 4434 talis
1647 4381 1904 4448 injuncta,
1956 4395 2120 4450 quam
2145 4369 2199 4429 D
2222 4388 2340 4436 ctus
2361 4379 2502 4434 ﬁlius
2531 4387 2716 4435 noster
2745 4379 2972 4434 Carolus
3015 4379 3472 4434 clementissimus
3505 4379 3800 4452 imperator,

529 4468 646 4524 sine
676 4469 758 4524 sui
789 4469 1100 4524 discremini
1128 4469 1530 4540 ﬂoccipendere
1575 4468 1930 4540 nequivisset.
1967 4468 2120 4522 Unde

529 4571 810 4629 rOgamus,
875 4557 1000 4612 data
1047 4557 1228 4622 venia,
1267 4557 1524 4627 suscipite
1570 4573 1714 4612 nunc
1743 4556 1895 4610 illum
1915 4563 1973 4610 ut
2000 4571 2122 4609 mea

529 4644 762 4712 viscera,
797 4645 924 4716 quia
953 4653 1006 4700 et
1036 4644 1082 4698 si
1113 4644 1253 4700 forte
1275 4645 1546 4715 quondam
1564 4644 1719 4700 vobis
1750 4652 1866 4698 erat
1895 4643 2118 4711 inutilis,

529 4749 672 4788 nunc
731 4741 908 4788 autem
947 4733 1102 4788 vobis
1149 4741 1202 4787 et
1249 4732 1409 4787 nobis
1451 4732 1599 4786 utilis
1633 4750 1646 4786 :
1680 4731 1926 4802 quamvis
1978 4730 2120 4785 forte

529 4837 638 4876 non
678 4821 744 4874 sit
773 4821 1036 4877 dicendus
1071 4819 1294 4886 inutilis,
1328 4819 1420 4891 qui
1449 4819 1612 4874 ﬁdem
1643 4827 1768 4874 ante
1801 4818 2126 4889 promissam

533 4908 866 4974 custodiens,
910 4909 1085 4964 simile
1142 4909 1289 4965 circa
1339 4925 1436 4964 vos
1477 4907 1762 4962 servandas
1810 4905 1938 4960 ﬁdei
1981 4906 2130 4960 dedit

527 4995 808 5064 indicium,
845 4997 1150 5066 praesertim
1197 5011 1319 5052 cum
1369 5011 1596 5066 sperans
1651 4995 1710 5048 in
1743 4994 1975 5049 Domino
2019 5009 2128 5049 non

527 5084 842 5156 perdiderit,
875 5083 922 5138 si
947 5085 1254 5150 mutaverit,
1303 5083 1693 5146 fortitudinem,
1747 5082 1874 5136 dum
1922 5081 2130 5138 scilicet

529 5171 688 5229 nobis
727 5173 870 5228 hunc
915 5171 1351 5238 informantibus,
1403 5171 1449 5226 si
1497 5171 1748 5242 quopiam
1793 5177 1982 5224 contra
2031 5185 2129 5223 vos

529 5277 660 5316 usus
687 5268 786 5326 est,
819 5275 917 5331 pro
949 5260 1102 5316 vobis
1131 5268 1404 5330 proponat
1427 5260 1542 5327 jam
1571 5258 1696 5312 totis
1729 5257 1936 5312 viribus
1971 5271 2130 5312 exer-

527 5363 671 5404 cere.
704 5348 860 5404 Unde
889 5365 996 5404 non
1029 5347 1338 5403 dubitamus
1388 5347 1542 5401 illum
1591 5362 1652 5402 se
1692 5345 1974 5401 fortiorem
1999 5359 2129 5415 erga

529 5434 656 5489 ﬁdei
685 5445 878 5492 vestrae
911 5436 1270 5492 constantiam
1317 5435 1700 5502 exhibendum,
1736 5449 1900 5509 quam
1944 5431 2127 5501 fuerit,

2224 4485 2387 4539 super
2406 4469 2510 4524 hoc
2541 4467 2742 4522 subtilli
2773 4467 3171 4522 examinatione
3195 4467 3396 4530 habita,
3433 4481 3560 4522 cum
3589 4482 3699 4522 eam
3741 4463 3806 4519 ad

2225 4557 2340 4626 ejus
2383 4555 2646 4611 Ecclesiae
2683 4555 3192 4625 Augustodunensis
3219 4553 3546 4624 pertinuisse
3583 4553 3806 4624 legitime

2226 4645 2593 4716 cognovisset,
2634 4650 2686 4698 et
2715 4658 3028 4713 possessam
3093 4643 3268 4712 primo
3311 4642 3379 4697 ab
3407 4657 3497 4709 ea,
3549 4651 3600 4697 et
3629 4647 3808 4712 postea

2226 4747 2514 4802 pervasam
2548 4747 2578 4784 a
2619 4731 2871 4786 violentis
2907 4730 3217 4785 hominibus
3273 4729 3482 4801 liquido
3521 4729 3800 4790 didicisset,

2227 4821 2369 4874 hanc
2397 4825 2674 4889 praecepto
2705 4834 2818 4873 sua:
2841 4817 3180 4874 auctoritatis
3209 4817 3313 4888 ipsi
3347 4818 3622 4888 episcopio
3639 4814 3802 4870 reddi-

2227 4907 2303 4962 dit
2325 4915 2375 4962 et
2413 4907 2479 4960 ab
2512 4906 2682 4976 ipsius
2711 4905 2972 4961 Ecclesiae
3005 4906 3095 4973 jus
3144 4905 3440 4974 revocavit,
3503 4905 3586 4960 cui
3629 4902 3804 4958 scilice

2227 4991 2368 5045 hanc
2397 4989 2647 5059 superius
2675 4989 2987 5042 nominatus
3018 4995 3238 5043 sanctus
3287 4988 3644 5058 Leodegarius
3687 4983 3806 5040 olim

2229 5077 2544 5133 contulerat.
2579 5077 2647 5131 Et
2667 5075 2810 5142 ideo,
2844 5075 2970 5146 quia
2991 5075 3282 5145 postulavit
3308 5091 3339 5128 a
3379 5075 3537 5130 nobis
3565 5072 3804 5128 sanctitas

2229 5173 2322 5220 tua
2343 5173 2395 5220 ut
2419 5165 2533 5232 jam
2575 5171 2924 5218 memoratam
2963 5161 3150 5216 villam
3195 5162 3494 5217 secundum
3539 5157 3804 5230 imperiale

2229 5259 2561 5324 praeceptum
2609 5251 2920 5322 apostolicae
2967 5250 3295 5305 auctoritatis
3363 5249 3668 5304 liberalitate
3719 5252 3806 5300 aut

2229 5340 2517 5410 privilegio
2548 5338 3029 5410 Augustodunensi
3057 5337 3320 5392 Ecclesiae
3352 5335 3804 5397 conﬁrmaremus,

2231 5427 2468 5484 inclinati
2495 5428 2749 5500 precibus
2779 5426 2903 5493 tuis,
2937 5441 3183 5496 supernae
3215 5424 3427 5496 pietatis
3479 5421 3641 5496 gratia
3693 5419 3807 5474 suf-
