4020 6178
242 261 348 316 ’101

1460 250 1816 311 EPISTOLE
1871 252 1962 309 ET
2016 253 2364 313 DECRETA.

3451 261 3559 317 "[02

252 380 533 454 fragante,
582 379 857 452 pradicta
912 378 1195 445 Ecclesia,
1253 379 1342 435 cui
1395 378 1710 434 fraternitas
1765 385 1857 433 tua
1886 377 1940 440 A
1963 378 2270 435 valeamus;
2295 381 2348 434 Is
2375 396 2506 437 vero
2535 380 2627 452 qui
2660 381 2843 438 valida
2889 380 3205 439 infirmitate
3264 382 3352 439 vel
3397 398 3562 438 sene—

263 485 511 541 praesse
537 468 898 539 dignoscitur,
931 484 1077 539 sape
1104 475 1461 523 memoratam
1488 466 1693 533 villam,
1726 466 1866 522 sicut

253 556 555 629 antiquitus
597 555 716 625 fuit,
768 556 953 611 denuo
1010 554 1417 620 conﬁrmamus,
1464 562 1524 609 ut
1570 554 1674 610 hoc
1719 554 1865 625 quod

247 660 410 700 suum
441 643 636 709 fuerat,
689 651 742 699 et
800 644 1069 698 redditum
1116 658 1261 699 nunc
1308 642 1611 713 possident,
1669 642 1867 698 debeat

245 732 367 787 sine
398 731 742 786 cunctatione
770 730 1049 801 perpetuis
1084 729 1418 800 temporibus
1446 730 1732 801 possidere
1774 727 1861 785 vel

251 819 560 884 adharere,
594 819 757 887 hujus
784 818 1065 890 privilegii
1113 818 1433 873 auctoritate
1481 816 1865 873 continuantes

251 906 589 963 antedictam
619 905 805 961 villam
834 905 892 960 in
921 905 1148 976 prafato
1177 905 1458 976 episcopio
1484 906 1865 961 constituimus

254 994 403 1065 quod
432 994 489 1048 in
516 993 759 1063 ejusdem
787 993 1052 1064 episcopii
1080 993 1351 1061 Ecclesia,
1402 994 1472 1048 de
1523 1009 1626 1064 qua
1683 994 1865 1049 ablata

248 1080 451 1148 fuerat,
485 1096 633 1136 nunc
662 1080 880 1137 reddita
906 1081 964 1135 in
988 1081 1163 1151 ipsius
1192 1081 1416 1136 domino
1446 1081 1564 1136 sine
1582 1081 1865 1154 ambigui-

249 1176 358 1225 tate
387 1175 727 1239 permaneat.
759 1168 883 1223 Non
929 1167 1107 1224 solum
1166 1175 1352 1223 autem
1408 1168 1603 1224 crebro
1659 1168 1861 1224 dictam

246 1256 458 1322 villam,
493 1256 593 1311 sed
621 1263 675 1310 et
731 1270 922 1311 omnes
979 1270 1103 1327 qua
1164 1256 1412 1325 ejusdem
1458 1255 1722 1312 Ecclesia
1773 1257 1860 1312 vel

249 1344 420 1399 modo
453 1350 581 1399 sunt
609 1341 697 1398 vel
723 1342 921 1398 futura
949 1342 1271 1411 consistunt,
1295 1342 1351 1397 in
1368 1343 1564 1398 eodem
1583 1343 1863 1413 episcopio

250 1430 645 1488 conﬁrmamus
693 1430 994 1495 habendas,
1046 1436 1345 1486 statuentes
1381 1428 1681 1502 pontiﬁcali
1727 1446 1864 1487 cen-

254 1534 409 1585 sura,
436 1519 540 1573 sub
559 1517 942 1573 interdictione
971 1518 1332 1573 anathematis
1348 1516 1621 1589 futurique
1652 1518 1863 1588 judicii,

250 1606 393 1662 nulli
422 1605 592 1661 licere
615 1606 733 1661 hac
762 1620 885 1677 qua
930 1621 961 1659 a
1001 1605 1160 1661 nobis
1198 1614 1309 1660 tam
1359 1620 1523 1676 super
1563 1606 1678 1675 jam
1718 1605 1864 1661 dicta

249 1694 384 1750 villa
406 1708 577 1784 quam
596 1708 764 1784 super
782 1693 1035 1784 omnibus
1050 1693 1218 1748 rebus
1237 1693 1308 1747 ab
1326 1693 1574 1784 eamdem
1593 1693 1683 1749 vel
1702 1693 1854 1784 habi-
1882 1724 1937 1784 B

248 1783 320 1838 tis
349 1782 442 1838 vel
472 1780 748 1836 habendis
763 1781 1112 1852 promulgata
1141 1788 1285 1846 sunt,
1330 1780 1515 1852 aliqua
1555 1780 1853 1836 temeritate

252 1868 467 1925 violare
498 1868 586 1924 vel
613 1868 940 1924 conturbare
961 1875 1052 1923 aut
1080 1874 1362 1938 repetere;
1393 1868 1491 1923 sed
1521 1868 1703 1938 potius
1749 1876 1857 1923 sta-

252 1957 464 2012 bilitate
494 1955 724 2026 perenni
750 1955 1070 2011 inconvulsa
1097 1970 1419 2026 permanere
1448 1955 1503 2010 in
1526 1955 1723 2011 eodem
1764 1956 1856 2027 pio

244 2043 371 2101 loco
401 2043 775 2100 decernimus.
813 2042 973 2112 Quod
1003 2043 1050 2098 si
1080 2042 1201 2114 quis
1230 2050 1433 2109 autem,
1489 2059 1721 2115 magnus
1769 2044 1857 2100 vel

248 2147 477 2203 parvus,
510 2130 778 2186 adversus
798 2130 902 2186 hoc
928 2130 1272 2201 privilegium
1292 2131 1613 2186 auctoritate
1643 2139 1857 2202 aposto-

248 2220 371 2275 lica
402 2219 555 2275 sedis
577 2219 847 2273 munitum
866 2234 1035 2289 agere
1055 2217 1364 2285 tentaverit,
1393 2219 1528 2275 sciat
1548 2234 1608 2274 se
1629 2219 1855 2290 perenni

242 2307 456 2377 judicio
488 2306 965 2362 condemnandum
996 2314 1050 2361 et
1075 2306 1191 2378 igni
1220 2306 1313 2378 qui
1340 2322 1451 2361 non
1494 2306 1857 2379 exstinguitur

244 2394 695 2465 mancipandam.
729 2392 836 2462 Qui
864 2408 997 2449 vero
1024 2401 1211 2449 custos
1240 2402 1294 2448 et
1322 2401 1678 2449 conservator
1733 2396 1851 2463 ejus

251 2481 545 2548 exstiterit,
578 2481 798 2537 aternis
843 2480 1061 2554 gaudiis
1113 2480 1443 2552 perfruatur,
1502 2489 1557 2538 et
1610 2482 1851 2553 pramiis

251 2585 383 2626 cum
414 2568 626 2642 angelis
654 2568 712 2623 in
749 2568 1060 2624 calestibus
1110 2569 1365 2639 potiatur.
1425 2569 1695 2640 Scriptum
1748 2586 1851 2641 per

248 2672 450 2712 manus
477 2655 733 2729 Gregorii
760 2655 959 2712 notorii
986 2655 1286 2728 regionarii
1312 2663 1367 2712 et
1408 2656 1674 2713 scriniarii
1720 2672 1850 2713 san-

245 2751 351 2800 cta
361 2745 628 2800 Romana
643 2743 974 2800 Ecclesiain
992 2759 1181 2801 mense
1198 2744 1546 2815 Novembris,
1559 2744 1854 2803 indictione

243 2832 485 2889 decima.
517 2832 663 2887 Bene
704 2831 897 2889 valete.
959 2863 962 2866 ~

930 2929 1026 2985 XL
1045 2929 1187 2986 VIII.

569 3030 644 3071 AD
671 3030 859 3073 σιειηι
886 3031 1075 3073 υυοει
1102 3031 1483 3074 νκΝΒτιΑιιωι.

855 3105 1038 3176 (Anno
1093 3106 1244 3176 876.)

246 3193 483 3250 Gratias
499 3193 621 3267 agit
637 3192 781 3265 quod
798 3195 1118 3267 apostolica
1138 3194 1290 3249 sedis
1308 3194 1545 3267 monitis
1587 3197 1852 3267 paruerit

547 3263 798 3335 piscopos
813 3263 886 3320 (id
904 3263 1181 3336 synodum
1207 3266 1401 3320 venire
1417 3263 1598 3336 jubet;

312 3370 579 3424 lamas
604 3367 850 3441 glorioso
878 3368 1003 3424 duci
1046 3368 1416 3426 Venetiarum.

312 3456 542 3512 Gratias
570 3456 764 3527 gloria
791 3464 898 3512 tua
924 3471 1027 3529 pro
1042 3456 1284 3530 benigna
1312 3458 1601 3515 devotione
1628 3465 1718 3513 tua
1760 3474 1850 3514 re-

233 3544 494 3611 ferimus,
524 3559 694 3617 quam
721 3559 832 3601 non
860 3544 1037 3601 solum
1087 3545 1291 3615 verbis,
1352 3547 1449 3603 sed
1493 3555 1546 3602 et
1596 3546 1851 3618 operibus

233 3650 380 3708 erga
409 3649 514 3688 nos
543 3632 787 3689 studiose
814 3633 1080 3701 declaras,
1112 3641 1167 3689 et
1196 3633 1515 3707 frequenter
1543 3635 1788 3691 ostendis
1831 3653 1846 3690 :

234 3730 290 3777 et
318 3722 456 3777 ideo
485 3736 588 3777 nos
616 3729 845 3792 paterno
874 3721 1020 3779 circa
1047 3730 1099 3777 te
1127 3722 1434 3780 detinemur
1461 3723 1695 3790 aﬂ‘ectu;
1727 3722 1849 3778 etin

231 3810 322 3864 his
353 3826 486 3882 qua
512 3809 585 3864 ad
610 3817 761 3865 tuam
789 3817 1109 3882 tuorumque
1137 3812 1410 3882 pertinere
1463 3825 1529 3868 ac
1583 3810 1849 3882 prodesse

229 3897 537 3953 utilitatem
563 3897 967 3970 cognoscimus,
999 3899 1239 3970 prompti
1269 3907 1325 3955 et
1352 3899 1579 3970 benigni
1633 3913 1851 3969 semper

232 4000 367 4042 esse
401 3984 737 4050 curabimus,
770 3985 846 4040 ita
886 3994 946 4040 ut
989 3986 1189 4043 divinis
1235 3987 1527 4058 praceptis
1567 3986 1850 4057 sacrisque

229 4073 554 4130 canonibus
583 4073 850 4144 impedire
876 4074 1228 4130 intentionem
1253 4082 1307 4130 et
1364 4075 1700 4131 sanctionem
1744 4089 1849 4130 no-

227 4170 414 4216 stram
442 4175 722 4232 nunquam
750 4162 1101 4228 consentias;
1133 4163 1231 4218 sed
1261 4177 1387 4219 cum
1427 4163 1523 4218 tibi
1566 4163 1636 4219 de
1682 4162 1851 4218 rebus

226 4246 636 4306 ecclesiasticis
665 4249 962 4321 quidquam
1015 4249 1366 4323 injnngimns,
1428 4251 1569 4307 sicut
1622 4250 1851 4307 devotus

226 4336 385 4393 ﬁlius
411 4352 524 4392 nos
552 4336 835 4403 obau'dias,
868 4345 920 4392 et
950 4337 1253 4409 adimplere
1276 4354 1400 4410 qua
1427 4339 1713 4411 dirigimus
1734 4338 1849 4394 ala-

1883 3068 1934 3132 C

1969 473 2114 523 ctute
2143 476 2423 538 gravatur,
2457 469 2505 523 si
2535 468 2648 524 nllo
2679 470 2844 526 modo
2864 471 3054 527 venire
3073 486 3183 526 non
3202 478 3404 542 potest,
3421 470 3564 526 vica-

1967 554 2105 610 rium
2136 570 2239 626 pro
2268 572 2328 611 se
2357 564 2637 612 strenuum
2670 557 2864 613 mittat.
2899 558 2996 613 Ille
3025 575 3159 615 vero
3177 558 3272 630 qui
3306 558 3567 613 Constan-

1969 641 2252 713 tinopolim
2279 644 2360 699 ire
2389 644 2645 710 refertur,
2681 644 2728 699 si
2772 645 3011 700 nondum
3060 646 3214 712 abiit,
3260 660 3364 701 nec
3410 645 3563 700 abire

1965 729 2046 785 cis
2076 730 2432 786 Februarium
2462 748 2708 788 mensem
2739 740 3006 803 speratur,
3040 734 3109 788 ab
3138 734 3239 789 hac
3283 733 3564 789 communi

1917 841 1921 845 ν
1965 816 2193 872 utilitate
2222 818 2372 874 nullo
2402 820 2566 875 modo
2595 836 2656 876 se
2685 820 3003 886 subtrahat;
3036 820 3135 876 sed
3182 820 3412 876 veniens
3458 835 3561 875 ve-

1963 904 2094 971 niat,
2125 912 2183 960 ut
2210 907 2359 961 omni
2387 907 2561 979 litigio
2588 908 2899 973 terminato,
2930 908 2986 962 in
3014 907 3263 964 Ecclesia
3306 908 3409 963 Dei
3451 923 3562 964 non

1963 992 2069 1046 nisi
2099 1008 2205 1064 pax
2253 1002 2306 1049 et
2353 995 2712 1067 tranquillitas
2755 1003 3075 1066 perseveret
3129 995 3392 1066 Optamus
3433 995 3562 1066 glo-

1963 1080 2100 1134 riam
2130 1089 2277 1135 tuam
2306 1097 2525 1152 semper
2555 1083 2695 1138 bene
2724 1084 2929 1149 valere,
2964 1084 3100 1139 Data
3131 1098 3229 1138 VIII
3282 1082 3560 1140 Kalendas

1965 1167 2303 1236 Decembris,
2334 1169 2629 1225 indictione
2658 1170 2891 1226 decima.

2715 1271 2861 1326 LIX.

2715 1271 2779 1324 LI
2846 1312 2861 1326 .

2245 1352 2320 1393 Αι)
2348 1353 2588 1395 raucam
2618 1270 2933 1397 grai-{nun
2952 1356 3267 1399 srrscoros.

2565 1423 2748 1495 (Anno
2793 1425 2941 1494 8'76.)

1963 1509 2137 1565 Felici
2157 1511 2215 1565 et
2234 1511 2402 1567 Petro
2437 1513 2618 1567 sacris
2664 1513 2961 1568 interdicit
2982 1513 3045 1569 ob
3086 1529 3203 1570 non
3242 1514 3563 1571 exhibitum

2039 1580 2353 1636 Grandensi
2375 1582 2793 1657 archiepiscOpo
2830 1583 3152 1657 obsequium
3184 1601 3210 1657 ;Δ
3235 1600 3438 1657 εοειμιᾳ
3463 1587 3565 1641 sub

2037 1651 2831 1734 excommanicationispfiena
2869 1651 3102 1734 Romam
3138 1654 3222 1734 ad_
3257 1651 3565 1734 concilium

2034 1720 2245 1844 ρὲἴὶῖε,
2282 1723 2340 1776 et
2373 1721 2426 1775 si
2458 1720 2719 1792 impediti
2754 1724 2999 1793 fuerint,
3037 1725 3282 1780 vicario:
3333 1726 3566 1782 mittere

2034 1807 2050 1844 1
2126 1805 2156 1844 e
2188 1831 2201 1844 .

2021 1805 2201 1860 μορε.

2020 1877 2278 1932 Joannes
2308 1877 2495 1933 FBLICI
2525 1885 2580 1933 et
2637 1879 2824 1935 Psrao
2883 1879 3159 1952 episcopis
3220 1882 3564 1939 Mandanau-

1954 1963 2106 2020 censi
2134 1971 2188 2019 et
2217 1964 2519 2035 Equilensi.

2024 2050 2201 2120 Quam
2228 2051 2433 2125 ingrati
2462 2061 2517 2109 et
2546 2040 2826 2109 inhumani
2856 2053 3073 2110 fueritis
3102 2071 3237 2129 erga
3292 2072 3561 2114 reveren-

1954 2139 2084 2194 dum
2111 2137 2332 2195 fratrem
2360 2148 2609 2195 nostrum
2666 2143 2887 2197 Petrum
2943 2143 3209 2200 Ecclesia
3264 2144 3563 2201 Gradensis

1953 2226 2267 2293 antistitem,
2301 2227 2359 2283 in
2387 2229 2491 2284 hoc
2519 2230 2763 2285 maxime
2792 2230 2954 2286 datur
2982 2230 3233 2305 intelligi,
3264 2232 3320 2287 in
3341 2248 3450 2304 quo
3471 2232 3563 2289 ille

1954 2329 2056 2385 pro
2084 2314 2300 2385 legibus
2356 2317 2600 2386 paternis
2655 2317 2953 2374 incolatum
3010 2319 3299 2391 arripiens,
3357 2320 3564 2376 nullum

1953 2409 2197 2458 vestrum
2226 2403 2484 2459 comitem
2514 2420 2628 2460 sua
2667 2406 3128 2479 peregrinationis
3173 2408 3379 2464 habere
3433 2423 3561 2479 pro-

1953 2490 2191 2558 meruit;
2220 2491 2524 2563 prasertim
2560 2508 2683 2548 cum
2710 2494 2781 2548 ad
2827 2494 3018 2550 limina
3063 2495 3134 2551 sit
3184 2496 3557 2568 apostolorum

1953 2576 2251 2648 profectus,
2285 2579 2581 2653 sedemque
2607 2581 2822 2649 adierit,
2857 2582 2949 2638 ubi
2997 2598 3220 2655 semper
3275 2584 3560 2641 catholicis

1955 2665 2293 2735 subvenitur,
2327 2676 2380 2723 et
2407 2668 2502 2724 ubi
2530 2667 2752 2740 plurimi
2771 2677 3091 2726 sanctorum
3109 2671 3360 2741 injuriam
3384 2671 3557 2743 passi,

1954 2761 2187 2825 petram,
2220 2770 2256 2810 a
2283 2770 2389 2827 qua
2421 2756 2608 2811 Petrus
2638 2772 2838 2813 nomen
2868 2758 3094 2814 sortitus
3133 2767 3236 2826 est,
3285 2759 3560 2834 refugium

1957 2840 2305 2898 invenerunt.
2328 2843 2586 2899 Additum
2606 2852 2789 2900 autem
2809 2853 2893 2900 est
2927 2845 3052 2903 huic
3080 2846 3181 2913 rei,
3215 2848 3397 2920 quoad
3437 2863 3559 2904 ma-

1954 2928 2094 2998 joris
2121 2932 2479 2988 contumacia
2505 2940 2706 2988 vestra
2734 2932 3007 2989 cumulum
3047 2933 3555 3003 demonstrandum,

1957 3016 2083 3089 quia
2111 3016 2320 3074 scilicet
2347 3033 2457 3075 non
2486 3019 2663 3076 solum
2690 3035 2817 3077 cum
2845 3020 2941 3078 illo
2994 3029 3203 3079 stantes
3259 3023 3561 3081 secundum

1951 3104 2293 3176 prophetam,
2330 3106 2558 3164 Hinime
2578 3124 2654 3164 ea:
2672 3109 2902 3166 adverso
2923 3112 3281 3178 aseendistis,
3307 3116 3367 3168 et
3404 3129 3562 3185 oppo-

1951 3194 2152 3249 suisti:
2167 3210 2399 3250 murum
2420 3211 2525 3266 pro
2551 3196 2712 3252 domo
2739 3198 2968 3254 Domini
2996 3197 3218 3269 (Ezech.
3266 3199 3413 3269 xm),
3458 3200 3556 3257 sed

1952 3281 2112 3353 quasi
2141 3280 2396 3349 rebelles,
2427 3290 2584 3354 rupto
2610 3283 2984 3340 unanimitatis
3012 3285 3221 3342 fadere
3279 3287 3551 3343 transistis

1948 3369 2019 3424 ad
2047 3369 2270 3436 hostes;
2303 3377 2356 3424 et
2386 3383 2510 3425 cum
2540 3385 2652 3426 non
2701 3370 2818 3426 sitis
2848 3386 2974 3427 cum
3000 3372 3113 3439 illo,
3146 3372 3275 3429 facti
3303 3373 3550 3444 profecto

1944 3456 2082 3512 estis
2109 3456 2374 3513 adversus
2392 3457 2565 3525 illum,
2586 3458 2727 3515 sicut
2745 3459 3010 3514 Dominus
3029 3459 3139 3514 ait:
3170 3461 3276 3529 Qui
3299 3478 3415 3518 non
3466 3469 3553 3520 est

1950 3560 2190 3612 mecum,
2214 3549 2417 3602 contra
2434 3562 2525 3602 me
2544 3550 2634 3603 est
2650 3547 2853 3617 (Matth
2878 3550 2986 3619 xu)
3021 3565 3034 3604 :
3066 3548 3124 3604 in
3151 3564 3259 3621 quo
3290 3558 3344 3606 et
3371 3550 3550 3622 ipsam

1950 3631 2244 3688 bestiarum
2264 3634 2682 3689 transcendistis
2697 3635 2979 3703 savitiam,
2998 3636 3416 3708 parricidalibus
3445 3640 3551 3695 ad-

1951 3735 2144 3775 versus
2171 3735 2293 3777 cum
2321 3728 2535 3777 utentes
2565 3722 2845 3789 consiliis;
2887 3739 2990 3794 pro
3046 3725 3240 3796 quibus
3297 3726 3551 3783 omnibus

1951 3807 2297 3879 apostolatus
2324 3810 2497 3865 nostri
2528 3824 2628 3867 vos
2657 3812 2886 3868 Romam
2917 3827 3230 3878 occurrere,
3262 3820 3317 3869 et
3346 3828 3450 3886 pro
3471 3813 3557 3871 his

1949 3903 2004 3952 et
2029 3896 2149 3951 aliis
2203 3913 2324 3968 qua
2379 3898 2704 3971 corrigenda
2759 3900 3031 3969 duximus,
3062 3900 3399 3973 satisfacere,
3433 3918 3545 3960 non

1951 3985 2123 4041 semel
2151 3985 2399 4057 apicibus
2426 3987 2880 4059 commonuimus,
2911 3988 3011 4044 sed
3039 3989 3228 4047 venire
3286 3990 3551 4047 hactenus

1948 4073 2127 4129 modis
2156 4074 2410 4129 omnibus
2437 4076 2863 4148 contempsistis.
2879 4076 3224 4150 Quapropter
3242 4094 3341 4135 vos
3360 4095 3391 4133 a
3431 4095 3554 4136 san-

1949 4161 2052 4217 ctis
2081 4162 2353 4233 mysteriis
2379 4162 2595 4218 interim
2622 4164 2968 4220 celebrandis
2995 4166 3322 4223 auctoritate
3354 4168 3552 4224 summi

1951 4249 2184 4320 pastoris
2213 4251 2739 4320 arcemus,jubentes
2769 4259 2827 4306 ut
2857 4252 3043 4307 Idibus
3073 4253 3551 4311 Februariisistius

1950 4336 2279 4406 indictionis,
2312 4337 2360 4391 si
2388 4337 2614 4404 adestis,
2644 4339 2732 4393 vel
2761 4338 2807 4392 si
2826 4338 2979 4394 dura
3024 4338 3351 4395 infirmitatis
3403 4357 3549 4412 pon-

225 4427 346 4483 crir
379 4440 608 4496 semper
635 4424 819 4481 animo
865 4425 1106 4496 studeas,
1157 4426 1413 4497 quoniam
1464 4442 1566 4482 nos
1604 4433 1755 4481 tanto
1795 4426 1852 4482 in
1877 4414 1932 4475 D
1954 4425 2082 4479 dere
2112 4439 2221 4479 non
2251 4424 2570 4496 gravamini,
2632 4426 2841 4495 synodo
2898 4432 3102 4482 nostra
3157 4426 3345 4483 Roma
3400 4428 3549 4484 cele-

224 4514 423 4570 causis
453 4512 585 4579 tuis,
618 4520 671 4568 et
698 4512 791 4567 ubi
821 4513 919 4568 tibi
944 4513 1316 4584 opportunitas
1345 4513 1593 4570 fortassis
1639 4529 1837 4569 evene-

223 4602 318 4670 rit,
356 4604 736 4673 promptiores
764 4608 941 4657 tecum
971 4617 1081 4657 non
1111 4617 1237 4658 esse
1265 4617 1332 4659 ac
1357 4603 1710 4676 benigniores
1747 4602 1837 4657 in-

1954 4511 2177 4566 branda
2195 4510 2463 4566 interesse
2487 4511 2927 4568 inexcusabiliter
2947 4513 3229 4569 maturetis
3246 4531 3262 4581 ;
3280 4521 3549 4586 quatenus

1947 4606 2000 4654 et
2028 4598 2097 4652 ab
2126 4597 2355 4667 objectis
2405 4599 2733 4670 purgemini,
2766 4607 2819 4657 te
2859 4616 2894 4656 a
2946 4601 3143 4672 capite,
3200 4609 3309 4656 tam
3339 4601 3547 4660 scilicet

219 4691 445 4756 venies,
487 4696 687 4760 quanto
716 4697 769 4745 te
796 4704 897 4744 nos
952 4688 1098 4745 nolle
1142 4706 1173 4744 a
1231 4690 1505 4746 mandatis
1531 4691 1631 4746 Dei
1656 4690 1838 4760 aliquo
1935 4686 2239 4757 apostolica
2294 4686 2426 4744 sede
2457 4702 2620 4758 quam
2649 4688 3066 4761 metropolitano
3094 4696 3278 4746 vestro
3306 4689 3364 4744 in
3393 4689 3543 4746 nullo

218 4779 401 4834 modo
455 4784 705 4832 avertere
754 4777 1093 4833 manifestius
1134 4778 1451 4833 viderimus.
1516 4779 1657 4834 Nam
1718 4777 1836 4848 tibi,

216 4864 581 4933 charissima,
642 4873 900 4936 tanquam
963 4864 1211 4921 familiari
1263 4873 1452 4921 nostro
1511 4865 1842 4922 familiariter

217 4952 712 5029 scribimushquia
740 4952 941 5008 nullius
966 4954 1206 5009 mortalis
1252 4970 1494 5010 amorem
1522 4970 1842 5026 praponere

217 5043 328 5105 Dei
356 5040 594 5111 justitia
623 5055 937 5111 possumus,
968 5041 1061 5113 qui
1089 5041 1341 5097 nimirum
1369 5042 1729 5114 Evangelinm
1757 5043 1842 5098 le-

215 5131 440 5204 gimus,
472 5129 667 5185 dicens
700 5145 714 5183 :
742 5128 848 5196 Qui
862 5133 1021 5185 amat
1043 5134 1269 5202 patrem
1298 5135 1401 5189 aut
1440 5137 1684 5187 matrem
1712 5133 1842 5203 plus

214 5228 406 5285 quam
426 5226 541 5275 me,
556 5226 674 5267 non
696 5215 782 5267 est
799 5227 889 5266 me
909 5211 1116 5282 dignus
1132 5211 1352 5282 (Matth.
1371 5213 1454 5284 ι).
1478 5213 1711 5268 Veniant
1734 5213 1843 5284 igi-

214 5309 311 5354 tur
342 5299 602 5369 episcopi
631 5298 699 5352 ad
732 5298 1002 5370 synodum
1032 5307 1293 5367 nostram,
1324 5308 1399 5366 nt,
1432 5301 1568 5371 ipsis
1583 5302 1744 5356 nobis
1759 5301 1841 5356 rei

210 5388 519 5443 veritatem
551 5385 1003 5459 signiﬁcantibus,
1048 5403 1269 5443 causam
1314 5387 1493 5444 fratris
1538 5396 1591 5444 et
1650 5389 1844 5460 coepi-

208 5475 380 5546 scopi
414 5473 593 5529 nostri
624 5473 765 5529 Petri
793 5474 903 5529 illis
932 5475 1292 5547 prasentibus
1320 5475 1534 5533 facilius
1580 5475 1845 5534 diﬂinire-

1943 4775 2258 4831 dividamini
2290 4793 2304 4831 :
2339 4777 2437 4847 Ne,
2460 4777 2605 4848 quod
2620 4778 2780 4845 absit,
2804 4779 3342 4836 circumveniamini
3369 4796 3406 4836 a
3444 4780 3546 4837 Sa-

1945 4867 2106 4930 tana,
2138 4864 2229 4936 qui
2252 4863 2507 4921 videlicet
2526 4881 2742 4937 semper
2760 4866 3103 4923 dissensione
3124 4867 3328 4940 gaudet
3346 4885 3360 4922 :
3375 4884 3550 4924 mem-

1940 4951 2035 5007 bra
2068 4952 2270 5025 quippe
2300 4969 2423 5025 qua
2450 4952 2609 5023 capiti
2638 4968 2749 5008 non
2776 4955 3002 5023 harent,
3023 4954 3164 5011 inter
3193 4963 3414 5012 mortua
3431 4956 3534 5012 de-

1942 5048 2232 5110 putantur;
2251 5042 2409 5097 sicuti
2435 5040 2624 5112 procul
2655 5040 2821 5095 dubio
2841 5057 2959 5110 vos,
2991 5042 3083 5114 qui
3106 5059 3208 5100 nec
3226 5044 3542 5114 apostolica

1942 5128 2113 5193 sedis,
2148 5145 2269 5199 qua
2297 5136 2379 5184 est
2408 5135 2567 5198 caput
2596 5127 2838 5183 omnium
2887 5128 3087 5184 Christi
3143 5130 3536 5197 Ecclesiarum,

1943 5215 2181 5271 decretis
2214 5216 2450 5283 haretis,
2484 5230 2586 5270 nec
2615 5213 2832 5271 aﬁ‘ectui
2861 5217 3263 5288 metrOpolitani
3310 5218 3536 5288 proprii,

1945 5310 1999 5357 et
2025 5303 2242 5372 patroni
2269 5309 2431 5374 atque
2460 5301 2726 5375 magistri.
2757 5303 2878 5359 Jam
2906 5319 3035 5359 vero
3064 5305 3110 5360 si
3140 5304 3323 5361 Idibus
3351 5306 3543 5362 saltem

1944 5389 2253 5445 Februariis
2308 5405 2592 5446 occurrere
2676 5390 3064 5447 contumaciter
3117 5393 3533 5465 parvipenditis,

1944 5477 2132 5534 tandiu
2158 5485 2331 5535 estote
2359 5478 2584 5554 posthac
2610 5478 2790 5535 omnis
2834 5478 3098 5543 Ecclesia
3149 5482 3530 5549 communione
