4020 6178
495 251 599 303 â€™703

1737 241 2033 297 JOANNIS
2089 241 2284 295 PAPE
2331 241 2472 296 VIII.

3695 247 3791 301 704

495 385 605 425 una
635 385 757 425 cum
789 370 946 424 vobis
969 369 1275 424 faventibus
1312 367 1494 434 alieni,
1537 365 1772 436 quandiu
1809 363 1996 419 venire
2027 379 2092 419 ac
2119 364 2176 425 A
2195 365 2474 434 Apostolo,
2499 365 2813 430 debeamus,
2847 373 3093 436 patenter
3123 366 3475 421 advertimus.
3523 366 3792 422 Exhibitio

500 457 816 514 satisfacere
866 473 1032 527 super
1075 457 1271 526 quibus
1317 453 1655 524 impetimini,
1704 467 1814 506 non
1861 452 2083 507 curatis.

499 545 646 601 Ecce
675 547 820 600 enim
869 544 1214 601 venerandos
1260 542 1399 597 forte
1446 557 1686 596 canones
1733 541 1930 595 tenetis
1977 557 2092 610 pra

501 634 772 698 manibus,
820 633 908 703 qui
957 633 1094 686 tales
1145 630 1393 686 sanciunt
1439 645 1548 684 non
1597 629 2092 684 communicaturos

499 722 676 776 donec
704 727 1022 791 purgentur.
1057 720 1222 772 Porro
1251 717 1296 770 si
1325 717 1610 788 quisquam
1655 723 1898 770 vestrum
1943 715 2092 769 nullo

501 809 664 862 modo
696 824 755 861 se
785 823 949 876 posse
979 807 1168 862 venire
1207 805 1578 875 pratenderit,
1623 805 1891 860 vicarium
1937 819 2092 858 suum

500 896 690 960 mittat,
715 895 804 965 qui
829 903 882 948 et
911 893 1210 948 mittentem
1243 909 1302 948 se
1345 893 1699 961 jurejurando
1748 899 1991 956 excuset,
2041 899 2094 944 et

497 982 550 1034 in
586 983 795 1052 synodo
824 982 996 1037 vicem
1027 981 1287 1036 mittentis
1317 980 1630 1050 adimpleat.
1667 981 1802 1034 Data
1824 979 2094 1034 Kalendas

501 1069 840 1135 Decembris,
873 1069 1168 1124 indictione
1215 1069 1443 1124 decima.

1261 1193 1318 1245 L.

503 1296 574 1335 AD
609 1295 924 1337 DOMINICUM
971 1295 1226 1334 ELECTUM
1282 1293 1590 1332 EPISCOPUM
1635 1291 2090 1331 TORCELLENSEM.

1126 1369 1303 1436 (Anno
1335 1369 1484 1432 8'76.)

503 1458 800 1512 [avehitur
819 1457 882 1509 in
915 1457 1272 1510 Dominicum
1295 1455 1535 1508 electum
1575 1455 1912 1524 episcopum,
1954 1454 2095 1524 quod

571 1529 651 1582 bis
671 1530 897 1582 vocatus
916 1527 1144 1580 Romam
1163 1541 1276 1578 non
1299 1526 1635 1590 accesserit;
1673 1539 1925 1595 eumque,
1979 1525 2096 1577 nisi

571 1599 791 1652 venerit
831 1598 1146 1650 constituta
1180 1595 1286 1660 die,
1312 1596 1787 1649 exeommunicat.

2193 451 2337 506 enim
2367 469 2552 507 rerum
2579 454 2981 524 praeteritarum
3025 455 3296 510 certitudo
3351 463 3404 508 et
3461 455 3786 509 futurorum.

2194 539 2334 607 Quia
2364 557 2490 595 vere
2521 541 2666 596 idem
2697 541 2866 596 frater
2912 550 2964 597 et
3008 541 3367 613 coepiscOpus
3407 551 3600 596 noster
3647 558 3788 598 more

2191 629 2462 696 majorum
2493 629 2680 683 sedem
2711 631 3066 699 apostolicam
3095 631 3404 700 appellavit,
3429 631 3544 684 imo
3596 630 3787 685 alacri-

2195 723 2278 769 ter
2307 716 2454 781 adiit,
2487 717 2786 772 obsecrans
2813 726 2870 772 ut
2899 718 3283 773 controversia
3311 735 3433 788 qua
3461 717 3520 772 in
3551 719 3694 772 inter
3736 734 3786 773 se

2194 804 2422 858 vertitur
2449 813 2501 859 et
2529 805 2846 874 pradictum
2905 805 3268 874 Dominicum,
3323 813 3552 877 utraque
3610 821 3786 861 coram

2193 892 2364 962 posita
2386 901 2555 962 parte,
2581 893 2744 948 finem
2765 893 3065 964 legitimum
3081 893 3426 963 imponamus
3449 909 3463 948 :
3493 895 3786 948 secundum

2195 981 2342 1050 quod
2367 996 2426 1034 se
2452 981 2585 1034 ratio
2615 981 2798 1048 habet,
2825 989 2876 1035 et
2897 981 2986 1048 jus
3019 981 3345 1036 canonicum
3371 982 3559 1049 dictat,
3607 997 3786 1036 rursus

2193 1068 2758 1138 pracipimus,utjam
2788 1069 2965 1123 dictus
3012 1069 3330 1123 Dominicus
3359 1069 3626 1123 Kalendis
3687 1070 3786 1124 sal-

2193 1163 2300 1209 tem
2329 1155 2635 1210 Februariis
2665 1157 2890 1212 Romam
2922 1157 3080 1210 nobis
3127 1155 3504 1212 satisfacturus
3559 1165 3618 1211 et
3673 1173 3788 1213 sese

2195 1251 2524 1314 purgaturus
2552 1252 2837 1310 occurrat;
2871 1243 3183 1298 ambitionis
3213 1244 3356 1298 enim
3399 1244 3634 1298 crimine
3693 1246 3786 1299 de-

2195 1339 2431 1396 notatur,
2465 1347 2530 1387 ac
2559 1349 2658 1402 per
2687 1333 2788 1388 hoc
2825 1334 2976 1401 juxta
3023 1347 3213 1387 sacros
3255 1348 3502 1389 canones
3549 1332 3786 1387 manife-

2197 1427 2340 1474 stum
2372 1427 2454 1473 est
2483 1419 2727 1474 confiteri
2756 1437 2879 1474 eum
2908 1421 2976 1474 de
3007 1419 3251 1486 crimine,
3283 1421 3376 1489 qui
3405 1421 3685 1492 purgandi
3739 1437 3790 1474 se

2195 1509 2484 1562 occasione
2511 1525 2620 1562 non
2647 1509 2827 1562 utitur.
2861 1508 2980 1561 Jam
3014 1523 3147 1562 vero
3203 1509 3249 1562 si
3307 1509 3508 1563 dixerit
3567 1524 3630 1562 se
3689 1523 3790 1563 non

2195 1595 2537 1649 venientibus
2565 1596 2836 1666 episc0pis
2867 1595 3054 1650 venire
3095 1611 3206 1649 non
3253 1611 3436 1664 posse,
3479 1595 3704 1650 noverit.
3746 1604 3792 1650 et

571 1703 825 1756 JOANNES
855 1703 1136 1755 Dommco
1167 1707 1358 1754 vocato
1387 1699 1561 1754 electo
1590 1697 1954 1753 Torcellensis
1982 1698 2094 1752 Ec-

2199 1683 2485 1752 episcOpos
2517 1698 2617 1737 nos
2649 1684 2791 1736 illius
2821 1682 3064 1754 regionis
3091 1699 3375 1738 occurrere
3406 1684 3712 1753 praecipere
3745 1690 3793 1738 et

499 1789 680 1846 clesia
692 1830 705 1843 .

582 1877 724 1945 Quia
753 1876 896 1930 fama
944 1876 1320 1930 crebrescente
1379 1875 1784 1929 Torcellensem
1836 1873 2101 1928 invasisse

502 1965 774 2021 dicebaris
805 1963 1129 2028 Ecclesiam,
1165 1972 1216 2017 et
1249 1962 1418 2016 semel
1451 1969 1502 2016 et
1535 1962 1615 2015 bis
1659 1961 2000 2015 decrevimus
2047 1967 2099 2014 te

505 2055 731 2108 Romam
784 2059 1092 2116 venturum,
1145 2059 1203 2104 ut
1253 2065 1436 2104 coram
1483 2050 1660 2118 posito
1709 2048 1874 2103 fratre
1913 2039 2100 2101 nosiro

504 2142 668 2195 Petro
699 2147 900 2195 sancta
931 2139 1234 2194 Gradensis
1265 2138 1684 2208 metrOpolitano
1713 2136 1969 2200 antistite,
1991 2151 2101 2190 una

505 2243 628 2283 cum
665 2227 940 2297 episcopis
972 2227 1064 2296 qui
1093 2227 1298 2297 degunt
1331 2225 1430 2278 sub
1479 2225 1616 2294 ipso,
1659 2224 1796 2278 facta
1843 2238 2008 2292 super
2049 2231 2102 2276 te

504 2315 868 2376 discussione,
901 2329 1087 2367 rumor
1111 2313 1277 2384 longe
1309 2312 1524 2382 lateque
1553 2327 1859 2380 respersus,
1903 2317 1994 2363 aut
2021 2309 2102 2362 in-

501 2403 696 2456 noxius
725 2401 1025 2471 patefactus
1053 2400 1441 2464 absolveretur,
1476 2407 1564 2452 aut
1596 2399 1978 2468 comprobatus
1995 2413 2098 2450 no-

503 2490 622 2543 xius
665 2491 1032 2553 damnaretur,
1067 2488 1252 2543 venire
1291 2489 1468 2542 modis
1514 2487 1765 2540 omnibus
1813 2486 2099 2540 constitui-

501 2593 648 2632 mus.
683 2579 846 2634 Unde
877 2577 1071 2630 merito
1112 2591 1142 2630 a
1190 2576 1348 2630 nobis
1395 2575 1542 2628 fores
1585 2573 1945 2636 damnandus,
1997 2573 2102 2626 nisi

503 2683 636 2737 erga
668 2674 740 2732 te,
777 2665 1010 2734 petende
1042 2663 1200 2718 nobis
1230 2663 1430 2718 dilecto
1460 2663 1619 2717 nobis
1669 2664 1808 2717 Urso
1857 2660 2098 2731 glorioso

507 2754 665 2818 duce,
701 2754 880 2807 minus
927 2753 1216 2806 severitate
1265 2767 1427 2823 quam
1483 2751 1744 2821 patientia
1799 2757 2095 2803 uteremur.

505 2843 704 2895 Verum
733 2841 860 2911 quia
892 2848 1112 2894 eatenus
1152 2855 1262 2892 non
1309 2839 1522 2900 venisti,
1573 2837 2100 2892 excommunicatum

503 2935 554 2982 te
577 2930 696 2996 jure
727 2945 756 2981 a
789 2928 946 2981 nobis
977 2943 1098 2981 esse
1129 2941 1515 2997 cognosceres,
1547 2927 1602 2979 in
1623 2933 1872 2995 promptu
1893 2925 2098 2978 haben-

503 3015 668 3080 tibus,
695 3016 992 3070 secundum
1023 3014 1340 3084 Apostolum
1371 3016 1448 3082 (Il
1470 3016 1591 3069 Cor.
1625 3015 1708 3082 Î§),
1743 3012 1931 3067 ulcisci
1975 3027 2098 3065 om-

501 3119 626 3158 nem
654 3102 1124 3156 inobedientiam:
1167 3117 1353 3155 verum
1413 3101 1534 3170 quia
1590 3116 1692 3154 nec
1749 3099 1826 3154 sic
1883 3099 2096 3153 interim

503 3191 795 3260 contempti
826 3191 1056 3244 salutem
1087 3197 1233 3242 tuam
1281 3189 1698 3252 contemnimus,
1753 3188 1896 3240 unde
1941 3187 2098 3240 tertia

504 3294 628 3334 ecce
659 3285 712 3332 te
741 3278 860 3333 vice
891 3293 1166 3344 vocamus,
1201 3285 1252 3330 et
1283 3277 1467 3330 Idibus
1485 3275 1796 3330 Februariis
1813 3275 2097 3344 praesentis

499 3367 726 3422 decima
766 3365 1076 3420 indictionis
1133 3373 1319 3418 nostro
1376 3364 1604 3418 concilio
1661 3364 1848 3417 Roma
1903 3363 2097 3416 adesse

501 3455 846 3520 mandamus,
879 3454 952 3507 ita
983 3461 1038 3507 ut
1067 3453 1112 3506 si
1143 3461 1268 3506 tunc
1298 3467 1404 3506 non
1429 3452 1759 3516 occurreris,
1795 3451 1983 3506 tandiu
2027 3450 2103 3504 sis

500 3557 623 3597 cum
653 3541 960 3596 faventibus
984 3541 1081 3594 tibi
1109 3540 1370 3609 deinceps
1399 3555 1430 3592 a
1460 3539 1618 3592 nobis
1639 3547 1692 3592 et
1713 3554 1744 3591 a
1766 3546 1879 3593 toto
1903 3538 2100 3592 Christi

500 3645 729 3699 corpore
740 3629 966 3695 alienus,
993 3629 1232 3698 quandiu
1255 3628 1433 3680 minus
1457 3627 1811 3696 resipiscens,
1837 3626 2030 3680 obedie
2041 3643 2100 3679 n-

499 3717 588 3772 tia
617 3733 960 3788 nequaquam
977 3717 1144 3784 jussis
1165 3716 1366 3770 nostris
1387 3715 1528 3769 colla
1547 3713 1882 3768 submiseris.
1911 3714 2099 3782 Porro,

500 3806 546 3859 si
577 3805 632 3858 in
659 3806 761 3860 hac
789 3804 1276 3873 indisciplinatione
1314 3801 1700 3872 permanseris,
1753 3801 1976 3855 noveris
2007 3801 2104 3856 de-

499 3892 690 3962 inceps
719 3892 814 3944 tibi
835 3891 1050 3948 veniam
1071 3891 1472 3959 denegandam,
1493 3897 1546 3943 et
1569 3889 1862 3943 secundum
1886 3896 2104 3943 sanctos

499 3985 738 4026 canones
765 3969 840 4023 nil
869 3970 938 4023 de
967 3968 1210 4023 absentia
1241 3968 1455 4038 penitus
1505 3967 1858 4032 lucraturum,
1893 3975 1945 4022 et
1993 3983 2103 4022 non

504 4057 678 4112 solum
696 4057 1112 4120 communionis,
1164 4056 1260 4109 sed
1319 4063 1373 4108 et
1419 4055 1644 4109 honoris
1664 4056 1932 4124 jacturam
1972 4071 2106 4108 ana-

505 4145 742 4200 themate
773 4144 1084 4214 perculsum
1115 4143 1232 4197 sine
1265 4141 1370 4196 ï¬ne
1399 4158 1707 4212 passurum.
1727 4145 1864 4197 Data
1895 4143 2100 4198 Kalen-

509 4232 594 4286 dis
624 4231 972 4300 Decembris,
1005 4231 1304 4286 indictione
1341 4230 1568 4285 decima.

1255 4355 1338 4410 LI.

820 4459 890 4499 AD
913 4458 1096 4498 URSUM
1125 4459 1312 4497 DUCEM
1337 4457 1714 4496 Î½ÎµÎÎµÏ„Î¹Î‘á¿Î¹Ï…Îœ.

1111 4533 1289 4600 (Anno
1322 4531 1471 4600 876.)

505 4625 674 4702 Rogat
717 4623 1000 4702 episcopos
1027 4621 1134 4702 qui
1161 4621 1390 4702 Romam
1428 4619 1498 4702 ad
1532 4617 1806 4700 synodum
1853 4634 2092 4702 euocau-

577 4690 691 4760 tur,
712 4690 832 4746 suis
848 4690 1164 4762 sumptibus
1183 4691 1304 4744 alat
1325 4709 1342 4754 ,-
1361 4690 1573 4762 quibus,
1591 4690 1706 4762 nisi
1727 4690 2091 4758 accesserint,

576 4759 1188 4818 exeommunicationis
1219 4759 1566 4814 sententiam
1605 4759 1881 4813 minatur.

577 4867 830 4920 JOANNES
860 4867 1012 4921 Uaso
1044 4865 1170 4919 duci
1205 4863 1567 4918 Venetiarum.

577 4954 712 5008 Cum
739 4969 840 5024 pro
883 4969 1044 5008 causa
1097 4951 1427 5007 venerabilis
1484 4951 1669 5005 fratris
1723 4950 1894 5005 nostri
1951 4951 2096 5005 Petri

508 5045 708 5092 sancta
745 5037 1041 5092 Gradensis
1067 5036 1327 5091 Ecclesia
1357 5034 1610 5088 antistitis
1664 5033 1919 5099 ï¬nienda,
1979 5034 2094 5087 Do-

505 5126 764 5182 minicum
793 5131 1043 5180 vocatum
1073 5125 1326 5188 electum,
1361 5123 1445 5178 cui
1477 5138 1629 5176 esses
1657 5121 1824 5175 tilium
1845 5130 1991 5176 tuum
2015 5137 2096 5175 so-

506 5213 729 5268 ciandus
759 5212 880 5284 [pro
910 5211 1234 5275 sociaturus,
1268 5209 1470 5282 Hann]
1503 5211 1572 5264 ad
1601 5209 1952 5280 apostolicam
2002 5225 2094 5263 se-

508 5301 634 5354 dem
663 5301 876 5355 mittere
903 5299 1257 5371 promiseras,
1282 5313 1386 5352 nec
1415 5307 1596 5352 tamen
1629 5297 1852 5353 verbum
1896 5296 2096 5351 veritas

510 5388 800 5440 subsecuta
829 5395 930 5454 est,
963 5387 1118 5440 valde
1150 5386 1326 5440 mirati
1383 5401 1614 5441 sumus:
1677 5395 1726 5439 et
1785 5385 1931 5456 quod
1987 5399 2096 5438 non

511 5472 658 5526 omni
688 5473 918 5544 spiritui,
950 5489 1052 5532 nec
1077 5474 1132 5530 in
1159 5474 1308 5530 omni
1337 5474 1558 5546 negotio
1588 5473 1834 5540 credere,
1869 5474 2095 5529 docente

2197 1771 2448 1824 eumdem
2479 1771 2699 1825 Petrum
2755 1770 3123 1824 venerabilem
3177 1771 3390 1824 Domini
3449 1772 3793 1826 sacerdotem

2196 1859 2514 1913 imitandum
2537 1859 2790 1918 tribuere.
2825 1859 2914 1929 qui
2949 1873 3070 1912 cum
3117 1859 3572 1928 metropolitanus
3625 1869 3782 1925 esset,

2199 1947 2360 2001 nullis
2391 1947 2773 2000 comitantibus
2803 1962 2990 2001 secum
3020 1946 3312 2016 episcopis,
3331 1947 3662 2001 memoriam
3683 1963 3796 2018 apo-

2199 2035 2464 2089 stolorum
2493 2034 2782 2100 veniendo,
2817 2033 2952 2087 sicut
2983 2035 3255 2103 quondam
3286 2043 3506 2088 sanctus
3549 2036 3792 2090 Athana-

2199 2124 2309 2177 sius
2339 2123 2664 2182 honoravit;
2694 2129 3068 2176 verumtamen
3117 2129 3170 2175 et
3217 2138 3282 2176 ex
3333 2123 3617 2191 episcopis
3665 2123 3792 2177 duos

2199 2211 2384 2265 venire
2413 2209 2780 2273 decernimus,
2817 2209 3052 2264 Felicem
3082 2210 3290 2264 scilicet
3319 2217 3372 2264 et
3429 2211 3677 2274 Petrum,
3741 2219 3794 2264 ut

2199 2301 2407 2347 tantum
2429 2293 2704 2362 negotium
2735 2308 2842 2346 non
2866 2293 2982 2345 sine
2997 2293 3289 2361 praesentia
3319 2293 3562 2364 regionis
3597 2293 3798 2363 episco-

2196 2397 2394 2453 porum
2425 2382 2582 2450 hujus
2613 2379 2978 2450 cognitionem
3009 2379 3322 2433 habentium
3379 2380 3603 2434 diï¬iniri
3663 2397 3796 2452 quo-

2198 2487 2306 2541 quo
2337 2470 2500 2523 modo
2531 2469 2810 2536 videatur;
2841 2467 2916 2520 ita
2947 2475 3002 2521 ut
3033 2467 3078 2520 si
3107 2467 3247 2520 forte
3279 2485 3338 2521 se
3399 2468 3548 2521 Felix
3611 2468 3795 2522 venire

2197 2557 2346 2611 nullo
2375 2557 2540 2611 modo
2571 2571 2732 2625 posse
2763 2555 3130 2624 pratenderit,
3163 2555 3428 2608 vicarium
3459 2572 3626 2609 suum
3672 2555 3794 2609 mit-

2199 2654 2290 2710 tat,
2323 2646 2414 2716 qui
2445 2653 2498 2698 et
2527 2643 2826 2697 mittentem
2858 2659 2917 2696 se
2943 2643 3296 2710 jurejurando
3344 2650 3588 2707 excuset,
3644 2651 3696 2697 et
3743 2645 3794 2698 in

2199 2733 2408 2804 synodo
2437 2731 2556 2787 vice
2584 2731 2843 2785 mittentis
2872 2730 3184 2800 adimpleat.
3237 2731 3425 2784 Petrus
3481 2739 3694 2796 autem,
3747 2733 3790 2784 si

2198 2822 2370 2886 adest,
2405 2819 2582 2874 modis
2611 2819 2862 2873 omnibus
2891 2819 3090 2882 veniat,
3127 2818 3415 2887 siquidem,
3451 2826 3510 2872 ut
3569 2819 3798 2888 pehibe-

2199 2911 2284 2974 tis,
2319 2907 2840 2978 Constantinopolim
2871 2906 3116 2960 mittendi
3147 2921 3250 2961 nec
3299 2922 3420 2960 mos
3469 2913 3662 2961 vester
3702 2923 3798 2962 nos

2195 2997 2322 3051 latet
2349 3011 2450 3052 nec
2479 3005 2712 3065 tempus.
2745 2994 2994 3049 Matarius
3041 2993 3240 3064 Vorte,
3287 2993 3554 3047 Maturius
3605 2999 3664 3049 et
3711 2996 3800 3048 dc-

2200 3085 2430 3139 le-ndum
2457 3084 2626 3154 prius,
2661 3081 2865 3152 Hann]
2897 3081 3096 3152 quippe
3123 3081 3274 3150 prius
3305 3081 3410 3135 huc
3423 3081 3614 3135 venire
3637 3097 3702 3136 ac
3719 3097 3796 3136 reâ€”

2197 3172 2313 3226 dire
2339 3173 2406 3225 ad
2437 3170 2656 3241 pr0pria
2683 3171 2895 3240 poterit,
2929 3186 3090 3240 quam
3133 3169 3268 3223 mari
3300 3184 3420 3223 mos
3467 3177 3525 3222 et
3584 3178 3798 3239 tempus

2200 3262 2421 3316 accedat
2451 3258 2675 3313 itineris.
2705 3259 2972 3311 Praeterea
2997 3257 3250 3326 jubemus
3280 3257 3676 3311 archidiacono
3735 3257 3799 3310 ad

2199 3367 2300 3404 nos
2328 3348 2514 3402 venire
2544 3345 2905 3400 Torcellensis
2931 3344 3228 3407 Ecclesia;
3265 3343 3520 3398 similiter
3547 3353 3605 3397 et
3663 3343 3799 3398 Alti-

2201 3437 2386 3492 nensis
2416 3436 2663 3490 abbatem
2711 3433 3060 3497 monasterii;
3109 3431 3467 3486 nihilominus
3519 3441 3574 3486 et
3619 3432 3800 3487 archi-

2201 3526 2579 3596 presbyterum
2610 3530 2664 3576 et
2693 3520 3156 3584 archidiaconum,
3187 3527 3348 3590 atque
3369 3519 3534 3587 hujus
3549 3520 3800 3590 aquivo-

2201 3631 2324 3668 cum
2353 3620 2404 3667 et
2432 3618 2686 3680 nepotem
2716 3609 3060 3663 Laurentium
3136 3607 3424 3662 diaconum
3483 3608 3796 3662 Gradensis

2201 3700 2482 3768 Ecclesia,
2516 3714 2624 3768 quo
2655 3695 3136 3767 imprasentiarum
3170 3711 3330 3764 super
3357 3695 3444 3749 his
3477 3696 3682 3765 quibus
3703 3697 3801 3749 im-

2205 3796 2472 3858 petuntur,
2504 3787 2756 3840 idoneam
2787 3784 3049 3838 rationem
3080 3783 3531 3853 canonicumque,
3594 3784 3642 3836 si
3701 3798 3801 3838 no-

2203 3884 2387 3932 centes
2417 3881 2558 3938 sunt,
2619 3873 2846 3928 subeant
2901 3871 3180 3926 ultionem.
3239 3869 3374 3938 Qua
3431 3871 3624 3924 omnia
3679 3871 3803 3925 ideo

2203 3963 2394 4036 gloria
2423 3971 2530 4016 tua
2557 3969 2686 4016 nota
2723 3960 2842 4014 fieri
2873 3959 3139 4026 volumus,
3172 3965 3228 4011 ut
3258 3958 3418 4013 illiad
3436 3959 3801 4028 apostolicam

2205 4053 2392 4106 sedem
2422 4057 2773 4118 sanctamque
2803 4047 3070 4117 synodum
3099 4046 3404 4110 occursuri,
3451 4046 3804 4102 liberalitatis

2205 4149 2308 4195 tua
2336 4137 2679 4193 adminiculis
2719 4141 3102 4200 sustententur,
3163 4134 3588 4205 sumptibusque
3649 4135 3804 4190 locu-

2203 4228 2388 4299 pletati
2417 4227 2658 4280 laborem
2689 4223 2896 4278 itineris
2925 4221 3137 4276 facilius
3165 4239 3228 4277 ac
3255 4222 3431 4276 levius
3471 4221 3676 4286 ferant,
3713 4239 3804 4277 se-

2204 4317 2442 4373 cundum
2470 4314 2588 4384 pios
2617 4311 2912 4382 principes,
2947 4311 3040 4380 qui
3071 4311 3125 4364 in
3157 4309 3354 4364 talibus
3385 4308 3647 4364 munifice
3669 4327 3807 4364 sem-

2125 4396 2178 4455 D
2203 4421 2301 4476 per
2330 4411 2485 4458 erant
2514 4400 2722 4454 intenti.
2757 4400 2869 4453 Hos
2897 4405 3078 4452 autem
3125 4413 3260 4467 quos
3315 4398 3420 4452 hac
3477 4399 3806 4452 auctoritate

2195 4492 2505 4564 apostolica
2535 4487 2929 4559 presentandos
2950 4485 3066 4540 sedi
3095 4484 3462 4546 decrevimus,
3486 4486 3620 4556 quia
3641 4485 3804 4540 tertio

2189 4583 2302 4650 jam
2358 4576 2668 4634 commoniti
2717 4577 2994 4644 hucusque
3015 4588 3303 4628 occurrere
3319 4573 3805 4642 contempserunt,

2195 4672 2419 4727 Romam
2447 4667 2642 4728 diebus
2673 4663 2792 4734 [pro
2815 4661 3018 4730 Idibus,
3051 4659 3254 4731 Hann]
3303 4660 3616 4714 Februariis
3681 4660 3800 4715 fore

2195 4765 2448 4814 venturos
2469 4753 2836 4815 decrevimus,
2869 4749 2974 4802 nisi
3005 4747 3146 4802 forte
3193 4748 3459 4802 instanter
3497 4763 3802 4818 properare

2195 4842 2515 4914 delegerint.
2549 4843 2720 4894 Porro
2749 4844 2872 4909 post
2901 4835 3224 4892 Februarias
3269 4835 3458 4906 Vorte,
3503 4845 3636 4906 post
3681 4835 3806 4890 [dus

2196 4930 2544 4993 Februarias,
2577 4925 2777 4997 Hann]
2809 4923 2995 4980 tandiu
3021 4923 3089 4977 sit
3117 4923 3492 4994 unusquisque
3549 4923 3800 4993 ipsorum

2196 5035 2314 5074 cum
2339 5015 2638 5072 fautoribus
2669 5014 2782 5068 suis
2811 5010 3385 5066 excommunicationis
3416 5010 3656 5065 vinculis
3713 5011 3804 5064 in-

2197 5107 2448 5170 nodatus,
2485 5103 2725 5174 quandiu
2755 5101 2824 5156 ad
2853 5100 3042 5154 sedem
3073 5097 3430 5168 apostolicam
3459 5113 3568 5153 non
3601 5113 3806 5153 occurâ€”

2198 5211 2344 5260 rens,
2377 5193 2582 5248 nullam
2611 5191 2864 5246 idoneam
2895 5204 3059 5258 super
3089 5203 3148 5242 se
3178 5187 3440 5242 rationem
3471 5185 3810 5257 regulariter

2197 5281 2535 5345 exhibuerit;
2567 5280 2746 5334 sciens
2777 5293 2835 5332 se
2867 5274 3227 5331 anathematis
3273 5274 3626 5343 postmodum
3675 5289 3810 5326 sen-

2199 5371 2366 5426 tentia
2414 5369 2736 5424 feriendum.
2793 5368 2932 5421 Data
2981 5361 3243 5418 Kalendis
3301 5362 3584 5422 Decemb..
3655 5361 3810 5414 indi.

2199 5467 2376 5523 ctione
2405 5482 2464 5522 x.
