4056 6178
264 272 369 326 705

1016 390 1127 444 LII.

1016 390 1127 444 LII.

550 494 625 534 Αι)
654 493 966 535 υοιιιΝιοιιιί
1002 494 1074 533 ΕΤ
1103 491 1329 532 nonan
1368 490 1680 530 EPISCOPOS.

851 567 1034 638 (Anno
1065 566 1216 635 876.)

268 674 563 746 Signiﬁcat
591 673 858 746 quosdam
875 675 971 745 qui
998 675 1230 728 Romam
1250 671 1321 726 ad
1345 670 1651 746 concilium
1683 668 1865 746 uocata:

338 738 532 800 uenire
554 738 952 815 n'eglexermit,
986 759 1044 798 se
1074 742 1617 815 excommunicasse,
1649 739 1767 815 nisi
1793 738 1865 815 ad

338 819 559 869 certam
588 811 974 882 prastitutam
1002 815 1152 868 diem
1173 812 1465 876 venerint;
1496 812 1762 866 hortatur
1799 811 1864 863 ut

338 885 596 957 quandiu
608 885 698 938 illi
715 885 1027 955 abfuerint,
1043 898 1236 939 eorum
1254 883 1435 952 ofﬁcia
1453 883 1860 952 exsequantur.

336 991 594 1044 JOANNES
623 989 913 1060 episcOpus
943 990 1226 1044 Dommco
1256 986 1576 1050 Olivolensi,
1609 994 1661 1040 et
1688 986 1865 1039 LEONI

270 1077 552 1148 Caprensi,
572 1076 866 1148 episcopis.

339 1164 694 1220 Sanctitatem
738 1172 979 1219 vestram
1040 1164 1294 1219 nolumus
1352 1163 1605 1233 ignorare
1651 1160 1866 1214 misisse

265 1269 370 1309 nos
401 1253 565 1309 Felici
595 1262 647 1308 et
676 1253 836 1308 Petro
865 1252 1233 1323 episcOpis,'et
1261 1251 1567 1315 Dominico,
1590 1249 1682 1319 qui
1711 1263 1869 1304 voca-

267 1350 358 1396 tur
389 1341 597 1396 electus
634 1340 1000 1396 Torcellensis
1056 1340 1340 1404 Ecclesia,
1373 1354 1470 1393 seu
1516 1337 1695 1391 abbati
1724 1336 1857 1390 Alti-

262 1429 453 1484 nensis
495 1428 849 1494 monasterii,
882 1435 1043 1499 atque
1081 1427 1465 1483 archidiacono
1507 1423 1867 1481 Torcellensis

263 1517 547 1583 Ecclesia,
581 1532 683 1572 nec
710 1532 821 1572 non
849 1525 901 1571 et
954 1515 1431 1586 archipresbytero
1480 1520 1533 1568 et
1590 1511 1866 1567 archidia-

262 1621 426 1669 cono,
450 1613 613 1676 atque
667 1606 827 1674 hujus
881 1604 1163 1675 aquivoco
1218 1618 1283 1657 ac
1338 1601 1520 1673 nepoti
1576 1599 1868 1655 Laurentio

265 1694 496 1749 diacono
526 1693 826 1749 Gradensis
856 1692 1137 1759 Ecclesia,
1161 1691 1288 1763 quia
1316 1691 1475 1746 toties
1502 1705 1533 1743 a
1580 1688 1736 1744 nobis
1765 1703 1867 1743 vo-

263 1783 370 1837 cati
428 1782 497 1836 ad
548 1781 835 1837 concilium
911 1782 1097 1837 Roma
1151 1795 1444 1836 occurrere
1526 1785 1866 1847 contempse-

262 1873 410 1934 runt,
442 1864 671 1920 futuram
690 1863 1264 1920 excommunicationis
1306 1862 1630 1917 sententiam
1659 1868 1710 1916 et
1740 1876 1865 1915 eum

265 1954 358 2023 qui
391 1969 458 2008 ex
487 1953 572 2007 his
600 1960 727 2008 tunc
757 1952 953 2007 saltem
982 1951 1170 2008 venire
1211 1951 1500 2016 distulerit,
1534 1949 1717 2004 tandiu
1741 1956 1865 2019 post

266 2041 391 2095 Idus
420 2040 749 2095 Februarias
780 2041 929 2095 omni
960 2039 1332 2096 ecclesiastica
1369 2036 1863 2094 communicatione

263 2128 778 2199 privasse,quandiu
799 2128 853 2182 in
866 2127 1227 2183 obstinatione
1240 2127 1462 2197 propria
1479 2140 1861 2197 perseverans,

265 2217 624 2288 apostolicam
651 2216 803 2271 adire
831 2216 1021 2271 sedem
1077 2206 1487 2285 contempserit.
1538 2213 1688 2268 Alios
1719 2213 1865 2267 enim

264 2311 459 2366 horum
516 2319 703 2366 nostro
749 2311 982 2367 concilio
1020 2325 1121 2380 pro
1175 2308 1553 2364 communibus
1596 2307 1864 2363 Ecclesia

264 2399 588 2454 utilitatibus
615 2399 865 2455 volumus
896 2398 1181 2453 interesse.
1215 2396 1491 2466 Quosdam
1511 2404 1713 2461 autem,
1738 2395 1866 2466 quia

265 2504 433 2559 super
460 2487 785 2558 quibusdam
818 2486 1291 2556 reprehenduntur
1321 2484 1654 2550 excessibus,
1682 2484 1752 2539 de
1781 2482 1865 2537 his

266 2575 645 2630 satisfacturos
686 2574 1034 2646 requirimus.
1078 2574 1254 2640 Unde,
1314 2572 1511 2628 fratres
1540 2571 1863 2637 charissimi,

266 2679 364 2718 vos
392 2663 451 2717 in
481 2663 700 2733 specula
730 2679 854 2717 esse
892 2661 1262 2733 pracipimus,
1296 2670 1349 2717 et
1394 2662 1444 2716 si
1470 2661 1689 2732 quidem
1717 2677 1866 2731 pra-

267 2751 397 2805 dicti
439 2751 702 2821 episcopi,
758 2750 944 2804 dextra
973 2750 1193 2805 Excelsi
1238 2750 1403 2804 corda
1446 2764 1632 2803 eorum
1664 2748 1865 2802 immu-

266 2846 434 2903 tante,
468 2839 537 2892 ad
566 2838 855 2893 concilium
882 2845 1131 2893 nostrum
1161 2837 1306 2893 circa
1349 2836 1475 2891 Idus
1504 2836 1862 2901 occurrerint,

265 2934 322 2980 ut
349 2926 670 2996 pradictum
702 2934 802 2992 est,
836 2925 1183 2991 Februarias,
1215 2940 1314 2979 vos
1340 2940 1442 2995 per
1470 2923 1645 2994 ipsam
1676 2922 1866 2999 regio-

264 3030 387 3069 nem
421 3014 636 3079 morati,
669 3030 791 3085 qua
819 3021 943 3068 sunt
989 3028 1133 3068 vera
1189 3011 1470 3085 religionis
1498 3012 1764 3084 peragite,
1797 3028 1867 3066 ne

268 3102 391 3173 quis
440 3102 559 3157 sine
605 3100 865 3172 perfectis
910 3100 1328 3155 Christianitatis
1388 3100 1740 3155 sacramentis
1786 3100 1875 3154 ab-

268 3190 473 3255 scedat,
507 3206 686 3261 neque
715 3189 985 3260 pauitans
1013 3189 1193 3243 minus
1214 3188 1599 3244 reconciliatus
1619 3186 1869 3253 deficiat;

269 3284 320 3332 et
364 3285 565 3333 catera
619 3277 729 3331 illic
783 3276 1000 3332 interim
1056 3274 1277 3331 deﬁnite
1336 3293 1457 3347 qua
1511 3276 1580 3330 ad
1637 3275 1874 3346 speciale

265 3365 543 3435 pertinent
570 3365 952 3435 episcoporum
970 3364 1227 3420 ofﬁcium.
1258 3365 1328 3419 At
1370 3380 1501 3419 vero
1530 3363 1576 3417 si
1605 3371 1755 3435 pater
1784 3363 1872 3416 in-

267 3453 596 3508 obedientia
630 3452 708 3508 sic
734 3460 947 3507 mentes
994 3469 1183 3508 eorum
1237 3452 1529 3521 obsederit,
1561 3459 1619 3507 ut
1646 3450 1872 3506 obedire

266 3541 490 3596 omnino
520 3541 840 3612 despiciant,
875 3549 1045 3596 restat
1078 3549 1137 3596 ut
1166 3556 1233 3597 eo
1288 3541 1378 3613 qui
1435 3539 1742 3596 obaudierit
1770 3538 1872 3593 be-

265 3629 489 3702 nignius
549 3636 780 3685 tractato
804 3670 819 3698 ,
867 3629 959 3701 qui
1010 3637 1309 3701 pranotato
1366 3637 1614 3699 tempore
1672 3643 1745 3682 ex
1787 3627 1873 3681 his

266 3718 522 3773 omnibus
551 3716 810 3786 abfuerit,
841 3726 966 3788 post
995 3716 1611 3773 excommunicationem
1658 3715 1873 3771 noverit

268 3822 327 3861 se
354 3806 711 3861 anathematis
741 3806 927 3878 gladio
957 3806 1312 3877 puniendum.
1334 3805 1455 3873 Qua
1481 3805 1550 3859 de
1595 3821 1657 3861 re
1677 3804 1873 3875 pravi-

268 3893 451 3949 dimus
480 3895 598 3950 hac
628 3895 809 3949 omnia
837 3901 967 3949 nota
1011 3893 1189 3950 facere
1234 3894 1413 3959 vobis,
1447 3901 1508 3948 ut
1541 3908 1607 3948 ea
1637 3891 1874 3949 scientes

270 3983 337 4038 ad
365 3982 609 4038 omnium
639 3983 888 4037 notitiam
921 3982 1206 4053 perferatis
1227 4025 1243 4048 ,
1278 3990 1331 4037 et
1360 3983 1467 4037 hoc
1496 3983 1568 4037 ad
1596 3981 1743 4052 quod
1771 3982 1874 4035 de-

269 4070 544 4128 crevimus
582 4071 846 4125 exhortati
912 4086 1250 4143 magnopere
1295 4069 1578 4125 studeatis.
1624 4068 1783 4137 Quod
1829 4068 1875 4122 si

268 4175 366 4215 vos
393 4175 506 4215 non
553 4159 842 4224 audierint,
897 4176 1013 4216 non
1062 4160 1217 4215 enim
1241 4199 1255 4228 ,
1288 4165 1346 4212 ut
1391 4158 1494 4213 Dei
1522 4157 1591 4212 ad
1619 4156 1874 4213 Ezechiel

270 4262 403 4303 voce
424 4247 692 4313 dicamus,
712 4250 914 4304 volunt
940 4248 1141 4303 audire
1156 4264 1270 4313 vos,
1294 4247 1426 4319 quia
1444 4248 1654 4302 nolunt
1674 4246 1875 4301 audire

269 4352 370 4392 nos
428 4337 651 4405 (Ezech.
685 4336 791 4407 ιιι),
823 4335 1016 4391 habete
1064 4335 1207 4404 illos,
1260 4343 1313 4390 et
1359 4333 1645 4389 habendos
1674 4333 1875 4404 ubique

1471 261 1830 319 EPISTOLlE
1884 262 1973 316 ET
2028 260 2374 317 DECRETA.

1889 385 1945 446 A
1964 383 2098 439 tanti
2142 384 2266 438 mali
2309 382 2619 439 auctoribus
2662 391 2787 437 sunt
2816 381 3047 437 nexibus
3075 381 3286 447 irretiti,
3318 398 3429 438 non
3458 398 3555 437 so-

3451 260 3557 314 706

1963 472 2075 526 lum
2104 472 2173 526 ab
2203 487 2394 527 eorum
2424 486 2524 526 vos
2566 471 2946 527 communione
2972 486 3202 540 prorsus
3230 478 3427 539 arcete,
3459 470 3558 525 sed

1964 567 2018 614 et
2045 560 2116 614 ab
2153 559 2405 614 omnibus
2435 560 2525 630 qui
2564 559 2645 613 eis
2691 558 3206 614 communicaverint
3236 558 3384 627 (sunt
3413 558 3560 612 enim

1964 647 2079 718 pari
2108 663 2299 702 omnes
2345 647 2675 717 obligatione
2703 646 3019 714 constricti).
3053 645 3319 716 Optamus
3359 646 3560 701 sancti-

1965 742 2148 801 tatem,
2211 743 2314 790 etc.
2374 736 2512 791 Data
2570 735 2796 790 Kalend.
2866 734 3203 799 Decembris,
3255 734 3561 790 indictione

1967 822 2199 879 decima.

2695 912 2857 966 LIII.‘

2412 1014 2484 1054 AD
2522 1015 2745 1054 DELTUM
2781 1014 3111 1055 EPISCOPUM.

2583 1090 2765 1159 (Anno
2803 1088 2953 1158 876.)

1972 1198 2037 1254 Ut
2070 1199 2186 1253 vice
2207 1196 2526 1268 apostolica:
2546 1195 2691 1268 sedis
2711 1196 2954 1268 fungens
2987 1195 3240 1268 Venetia:
3257 1197 3477 1268 pergat,
3503 1197 3560 1249 et

2041 1265 2321 1352 episcopos
2377 1269 2499 1352 ejus
2546 1266 2789 1352 regionis
2830 1267 3059 1352 Damam
3114 1265 3186 1319 ad
3227 1265 3555 1332 cancilium,

2036 1337 2187 1394 sicut
2209 1337 2485 1409 iusserat,
2520 1337 2710 1390 venire
2740 1337 2940 1405 faciat.

2036 1447 2291 1500 JOANNES
2322 1440 2768 1497 reverentissimo
2801 1440 2989 1493 DELTO
3020 1439 3296 1509 episcopo.

2039 1536 2166 1589 Tua
2208 1530 2512 1586 dilectionis
2540 1527 2838 1583 sinceritati
2881 1526 3168 1597 pastoralis
3215 1526 3374 1584 ofﬁcii
3405 1528 3565 1584 nobis

1970 1620 2333 1678 sollicitudine
2375 1620 2594 1687 juncta,
2656 1632 2821 1688 quam
2878 1616 2932 1670 in
2988 1615 3323 1671 consortium
3390 1616 3564 1671 nostri

1892 1727 1947 1788 Β
1970 1710 2175 1765 laboris
2192 1708 2461 1763 asciscere
2481 1704 2844 1773 decrevimus,
2872 1704 3149 1775 cognitum
3170 1703 3419 1773 facimus,
3440 1704 3568 1775 quia

1970 1801 2159 1854 Petrus
2189 1793 2674 1852 reverendissimus
2703 1792 3049 1847 Venetiarum
3078 1792 3448 1862 metropoleos
3476 1809 3568 1847 an-

1966 1888 2141 1952 tistes,
2174 1885 2357 1940 multis
2398 1880 2862 1954 suﬁ'raganeorum
2904 1895 3123 1934 suorum
3153 1888 3411 1951 gravatus
3441 1897 3566 1936 mo-

1962 1975 2160 2041 lestiis,
2194 1981 2247 2028 et
2276 1970 2554 2027 canonica
2591 1967 2962 2025 constitutioni
2989 1968 3416 2038 repugnantibus
3445 1985 3567 2023 ma-

1962 2064 2030 2118 lis
2059 2077 2374 2133 oppressus,
2408 2058 2613 2131 delegit
2663 2058 2827 2114 corde
2856 2057 3056 2111 devoto
3086 2063 3393 2111 sanctorum
3427 2072 3569 2127 apo-

1966 2152 2227 2206 stolorum
2264 2149 2408 2203 Petri
2456 2155 2510 2202 et
2542 2146 2695 2201 Pauli
2723 2145 2790 2199 ad
2820 2144 3007 2198 limina
3051 2160 3372 2214 properare,
3406 2144 3568 2200 inde-

1967 2255 2073 2311 que
2102 2238 2291 2293 salutis
2346 2244 2397 2292 et
2427 2243 2622 2307 Optata
2653 2233 3042 2289 consolationis
3068 2248 3228 2303 opem
3256 2232 3566 2304 percipere,

1966 2327 2060 2382 ubi
2090 2326 2253 2381 totius
2283 2324 2555 2381 Ecclesia
2582 2322 2829 2378 Christus
2857 2323 3005 2377 Deus
3036 2329 3224 2376 noster
3251 2320 3573 2376 fundamen—

1966 2424 2080 2469 tum
2108 2414 2327 2478 locavit,
2361 2421 2413 2467 et
2444 2410 2728 2483 religionis
2772 2418 2932 2481 atque
2973 2408 3195 2477 justitia
3223 2417 3383 2480 caput
3410 2409 3571 2464 insti-

1967 2501 2085 2557 tuit.
2117 2503 2184 2557 Et
2212 2501 2336 2556 ideo
2384 2499 2737 2571 querimoniis
2785 2499 2898 2566 ejus
2930 2513 3093 2551 aures
3133 2496 3435 2553 clementia
3465 2513 3571 2552 no-

1969 2598 2114 2657 stra,
2148 2589 2341 2644 litteris
2389 2595 2498 2642 tam
2549 2586 2653 2657 ipsi
2683 2588 2825 2642 Ursa
2872 2584 3220 2639 Venetiarum
3253 2583 3377 2639 duci
3408 2599 3570 2656 quam

1969 2676 2331 2748 suﬂ‘raganeis
2361 2677 2479 2745 ejus
2510 2673 2803 2745 episcopis,
2836 2688 3065 2744 quorum
3098 2688 3230 2727 sane
3259 2671 3573 2727 inobedien-

1969 2770 2041 2820 tia
2068 2774 2119 2820 et
2148 2764 2451 2820 temeritate
2482 2763 2775 2819 canonicus
2804 2761 2964 2832 vigor
2993 2759 3273 2826 confusus,
3308 2759 3573 2815 Ecclesia

1969 2854 2071 2908 Dei
2124 2860 2363 2924 potestas
2412 2851 2700 2919 exinanita,
2763 2858 2816 2904 et
2872 2849 3288 2919 metropolitana
3334 2847 3572 2920 dignitas

1971 2949 2226 3013 corrupta
2256 2940 2455 3007 existit,
2487 2948 2546 2993 ut
2572 2938 2628 2992 in
2659 2944 2957 3007 conspectu
3005 2944 3196 2991 nostro
3235 2935 3574 3006 apostolica-

1896 3073 1946 3137 α
1973 3047 2076 3102 que
2109 3030 2255 3084 sedis
2284 3027 2595 3099 prasentia,
2626 3025 2913 3096 utriusque
2942 3025 3114 3095 partis
3143 3023 3434 3094 prasentia
3461 3022 3575 3078 exi-

1982 3127 2045 3137 ,._
2078 3126 2142 3137 ,._
2203 3114 2397 3137 1!._m:_
2435 3116 2671 3137 J3---_-_-
2730 3113 2890 3137 (2..-...
2928 3130 3100 3137 -----..
3148 3112 3384 3137 ,Ιλῑάιηκ
3420 3125 3573 3137 ...ιλ-..Α

1974 3126 2169 3184 stente,
2202 3114 2404 3188 liteque
2429 3116 2694 3180 discussa,
2730 3113 2895 3169 ﬁnem
2923 3130 3103 3168 causa
3144 3112 3388 3167 debitum
3420 3125 3575 3183 aquo

1970 3207 2377 3278 imponeremus
2408 3203 2714 3267 libramine,
2752 3202 2960 3257 litteras
2991 3209 3203 3255 nostras
3232 3200 3527 3255 direximus
3554 3217 3570 3265 ;

1973 3295 2071 3349 sed
2100 3295 2217 3364 ipse
2248 3294 2357 3347 dux
2389 3289 2755 3346 excusationis
2784 3289 2950 3343 verba
2980 3288 3157 3357 potius
3182 3303 3348 3357 quam
3378 3285 3579 3357 quasi-

1973 3390 2058 3437 tas
2087 3398 2120 3437 a
2149 3381 2306 3436 nobis
2350 3394 2616 3450 personas
2664 3384 2866 3431 statuto
2914 3383 3156 3445 tempore
3185 3374 3371 3429 maluit
3399 3372 3574 3429 desti-

1971 3485 2126 3525 nare.
2159 3468 2314 3524 Unde
2362 3466 2613 3521 nolentes
2641 3463 2926 3534 prafatum
2958 3462 3179 3518 fratrem
3207 3470 3260 3517 et
3289 3461 3572 3532 coepisco-

1971 3574 2101 3628 pum
2131 3564 2378 3611 nostrum
2402 3555 2611 3624 absque
2640 3551 3012 3607 consolatione
3032 3550 3213 3606 debita
3230 3550 3568 3621 relinquere,

1973 3645 2075 3699 rati
2103 3660 2293 3699 sumus
2340 3650 2392 3697 te
2439 3641 2558 3696 vice
2603 3647 2787 3695 nostra
2830 3638 2957 3694 illuc
2997 3638 3259 3710 dirigere,
3307 3645 3575 3710 quatenus

1971 3733 2156 3788 divino
2208 3730 2379 3786 fretus
2422 3728 2621 3784 auxilio
2670 3743 2737 3782 ea
2783 3743 2905 3798 qua
2951 3726 3208 3797 pradicto
3256 3724 3414 3781 fratri
3450 3732 3577 3780 sunt

1973 3820 2279 3876 necessaria
2306 3818 2600 3889 prudenter
2625 3831 2859 3888 peragas
2885 3822 2938 3870 et
2960 3830 3086 3870 cum
3127 3813 3346 3869 Domini
3379 3814 3575 3869 timore

1973 3916 2171 3965 cuncta
2214 3906 2487 3977 perficies.
2518 3906 2631 3959 Has
2660 3903 2824 3975 igitur
2863 3902 3196 3973 apostolatus
3224 3901 3397 3957 nostri
3426 3902 3576 3957 litte-

1972 4013 2061 4051 ras
2118 3994 2412 4065 accipiens,
2465 4010 2566 4064 pro
2614 3992 2841 4047 utilitate
2889 3998 2942 4046 et
2970 3990 3144 4046 salute
3182 3989 3447 4047 Ecclesia
3475 3989 3578 4046 Dei

1974 4100 2075 4140 ceu
2103 4084 2333 4138 idoneus
2355 4081 2555 4137 Christi
2580 4080 2739 4135 miles
2768 4080 3024 4135 laborare
3055 4085 3244 4151 satage
3269 4098 3283 4146 ;
3317 4078 3578 4150 quoniam

1975 4172 2190 4228 dicente
2222 4170 2484 4241 Apostolo
2514 4170 2567 4239 (Ι
2597 4169 2779 4224 Thess.
2814 4169 2896 4238 ιι),
2929 4168 3084 4222 labor
3120 4175 3309 4222 noster
3338 4183 3448 4223 non
3479 4165 3579 4221 erit

1973 4261 2148 4315 inanis
2176 4260 2230 4313 in
2262 4258 2496 4313 Domino
2520 4276 2535 4324 ;
2570 4264 2623 4311 et
2652 4257 2699 4311 si
2729 4255 2863 4312 socii
2901 4272 3085 4310 sumus
3114 4255 3337 4319 laboris,
3372 4254 3579 4309 erimus

1974 4347 2221 4421 profecto
2250 4354 2302 4401 et
2331 4344 2737 4401 consolationis.
2770 4343 2983 4398 Christo
3014 4342 3179 4414 igitur
3208 4342 3364 4409 duce,
3400 4342 3580 4397 Vene-

270 4424 447 4478 modis
477 4424 728 4479 omnibus
756 4424 1071 4495 pradicate,
1117 4423 1257 4480 sicut
1311 4423 1577 4478 Dominus
1608 4421 1869 4493 pracepit

1978 4437 2111 4491 tiam
2138 4451 2329 4507 perge,
2362 4436 2611 4504 Ursoque
2642 4430 2767 4487 duci
2796 4430 3082 4500 epistolam
3121 4429 3444 4484 destinatam
3476 4430 3580 4483 tri-

270 4512 459 4566 haberi
477 4528 601 4567 eum
622 4513 713 4584 qui
727 4513 1032 4567 Ecclesiam
1048 4528 1157 4566 non
1177 4511 1409 4567 audierit
1425 4510 1644 4581 (Matth.
1669 4509 1836 4581 xvm)
1861 4528 1876 4575 ;

271 4601 609 4656 tantumdem
631 4608 714 4656 est
743 4601 792 4655 si
818 4600 1047 4667 dicatur,
1064 4600 1218 4656 sicuti
1246 4616 1346 4656 nos
1375 4616 1470 4655 eos
1492 4599 1683 4654 haberi
1704 4598 1875 4671 [Edit.

273 4691 427 4745 Rom.
491 4688 670 4753 addit.
705 4688 892 4760 supra]
924 4688 1239 4744 decrevisse
1295 4686 1745 4759 signiﬁcavimus.
1779 4686 1877 4741 Vi-

272 4776 395 4831 dete
440 4785 619 4832 autem
652 4818 666 4845 ,
696 4794 768 4833 ne
815 4793 1053 4848 persona
1107 4776 1263 4832 vobis
1321 4775 1576 4847 qualibet
1605 4774 1878 4830 silentium

270 4864 447 4936 possit
491 4865 914 4949 imponere,.ne,
962 4865 1109 4938 quod
1135 4865 1291 4931 absit,
1340 4872 1600 4937 tanquam
1642 4863 1875 4920 idolola-

273 4961 366 5010 tra
388 4954 728 5023 judicemini.
759 4957 859 5011 Est
898 4956 1071 5020 enim,
1107 4953 1359 5010 Samuele
1398 4954 1680 5019 edocente,
1715 4954 1880 5025 quasi

272 5043 456 5099 scelus
486 5043 845 5109 idololatria,
879 5044 1032 5100 nolle
1069 5043 1421 5116 acquiescere
1453 5043 1554 5113 (III
1578 5045 1704 5112 Reg.
1752 5042 1873 5111 xv).

273 5130 328 5186 Si
352 5138 619 5201 praeterea
655 5130 804 5186 Felix
833 5132 922 5188 vel
972 5133 1163 5187 Petrus
1220 5130 1610 5201 impedimento
1639 5128 1875 5185 inevita-

269 5217 364 5272 bili
392 5218 718 5289 prohibitus,
753 5235 862 5275 non
890 5220 1115 5285 venerit,
1145 5219 1400 5274 idoneum
1432 5219 1608 5274 virum
1656 5233 1725 5272 ex
1753 5216 1876 5271 dia-

270 5306 500 5362 conibus
526 5306 792 5364 Ecclesia
824 5324 938 5364 sua
967 5308 1143 5363 mittat
1183 5323 1281 5378 per
1335 5306 1514 5362 omnia
1563 5306 1714 5363 vices
1745 5319 1875 5360 suas

272 5395 636 5466 supplentem.
667 5396 786 5450 Iam
815 5412 947 5451 vero
977 5397 1023 5451 si
1054 5411 1271 5468 quoquo
1326 5395 1489 5451 modo
1520 5394 1794 5466 potuerint
1823 5400 1881 5448 et

274 5490 565 5559 noluerint,
599 5492 728 5565 quia
754 5493 961 5551 idcirco
996 5492 1573 5552 excommunicationis
1617 5507 1724 5548 una
1751 5506 1879 5548 cum

1979 4526 2104 4591 bue,
2140 4539 2369 4593 eamque
2416 4529 2474 4576 ut
2499 4519 2721 4575 auribus
2764 4517 3021 4573 audiendi
3065 4517 3263 4583 audiat,
3313 4516 3579 4573 instanter

1977 4613 2229 4676 admone,
2265 4626 2334 4664 ne
2364 4608 2576 4664 statutis
2620 4605 2930 4678 apostolica
2957 4605 3107 4660 sedis
3135 4605 3409 4671 resistere,
3446 4604 3578 4677 quin

1978 4700 2160 4773 potius
2189 4697 2381 4753 humili
2409 4696 2573 4754 corde
2615 4694 2841 4752 obedire
2873 4702 3147 4765 procuret.
3177 4692 3415 4748 Alteram
3445 4709 3579 4749 vero

1978 4787 2263 4860 epistolam
2305 4786 2472 4842 Felici
2527 4793 2728 4841 sancta
2785 4783 3046 4839 Ecclesia
3108 4780 3418 4853 Equilensis
3464 4781 3581 4852 epi-

1979 4892 2166 4948 scopo,
2200 4892 2365 4947 quem
2414 4875 2483 4929 ad
2511 4890 2613 4929 nos
2642 4873 2830 4930 venire
2868 4872 3144 4941 jubemus.
3178 4870 3417 4925 Tertiam
3447 4885 3584 4941 quo-

1979 4982 2085 5037 que
2115 4963 2401 5020 Dominico
2433 4961 2764 5018 Olivolensis
2783 4959 3050 5016 Ecclesia
3071 4967 3124 5014 et
3143 4958 3310 5014 Leoni
3339 4959 3583 5029 Capren-

1977 5054 2054 5108 sis
2101 5052 2385 5118 Ecclesia,
2437 5049 2710 5121 episcopis
2751 5064 2890 5119 quos
2936 5048 3009 5102 ibi
3057 5063 3279 5103 manere
3308 5047 3578 5113 volumus,

1978 5141 2166 5212 eisque
2217 5148 2272 5194 ut
2300 5141 2356 5194 in
2383 5138 2471 5193 his
2502 5154 2623 5209 qua
2652 5136 2755 5192 Dei
2786 5144 2911 5191 sunt
2942 5144 2995 5192 te
3021 5134 3256 5192 ﬁdeliter
3302 5136 3579 5206 adjuvent,

1975 5228 2353 5299 pracepimus,
2410 5226 2607 5281 tribue.
2635 5224 2897 5293 Quartam
2928 5240 3061 5281 vero
3088 5223 3375 5280 Dominico
3404 5223 3581 5281 electo

1977 5316 2241 5372 Ecclesia
2286 5313 2650 5370 Torcellensis
2698 5313 2832 5368 dare
2861 5328 3134 5384 procura;
3168 5328 3373 5384 eosque
3417 5312 3583 5367 terri-

1976 5404 2155 5458 biliter
2182 5403 2504 5459 obtestando
2533 5410 2693 5474 atque
2715 5401 2957 5471 jubendo
2988 5401 3210 5456 easdem
3239 5400 3496 5473 epistolas
3525 5402 3582 5456 in

1977 5500 2273 5564 conspectu
2303 5491 2465 5548 totius
2495 5490 2761 5548 Ecclesia
2790 5498 2845 5546 et
2869 5489 3076 5562 populi,
3108 5496 3274 5562 teque
3312 5498 3582 5562 prasente
