4020 6178
375 339 388 346 -
456 255 564 310 707

1736 251 2034 310 JOANNIS
2089 251 2286 306 PAPE
2339 251 2486 308 VIII.

3681 257 3782 318 ’108

455 378 642 451 legere
673 377 838 434 facito
870 396 883 432 :
915 379 1112 450 quibus
1133 377 1390 434 nimirum
1413 377 1670 448 perlectis
1701 385 1808 432 tam
1836 377 2060 432 eosdem
2089 375 2326 436 Asedis.
2361 377 2722 432 Acimundum
2753 379 2962 434 scilicet
2983 385 3036 434 et
3051 379 3400 450 Walpertum
3419 379 3770 435 venerabiles

455 469 744 538 episcopos
792 468 1154 536 supradictos,
1211 468 1317 520 hoc
1349 473 1432 520 est
1463 466 1682 520 felicem
1713 474 1738 500 ³
1769 467 2071 530 Μειθωθιιτ-

453 563 684 622 tensem,
717 563 772 609 et
801 555 1018 609 Petrum
1065 553 1441 625 Aquilensem,
1471 554 1782 624 episcopos,
1819 569 1924 608 nec
1961 569 2071 608 non

454 644 801 699 Laurentium
833 642 1273 698 archidiaconum
1308 641 1610 696 Gradensis
1641 641 1927 708 Ecclesiae,
1965 640 2070 700 ab:

455 733 636 786 batem
687 730 920 787 casnobii
966 729 1282 796 Altinensis,
1331 729 1777 785 archidiaconum
1835 727 2070 784 Roscel-

455 821 688 882 lensem,
725 827 778 873 et
806 819 1340 888 archipresbyterum
1390 817 1756 883 Gradensem,
1808 833 1936 872 cum
1967 831 2072 870 ne-

453 919 580 980 pote
611 923 709 962 suo
741 907 1028 962 Laurentio
1059 907 1288 961 Romam
1317 905 1372 960 in
1401 907 1752 976 praesentiam
1797 913 2068 970 nostram,

455 1013 522 1053 ex
549 1004 741 1051 nostra
791 995 1092 1066 apostolica
1149 995 1472 1050 auctoritate
1523 995 1706 1050 Idibus
1735 993 2065 1059 Februariis,

460 1085 610 1140 omni
638 1100 795 1140 mora
825 1083 912 1140 vel
957 1083 1250 1139 occasione
1299 1082 1619 1154 postposita,
1654 1081 1956 1138 secundum
1985 1089 2072 1136 te-

459 1189 654 1228 norem
703 1171 947 1242 epistolm
991 1179 1194 1226 nostra;
1245 1170 1430 1226 venire
1475 1170 1729 1240 praecipe.
1774 1170 1914 1224 Nam
1943 1168 1988 1222 si
2017 1168 2074 1222 in

463 1259 744 1332 praedictis
779 1259 962 1314 Idibus
1011 1259 1198 1314 venire
1247 1257 1492 1330 quolibet
1537 1257 1701 1312 modo
1744 1256 2070 1323 distulerint,

465 1349 641 1404 sciant
671 1363 732 1404 se
760 1347 909 1402 omni
954 1346 1326 1402 ecclesiastica
1371 1345 1754 1402 communione
1800 1361 1924 1400 esse
1949 1344 2073 1414 pri-

463 1445 638 1504 vatos,
690 1443 854 1506 atque
906 1433 1268 1488 anathematis
1315 1433 1548 1489 vinculis
1589 1433 1892 1502 innodatos,
1939 1447 2077 1504 quo-

469 1539 646 1595 usque
699 1522 905 1578 nostris
933 1539 993 1577 se
1036 1521 1316 1577 obtutibus
1365 1529 1695 1592 praesentare
1737 1520 2070 1576 curaverint.

467 1611 720 1682 Cumque
765 1610 945 1666 omnia
987 1611 1139 1678 juxta
1187 1617 1389 1665 nostrae
1416 1609 1800 1680 praeceptionis
1827 1607 2076 1664 affectum

2170 463 2460 534 episcopos
2477 466 2704 522 dilectos
2731 475 2952 522 nostros
2981 467 3052 522 ad
3081 475 3226 522 tuam
3255 469 3602 522 nobilitatem
3629 467 3772 522 dire-

2171 551 2368 618 ximus,
2393 561 2452 608 ut
2479 555 2534 607 hi
2557 555 2704 624 quod
2724 555 2927 627 pagina
2947 555 3156 611 reticuit
3185 556 3306 612 viva
3333 571 3472 611 voce
3489 556 3773 626 loquentes

2171 639 2406 706 edicant,
2439 649 2492 696 et
2523 650 2856 698 revertentes
2903 643 2972 698 de
3001 651 3095 698 tua
3141 643 3522 700 benevolentia
3555 657 3656 698 nos
3685 643 3773 698 lte-

2171 727 2336 782 tiores
2381 728 2633 784 eﬂiciant.
2681 731 2816 786 Data
2853 747 2951 786 xxx
2998 731 3275 787 Kalendas
3315 731 3582 797 Januarii,
3631 729 3774 786 indi-

2174 816 2353 872 ctione
2383 817 2616 874 decima.

2912 925 3020 980 LV.

2315 1043 2387 1084 AD
2427 1045 2768 1086 GUAIFERIUM
2815 1046 3118 1086 PRINCIPEH

2788 1137 2968 1204 (Anno
3007 1136 3160 1206 876.)

2171 1239 2390 1294 Laudat
2415 1241 2696 1314 ejusﬁdei
2723 1243 3108 1298 constantiam
3139 1257 3272 1314 erga
3299 1242 3492 1314 sedem
3518 1242 3780 1312 apostoli—

2242 1325 2368 1396 cam
2387 1330 2404 1365 :
2421 1312 2692 1396 Adelgisii
2720 1314 3144 1396 etcomplie'um
3159 1312 3408 1396 fraudes
3429 1312 3776 1396 detestatur,

2241 1395 2516 1453 suumque
2584 1385 2640 1436 et
2713 1383 2965 1438 aliarum
3037 1383 3424 1438 Ecclesiarum
3483 1383 3778 1436 auxilium

2243 1454 2444 1536 contra
2499 1451 2806 1536 Saracenos
2849 1455 2904 1536 ei
2943 1454 3266 1536 pollicetur,
3315 1453 3778 1536 etnhortaturut

2241 1521 2306 1574 in
2333 1521 2441 1588 ﬁde
2472 1523 2762 1592 persistat,
2796 1521 2968 1594 atque
3013 1525 3334 1595 episcopum
3365 1523 3778 1579 Surrentinum

2243 1590 2316 1645 ad
2341 1607 2402 1646 se
2429 1594 2650 1648 mittat.

3175 1045 3636 1086 SALERNITANUH.

469 1699 565 1770 pia
594 1708 648 1754 et
675 1698 826 1754 fideli
855 1698 1148 1754 devotione
1179 1698 1557 1768 compleveris,
1589 1698 1658 1752 ad
1689 1697 1950 1752 Ecclesia:
1973 1704 2077 1751 tuae
2107 1723 2161 1784 B
2242 1699 2498 1753 JOANNES
2563 1697 2852 1770 episcopus
2901 1697 3212 1753 Gaurano
3255 1697 3494 1770 principi
3533 1697 3779 1754 Salerni-

459 1795 736 1843 revertere
765 1787 1064 1858 gremium,
1087 1785 1352 1858 nobisque
1383 1787 1486 1840 sub
1516 1785 1842 1842 certitudine
1869 1792 2066 1840 cuncta

457 1876 766 1931 renuntiare
797 1891 906 1930 non
933 1875 1176 1930 differas.
1209 1875 1276 1930 Ut
1305 1874 1352 1928 si
1382 1875 1452 1930 de
1471 1881 1670 1930 caetero
1694 1873 1874 1945 aliqua
1900 1889 2066 1944 super

455 1964 541 2018 his
571 1963 786 2036 agenda
815 1964 922 2018 sint
957 1963 1183 2018 arbitrio
1212 1962 1422 2029 solerti,
1453 1971 1510 2018 ut
1539 1977 1672 2018 cura
1703 1961 1884 2018 debita
1912 1959 2064 2017 solli-

455 2052 616 2106 citius
647 2053 764 2107 Deo
795 2051 1033 2124 propitio
1063 2065 1416 2122 peragamus.

1192 2201 1328 2258 LIV.

881 2331 954 2370 AD
993 2329 1330 2372 LAHBEBTUI
1370 2329 1638 2370 COHITEH.

1070 2431 1252 2501 (Anno
1307 2429 1456 2499 8'76.)

461 2556 870 2634 Ut_con_tpescat
901 2554 1004 2634 sibi
1034 2555 1309 2634 subjectos
1341 2569 1376 2608 a
1403 2553 1584 2634 malis
1603 2567 1740 2634 qua}.
1770 2554 2066 2634 perpetra-

529 2622 702 2697 bant,-
735 2641 868 2697 quos
898 2625 948 2680 si
981 2622 1283 2697 emendare
1331 2639 1446 2679 non
1485 2622 1758 2697 potuerit,
1808 2622 2068 2697 minatur

527 2695 659 2750 illos
709 2693 767 2749 se
808 2695 1447 2750 excommunicaturum
1479 2693 1502 2748 Ξ
1531 2693 1732 2763 legatis
1781 2693 1970 2747 multa
2015 2693 2068 2746 ei

527 2766 654 2819 viva
683 2781 812 2823 voce
841 2765 1143 2836 referenda
1173 2781 1232 2820 se
1263 2765 1591 2835 injunxisse
1619 2763 1929 2833 signiﬁcat.

525 2915 782 2968 JOANNES
819 2913 1108 2984 episcopus
1135 2915 1438 2968 Lunan'ro
1469 2912 1672 2968 comiti.

529 3019 614 3073 Ab
643 3018 796 3088 olim,
831 3019 877 3072 si
915 3018 1240 3086 recordaris,
1293 3018 1525 3074 salutem
1567 3025 1710 3072 tuam
1741 3025 1902 3090 atque
1933 3032 2068 3088 pro-

472 3107 676 3162 fectum
721 3105 1116 3176 desiderantes,
1149 3115 1202 3162 et
1229 3106 1406 3162 anima
1453 3115 1506 3162 te
1537 3105 1754 3172 salvari,
1789 3113 1842 3160 et
1869 3121 2072 3177 corpo-

483 3194 596 3250 reis
624 3194 924 3250 honoribus
969 3194 1232 3249 cumulari
1281 3195 1630 3265 quaesivimus
1659 3203 1712 3250 et
1748 3194 2073 3265 optavimus.

369 3303 374 3308 ·
469 3283 539 3336 Et
583 3283 714 3353 quia
763 3299 908 3338 nunc
953 3283 1123 3338 multo
1165 3281 1398 3353 amplius
1445 3283 1548 3338 hoc
1593 3299 1754 3354 quam
1801 3283 1970 3354 prius,
2003 3281 2080 3336 lili

468 3371 816 3438 charissima,
841 3372 1110 3438 volumus,
1143 3373 1287 3427 scias
1317 3379 1547 3442 paterno
1577 3369 1774 3428 affectu
1797 3387 1828 3426 a
1848 3370 2006 3426 nobis
2027 3379 2079 3425 te

468 3459 626 3532 diligi
658 3467 712 3514 et
739 3467 799 3514 ut
829 3460 1162 3530 spiritualem
1181 3459 1350 3514 ﬁlium
1379 3475 1608 3530 prorsus
1636 3459 1910 3530 amplecti,
1945 3473 2080 3530 quo-

465 3547 616 3601 niam
647 3547 912 3602 honorem
942 3555 1104 3619 atque
1137 3555 1286 3602 tuum
1315 3547 1618 3618 profectum
1663 3555 1904 3602 nostram
1948 3547 2074 3617 glo-

457 3635 594 3690 riam
625 3651 747 3691 esse
779 3645 1050 3706 putamus,
1079 3645 1130 3690 et
1150 3637 1220 3691 de
1242 3645 1348 3690 tuae
1369 3635 1747 3706 prosperitatis
1777 3643 2074 3706 augmento

459 3723 514 3778 in
565 3723 798 3779 Domino
850 3723 1184 3796 gratulamur
1217 3743 1230 3779 :
1261 3724 1406 3779 unde
1459 3732 1513 3778 et
1541 3732 1598 3778 tu
1631 3739 1738 3778 non
1781 3723 2074 3779 immemor

457 3811 652 3877 nostri,
707 3827 992 3884 rogamus,
1025 3819 1084 3866 ut
1115 3827 1333 3882 semper
1363 3821 1416 3866 et
1443 3819 1502 3865 ut
1531 3811 1616 3865 his
1645 3827 1765 3882 quas
1795 3812 2065 3878 volumus,

463 3907 517 3954 et
546 3915 670 3968 quae
716 3907 964 3952 nostrum
993 3899 1062 3953 de
1095 3899 1201 3952 tuis
1233 3899 1541 3954 hominibus
1577 3897 1913 3968 pontificium
1941 3899 2068 3970 pul-

462 3993 610 4050 sant,
641 3985 932 4040 emendare
980 3986 1291 4040 nullatenus
1331 3987 1748 4056 prmtermittas;
1781 4001 1890 4041 non
1921 3987 2067 4041 enim

461 4087 750 4143 speramus
780 4080 836 4126 ut
867 4073 998 4127 talia
1029 4073 1172 4129 scias
1204 4074 1386 4145 qualia
1413 4073 1480 4128 ab
1511 4074 1718 4129 eisdem
1749 4075 1856 4128 tuis
1885 4075 2066 4129 homi-

457 4161 622 4215 nibus
651 4161 706 4214 in
747 4161 950 4216 nostris
999 4159 1198 4216 ﬁnibus
1239 4170 1642 4234 perpetrantur.
1690 4163 1824 4232 Quae
1852 4171 2064 4234 oportet

458 4248 690 4322 gloriam
721 4257 868 4304 tuam
899 4250 1144 4305 studiose
1173 4251 1471 4322 inquirere,
1507 4260 1578 4318 et,
1614 4251 1750 4306 sicut
1773 4252 2060 4318 condecet,

457 4353 560 4409 pro
591 4339 690 4393 Dei
719 4345 774 4393 et
803 4345 992 4394 nostro
1021 4355 1206 4394 amore
1239 4341 1388 4394 omni
1427 4339 1712 4396 conamine
1742 4340 2053 4404 emendare,

2102 3069 2150 3133 Ο

2167 1795 2316 1842 tano.

2239 1873 2505 1930 Gloriosa:
2563 1873 2830 1928 nobilitati
2885 1881 3098 1938 vestrae,
3187 1887 3350 1946 quam
3405 1873 3779 1946 spiritualibus

2166 1963 2311 2019 ulnis
2357 1962 2734 2034 amplectimur
2762 1969 2816 2016 et
2843 1961 3150 2018 dilectionis
3195 1977 3416 2032 semper
3443 1962 3669 2016 sinibus
3699 1961 3780 2018 fo-

2168 2067 2300 2108 vere
2331 2066 2440 2106 non
2489 2050 2813 2106 mediocrite
2857 2050 3194 2120 anhelamus,
3238 2049 3548 2121 condignas
3581 2049 3781 2121 gratias

2173 2139 2406 2212 agimus,
2441 2137 2697 2209 quoniam
2725 2137 2780 2192 in
2811 2135 2938 2193 ﬁdei
2975 2146 3128 2209 petra
3175 2145 3418 2193 statuens
3457 2139 3784 2194 constantia

2177 2227 2368 2298 pedes,
2401 2241 2502 2282 nec
2530 2225 2861 2292 ﬂuminibus,
2893 2241 2996 2281 nec
3033 2225 3210 2280 ventis
3237 2225 3590 2282 diversorum
3623 2243 3784 2282 even-

2171 2323 2324 2370 tuum
2353 2313 2557 2384 impetu
2605 2313 2776 2384 potuit
2805 2328 2837 2368 a
2867 2313 3166 2369 stabilitate
3195 2329 3292 2368 sua
3321 2314 3600 2385 demergi,
3637 2314 3726 2370 vel
3753 2329 3786 2369 ι

2173 2401 2333 2456 nobis
2381 2401 2638 2472 praestitis
2685 2401 3066 2472 sponsionibus
3113 2401 3454 2472 aliquatenus
3494 2402 3782 2468 amoveri;

2173 2487 2396 2544 fundata
2427 2489 2572 2544 enim
2603 2497 2685 2544 est
2715 2505 2881 2560 supra
2908 2497 3137 2560 petram.
3163 2487 3298 2557 Quae
3323 2497 3510 2544 autem
3529 2489 3605 2545 de
3621 2489 3786 2545 Adel-

2165 2577 2292 2648 gisii
2321 2585 2372 2632 et
2404 2577 2728 2648 complicum
2761 2579 2881 2646 ejus
2910 2577 3188 2648 prioribus
3219 2593 3282 2633 ac
3311 2577 3600 2633 modernis
3633 2577 3786 2634 frau-

2167 2665 2402 2720 dulentis
2451 2665 2658 2720 actibus
2709 2665 3007 2731 indicastis,
3054 2673 3107 2721 et
3148 2665 3253 2736 ipsi
3301 2666 3574 2722 veraciter
3603 2665 3784 2720 sensi-

2166 2770 2306 2822 mus,
2342 2761 2396 2808 et
2425 2754 2778 2825 sagacitatem
2817 2761 2982 2818 tuam,
3019 2761 3076 2807 ut
3103 2769 3162 2808 se
3195 2769 3285 2809 res
3313 2753 3502 2818 habet,
3537 2755 3784 2809 sensisse

2165 2841 2453 2896 manifeste
2505 2842 2882 2912 cognovimus.
2935 2841 3056 2896 Erit
3104 2849 3288 2897 autem
3334 2841 3416 2896 eis
3465 2849 3528 2897 ut
3579 2841 3710 2896 Sani
3739 2849 3788 2896 et

2167 2929 2352 2986 Achab
2384 2931 2438 3000 (Ι
2459 2933 2588 3002 Reg.
2621 2931 2748 3000 xx),
2782 2937 2836 2984 et
2864 2929 3044 2984 anima
3101 2945 3292 2984 eorum
3333 2945 3437 2999 pro
3469 2929 3660 2984 anima
3689 2929 3787 2982 ini-

2171 3017 2440 3074 micorum
2466 3017 2585 3086 Dei,
2621 3017 2875 3088 quoniam
2925 3017 3104 3072 virum
3134 3017 3362 3090 dignum
3393 3025 3576 3072 morte
3607 3017 3788 3072 dimit-

2179 3113 2295 3162 tere
2323 3105 2546 3161 minime
2597 3105 2976 3170 formidarunt,
3011 3121 3220 3176 nosque
3252 3107 3368 3160 Deo
3395 3104 3625 3161 favente
3657 3121 3788 3161 can-

2177 3193 2407 3248 tabimus
2435 3202 2488 3248 et
2517 3194 2812 3264 psallemus
2833 3211 2846 3247 :
2867 3195 2931 3249 In
2951 3195 3209 3265 operibus
3239 3210 3524 3249 manuum
3543 3210 3787 3249 suarum

2175 3281 2611 3352 comprehensus
2657 3285 2740 3338 est
2779 3285 3040 3354 peccator
3066 3282 3241 3351 (Psal.
3275 3281 3375 3352 vn)
3411 3299 3428 3334 :
3459 3289 3514 3336 et
3541 3281 3738 3336 iterum
3773 3299 3788 3336 :

2173 3371 2386 3426 Lacum
2416 3372 2660 3442 aperuit,
2694 3373 2752 3425 et
2778 3369 2926 3440 fodit
2952 3386 3101 3434 eum,
3135 3373 3190 3424 et
3219 3368 3426 3424 incidit
3459 3370 3524 3424 in
3565 3375 3788 3443 foveam

2173 3475 2342 3530 quam
2372 3460 2550 3529 fecit:
2576 3461 2939 3514 convertatur
2976 3457 3132 3513 dolor
3169 3457 3291 3528 ejus
3329 3458 3394 3511 in
3425 3463 3606 3529 caput
3639 3461 3784 3529 ejus,

2173 3553 2276 3600 etc.
2298 3547 2475 3611 (Psal.
2493 3549 2658 3616 xvn).
2683 3544 2904 3599 Interim
2915 3551 3112 3610 autem,
3133 3551 3395 3615 quantum
3415 3560 3521 3598 nos
3543 3559 3790 3616 superna

2171 3633 2342 3688 virtus
2388 3633 2646 3702 adjuvare
2693 3633 2918 3705 dignata
2963 3631 3140 3698 fuerit,
3177 3641 3228 3687 et
3265 3632 3322 3686 in
3363 3632 3618 3688 consiliis
3649 3641 3706 3689 et
3735 3633 3788 3688 in

2170 3722 2384 3776 auxiliis
2429 3722 2583 3778 vobis
2631 3721 2770 3776 ferre
2815 3721 3127 3791 praasidium
3155 3735 3266 3775 non
3305 3719 3650 3788 omittemus,
3691 3721 3788 3776 sed

2168 3810 2473 3880 piissimum
2529 3809 2700 3864 ﬁlium
2760 3817 3006 3863 nostrum
3065 3823 3283 3878 semper
3345 3811 3652 3880 Augustum
3715 3808 3786 3864 ad

2167 3897 2532 3966 adjuvandum
2585 3913 2683 3952 vos
2731 3905 2843 3951 tam
2889 3913 2990 3966 per
3038 3913 3097 3951 se
3147 3912 3310 3967 quam
3341 3913 3438 3966 per
3479 3897 3788 3952 exercitum

2166 4001 2322 4040 suum
2355 3985 2676 4057 quantocius
2723 3983 3088 4040 incitabimus.
3127 3983 3298 4040 Simili
3329 3983 3498 4039 etiam
3529 3986 3702 4041 modo
3733 3993 3784 4040 et

2165 4073 2302 4128 alios
2329 4089 2573 4145 quosque
2625 4071 2816 4128 fideles
2845 4079 2899 4126 et
2923 4071 3189 4128 Ecclesia
3237 4071 3434 4127 Christi
3466 4073 3689 4129 amicos
3719 4073 3788 4127 ad

2163 4161 2268 4217 hoc
2295 4161 2474 4232 ipsum
2505 4161 2743 4217 excitare
2773 4169 2930 4232 atque
2959 4160 3159 4215 hortati
3186 4159 3486 4214 studiosius
3517 4177 3790 4232 procura-

2164 4250 2362 4318 bimus,
2415 4257 2576 4322 atque
2623 4249 2828 4314 omnia,
2881 4249 2996 4304 sive
3044 4265 3164 4320 qua:
3211 4263 3313 4302 nos
3359 4249 3635 4320 cogitare,
3673 4251 3788 4306 sive

2160 4354 2282 4408 qua:
2311 4355 2410 4394 vos
2454 4338 2744 4393 salubriter
2774 4336 3066 4392 adinventa
3107 4337 3268 4392 nobis
3305 4336 3564 4393 intimare
3595 4345 3788 4394 matu-

456 4427 580 4498 quia
608 4435 715 4480 tam
747 4427 1058 4482 hominibus
1089 4428 1145 4482 S.
1179 4429 1322 4482 Petri
1351 4429 1584 4498 apostoli
1629 4445 1791 4499 quam
1818 4428 2053 4484 homini—
2077 4421 2128 4481 D
2166 4427 2438 4494 raveritis,
2501 4427 2838 4498 gratulanter
2895 4441 3063 4496 agere
3123 4425 3331 4496 ingenti
3387 4440 3516 4480 cum
3575 4427 3789 4498 gaudio

457 4516 560 4570 bus
607 4515 870 4571 Guidonis
916 4515 994 4570 tui
1037 4515 1304 4584 homines,
1357 4517 1494 4572 sicut
1538 4517 1730 4583 fertur,
1781 4517 2059 4573 innumera

460 4603 602 4658 mala
633 4603 835 4659 iaciunt
864 4611 918 4658 et
949 4603 1166 4674 rapinas
1195 4605 1392 4659 multas
1421 4613 1696 4660 exercent.
1732 4605 1866 4674 Qua:
1895 4621 2060 4677 roga-

457 4709 580 4747 mus
612 4693 790 4746 statim
839 4693 1134 4747 emendare
1185 4692 1374 4758 facias,
1408 4701 1462 4748 et
1491 4694 1586 4748 tibi
1635 4693 1892 4762 subjectis
1921 4694 2062 4748 ultra

464 4781 572 4836 tale
603 4781 732 4851 quid
775 4781 957 4836 facere
1005 4797 1114 4836 non
1165 4782 1493 4837 consentias.
1529 4785 1729 4838 Verum
1763 4783 1807 4837 si
1838 4783 1892 4838 id
1922 4782 2062 4838 forte

465 4869 754 4924 emendare
785 4877 838 4923 te
867 4885 976 4924 non
1007 4883 1170 4940 posse
1202 4869 1410 4940 fateris,
1445 4878 1502 4924 ut
1533 4885 1656 4926 cum
1693 4886 1825 4942 pace
1855 4879 1944 4925 tua
1975 4871 2059 4925 di-

461 4973 666 5026 camus,
699 4957 755 5010 in
781 4973 978 5026 pravos
1023 4966 1186 5030 atque
1216 4957 1430 5030 iniquos
1461 4959 1711 5014 homines
1740 4959 1864 5014 illos
1891 4959 1963 5013 ob
1993 4959 2070 5014 tui

469 5045 674 5100 amoris
723 5045 1086 5112 dilectionem,
1141 5056 1232 5102 tuo
1281 5063 1552 5104 consensu
1601 5047 1864 5112 adhibito,
1899 5047 2068 5102 nostri

461 5134 804 5205 apostolatus
855 5135 1176 5190 sententiam
1227 5136 1498 5203 dabimus,
1531 5144 1586 5191 et
1615 5151 1900 5208 quousque
1927 5135 2068 5191 resi-

460 5223 693 5292 piscant,
735 5238 770 5277 a
819 5222 1096 5277 liminibus
1139 5231 1340 5280 sanctae
1387 5225 1651 5281 Ecclesia:
1696 5225 2066 5296 sequestrabi-

462 5328 604 5367 mus.
663 5313 891 5368 Latores
947 5327 1078 5368 vero
1134 5313 1488 5384 praesentium
1525 5314 1724 5369 missos
1754 5312 2069 5384 apostolica:

2166 4515 2554 4572 festinabimus.
2603 4514 2825 4570 Interim
2873 4522 3058 4570 autem
3085 4517 3235 4568 state
3265 4516 3329 4569 in
3360 4513 3492 4582 ﬁde,
3527 4516 3794 4570 viriliter

2162 4621 2355 4661 omnes
2409 4607 2574 4676 agite,
2625 4607 2682 4659 et
2735 4605 3092 4674 confortetur
3137 4619 3232 4658 cor
3285 4606 3544 4657 vestrum
3595 4601 3788 4672 (Psal.

2163 4695 2344 4764 xxvr),
2376 4708 2486 4747 non
2505 4691 2765 4746 Insultam
2783 4689 2859 4762 [in
2881 4688 3130 4760 Sullam],
3158 4689 3248 4760 qui
3275 4689 3443 4744 Satan
3469 4705 3792 4762 coagmen-

2166 4781 2270 4837 tius
2293 4781 2508 4846 dicitur,
2531 4779 2628 4835 sed
2651 4786 2935 4850 sperantes
2957 4778 3008 4831 in
3029 4779 3260 4832 Domino
3288 4795 3300 4830 :
3333 4777 3408 4831 ita
3439 4785 3498 4832 ut
3526 4793 3732 4832 omnes
3761 4793 3790 4832 a

2168 4885 2510 4942 paganorum
2566 4867 2842 4923 consortio
2892 4865 3230 4932 subducatis,
3265 4873 3316 4920 et
3347 4881 3446 4921 vos
3481 4867 3552 4921 ad
3585 4881 3790 4937 pacem

2169 4959 2223 5013 in
2254 4957 2489 5013 invicem
2533 4965 2586 5012 et
2632 4955 2980 5012 concordiam
3029 4953 3244 5008 unitatis
3289 4953 3342 5008 in
3385 4953 3607 5008 Christo
3658 4955 3792 5009 Jesn

2169 5046 2404 5101 Domino
2449 5053 2682 5100 nostro:
2719 5043 2982 5116 quidquid
3035 5057 3168 5098 sane
3210 5035 3422 5098 consilii
3480 5041 3646 5096 vobis
3703 5041 3791 5098 vel

2167 5134 2488 5204 accreverit,
2533 5133 2620 5190 vel
2673 5131 3007 5188 salutiferum
3051 5131 3228 5186 visum
3273 5130 3454 5196 fuerit,
3505 5129 3676 5185 nobis
3709 5131 3794 5184 in-

2167 5231 2454 5278 notescere
2485 5238 2554 5277 ne
2601 5220 2954 5294 pigritemini,
2986 5228 3044 5275 ut
3073 5235 3107 5274 a
3137 5219 3424 5274 libramine
3475 5227 3674 5273 nostro
3705 5217 3796 5272 vel

2169 5319 2424 5384 tanquam
2475 5309 2695 5366 salubre
2737 5309 3084 5388 approbatur,
3137 5307 3226 5364 vel
3270 5307 3317 5362 si
3358 5305 3516 5362 aliter
3563 5307 3794 5362 melitus

524 5493 550 5522 ι
571 5489 735 5554 Supra
759 5491 904 5554 epist.
933 5493 1020 5554 50,
1055 5491 1489 5544 Mandanaucensis
1513 5494 1607 5557 est,
1633 5493 1686 5542 et
1707 5489 2006 5556 Equilensis.
2032 5490 2194 5541 Hann.
