4020 6178
213 294 319 349 ’109

212 486 403 534 vestra
456 480 659 533 damna
704 486 896 534 nostra
949 479 1240 544 credimus,
1302 479 1438 534 sicut
1481 495 1512 534 e
1541 478 1820 539 contrario

210 565 366 621 lucra
396 575 583 622 vestra
611 574 799 621 nostra
817 566 1010 637 procul
1027 567 1196 621 dubio
1224 567 1569 638 deputamus.
1596 566 1820 636 Episco-

210 670 343 725 pum
370 655 587 711 interea
617 655 997 710 Surrentinum
1030 655 1145 710 sive
1174 670 1275 725 per
1306 662 1526 719 terram,
1574 655 1690 715 sive
1717 670 1819 724 per

212 758 367 798 mare
398 742 728 813 profectum,
762 743 885 814 quia
908 743 1018 812 jam
1064 742 1246 798 minus
1296 744 1624 814 recepimus,
1674 742 1821 797 haud

212 846 413 901 parum
442 831 672 886 moleste
702 831 959 897 tulimus;
992 839 1048 885 et
1075 830 1180 885 nisi
1208 831 1361 887 ocius
1407 831 1667 896 mittatur,
1703 844 1820 886 mo-

213 917 410 974 lestius
458 934 569 973 non
615 918 885 974 immerito
940 918 1366 974 sustinebimus:
1397 926 1452 973 at
1481 933 1632 983 vero,
1675 918 1720 972 si
1753 918 1821 972 ad

213 1021 314 1061 nos
371 1005 748 1062 indifferenter
792 1006 951 1063 fuerit
995 1006 1318 1076 destinatus,
1366 1014 1493 1063 tunc
1540 1022 1739 1078 magna
1769 1013 1823 1061 et

215 1094 375 1150 solita
423 1094 735 1150 devotionis
792 1102 898 1149 tuae
967 1110 1430 1168 recognoscemus
1486 1094 1705 1159 indicia,
1769 1100 1823 1150 et

216 1197 355 1253 pure
383 1181 633 1252 profecto
664 1182 808 1239 circa
839 1181 1172 1254 pontiﬁcium
1210 1191 1459 1238 nostrum
1516 1181 1823 1238 dilectionis

209 1278 319 1325 tua
379 1270 498 1325 sole
552 1269 754 1325 clarius
800 1270 1059 1341 patebunt
1088 1270 1345 1343 insignia.
1391 1269 1659 1340 Optamus
1692 1269 1821 1341 glo-

214 1357 378 1423 riam,
435 1364 543 1413 etc.
601 1357 738 1413 Data
779 1373 850 1412 xv
892 1358 1167 1414 Kalendas
1205 1357 1467 1425 Januarii,
1527 1356 1822 1414 indictione

213 1444 433 1501 decima
445 1486 459 1499 .

953 1541 1088 1597 LVI.

428 1666 505 1706 AD
533 1664 909 1707 LANDULPHUH
936 1665 1247 1707 EPISCOPUH
1277 1664 1603 1707 CAPUANUI.

842 1760 1023 1828 (Anno
1053 1757 1204 1828 s76.)

698 1864 964 1935 Ejusdem
992 1865 1338 1934 argumenti.

282 1970 628 2025 LANDULruo
653 1969 911 2040 episcopo
938 1968 1218 2039 Capuano.

285 2056 438 2113 Sicut
467 2057 537 2112 de
566 2055 868 2112 sanctitatis
897 2064 1004 2111 tuae
1044 2055 1337 2113 devotione
1396 2054 1467 2110 ab
1513 2054 1643 2111 olim
1690 2070 1826 2129 erga

215 2146 359 2201 hanc
389 2153 638 2201 sanctam
656 2146 963 2200 Romanam
992 2143 1301 2200 Ecclesiam
1341 2143 1532 2198 habita
1578 2143 1825 2217 gratula-

215 2250 353 2298 mur,
388 2233 467 2288 ita
487 2234 557 2288 de
602 2230 904 2288 inﬁdelium
961 2240 1016 2287 et
1049 2231 1119 2287 de
1174 2230 1521 2288 inimicorum
1580 2231 1827 2288 malevo-

214 2320 383 2377 lentia
456 2321 860 2385 constritamur,
941 2320 1251 2375 nullatenus
1306 2320 1376 2374 de
1434 2320 1826 2391 omnipotentis

212 2410 314 2465 Dei
342 2409 720 2465 misericordia
749 2407 1076 2477 difﬁdentes,
1108 2407 1255 2479 quod
1304 2416 1359 2463 et
1409 2408 1506 2462 tibi
1550 2408 1828 2481 condigna

210 2497 646 2568 recompensatio
692 2504 747 2551 et
792 2495 899 2550 illis
946 2496 1235 2567 repentina
1278 2494 1531 2551 confusio
1579 2504 1827 2553 mature-

209 2594 317 2641 tur.
353 2585 582 2655 Verum,
614 2592 668 2639 et
710 2584 993 2650 condecet,
1053 2583 1419 2640 reverentiam
1483 2592 1589 2640 tuae
1637 2583 1829 2640 frater-

212 2674 401 2730 nitatis
428 2672 779 2728 laudabiliter
808 2672 1219 2743 amplectentes,
1252 2679 1305 2726 et
1327 2672 1535 2744 gratias
1586 2673 1826 2744 agimus,

214 2770 267 2817 et
293 2770 355 2816 ut
400 2762 459 2816 in
512 2762 657 2816 bono
712 2775 1073 2832 perseverare
1120 2758 1495 2832 proticereque
1553 2761 1826 2830 decertes,

214 2849 527 2921 apostolica
556 2848 970 2903 mansuetudine
1005 2848 1368 2918 deprecamur
1400 2866 1413 2902 :
1448 2856 1713 2920 quatenus
1735 2848 1830 2921 qui

214 2938 270 2993 in
301 2937 419 2992 illis
450 2937 772 3010 regionibus
802 2943 853 2992 et
890 2935 1173 2992 sanctitate
1217 2936 1511 2992 decoratus
1570 2946 1624 2992 et
1668 2937 1833 2993 devo-

213 3027 361 3082 tione
419 3025 677 3097 prmlatus
733 3040 815 3091 es,
867 3024 942 3079 sis
998 3024 1162 3079 etiam
1201 3031 1389 3080 contra
1443 3025 1817 3081 tortitudinem

1492 291 1850 350 EPISTOLIE
1904 292 1996 348 ΕΤ
2034 293 2385 350 DECRETA.

214 390 518 447 revelatum
543 389 725 457 fuerit,
766 389 925 447 aliter
960 396 1014 445 et
1042 390 1407 462 dispensetur.
1451 390 1665 446 Etenim
1710 404 1811 445 nos
1847 389 1905 450 A

3410 301 3515 355 710

2632 392 2790 447 LVII.

2131 510 2205 549 AD
2232 509 2450 551 AJONEM
2482 511 2792 553 EPISCOPUH
2820 511 3297 555 BENEVENTANUX.

2537 584 2719 656 (Anno
2749 586 2897 655 377.)

1925 686 2291 765 Commendat
2320 705 2448 765 eum
2474 690 2539 765 de
2576 692 2694 747 zelo
2738 708 2868 765 erga
2898 691 3086 765 sedem
3123 694 3516 765 apostolicam,

1992 762 2187 834 monet
2205 762 2271 814 ut
2299 760 2403 815 sibi
2432 759 2759 834 adiumento
2791 759 2869 834 sit
2894 759 2958 834 in
3003 759 3359 834 expellendis
3413 759 3519 821 Sa:-

1990 828 2235 968 ggfleantis,
2251 828 2525 902 suumque
2543 833 2788 901 fratrem
2799 832 2870 886 ad
2885 833 3037 887 idem
3056 828 3387 903 faciendum
3411 837 3521 890 im-

1994 1002 2454 1061 Reverentissimo
2519 1015 2572 1062 et
2628 1007 2972 1064 sanctissimo
3028 1010 3200 1065 AJoNr
3256 1010 3517 1084 episcopo

1924 1090 2321 1158 Beneventana,

1996 1178 2278 1251 Susceptis
2323 1189 2485 1252 atque
2529 1181 2745 1239 relectis
2795 1183 2988 1239 litteris
3032 1186 3332 1243 sanctitatis
3388 1194 3515 1258 tuae,

1924 1267 2129 1339 gratias
2166 1268 2524 1339 omnipotenti
2555 1271 2670 1325 Deo
2726 1272 3026 1338 retulimus,
3062 1280 3114 1328 et
3141 1290 3243 1345 pro
3274 1282 3378 1331 tua:
3414 1276 3518 1332 de-

1922 1354 2155 1410 votionis
2185 1354 2382 1410 affectu
2433 1372 2644 1428 proque
2709 1358 3072 1415 sollicitudine
3120 1378 3285 1433 quam
3331 1364 3517 1435 inqui-

1922 1441 2093 1496 rendo
2122 1441 2191 1497 de
2222 1443 2423 1498 nostris
2453 1445 2735 1499 eventibus
2765 1444 3021 1511 habuisti,
3070 1448 3299 1503 multum
3326 1450 3381 1505 in
3409 1452 3520 1507 Do-

1920 1528 2068 1583 mino
2100 1530 2351 1600 gratulati
2373 1546 2582 1586 sumus.
2617 1532 2787 1589 Decet
2824 1533 2991 1600 enim,
3013 1541 3067 1589 et
3095 1536 3317 1591 omnino
3334 1553 3521 1593 coram

1920 1615 2093 1672 oculis
2135 1616 2333 1673 divinse
2388 1619 2685 1687 majestatis
2738 1629 2913 1676 exstat
2970 1623 3325 1692 conveniens,
3369 1633 3429 1679 ut
3464 1626 3522 1680 hi

1843 1720 2057 1793 Bquos
2096 1703 2369 1760 fideliores
2422 1722 2553 1779 erga
2599 1716 2845 1763 sanctam
2893 1718 3124 1766 matrem
3176 1720 3518 1782 cunctorum,

1924 1792 2130 1849 scilicet
2158 1793 2482 1849 Romanam.
2515 1795 2820 1852 Ecclesium
2850 1812 2973 1853 esse
3010 1801 3399 1871 conspicimus,
3429 1817 3523 1858 no-

1925 1880 2052 1935 stris
2090 1880 2395 1950 affectibus,
2437 1891 2491 1938 et
2518 1883 2566 1938 si
2591 1899 2702 1939 non
2739 1901 2841 1955 per
2894 1902 3113 1957 corpus,
3146 1903 3246 1959 per
3271 1889 3522 1960 spiritum

1923 1968 2337 2040 amplectantur,
2386 1977 2440 2025 et
2495 1969 2736 2026 fraterna
2784 1972 3078 2030 dilectione
3126 1976 3281 2044 juxta
3326 1978 3520 2035 merita

1924 2056 2265 2127 singulorum
2297 2065 2609 2114 tractentur.
2641 2060 2723 2114 De
2752 2060 2856 2117 hoc
2884 2069 3066 2116 autem
3108 2064 3255 2134 quod
3291 2067 3518 2138 asseris,

1925 2151 1976 2198 te
2005 2145 2074 2199 de
2111 2152 2298 2199 nostra
2327 2146 2556 2201 sanitate
2584 2146 2775 2216 laetari,
2827 2148 2967 2204 sicut
3028 2157 3082 2205 et
3137 2152 3411 2208 contrario
3449 2154 3521 2211 de

1925 2232 2283 2303 oppressione
2313 2233 2707 2291 Saracenorum
2752 2236 2974 2304 tristari,
3026 2238 3228 2309 optime
3275 2240 3517 2313 quidem,

1926 2328 1985 2374 ut
2012 2319 2084 2373 ita
2113 2320 2361 2389 dixerim,
2396 2331 2658 2394 quantum
2684 2323 2816 2379 foris
2847 2332 2950 2392 est,
2983 2327 3199 2397 tangis;
3223 2329 3321 2383 sed
3350 2345 3524 2401 quan-

1925 2414 2039 2463 tum
2068 2408 2211 2463 intus
2240 2418 2346 2480 est,
2389 2411 2542 2479 juxta
2598 2411 3001 2469 tribulationem
3052 2431 3211 2487 quam
3266 2417 3518 2489 patimur,

1926 2512 2037 2551 non
2064 2497 2324 2553 advertis.
2357 2499 2634 2571 Praecipue
2666 2516 2789 2556 cum
2817 2516 2916 2572 pro
2943 2503 3127 2574 populi
3164 2504 3322 2560 nobis
3361 2520 3521 2562 com-

1925 2583 2081 2639 missi
2108 2586 2408 2642 vastatione
2436 2587 2613 2643 solum
2650 2588 2809 2644 nobis
2840 2590 3073 2661 supersit
3105 2592 3433 2663 sepulcrum,
3466 2600 3521 2650 et

1926 2687 2029 2742 pro
2054 2671 2140 2726 his
2169 2673 2259 2744 qui
2288 2673 2572 2730 nobiscum
2609 2684 2820 2731 certare
2850 2678 3168 2749 debuerant,
3203 2688 3254 2735 et
3283 2696 3393 2736 non
3422 2696 3517 2738 so-

1928 2759 2040 2814 lum
2068 2760 2301 2816 inimicis
2339 2761 2538 2817 Christi
2578 2762 2808 2844 faveant,
2834 2765 2933 2819 sed
2961 2765 3127 2820 etiam
3156 2775 3401 2823 nostrum
3431 2768 3521 2825 la-

1926 2846 2119 2902 borem
2171 2848 2485 2919 impediant,
2545 2850 2828 2906 immensis
2878 2854 3147 2926 angustiis
3205 2864 3518 2914 restuemus.

1929 2935 2039 2991 Sed
2068 2936 2123 2991 in
2151 2936 2235 2991 his
2263 2953 2375 2993 non
2402 2938 2581 2993 solum
2610 2940 2769 2994 nobis
2790 2941 3123 2998 orationibus
3160 2959 3193 2998 a
3212 2945 3369 3000 vobis
3399 2946 3524 3001 sub-

1927 3024 2102 3079 veniri
2132 3040 2441 3095 precamur,
2472 3042 2659 3083 verum
2691 3028 2851 3083 etiam
2882 3045 3021 3101 quos
3051 3045 3083 3086 a
3112 3034 3385 3088 communi
3412 3050 3519 3090 no-

211 3114 431 3188 regula,
464 3121 517 3168 et
557 3113 695 3169 sicut
749 3113 1008 3168 hactenus
1046 3111 1243 3168 fecisse
1304 3112 1575 3183 probaris,
1630 3122 1815 3170 contra
1848 3079 1897 3142 C
1919 3120 2031 3167 stro
2061 3113 2358 3169 certamine
2381 3114 2598 3171 deviare
2625 3079 2936 3189 cognoscis,
2969 3127 3023 3173 et
3042 3121 3290 3191 exemplo
3306 3122 3512 3193 operis,

209 3202 465 3259 infelices
496 3201 743 3270 felicitas,
778 3208 833 3256 et
870 3208 1061 3256 contra
1102 3200 1318 3272 iniquos
1367 3202 1615 3273 aequitas,
1649 3211 1813 3274 atque

208 3291 304 3346 lux
333 3298 530 3347 contra
558 3291 850 3355 tenebras;
884 3288 1064 3344 sciens
1091 3288 1238 3343 illius
1260 3289 1353 3361 qui
1368 3289 1437 3345 de
1459 3290 1699 3345 tenebris
1720 3291 1816 3345 dat

206 3380 397 3436 lucem
425 3379 832 3450 splendescere,
865 3377 1115 3432 solatium
1163 3378 1323 3433 nobis
1359 3385 1414 3433 et
1459 3378 1616 3434 vobis
1655 3378 1813 3434 citius

208 3469 549 3532 adfuturum,
595 3475 649 3522 et
690 3466 854 3521 nimis
893 3465 986 3520 diu
1032 3464 1244 3521 afﬂictae
1294 3466 1495 3521 Christi
1550 3465 1812 3522 Ecclesia

204 3557 640 3628 omnipotentem
699 3554 989 3609 Dominum
1060 3553 1458 3609 consulturum.
1540 3555 1813 3610 Preterea

206 3646 359 3717 quod
392 3645 464 3700 de
493 3642 780 3712 adiutorio,
812 3642 969 3698 sicuti
999 3650 1052 3697 et
1080 3642 1276 3715 ingens
1305 3641 1606 3698 necessitas
1636 3642 1814 3697 omni-

204 3733 392 3789 modis
424 3731 678 3803 postulat,
709 3748 741 3785 a
770 3730 929 3786 nobis
957 3729 1289 3785 conferendo
1317 3730 1591 3801 deposcis,
1623 3730 1729 3786 hoc
1758 3737 1814 3785 et

206 3838 312 3878 nos
331 3821 686 3888 meditemur,
715 3821 820 3875 hoc
849 3819 1118 3887 volumus,
1150 3826 1205 3874 et
1234 3818 1419 3873 divina
1447 3819 1629 3891 gratia
1676 3834 1811 3890 pro-

203 3918 455 3984 tegente,
488 3911 596 3965 cito
651 3925 751 3965 nos
800 3908 1090 3965 collaturos
1130 3906 1489 3963 confidimus:
1523 3908 1650 3979 quia
1699 3909 1812 3977 jam

204 3999 585 4056 calamitatem
616 3997 775 4053 nobis
816 3995 1093 4053 commissi
1142 3995 1327 4067 populi
1387 3996 1656 4052 sustinere
1702 4012 1812 4053 non

202 4103 544 4160 possumus;
571 4087 684 4155 jam
712 4085 1145 4141 devastationem
1174 4092 1335 4139 terra;
1366 4085 1522 4140 istius
1565 4085 1813 4156 aspicere

201 4192 315 4232 non
347 4174 689 4241 sufﬁcimus;
737 4181 1053 4245 tantumque
1108 4172 1376 4242 dolemus,
1434 4181 1493 4227 ut
1538 4174 1646 4228 dici
1703 4190 1811 4229 non

202 4265 409 4337 possit,
436 4264 485 4318 si
514 4278 705 4318 omnes
732 4270 877 4317 artus
906 4262 1082 4317 nostri
1137 4268 1415 4317 vertantur
1459 4261 1515 4315 in
1544 4262 1808 4334 linguam.

200 4354 567 4424 Quapropter
593 4351 878 4419 vellemus,
912 4350 1150 4405 adhibito
1181 4349 1480 4405 sanctitatis
1536 4357 1642 4405 tua:
1671 4366 1808 4406 con-

1917 3208 1971 3255 et
1998 3201 2170 3256 verbo
2217 3202 2616 3273 praedicationis
2645 3220 2889 3271 revoces,
2925 3207 3292 3262 exhortamur.
3336 3210 3514 3266 Caete-

1916 3304 2035 3343 rum
2064 3289 2190 3344 licet
2219 3298 2409 3345 nostro
2438 3290 2605 3345 itiniri
2641 3292 2946 3362 Neapolim,
2971 3294 3129 3349 nobis
3145 3311 3245 3365 pro
3275 3297 3511 3353 maxima

1914 3384 2113 3432 nostra:
2139 3377 2399 3433 Ecclesiae
2428 3379 2757 3435 necessitate
2772 3395 2948 3450 nuper
2964 3382 3378 3438 advenientibus
3400 3400 3512 3441 non

1914 3463 2233 3532 adhaeseris,
2275 3473 2457 3521 tamen
2487 3466 2633 3538 quod
2660 3482 2759 3537 per
2784 3469 3127 3538 praesentiam
3170 3486 3281 3527 non
3327 3473 3509 3545 egisti,

1911 3567 2012 3622 per
2036 3551 2356 3619 absentiam,
2390 3554 2435 3607 si
2463 3553 2554 3609 ille
2584 3554 2735 3610 calor
2763 3554 2893 3609 fidei
2931 3556 2987 3610 in
3044 3565 3097 3612 te
3142 3558 3291 3629 viget
3346 3577 3510 3632 quem

1914 3639 2207 3709 credimus,
2238 3657 2405 3712 agere
2433 3657 2657 3712 prorsus
2685 3642 2911 3698 valebis.
2944 3644 3087 3700 Bene
3104 3646 3250 3701 enim
3280 3654 3372 3704 tuo
3400 3650 3511 3704 mi-

1912 3728 2134 3783 nisterio
2188 3729 2358 3794 cedis,
2405 3729 2452 3783 si
2479 3737 2531 3785 et
2558 3730 2804 3785 laborem
2833 3740 3099 3800 nostrum,
3141 3750 3305 3805 quem
3347 3737 3508 3794 valde

1912 3815 2122 3871 debiles
2169 3832 2398 3888 corpore
2448 3833 2550 3889 pro
2603 3819 2922 3875 liberatione
2977 3821 3263 3877 Christiani
3318 3826 3508 3897 populi

1911 3912 2040 3960 tunc
2069 3906 2483 3976 assumpsimus,
2525 3914 2830 3978 opportune
2868 3908 3125 3975 advertis,
3177 3918 3231 3967 et
3275 3913 3507 3970 tribula-

1912 3992 2095 4060 tionis,
2138 4008 2301 4065 quam
2328 3994 2491 4049 modo
2510 3994 2760 4066 patimur,
2793 4012 3005 4053 memor
3052 4015 3271 4069 semper
3300 4000 3507 4059 existis.

1911 4080 2052 4134 Nam
2080 4097 2355 4153 nunquam
2385 4083 2669 4138 consilium
2699 4082 2884 4140 fratris
2911 4085 2990 4140 tui
3017 4103 3118 4158 per
3142 4088 3352 4160 aliquos
3383 4098 3509 4146 tan-

1912 4176 2026 4223 tum
2074 4170 2315 4225 subverti
2359 4172 2550 4241 potuit,
2606 4181 2864 4242 quantum
2906 4191 3009 4244 per
3059 4184 3164 4232 tua:
3210 4179 3510 4234 sanctitatis

1913 4257 2191 4312 solertiam
2228 4258 2598 4314 immutatione
2626 4260 2867 4315 dexterae
2902 4262 3118 4316 Excelsi
3162 4280 3271 4319 non
3330 4268 3505 4335 possit

1912 4346 2195 4400 convertit.
2236 4346 2333 4399 Eia
2369 4345 2554 4417 igitur,
2579 4345 2747 4401 frater
2776 4348 3118 4415 charissima,
3143 4351 3370 4423 accinge
3400 4355 3509 4424 epi-

202 4443 377 4508 sultu,
426 4439 745 4495 necessaria
799 4439 871 4494 ad
916 4453 1260 4494 communem
1316 4438 1660 4493 securitatem
1708 4454 1809 4494 ne-
1838 4425 2209 4501 Dscopaliter
2244 4432 2459 4486 lumbos
2488 4441 2626 4499 tuos,
2661 4441 2713 4487 et
2729 4434 3037 4490 medullitus
3054 4435 3280 4491 fratrum
3295 4448 3506 4497 nostro-

199 4530 357 4604 gotia
390 4528 692 4601 praevidere
725 4545 739 4581 :
772 4534 954 4582 tamen
974 4536 1172 4598 preter
1197 4527 1250 4579 id
1274 4526 1421 4598 quod
1461 4526 1531 4581 ad
1568 4542 1811 4596 praesens

198 4618 433 4674 difﬁcile
463 4632 628 4688 posse
656 4614 795 4679 fieri,
828 4624 886 4670 ut
917 4615 992 4670 ita
1020 4615 1338 4681 dixerimus,
1370 4614 1645 4681 cernitur;
1688 4631 1811 4670 cum

196 4707 449 4777 primum
482 4721 542 4759 se
587 4704 747 4758 nobis
800 4719 963 4774 posse
1010 4704 1318 4774 praebuerit,
1366 4718 1675 4774 quanquam
1702 4702 1810 4756 im—

193 4793 477 4867 perialem
532 4792 829 4848 exercitum
871 4808 972 4847 nos
1019 4792 1126 4847 cito
1173 4790 1455 4845 habituros
1505 4806 1808 4861 speremus,

193 4884 351 4939 hanc
385 4881 564 4952 ipsam
593 4880 975 4936 necessitatem
1007 4879 1271 4950 spirituali
1301 4877 1412 4934 ﬁlio
1442 4886 1628 4934 nostro
1667 4895 1815 4934 sere-

192 4972 441 5027 nissimo
471 4985 691 5040 semper
716 4971 963 5042 Augusto
992 4984 1212 5023 rursum
1261 4965 1709 5041 signiﬁcabimus,
1763 4976 1815 5022 et

192 5070 255 5116 ut
286 5058 620 5133 quantocius
651 5057 807 5113 nobis
819 5057 1024 5128 potenti
1043 5058 1237 5113 virtute
1267 5056 1567 5124 subveniat,
1611 5057 1812 5111 humil-

190 5150 349 5205 limis
406 5147 667 5218 precibus
728 5146 1161 5202 exhortabimur.
1213 5146 1603 5201 Verumtamen
1648 5162 1820 5218 prope

192 5243 283 5296 est
310 5236 601 5295 Dominus
633 5237 891 5293 omnibus
902 5235 1296 5291 invocantibus
1307 5249 1437 5290 eum
1456 5236 1520 5289 in
1542 5235 1810 5290 veritate.

199 5328 583 5385 Voluntatem
629 5325 962 5379 timentium
994 5339 1052 5379 se
1088 5325 1282 5395 faciet,
1306 5322 1605 5388 orationes,
1626 5339 1822 5379 eorum

191 5413 509 5480 exaudiet,
525 5416 583 5468 et
612 5412 794 5469 salvos
830 5412 1005 5483 faciet
1038 5426 1126 5468 eos
1141 5410 1542 5482 (Psal.cx1.tv).
1569 5411 1815 5468 Dataxrv

204 5503 342 5560 Kal.
367 5503 622 5569 Januar.,
667 5499 856 5557 indict.
878 5516 932 5557 x.

1910 4536 2051 4585 rum,
2083 4535 2184 4590 pro
2213 4520 2410 4590 quibus
2455 4520 2701 4576 Christus
2757 4538 2916 4576 suum
2956 4525 3277 4597 sanguinem
3337 4527 3494 4597 fudit,

1910 4622 2077 4663 neces
2113 4615 2278 4679 atque
2298 4608 2443 4663 dictu
2470 4610 2798 4665 horrendam
2817 4612 3176 4683 captivitatem
3195 4617 3497 4688 perpende,

1911 4704 1964 4751 et
1978 4697 2135 4751 insta
2154 4701 2485 4769 opportune,
2503 4700 2916 4771 importune(ll
2932 4704 3066 4756 Tim.
3084 4702 3144 4773 ι),
3166 4701 3496 4776 fratremque

1904 4784 2020 4852 jam
2049 4784 2252 4840 dictum
2279 4786 2518 4855 monitis,
2549 4785 2660 4842 imo
2688 4788 2871 4843 verbis
2899 4789 3278 4860 increpatoriis
3309 4794 3509 4848 exhor-

1910 4878 2046 4937 tare,
2079 4880 2139 4927 ut
2174 4881 2391 4929 nostros
2419 4874 2539 4945 pios
2569 4883 2798 4931 conatus
2829 4884 3105 4947 sequatur,
3139 4885 3192 4933 et
3220 4895 3322 4950 pro
3353 4880 3506 4936 Chri-

1911 4960 2102 5015 stianis
2140 4962 2300 5017 nobis
2329 4963 2659 5018 certantibus
2710 4979 2868 5033 opem
2900 4964 3113 5032 tribuat,
3172 4969 3504 5025 voluntatem

1912 5049 2183 5118 extendat,
2226 5058 2277 5104 et
2305 5066 2445 5120 opus
2474 5059 2528 5106 te
2546 5050 2776 5105 instante
2806 5052 3037 5123 exibeat,
3071 5063 3127 5110 et
3175 5056 3503 5113 misereatur

1910 5137 2078 5191 Deus.
2113 5135 2255 5205 Quid
2301 5138 2459 5193 nobis
2500 5137 2715 5209 proficit
2752 5139 3115 5198 Christianum
3154 5145 3500 5215 vocabulum,

1914 5225 1960 5280 si
1987 5241 2155 5296 opere
2211 5225 2520 5283 Christiano
2560 5241 2814 5283 caremus
2835 5230 2863 5284 ?
2907 5228 3051 5298 Quid
3094 5232 3317 5303 prodest
3344 5234 3503 5290 nobis

1913 5313 2241 5386 cognovisse
2268 5313 2414 5369 viam
2438 5314 2676 5384 justitite,
2710 5318 2930 5389 quando
2959 5327 3083 5390 post
3136 5322 3507 5394 cognitionem

1912 5408 2214 5457 retrorsum
2241 5403 2513 5471 conversi,
2546 5419 2669 5459 cum
2699 5404 2935 5462 inimicis
2963 5407 3259 5465 Christiani
3270 5412 3506 5469 nominis

1913 5496 2026 5577 tam
2051 5488 2224 5547 libere
2253 5488 2466 5550 federa
2491 5492 2849 5565 copulamus?
2873 5495 3048 5570 Ergo,
3083 5497 3221 5555 sicut
3249 5500 3503 5572 diximus,
