4020 6178
515 239 614 292 ’711

1771 237 2068 302 JOANNIS
2123 244 2319 300 ΡΑΡίΕ
2380 249 2522 304 VIII.

3699 255 3792 308 712

517 360 796 418 beneficiis
833 369 1040 420 sancta)
1081 365 1340 420 Romanae
1385 366 1646 422 Ecclesiae
1705 377 1794 423 tua
1851 367 2188 427 sanctitasA
2217 385 2354 437 ram,
2383 373 2536 440 cujus
2583 372 2743 426 vobis
2793 372 3150 428 necessitates
3187 373 3256 426 ab
3291 373 3412 444 ipso
3463 380 3656 430 vestrae
3707 391 3792 430 vo-

519 465 628 504 non
657 451 874 522 ingrata
907 451 1191 508 nobiscum
1219 453 1446 524 laboret,
1481 455 1766 512 nobiscum
1794 473 1891 528 pro
1939 457 2112 511 salute

520 538 702 607 papuli
733 539 830 594 Dei
863 539 918 594 in
965 540 1070 594 illis
1121 541 1362 611 partibus
1415 544 1749 612 c00peratrix
1799 545 2008 610 existat,
2063 553 2116 599 et

519 633 705 680 nostro
735 627 1014 681 certamini
1037 627 1243 697 favens,
1264 639 1466 685 sancta:
1489 631 1746 687 Romana:
1765 633 2028 688 Ecclesiae
2053 650 2112 688 se

521 713 764 768 devotam
813 715 1029 770 nomine
1077 725 1128 769 et
1158 733 1326 786 opere
1355 733 1571 788 semper
1598 720 1869 774 exhibeat.
1905 719 2044 789 Quia
2068 721 2114 774 si

519 809 594 870 tu,
631 802 766 856 sicut
795 810 968 872 potes,
1003 805 1302 874 peregeris,
1335 822 1438 860 nec
1465 805 1650 862 fratris
1683 808 1776 872 tui,
1811 825 1910 863 nec
1939 808 2112 864 alicu-

512 890 604 958 jus
635 889 865 944 hominis
895 890 1116 956 factum,
1151 901 1396 948 nostrum
1415 910 1552 964 opus
1569 895 1825 966 piumque
1846 895 2109 960 laborem,

523 977 734 1032 Christo
769 978 1011 1046 juvante,
1065 980 1208 1050 apud
1253 989 1516 1036 vestrates
1563 998 1628 1038 ex
1679 992 1788 1038 toto
1843 984 2114 1054 dissipare

519 1063 754 1130 valebit;
787 1065 912 1136 quin
947 1067 1124 1136 potius
1179 1067 1576 1124 incrementum
1605 1087 1704 1140 per
1731 1073 1918 1125 Jesum
1951 1071 2111 1125 Chri-

519 1159 661 1206 stum
690 1154 980 1208 Dominum
1025 1163 1268 1210 nostrum
1317 1158 1625 1228 augebitur,
1687 1167 1740 1213 et
1795 1157 1950 1213 labor
1980 1175 2114 1229 pro-

517 1237 688 1294 ficuus
733 1241 1034 1312 apparebit.
1082 1243 1218 1296 Data
1275 1244 1550 1298 Kalendas
1607 1245 1909 1312 Februarii,
1967 1246 2114 1300 indi-

519 1327 697 1383 ctione
727 1345 780 1382 x.

1228 1417 1412 1472 LVIII.

785 1534 858 1575 AD
879 1535 1136 1576 CAROLUH
1165 1537 1386 1578 CALVUM
1417 1539 1830 1580 ῙΜΡΕΒΑΤΟΙΙΕΠ.

1115 1628 1294 1698 (Anno
1327 1629 1476 1699 877.)

523 1733 1147 1807 Propterimminentia
1161 1738 1282 1807 tum
1300 1751 1334 1788 α
1353 1736 1671 1807 Saracenis,
1700 1740 1822 1790 tum
1841 1753 1874 1792 a
1891 1737 2113 1807 quibus—

595 1804 724 1858 dam
745 1804 1106 1876 Christianis,
1128 1805 1459 1876 gravissima
1473 1807 1748 1876 pericula,
1767 1804 1936 1861 enixe
1961 1809 2108 1876 petit

595 1877 664 1928 ut
678 1875 954 1946 promissa
974 1875 1200 1946 auxilia
1211 1875 1632 1946 quamprimum
1649 1878 1866 1944 mittat,
1883 1881 1938 1932 et
1949 1875 2115 1932 desti-

591 1947 756 2000 natos
777 1960 842 1999 ea
853 1945 918 1998 de
929 1960 1101 1998 causa
1119 1945 1326 2013 legatos
1349 1945 1722 2001 Commendat.

517 2089 526 2100 .
590 2049 844 2103 Joamvas
875 2049 1167 2119 episcopus
1198 2049 1421 2104 (Σωλοιο
1449 2051 1758 2121 imperatori

591 2132 726 2188 Cum
745 2149 845 2188 nos
893 2132 950 2187 in
1004 2133 1391 2189 ecclesiasticis
1447 2135 1588 2190 curis
1635 2135 1890 2190 instantia
1931 2135 2112 2208 quoti-

518 2220 676 2274 diana
704 2220 1120 2292 constringeret,
1153 2229 1206 2275 et
1225 2221 1352 2276 hinc
1389 2221 1517 2277 inde
1545 2223 1730 2292 populi
1759 2223 1918 2278 nobis
1955 2239 2112 2279 com-

517 2309 670 2362 missi
701 2308 987 2363 continuus
1017 2307 1192 2374 dolor,
1251 2309 1341 2380 qui
1397 2319 1592 2365 cuncta
1623 2318 1811 2365 nostra
1857 2311 2112 2367 interiora

518 2395 768 2465 perculit,
801 2396 1140 2466 pertubaret,
1173 2396 1324 2460 illud,
1359 2405 1414 2451 ut
1459 2398 1534 2451 ita
1564 2398 1808 2464 dixerim,
1843 2399 1986 2454 inter
2011 2400 2112 2455 alia

515 2483 808 2550 ﬂevimus,,
843 2483 986 2554 quod
1015 2500 1158 2538 nunc
1187 2501 1356 2555 usque
1401 2491 1512 2540 tam
1561 2502 1660 2556 per
1713 2494 1910 2542 terram
1946 2503 2112 2558 quam

513 2579 566 2626 et
596 2571 814 2643 navigio
844 2573 912 2625 ad
943 2587 1040 2626 vos
1068 2579 1318 2626 nostrum
1347 2573 1573 2628 missum
1601 2574 1840 2646 dirigere
1899 2592 2112 2632 summo

517 2659 951 2714 desideravimus
979 2660 1176 2725 studio,
1213 2667 1268 2714 ut
1288 2661 1446 2715 nobis
1487 2669 1724 2716 vestram
1769 2663 2112 2732 prosperita-

515 2753 626 2802 tem
663 2747 1098 2802 desiderantibus
1145 2755 1198 2802 et
1221 2748 1376 2804 anxie
1411 2749 1716 2804 sitientibus
1743 2750 2114 2805 renuntiaren-

515 2842 602 2888 tur
621 2834 882 2890 citissime
910 2835 1182 2900 sanitates,
1217 2836 1314 2890 sed
1343 2837 1566 2892 omnino
1595 2838 1954 2908 nequivimus.
1975 2839 2112 2894 Hinc

513 2921 702 2986 fateor,
735 2921 812 2974 fili
843 2922 1180 2989 charissime,
1217 2930 1362 2976 tanta
1393 2941 1491 2992 per
1521 2933 1810 2996 utrumque
1853 2927 1956 2980 iter
2005 2927 2111 2981 im-

513 3008 822 3078 pedimenta
866 3009 1158 3075 timuimus,
1205 3017 1460 3080 quantum
1509 3020 1562 3066 et
1607 3029 1706 3082 per
1753 3027 1999 3083 paganos
2059 3022 2110 3068 et

515 3111 616 3166 per
644 3096 859 3166 iniquos
887 3095 1242 3162 Christianos,
1275 3097 1392 3153 sine
1423 3107 1674 3168 respectu
1703 3100 1870 3155 divini
1941 3102 2104 3156 timo-

515 3184 608 3248 ris,
643 3185 895 3255 generari
923 3183 1082 3250 mala,
1116 3201 1237 3256 quae
1265 3193 1394 3240 mtas
1441 3195 1630 3240 nostra
1683 3203 1792 3242 non
1839 3189 2100 3256 meminit,

512 3271 881 3342 deploramus.
925 3273 1090 3326 Tanta
1120 3273 1260 3328 enim
1285 3281 1427 3340 sunt,
1459 3282 1514 3328 ut
1545 3275 1686 3329 intra
1715 3276 1914 3330 mcenia
1945 3277 2106 3332 Urbis

510 3359 755 3432 reliquiae
781 3360 968 3432 populi
995 3361 1336 3416 innumerata
1363 3371 1677 3432 paupertate
1735 3363 1944 3421 affecta
1975 3381 2107 3421 con-

512 3448 722 3514 sistant,
755 3456 808 3503 et
835 3449 1089 3503 omnibus
1115 3449 1421 3504 forinsecus
1449 3451 1746 3506 devastatis
1773 3468 1840 3508 ac
1897 3453 1952 3508 in
2009 3469 2104 3508 so—

513 3535 796 3591 litudinem
829 3537 1082 3606 redactis,
1115 3537 1250 3592 nihil
1271 3538 1387 3606 jam
1417 3547 1586 3593 restet
1613 3540 1736 3606 nisi,
1773 3541 1916 3612 quod
1933 3543 2101 3611 Deus,

513 3631 742 3691 avertat,
775 3624 945 3695 ipsius
967 3625 1130 3680 Urbis
1159 3625 1446 3680 excidium.
1491 3627 1598 3681 Sed
1632 3637 1684 3682 et
1713 3637 1972 3700 quantum
2003 3645 2104 3684 nos

513 3711 622 3768 Leo
654 3712 980 3766 venerabilis
1011 3713 1318 3783 episcopus,
1361 3715 1748 3783 apocrisiarius
1793 3725 1846 3771 et
1905 3717 2104 3772 missus

511 3809 712 3857 sancta:
741 3801 1000 3856 Romanae
1027 3801 1306 3864 Ecclesiae,
1339 3803 1643 3857 communis
1665 3819 1882 3874 quoque
1905 3803 2100 3872 fidelis,

509 3905 544 3944 a
571 3896 754 3944 vestro
784 3889 1004 3944 servitio
1033 3889 1272 3956 rediens,
1307 3889 1375 3943 de
1393 3890 1496 3944 hoc
1519 3891 1664 3960 quod
1693 3907 1724 3944 a
1763 3893 1916 3947 vobis
1953 3901 2102 3948 retu-

508 3977 588 4042 lit,
621 3984 746 4046 post
771 3991 830 4030 se
859 3983 1098 4030 vestrum
1127 3977 1426 4031 exercitum
1456 3987 1643 4032 contra
1671 3982 1959 4051 Agarenos
1981 3997 2104 4037 esse

509 4063 848 4128 mittendum,
880 4063 1267 4130 laetificaverat,
1303 4072 1514 4120 tantum
1541 4067 1822 4138 hucusque
1851 4070 2104 4124 eumdem

511 4151 670 4206 nobis
715 4151 1174 4222 exspectantibus,
1209 4153 1356 4223 quod
1405 4155 1683 4210 consecuti
1729 4172 1838 4210 non
1895 4175 2098 4226 sumus,

507 4238 738 4294 validior
781 4253 984 4294 mozror
1027 4247 1080 4293 et
1107 4239 1400 4295 ineffabilis
1437 4243 1690 4312 angustia
1748 4245 2099 4312 contristavit,

2140 3059 2188 3122 Ο

2211 459 2440 514 cationis
2468 460 2620 516 initio
2649 468 2804 515 notas
2835 460 3082 530 fecimus,
3132 461 3372 526 liberate,
3425 478 3494 516 ne
3525 462 3572 516 si
3600 463 3792 532 perdita

2213 545 2390 614 fuerit,
2415 557 2656 602 vestrum
2687 549 2914 604 vilescat
2941 549 3250 620 imperium,
3283 557 3336 604 et
3365 557 3495 604 tota:
3544 550 3790 606 Christia-

2212 635 2364 688 nitati
2411 645 2670 690 noscatur
2725 637 3091 706 dispendium.
3155 637 3582 692 Reminiscimini
3643 637 3792 708 igitur

2211 732 2434 794 propter
2489 725 2682 790 Deum,
2739 725 3168 790 reminiscimini,
3217 725 3342 796 quia
3393 725 3560 780 multa
3605 742 3700 794 spe
3749 735 3794 780 et

2212 809 2412 866 ﬁducia
2445 811 2582 881 freti,
2641 813 2898 868 divinitus
2927 821 2978 868 et
3023 813 3332 868 humanitus
3363 814 3434 868 ab
3465 813 3680 884 imperii
3707 831 3796 884 gu-

2213 899 2502 954 bernacula
2531 901 2894 970 promerenda
2919 917 3019 971 pro
3052 901 3208 956 vobis
3235 901 3534 956 certamina
3565 903 3791 972 sumpsi-

2211 1003 2354 1052 mus,
2385 987 2624 1058 nullique
2679 987 2854 1044 labori
2909 989 3278 1059 pepercimus.
3337 989 3576 1060 Ideoque
3635 989 3791 1044 vicem

2215 1076 2372 1130 nobis
2403 1076 2698 1145 rependite,
2757 1085 2814 1130 ut
2862 1093 2988 1146 spes
3043 1085 3096 1131 et
3143 1077 3298 1131 labor
3353 1085 3541 1132 noster
3589 1092 3700 1131 non
3737 1078 3796 1131 sit

2211 1163 2386 1217 inanis
2407 1163 2462 1216 in
2491 1163 2758 1230 Domino;
2792 1164 2914 1234 quia
2946 1181 3068 1220 cum
3099 1164 3214 1220 haec
3241 1163 3402 1218 fuerit
3425 1181 3649 1234 semper
3667 1165 3794 1234 apud

2215 1267 2310 1306 vos
2341 1267 2548 1306 summa
2577 1261 2774 1306 nostrae
2802 1252 3094 1322 petitionis,
3129 1251 3174 1306 si
3205 1251 3438 1322 amplius
3465 1252 3628 1306 nobis
3669 1252 3798 1306 auxi-

2214 1339 2344 1393 lium
2373 1347 2616 1394 vestrum
2647 1340 3040 1406 subtraxeritis,
3089 1341 3144 1394 in
3185 1341 3626 1410 desperationem
3675 1341 3798 1410 lapsi

2214 1427 2548 1496 deﬁciemus,
2582 1435 2634 1482 et
2656 1427 2880 1482 forsitan
2901 1427 2956 1481 in
2981 1428 3126 1482 aliud
3184 1429 3489 1492 consilium,
3511 1429 3796 1498 resumptis

2213 1515 2560 1586 aliquantulis
2589 1515 2815 1582 viribus,
2850 1515 3159 1570 necessario
3193 1515 3666 1570 transcendemus.
3691 1517 3798 1571 Non

2213 1602 2376 1670 enim,
2403 1603 2542 1658 sicut
2573 1619 2670 1658 vos
2699 1602 2924 1657 forsitan
2955 1603 3250 1668 aestimatis,
3285 1603 3558 1658 mediocre
3608 1603 3798 1658 malum

2143 1696 2321 1772 Btota
2371 1697 2556 1744 nostra
2599 1690 2846 1746 Ecclesia
2899 1691 3115 1760 patitur,
3171 1691 3406 1745 minimis
3465 1699 3640 1746 status
3701 1691 3798 1746 rei-

2213 1777 2444 1848 publicae
2471 1778 2682 1832 damnis
2713 1777 2943 1834 adicitur
2981 1797 2990 1832 :
3015 1779 3110 1832 sed
3142 1779 3248 1833 alia
3297 1779 3694 1835 Saracenorum
3721 1780 3800 1832 in-

2213 1867 2483 1930 cursibus,
2521 1867 2620 1920 alia
2659 1875 2833 1922 autem
2865 1866 3292 1922 Christianorum
3339 1867 3409 1922 ita
3467 1876 3596 1922 sunt
3637 1877 3802 1924 exter-

2211 1954 2415 2008 minata
2457 1961 2508 2008 et
2556 1955 2834 2008 devastata
2881 1955 3184 2025 tyrannide,
3217 1963 3274 2009 ut
3303 1972 3410 2010 non
3469 1965 3662 2010 nostra
3707 1955 3802 2010 sint

2213 2059 2336 2112 qua:
2363 2050 2544 2096 nostra
2591 2041 2807 2096 fuerunt
2839 2061 2852 2096 :
2887 2043 3016 2114 quin
3065 2043 3244 2113 potius
3285 2043 3404 2098 solo
3433 2044 3660 2100 nomine
3687 2059 3797 2098 om-

2212 2131 2370 2184 nibus
2419 2130 2522 2185 illis
2581 2138 2812 2196 utamur,
2869 2139 2922 2184 et
2952 2131 3040 2186 vel
3085 2131 3154 2184 ad
3197 2130 3576 2186 defensionem
3631 2131 3802 2202 patrie

2213 2219 2298 2274 vel
2329 2219 2398 2272 ad
2427 2219 2662 2290 aliquam
2693 2219 2974 2274 utilitatem
3003 2227 3200 2274 nostra:
3229 2219 3512 2286 Ecclesiae,
3557 2236 3802 2291 quorum-

2213 2307 2340 2361 libet
2369 2307 2558 2361 solatia
2587 2323 2858 2377 nunquam
2890 2307 3246 2362 inveniamus.
3303 2308 3584 2378 Praecipue
3633 2317 3800 2362 autem

2213 2395 2384 2460 multi,
2418 2411 2554 2465 quos
2583 2403 2762 2450 vestra
2791 2411 2900 2450 non
2935 2395 3148 2465 ignorat
3169 2395 3448 2464 majestas,
3487 2413 3598 2451 non
3640 2397 3802 2452 solum

2211 2483 2358 2536 nulla
2389 2483 2546 2536 nobis
2577 2483 2772 2538 solatia
2801 2482 3104 2549 conferunt,
3139 2499 3324 2538 verum
3351 2485 3520 2538 etiam
3549 2483 3804 2555 quidquid

2213 2571 2492 2626 residuum
2523 2579 2604 2626 est
2627 2587 2659 2626 a
2685 2572 2936 2642 paganis,
2969 2571 3410 2642 impraetermisse
3459 2573 3802 2636 subtrahunt,

2214 2667 2264 2712 et
2297 2674 2514 2714 omnem
2544 2667 2786 2714 nostram
2815 2659 3226 2729 dispositionem
3283 2660 3338 2714 in
3393 2660 3668 2714 territorio
3697 2661 3800 2714 Ro-

2213 2762 2376 2801 mano
2407 2747 2516 2800 suis
2547 2746 2816 2802 violentiis
2845 2747 3094 2813 calcant;
3124 2749 3262 2802 adeo
3301 2755 3358 2802 ut
3403 2764 3506 2803 nec
3553 2747 3802 2804 victualia

2213 2851 2316 2890 nec
2343 2835 2452 2888 ulla
2483 2835 2860 2906 quadrupedia
2887 2835 2941 2889 in
2969 2835 3222 2890 omnibus
3243 2835 3443 2890 nostris
3467 2843 3798 2902 remaneant,

2212 2939 2316 2978 nec
2345 2923 2512 2976 ullum
2543 2923 2634 2994 qui
2665 2923 2823 2978 nobis
2855 2923 3228 2993 compatiatur,
3281 2924 3368 2978 vel
3415 2931 3639 2978 nostros
3699 2924 3798 2976 sin-

2216 3010 2396 3082 gultus
2426 3019 2518 3066 aut
2575 3011 2812 3083 gemitus
2859 3011 3060 3076 doleat,
3095 3011 3239 3066 oculi
3287 3011 3458 3066 nostri
3513 3011 3792 3082 aspiciant.

2213 3099 2320 3153 Sed
2351 3099 2478 3169 quia
2505 3107 2654 3153 tanto
2711 3099 3028 3168 imperatori
3085 3115 3257 3168 pauca
3303 3097 3597 3164 sufﬁciunt,
3643 3108 3698 3156 et
3740 3115 3802 3154 ex

2213 3185 2328 3240 istis
2353 3187 2488 3254 jam,
2521 3185 2596 3240 fili
2642 3185 2982 3251 charissima,
3045 3202 3166 3257 quae
3196 3203 3296 3240 nos
3339 3203 3454 3256 prae
3503 3187 3712 3259 gemitu
3757 3195 3804 3240 et

2211 3271 2499 3328 aﬁlictione
2518 3273 2700 3328 cordis
2716 3273 2866 3344 loqui
2895 3289 3001 3328 non
3031 3289 3342 3343 possumus,
3377 3275 3643 3330 universa
3701 3274 3802 3328 alia

2213 3361 2577 3434 cognoscetis,
2609 3361 2760 3432 quasi
2789 3363 2953 3416 humo
2983 3363 3236 3432 prostrati
3267 3371 3510 3418 vestram
3551 3361 3801 3434 magniﬁ-

2211 3449 2444 3504 centiam
2471 3449 2848 3520 deprecamur,
2883 3457 2934 3503 et
2979 3466 3080 3520 per
3121 3449 3362 3504 futurum
3405 3451 3678 3518 judicium
3707 3450 3802 3504 de-

2210 3545 2514 3608 precantes,
2555 3553 2677 3592 cum
2708 3545 2816 3592 tota
2873 3545 3052 3592 nostra
3083 3537 3336 3594 Ecclesia
3382 3547 3566 3594 vestro
3617 3538 3804 3592 divini-

2209 3633 2293 3679 tus
2323 3633 2568 3696 protecto
2595 3625 2824 3696 imperio
2857 3625 2980 3680 totis
3001 3626 3208 3680 viribus
3237 3626 3614 3698 suggerimus,
3647 3626 3798 3681 votis-

2211 3729 2314 3784 que
2345 3714 2678 3784 supplicibus
2708 3729 2898 3784 preces
2925 3713 3124 3768 multas
3169 3713 3525 3780 effundimus,
3589 3722 3646 3768 ut
3673 3730 3804 3770 cono

2209 3803 2344 3856 trita:
2407 3811 2460 3856 et
2519 3802 2666 3856 omni
2723 3803 2960 3856 humano
3025 3802 3216 3856 solatio
3265 3803 3539 3858 destitutae
3601 3811 3800 3856 sanctae

2207 3890 2368 3944 matri
2397 3897 2593 3944 vestra:
2621 3890 2880 3946 Romanae
2909 3889 3171 3944 Ecclesia;
3200 3889 3602 3956 defensionem,
3649 3889 3804 3946 debi-

2208 3985 2424 4048 tamque
2491 3977 2793 4044 tuitionem,
2854 3977 3064 4034 cunctis
3123 3977 3342 4032 remotis
3401 3978 3802 4042 occasionibus,

2207 4065 2525 4136 cunctisque
2555 4066 2774 4120 omissis
2811 4065 3182 4132 dilationibus,
3219 4065 3554 4120 omnimodis
3569 4067 3814 4136 praebea-

2205 4153 2274 4208 tis
2307 4171 2318 4206 :
2355 4153 2482 4224 quia
2520 4169 2643 4209 cum
2665 4154 2778 4222 jam
2813 4154 2964 4222 juxta
3005 4153 3360 4224 praecipitium
3417 4155 3802 4218 consistamus,

2204 4241 2308 4294 nisi
2345 4256 2508 4296 manu
2563 4250 2760 4298 vestra:
2795 4241 3146 4306 defensionis,
3181 4249 3232 4295 et
3279 4242 3614 4296 necessariis
3653 4243 3808 4298 nobis

509 4327 632 4399 quia
661 4335 772 4382 tota
801 4327 1094 4397 Campania
1132 4329 1200 4382 ab
1243 4329 1377 4400 ipsis
1435 4331 1552 4385 Deo
1599 4331 1893 4387 odibilibus
1938 4333 2102 4388 Sara-
2171 4367 2176 4372 ι
2205 4329 2342 4384 sicut
2373 4329 2752 4399 praemisimus,
2783 4329 2892 4384 imo
2921 4329 3120 4399 saepius
3151 4329 3517 4398 exoravimus,
3571 4338 3806 4400 quanto-

507 4415 660 4472 cenis
691 4415 930 4471 funditus
957 4417 1258 4484 devastata,
1286 4418 1400 4486 jam
1431 4418 1652 4474 fluvium
1681 4420 1772 4491 qui
1813 4436 1846 4476 a
1901 4421 2101 4476 Tibur-
2121 4405 2173 4466 D
2203 4417 2318 4472 cius
2347 4417 2542 4487 opibus
2571 4417 2860 4472 subvenire
2911 4417 3245 4482 studueritis,
3295 4434 3396 4488 spe
3449 4418 3674 4474 vivendi
3715 4433 3810 4488 per

509 4504 624 4560 tina
649 4504 784 4559 urbe
809 4505 1036 4560 Romam
1057 4505 1315 4573 decurrit,
1355 4506 1536 4562 furtim
1567 4515 1868 4576 transeunt,
1902 4517 1954 4564 et
1992 4517 2102 4565 tam
2206 4505 2537 4560 Christianos
2569 4505 2800 4571 sublata,
2833 4513 2920 4560 aut
2963 4505 3096 4575 ipsis
3151 4506 3384 4578 paganis
3427 4506 3806 4574 subjiciemur.

507 4592 742 4648 Sabinos
789 4608 952 4664 quam
985 4593 1086 4646 sibi
1115 4593 1420 4661 adjacentia
1447 4595 1570 4652 loca
1599 4597 1929 4666 praedantur.
1967 4597 2104 4652 San-

505 4688 718 4736 ctorum
775 4696 990 4752 quoque
1047 4681 1304 4736 basilicas
1351 4691 1406 4736 et
1451 4683 1642 4738 altaria
1695 4685 2098 4752 destruxerunt,

507 4769 823 4824 sacerdotes
851 4778 905 4824 et
935 4770 1391 4838 sanctimoniales,
1423 4771 1558 4825 alios
1588 4772 1806 4842 quidem
1855 4775 2103 4844 captivos

505 4856 794 4922 duxerunt,
827 4857 962 4912 alios
993 4867 1174 4913 autem
1219 4858 1382 4914 variis
1433 4859 1694 4914 mortibus
1741 4871 2096 4930 necaverunt,

509 4951 562 5000 et
581 4959 798 4999 omnem
827 4945 1024 5000 Christi
1055 4947 1318 5018 sanguine
1365 4948 1706 5018 redemptum
1735 4950 2000 5020 pOpulum
2043 4950 2100 5004 in

505 5032 716 5089 circuiti
744 5033 1078 5088 deleverunt.
1129 5036 1196 5090 Et
1243 5035 1371 5107 quid
1415 5035 1638 5092 dicam?
1680 5045 1770 5091 aut
1829 5038 1958 5108 quid
2013 5039 2100 5092 lo-

504 5121 684 5193 quar?
717 5136 841 5178 cum
887 5123 1196 5192 pervenerit
1239 5123 1456 5195 gladius
1511 5141 1679 5198 usque
1729 5126 1796 5179 ad
1840 5126 2096 5195 animam,

505 5217 560 5264 et
586 5210 810 5283 sanguis
839 5210 1080 5266 omnium
1109 5210 1178 5265 de
1217 5219 1362 5266 terra
1387 5212 1584 5268 clamet
1627 5213 1696 5266 ad
1727 5214 1920 5268 Deum.
1951 5215 2101 5287 Ergo

506 5298 1006 5366 praecellentissime
1041 5299 1334 5366 Caesarum,
1360 5301 1582 5370 jamjam
1627 5310 1824 5357 nostrae
1873 5302 2100 5358 calami-

507 5385 602 5438 tati
633 5388 951 5454 succurrite,
978 5388 1094 5457 jam
1121 5388 1308 5459 p0puli
1337 5390 1506 5444 nostri
1535 5390 1786 5446 miserias
1843 5390 2096 5460 relevate,

503 5470 618 5540 jam
647 5481 842 5530 vestra:
871 5475 1124 5546 potentia;
1151 5492 1370 5532 manum
1399 5477 1683 5551 porrigite,
1715 5486 1769 5534 et
1807 5479 1948 5535 hanc
1985 5487 2100 5534 ter-

2204 4603 2315 4660 aut,
2349 4593 2495 4665 quod
2521 4601 2728 4650 avertat
2755 4593 2936 4648 divina
2965 4593 3224 4664 potentia,
3282 4594 3353 4648 ab
3401 4610 3598 4649 eorum
3627 4592 3808 4650 multi-

2203 4681 2389 4735 tudine
2443 4681 2586 4746 victi,
2648 4681 2715 4736 ad
2769 4697 2986 4736 omnem
3041 4681 3465 4736 Christianitatis
3525 4682 3806 4736 interitum

2203 4769 2412 4825 crudeli
2459 4785 2594 4825 nece
2651 4769 2962 4839 peribimus,
3015 4785 3078 4825 ac
3121 4786 3222 4839 per
3259 4771 3366 4825 hoc
3395 4778 3444 4824 et
3479 4770 3690 4825 Christi
3715 4785 3808 4825 no-

2203 4873 2330 4911 men
2357 4857 2410 4910 in
2433 4858 2684 4929 gentibus
2715 4857 3196 4927 blasphemabitur,
3229 4866 3284 4913 et
3312 4865 3512 4914 vestrae
3531 4857 3808 4929 opinionis

2203 4953 2328 4999 ante
2359 4953 2480 4999 acta
2507 4945 2685 5000 studia
2713 4945 2972 5000 oblivioni
3001 4946 3300 5000 trademur.
3333 4947 3506 5015 Hujus
3537 4947 3624 5001 rei
3675 4960 3806 5019 gra-

2201 5033 2296 5102 tia,
2329 5033 2468 5088 sicut
2497 5049 2663 5103 supra
2681 5034 3046 5100 meminimus,
3065 5043 3432 5105 opportunum
3471 5035 3810 5102 adiutorium

2202 5120 2502 5176 coferentes
2557 5121 2715 5176 nobis
2771 5131 3014 5176 vestrum
3071 5122 3364 5176 exercitum
3419 5121 3491 5178 ad
3547 5123 3808 5177 hostilem

2201 5209 2600 5280 expeditionem
2665 5209 3130 5280 promptissimum
3201 5209 3490 5278 destinate,
3551 5210 3806 5281 aliosque

2201 5297 2374 5352 Deum
2405 5313 2500 5368 per
2541 5297 2720 5352 omnia
2765 5297 3055 5370 diligentes
3111 5297 3328 5362 missos,
3391 5298 3484 5368 qui
3537 5298 3802 5354 vitiorum

2201 5385 2448 5439 ﬂammas
2493 5385 2716 5454 justitiae
2789 5385 3001 5439 tramite
3060 5385 3144 5438 usi
3201 5391 3570 5454 compescant,
3645 5385 3814 5440 nimia

2202 5474 2480 5530 celeritate
2509 5473 2728 5546 dirigite
2762 5491 2774 5528 :
2807 5481 3070 5544 quatenus
3101 5473 3192 5544 qui
3231 5473 3527 5528 innumeris
3581 5473 3812 5528 tribula-
