4020 6178
201 276 303 330 713

1377 268 1734 328 ΕΡΙΒΕΟΕΕ
1786 267 1879 325 ΕΤ
1924 270 2269 330 DECRETA.

3393 274 3496 330 71L

206 396 448 453 tionibus
478 395 752 467 quatimur
777 408 841 451 ac
879 402 1189 461 aestuamus,
1221 403 1275 451 et
1300 410 1402 466 pro
1429 395 1616 466 pepuli
1644 394 1802 451 nobis
1830 394 1885 456 A
1907 405 2132 464 avertat,
2156 397 2461 469 proveniat,
2493 412 2715 454 manum
2732 414 2843 455 sua
2871 398 3206 456 defensionis
3226 399 3496 468 exhibeat,

206 483 488 541 commissi
534 483 766 538 miseriis
806 484 1136 550 cruciamur,
1180 484 1376 540 vestris
1412 482 1805 540 consolationi-

210 572 309 628 bus
357 571 550 628 refecti
596 571 863 637 laetemur,
895 580 948 627 et
975 587 1075 643 per
1103 587 1201 628 vos
1241 572 1627 645 tranquillitate
1671 588 1805 643 per-

210 670 388 733 cepta,
421 669 664 732 optatam
701 660 1024 727 libertatem,
1064 661 1202 717 sicut
1232 660 1407 731 decet,
1453 677 1555 732 per
1584 669 1691 716 tam
1720 661 1810 715 be-

212 749 441 821 nignum
461 749 853 820 imperatorem
882 748 1144 820 consequi
1163 765 1492 804 mereamur.
1525 750 1808 805 Postremo

214 837 606 893 sublimitatem
648 844 888 894 vestram
930 837 1278 908 deposcimus
1316 846 1374 892 ut
1415 837 1613 893 latores
1661 854 1808 908 pra-

215 926 471 992 sentium,
507 927 728 981 Petrum
770 925 978 982 scilicet
1014 934 1179 997 atque
1207 927 1426 981 Petrum
1467 925 1810 981 venerabiles

214 1015 539 1086 episcopos,
606 1013 805 1069 missos
869 1013 1182 1085 apostolica
1246 1014 1412 1082 sedis,
1483 1023 1811 1085 nostrosque

217 1102 471 1168 dilectos,
499 1102 649 1171 juxta
677 1117 884 1158 morem
912 1101 1149 1174 benigne
1178 1117 1244 1158 ac
1272 1099 1500 1173 paciﬁce
1530 1100 1811 1173 suscipere

219 1206 327 1247 non
374 1189 769 1262 dedignemini,
819 1197 874 1245 et
919 1205 985 1245 ea
1033 1206 1155 1262 qua
1199 1190 1306 1261 piis
1352 1189 1547 1246 vestris
1594 1189 1814 1245 auribus

218 1295 318 1350 pro
347 1278 578 1334 utilitate
607 1286 809 1335 sancta
846 1279 1104 1334 Romana
1143 1278 1405 1334 Ecclesia
1436 1279 1491 1334 in
1520 1285 1815 1351 conspectu

219 1375 399 1423 vestro
430 1366 733 1434 retulerim,
767 1367 838 1422 ad
867 1383 1166 1440 congruum
1194 1382 1261 1424 ac
1288 1375 1648 1439 opportunum
1679 1365 1815 1422 eﬁ'e-

222 1463 368 1512 ctum
397 1455 706 1526 pervenire,
747 1471 846 1527 pro
877 1455 1077 1511 sanctis
1106 1455 1368 1526 apostolis
1416 1455 1616 1511 vestris
1641 1455 1817 1510 inter-

220 1544 534 1601 cessoribus
582 1543 726 1615 apud
786 1544 980 1613 Deum,
1031 1544 1283 1600 celeriter
1336 1544 1617 1600 studeatis.
1680 1544 1819 1599 Data

224 1640 415 1705 quarto
444 1632 575 1689 Idus
600 1632 947 1700 Februarias,
978 1632 1270 1689 indictione
1298 1631 1553 1690 decima..

933 1738 1075 1794 LIX.

652 1841 727 1882 ΑΙ)
756 1842 1043 1883 ιιιοιιιιυω
1074 1840 1366 1884 ΛΠΕΠΕΤΑΙ
1373 1869 1385 1882 .

840 1917 1020 1984 (Anno
1054 1916 1199 1987 877).

226 2006 286 2065 Ut
313 2006 1043 2078 imperatoremgconjugem
1071 2005 1342 2078 suumad
1369 2018 1529 2075 opem
1557 2002 1822 2059 Ecclesia:

477 2076 897 2147 quamprimum
924 2076 1219 2146 ferendam
1249 2076 1527 2131 hortetur.

289 2165 551 2219 Joannes
578 2163 867 2234 episcopus
896 2164 1150 2218 RICHILDI
1180 2165 1463 2235 Augusta.

294 2251 469 2307 Multo
497 2259 718 2321 peracto
738 2251 853 2319 jam
883 2258 1145 2322 tempore,
1171 2258 1281 2307 tam
1310 2251 1379 2306 ad
1400 2248 1697 2321 spiritualis
1728 2248 1829 2305 ﬁlii

224 2339 402 2395 nostri
427 2339 660 2412 Augusti
679 2354 842 2411 quam
870 2339 1201 2407 advestram
1230 2338 1574 2395 invisendam
1594 2338 1826 2393 clemen-

1907 495 1959 542 et
1988 489 2126 544 hanc
2153 496 2377 555 terram,
2410 504 2532 558 qua
2564 487 2649 543 sui
2676 487 2893 559 imperii
2922 497 3082 560 caput
3111 497 3211 558 est,
3243 489 3314 544 ad
3342 488 3506 544 liber-

1905 584 2068 633 tatem
2098 576 2342 646 reducat,
2375 592 2443 631 ne
2473 576 2692 648 quando
2722 577 2903 632 dicant
2930 585 3144 650 gentes,
3179 576 3271 633 ubi
3300 584 3382 632 est
3403 576 3504 632 im-

1907 674 2129 736 perator
2155 665 2298 720 illius
2316 666 2345 720 ?
2375 663 2657 734 Quatenus
2687 674 2741 721 et
2767 666 2926 721 nobis
2956 682 3083 737 spes
3107 665 3392 733 evadendi,
3423 666 3503 722 vi-

1907 754 2178 826 vendique
2198 762 2498 820 remaneat,
2518 762 2571 809 et
2589 754 2904 826 priusquam
2920 754 3095 809 hiems
3111 754 3199 809 vel
3215 770 3309 810 ver
3328 763 3508 810 trans-

1911 851 2018 909 eat,
2049 851 2234 898 contra
2274 843 2498 898 eosdem
2524 858 2772 915 paganos
2818 844 3005 899 Roma
3031 842 3137 897 sint
3165 843 3311 899 illius
3339 859 3502 900 exer-

1911 930 2047 987 citus
2075 938 2383 1002 praparata
2421 930 2683 986 subsidia.
2708 930 2965 1002 Alioquin
2994 938 3087 986 aut
3122 930 3344 987 omnino
3357 931 3506 1002 peri-

1912 1019 2064 1086 bunt,
2140 1027 2230 1074 aut
2275 1020 2449 1075 coacti
2480 1026 2538 1074 ut
2586 1018 2759 1074 solam
2789 1019 2954 1074 vitam
3002 1018 3274 1075 redimere
3314 1018 3507 1076 valea-

1911 1124 2052 1177 mus,
2102 1107 2181 1162 eis
2238 1107 2327 1179 qui
2373 1106 2533 1162 nobis
2588 1105 2959 1173 dominantur,
3019 1107 3507 1179 quomodocunque

1914 1195 2281 1265 subjiciemur.
2343 1196 2480 1252 Data
2534 1210 2590 1251 tv
2641 1196 2769 1251 Idus
2838 1195 3156 1264 Febuarias,
3211 1194 3507 1253 indictione

1914 1283 2148 1341 decima.

2695 1371 2810 1426 LX.

2199 1475 2273 1515 AD
2302 1474 2556 1515 CAROLUH
2587 1475 2806 1516 CALVUH
2836 1474 3252 1518 ικρειιλτοω.

2483 1548 2664 1619 (Anno
2694 1548 2846 1620 877.)

1917 1636 2095 1694 Mittit
2134 1638 2467 1709 imperatori
2506 1638 2783 1708 palmam,
2835 1640 2892 1692 et
2936 1655 2972 1693 a
3012 1638 3205 1704 malis,
3247 1638 3443 1710 quibus
3473 1654 3510 1695 a

1849 1747 1902 1806 Β
1994 1726 2293 1783 Saracenis
2322 1725 2617 1797 pravisque
2637 1725 2977 1781 Christianis
3006 1727 3312 1798 urgebatur
3344 1742 3536 1800 ωψσε

1992 1815 2139 1878 sitis,
2171 1814 2397 1869 auxilia
2425 1813 2586 1884 petit.

1988 1901 2242 1956 JOANNES
2270 1900 2558 1971 episcopus
2587 1900 2809 1955 Canono
2838 1900 3175 1972 imperatori.

1992 1991 2140 2047 Inter
2164 1997 2356 2045 catera
2378 2005 2518 2061 qua,
2534 2005 2662 2044 vera
2682 1998 2965 2046 crescente
2987 1989 3272 2062 religione,
3297 1990 3368 2044 ab
3387 1989 3520 2045 olim

1922 2077 2289 2135 ecclesiastica
2310 2077 2453 2132 facta
2480 2085 2675 2133 vestra
2704 2077 2888 2149 pietati
2914 2077 3166 2132 duximus
3194 2077 3513 2145 intimanda,

1922 2166 2208 2230 virentium
2237 2165 2393 2222 vobis
2439 2166 2745 2236 palmarum
2774 2182 2902 2222 ecce
2950 2165 3201 2221 brevium
3230 2165 3513 2236 mittimus,

1924 2255 2070 2327 quod
2116 2254 2412 2326 Apostolus
2458 2270 2569 2309 non
2597 2270 2787 2310 omnes
2818 2254 2911 2326 qui
2951 2261 3192 2320 currunt,
3227 2254 3323 2309 sed
3351 2270 3519 2309 unum

1924 2351 2150 2415 propter
2179 2342 2442 2398 unitatem
2479 2342 2723 2415 legitime
2752 2341 3078 2399 certantium
3109 2341 3359 2412 accipere
3385 2357 3518 2413 pro-

223 2427 355 2483 tiam
386 2426 585 2483 missos
629 2427 944 2496 apostolica
985 2426 1132 2482 sedis
1161 2426 1435 2482 destinare
1486 2426 1825 2482 desideravi-
1924 2439 2155 2487 testatur
2200 2432 2264 2503 (Ι
2310 2433 2431 2489 Cor.
2481 2432 2594 2501 rx).
2641 2430 3002 2502 Quapropter,
3052 2429 3129 2485 ﬁli
3176 2429 3519 2497 charissima,

222 2532 369 2580 mus,
432 2522 695 2586 quatenus
743 2523 797 2570 et
837 2515 906 2570 de
952 2515 1233 2586 utriusque
1281 2514 1537 2586 sospitate
1589 2514 1827 2570 latiores
1928 2520 2086 2592 quasi
2133 2526 2451 2590 prasentes,
2516 2518 2814 2574 incurvatis
2856 2519 3091 2590 genibus
3148 2526 3202 2573 et
3248 2517 3523 2574 submisso

227 2601 592 2669 efﬁcerentur,
652 2612 706 2660 et
758 2603 915 2658 nobis
972 2602 1297 2668 commissae.
1359 2610 1557 2659 sanciat
1622 2602 1830 2659 scilicet
1928 2609 2123 2679 capite,
2147 2608 2507 2679 deprecamur
2526 2614 2578 2662 et
2597 2607 2969 2674 obsecramus,
2993 2614 3052 2661 ut
3071 2606 3145 2661 ita
3159 2605 3399 2678 legitime
3419 2604 3525 2662 cel-

226 2691 422 2747 matris
450 2699 666 2758 vestrae,
698 2692 960 2748 Romanae
999 2691 1260 2747 Ecclesia
1297 2691 1635 2747 calamitates
1665 2698 1829 2762 atque
1929 2697 2106 2753 situdo
2134 2704 2318 2752 vestra
2344 2696 2401 2751 in
2431 2696 2591 2765 hujus
2639 2695 2825 2751 saeculi
2854 2694 3029 2750 stadio
3053 2710 3154 2766 pro
3184 2693 3385 2750 Christi
3412 2695 3525 2749 Ec-

227 2779 642 2852 oppressiones,
672 2794 811 2852 quas
839 2796 873 2835 a
900 2779 1219 2835 Christianis
1250 2787 1305 2835 et
1333 2779 1404 2834 ab
1431 2779 1632 2851 iniquis
1662 2794 1833 2851 paga-
1930 2785 2095 2842 clesia
2124 2800 2367 2850 currere,
2391 2783 2467 2838 ita
2483 2783 2768 2839 decertare
2796 2782 3104 2852 contendat,
3136 2789 3194 2838 ut
3212 2797 3323 2837 non
3352 2781 3528 2836 solum

227 2868 315 2925 nis
367 2868 489 2923 sine
532 2868 833 2925 cessatione
878 2868 1137 2940 patimur,
1186 2868 1256 2923 ad
1303 2867 1619 2923 memoriam
1661 2867 1830 2922 redu-
1930 2872 2121 2929 bravio
2142 2872 2336 2929 victrix
2364 2880 2549 2928 vestra
2568 2871 2791 2927 dextera
2818 2871 3127 2936 adornatur,
3150 2885 3339 2926 verum
3368 2867 3533 2924 etiam

229 2964 446 3025 centes,
477 2955 545 3011 ab
594 2956 789 3013 eodem
833 2959 1081 3029 Augusto
1128 2955 1557 3013 consolationem
1588 2962 1640 3012 et
1669 2963 1831 3027 opta-
1933 2960 2365 3018 sacratissimum
2422 2967 2585 3030 caput
2631 2958 2940 3016 diademate
2982 2957 3175 3031 gloria
3219 2956 3529 3022 decoretur,

228 3052 341 3100 tam
402 3061 584 3116 opem,
645 3044 784 3101 sicut
857 3045 1215 3116 sperabamus
1268 3045 1489 3100 tandem
1541 3043 1833 3116 aliquando
1865 3098 1910 3120 η
1932 3050 2043 3105 imo
2089 3065 2192 3120 pro
2239 3047 2546 3104 visibilibus
2575 3047 2660 3102 his
2689 3055 2742 3102 et
2770 3046 3235 3117 corruptibilibus,
3268 3060 3380 3101 non
3420 3053 3536 3100 tan-

229 3133 505 3206 consequi
548 3148 905 3190 mereremur.
940 3132 1050 3189 Sed
1077 3132 1318 3189 omnium
1359 3132 1573 3189 viarum
1599 3132 1833 3188 aditibus
1864 3098 1913 3162 C
1934 3146 2048 3194 tum
2075 3098 2327 3208 palmam,
2363 3137 2460 3191 sed
2487 3144 2541 3191 et
2579 3150 2840 3192 coronam
2883 3135 3109 3205 accipiat
3136 3134 3528 3203 incorruptam.

228 3236 261 3277 a
289 3221 461 3277 malis
506 3220 749 3276 obsessis
795 3220 1125 3287 hominibus,
1156 3221 1278 3293 plus
1307 3236 1409 3277 nos
1445 3221 1702 3292 compulit
1730 3220 1834 3277 do-
1937 3225 2064 3291 Sed,
2098 3225 2226 3292 heu,
2251 3223 2674 3281 clementissime
2689 3223 3005 3293 imperator,
3038 3236 3169 3278 ecce
3188 3220 3319 3276 dum
3340 3220 3407 3275 ad
3431 3219 3537 3274 alia

226 3308 316 3366 lor
345 3309 628 3381 lacrymas
656 3309 886 3365 fundere
904 3325 1067 3381 quam
1090 3309 1243 3365 locus
1271 3316 1481 3380 pateret
1511 3308 1583 3364 ad
1611 3325 1708 3365 vos
1738 3323 1837 3364 no-
1936 3312 2233 3381 intenditis,
2267 3319 2441 3367 mater
2469 3319 2667 3380 vestra,
2701 3317 2891 3366 sancta
2918 3308 3171 3366 videlicet
3197 3308 3316 3364 hac
3344 3305 3539 3363 Eccle-

228 3405 385 3454 stros
425 3397 627 3454 missos
667 3398 943 3471 dirigere:
968 3397 1098 3469 quia
1129 3414 1196 3454 ex
1232 3413 1361 3464 uno,
1396 3387 1533 3453 sicut
1581 3396 1833 3466 diximus,
1939 3401 2039 3468 sia,
2072 3417 2195 3472 qua
2222 3416 2321 3457 vos
2351 3399 2717 3470 spiritualiter,
2768 3397 2976 3469 genuit,
3027 3396 3366 3469 periclitatur
3395 3402 3448 3450 et
3477 3393 3536 3452 in

225 3484 550 3554 Christiani,
584 3502 650 3542 ex
680 3485 789 3542 alio
836 3485 1042 3559 pagani
1068 3485 1140 3540 ita
1168 3501 1270 3542 nos
1298 3485 1595 3542 crudeliter
1640 3499 1838 3555 perse-
1938 3488 2296 3545 novissimum
2340 3487 2557 3544 devenit
2588 3486 2850 3543 exitium:
2880 3485 3009 3542 hinc
3048 3484 3174 3540 inde
3203 3499 3313 3539 non
3362 3481 3537 3539 solum

228 3583 498 3647 quuntur,
527 3582 587 3630 ut
615 3573 746 3630 solis
789 3574 1061 3630 manibus
1106 3574 1266 3630 Urbis
1301 3573 1523 3641 relictis,
1573 3572 1756 3629 omnia
1783 3572 1841 3627 in
1940 3576 2300 3633 tabernaculis
2344 3576 2487 3631 hanc
2535 3575 2900 3630 Idumaorum
2938 3581 2993 3629 et
3037 3572 3453 3639 Ismaelitarum,
3487 3575 3543 3626 et

224 3663 467 3720 circuitu
526 3662 692 3736 longe
736 3662 952 3735 lateque
1011 3671 1335 3734 consumpta
1381 3662 1635 3729 habeant,
1686 3668 1740 3717 et
1784 3660 1841 3715 in

224 3751 591 3808 solitudinem
632 3766 858 3822 prorsus
904 3751 1143 3808 redacta.
1176 3754 1223 3807 A
1254 3751 1450 3824 quibus
1495 3766 1596 3823 per
1634 3757 1840 3806 tantum

220 3839 626 3912 imperatorem
665 3839 896 3896 relevari
932 3840 1049 3909 jam
1078 3840 1436 3896 credebamus
1466 3847 1519 3895 et
1549 3854 1842 3911 recupera-

218 3928 441 3984 tionem
491 3926 726 3999 aliquam
765 3927 853 3983 vel
902 3928 1174 3984 medelam
1221 3927 1449 3999 adipisci
1493 3942 1843 3997 summopere

219 4016 732 4088 prastolabamur;
767 4016 865 4072 sed
909 4032 1038 4073 ecce
1082 4032 1185 4088 pro
1214 4016 1452 4087 peccatis
1499 4016 1700 4071 nostris
1727 4014 1845 4071 aliis

221 4105 479 4178 negotiis
525 4104 850 4176 implicatus,
909 4105 1066 4160 nobis
1125 4106 1386 4161 hactenus
1442 4104 1648 4160 distulit
1699 4103 1847 4160 ferre

221 4194 583 4266 praesidium.
628 4194 697 4248 Et
742 4194 868 4265 quia
902 4194 1018 4263 jam
1064 4193 1332 4249 sustinere
1376 4209 1483 4249 non
1532 4208 1844 4264 possumus,

222 4283 485 4354 gloriam
526 4289 765 4337 vestram
813 4281 1177 4353 multipliciter
1222 4281 1600 4353 deprecamur,
1642 4290 1700 4336 ut
1730 4280 1849 4337 vice

219 4378 433 4427 nostra
462 4369 634 4437 freta,
669 4370 894 4425 sumatis
920 4370 976 4425 in
1003 4369 1238 4427 femineo
1281 4386 1412 4425 sexu
1444 4369 1597 4426 virile
1628 4376 1839 4440 pectus,

1940 3664 2207 3739 Agarenis
2239 3662 2553 3737 quotidiano
2576 3662 2763 3736 gladio
2791 3669 2841 3718 et
2861 3660 3170 3733 captivitate
3196 3660 3250 3715 in
3267 3659 3543 3715 interitum

1942 3753 2364 3825 impellentibus,
2411 3768 2602 3808 verum
2651 3751 2821 3817 etiam.
2843 3750 2997 3805 falsis
3026 3748 3152 3804 ﬁliis
3198 3747 3368 3817 Sara,
3402 3761 3543 3818 quos

1944 3842 2146 3914 optime
2173 3842 2364 3909 nostis,
2397 3840 2454 3895 in
2481 3840 2721 3910 pradam
2751 3847 2806 3895 et
2828 3837 3188 3909 direptionem
3213 3834 3539 3892 miserabili-

1944 3938 2029 3987 ter
2055 3929 2502 3997 immittentibus;
2533 3928 2608 3984 ita
2634 3936 2693 3984 ut
2722 3935 2774 3983 et
2802 3927 2881 3982 illi
2910 3942 3056 3998 sape
3097 3941 3271 3998 usque
3317 3923 3387 3980 ad
3413 3938 3539 3978 mu-

1945 4035 2039 4076 ros
2058 4018 2222 4076 Urbis
2240 4017 2490 4090 quamvis
2509 4016 2860 4073 clandestinis
2886 4015 3034 4071 horis
3054 4013 3423 4086 pervenerint,
3448 4008 3547 4067 sed

1947 4116 2001 4163 et
2043 4107 2362 4162 Tiberinum
2407 4106 2649 4171 fluvium,
2683 4105 2775 4177 qui
2822 4103 2953 4161 olim
2996 4104 3193 4159 Albula
3237 4102 3542 4168 dicebatur,

1942 4196 2097 4266 juxta
2126 4195 2451 4251 Sabinorum
2493 4192 2729 4251 conﬁnia
2768 4192 3221 4264 pertransierint;
3256 4199 3308 4246 et
3337 4190 3428 4246 isti
3457 4186 3551 4261 qui

1948 4284 2108 4340 nobis
2133 4283 2298 4339 vicini
2328 4289 2472 4347 sunt,
2507 4298 2574 4336 ex
2603 4280 2773 4335 altera
2820 4287 2972 4350 parte
3002 4279 3078 4334 ita
3109 4277 3334 4334 saviant
3364 4284 3417 4332 et
3445 4277 3549 4333 de-

1950 4371 2303 4435 bacchentur,
2336 4376 2394 4423 ut
2420 4383 2529 4423 non
2559 4367 2854 4432 hominem,
2899 4380 3009 4420 non
3054 4381 3265 4436 agrum,
3313 4379 3420 4418 non
3452 4363 3549 4432 ju-

225 4469 280 4515 et
307 4475 427 4531 pro
457 4473 649 4514 amore
679 4467 991 4515 sanctorum
1019 4458 1388 4529 apostolorum
1418 4456 1562 4513 Petri
1591 4465 1644 4512 et
1674 4457 1846 4523 Pauli,
1877 4450 2210 4523 Dmentum,
2242 4472 2353 4511 non
2382 4471 2573 4527 pecus,
2598 4470 2708 4509 non
2736 4452 3027 4525 quidquam
3058 4467 3125 4507 ex
3153 4450 3239 4506 his
3270 4466 3392 4522 qua
3421 4465 3551 4507 san-

224 4563 485 4622 quorum
541 4546 617 4602 ita
672 4555 756 4603 est
808 4547 1151 4603 devastatum
1205 4546 1518 4613 terminum,
1567 4552 1625 4600 ut
1668 4543 1847 4617 magis

220 4638 413 4693 libeat
459 4635 616 4703 ﬁere,
667 4651 832 4708 quam
879 4636 1082 4703 dicere,
1132 4635 1316 4690 tandiu
1360 4634 1501 4706 apud
1547 4632 1848 4706 piissimum

222 4727 639 4798 imperatorem
668 4732 917 4780 nostrum
954 4724 1234 4792 insistatis,
1270 4738 1550 4795 quousque
1579 4730 1632 4777 et
1660 4729 1851 4779 contra

212 4828 505 4889 paganos
547 4828 707 4883 opem
752 4813 1011 4884 prabeat,
1046 4821 1099 4869 et
1129 4811 1459 4867 Christianos
1500 4824 1851 4881 compescere

222 4903 513 4975 gaudeat.
561 4899 831 4969 Quoniam
877 4901 1001 4956 ideo
1045 4900 1198 4955 illum
1235 4907 1386 4955 tanto
1434 4898 1737 4954 diademate
1784 4896 1852 4952 ab

221 4991 373 5048 olim
430 4988 656 5061 quidem
703 5004 734 5043 a
776 4988 937 5044 nobis
984 4996 1355 5060 exspectatum
1402 5003 1466 5043 ac
1507 4986 1854 5059 praelectum

222 5080 459 5136 decore
477 5077 808 5144 curavimus,
832 5084 890 5131 ut
910 5084 1112 5132 sancta
1131 5078 1388 5132 Romana
1406 5074 1669 5131 Ecclesia
1697 5090 1855 5131 recu-

218 5166 467 5240 peratio
508 5173 563 5221 et
607 5165 890 5231 securitas,
942 5180 1105 5237 quam
1156 5164 1467 5234 ademptam
1511 5162 1851 5230 dolebamus,

220 5273 335 5328 per
364 5254 537 5326 pium
567 5253 804 5308 studium
834 5253 972 5322 ejus,
997 5267 1106 5323 quo
1134 5268 1353 5323 semper
1381 5250 1678 5320 fruebatur,
1711 5249 1857 5305 redi-

220 5353 335 5401 ret.
374 5342 755 5413 Quapropter,
788 5340 1114 5397 charissima
1138 5338 1266 5409 ﬁlia,
1300 5355 1402 5409 per
1428 5339 1604 5393 Deum
1635 5352 1732 5392 vos
1763 5336 1859 5391 ad-

212 5435 519 5504 juramus,
548 5437 851 5500 opportune
871 5429 1179 5499 importune
1207 5427 1458 5493 insistite,
1480 5432 1539 5479 ut
1567 5433 1857 5495 antequam

221 5521 283 5578 in
317 5521 463 5593 ipsa
513 5516 649 5571 urbe
677 5516 939 5573 Romulea
978 5514 1124 5571 aliud
1172 5515 1493 5586 periculum,
1527 5512 1673 5585 quod
1710 5514 1858 5568 Deus

516 5632 757 5686 ΡΑτιιοῑ..
792 5628 1038 5686 CXXVI.

1947 4546 2019 4605 cti
2046 4545 2186 4601 Petri
2215 4544 2351 4614 juris
2381 4543 2636 4609 existunt,
2676 4541 2943 4597 dimittere
2970 4540 3261 4612 patiantur,
3297 4538 3394 4594 sed
3424 4553 3549 4593 om-

1947 4634 2039 4689 nia
2069 4648 2192 4705 qua
2235 4631 2392 4688 oculo
2434 4630 2618 4686 vident
2662 4646 2826 4685 manu
2851 4628 3121 4699 diripiant,
3153 4633 3204 4682 et
3231 4625 3376 4680 mala
3426 4638 3550 4697 qua

1948 4721 2189 4795 cogitant
2216 4720 2333 4776 sine
2364 4735 2520 4775 mora
2547 4717 2846 4791 perﬁciant.
2872 4719 3000 4773 Hac
3029 4721 3171 4781 sunt,
3208 4713 3550 4781 charissima,

1952 4794 2534 4866 deinnumerabilibus
2581 4822 2777 4878 pauca,
2830 4821 2953 4876 qua
2997 4810 3174 4858 mater
3216 4809 3396 4857 vestra
3434 4803 3552 4859 Ro-

1950 4915 2131 4970 mana,
2162 4899 2303 4971 proh
2333 4895 2527 4953 dolor!
2560 4895 2751 4950 diebus
2790 4891 2989 4949 vestris
3017 4890 3219 4963 perfert
3261 4889 3550 4959 Ecclesia;

1953 4988 2109 5061 quasi
2127 5004 2239 5043 non
2267 5002 2367 5041 vos
2388 4981 2696 5055 specialiter
2715 4998 2779 5035 ex
2810 4979 3061 5035 omnibus
3082 4987 3136 5035 et
3155 4995 3271 5050 pra
3298 4978 3554 5035 omnibus

1952 5075 2231 5139 amaverit,
2284 5070 2592 5128 invitaverit
2620 5077 2672 5125 et
2702 5067 2973 5135 extulerit,
3007 5067 3095 5124 vel
3126 5067 3281 5139 quasi
3312 5082 3412 5121 nos
3440 5079 3553 5121 non

1953 5181 2072 5231 vos,
2124 5169 2342 5217 auctore
2386 5161 2520 5221 Deo,
2553 5157 2609 5211 in
2644 5157 2936 5227 imperium
2983 5154 3453 5220 coronaverimus,
3495 5157 3551 5209 et

1954 5252 2239 5307 vobiscum
2260 5248 2314 5302 in
2345 5246 2615 5312 omnibus,
2645 5245 2799 5316 quasi
2819 5261 2943 5301 cum
2965 5240 3365 5315 sapientissimo
3397 5240 3553 5297 Salo-

1953 5354 2136 5404 mone,
2160 5344 2217 5391 ut
2238 5334 2509 5407 quondam
2530 5333 2620 5389 ille
2642 5332 2819 5389 ﬁdelis
2838 5332 3051 5389 Sadoch
3074 5330 3333 5387 sacerdos
3355 5330 3406 5399 (1
3419 5332 3547 5403 Reg,

1956 5427 2019 5499 ι),
2068 5426 2329 5480 adversus
2378 5423 2610 5477 alterum
2641 5422 2711 5476 ad
2741 5421 2924 5476 omnia
2966 5420 3188 5474 minime
3218 5420 3549 5487 steterimus,

1956 5529 2059 5570 nec
2086 5520 2280 5570 cuncta
2310 5527 2429 5583 qua
2459 5525 2556 5580 pro
2573 5509 2728 5565 vobis
2746 5508 3097 5565 debuerimus
3127 5507 3329 5574 facere,
3367 5504 3559 5564 feceri-

3206 5617 3275 5671 23
