4020 6178
487 209 592 262 715

1730 201 2028 256 JOANNIS
2075 200 2270 256 PAR-i3
2327 201 2465 254 VIII.

3667 209 3755 261 716

490 365 614 404 mus
645 366 657 402 ε
691 347 760 402 ad
801 353 1102 403 extremum
1131 343 1284 417 quasi
1309 360 1418 399 non
1466 343 1736 415 hodieque
1777 343 1957 396 manui
1991 359 2088 396 γρ,
2119 327 2176 385 Α
2197 331 2288 378 tua
2319 323 2570 378 sanctitas
2619 323 2912 379 accesserit
2941 323 3216 394 pietatem,
3273 325 3543 380 credimus
3573 327 3642 381 nil
3666 329 3761 384 Ec-

495 447 620 493 strae
643 435 862 508 speciali
883 443 1010 490 voto
1027 433 1452 506 etprzerogativa
1473 431 1687 502 plenam
1713 431 2090 486 benedictione

495 527 754 597 palmam,
789 525 928 580 sicut
953 531 1003 578 et
1033 521 1272 586 cernitis,
1307 520 1638 575 destinemus
1668 519 1932 574 adversus
1965 519 2094 572 visi-

497 615 636 670 biles
684 615 867 668 hostes
907 619 958 666 et
997 609 1292 664 invisibiles
1341 609 1776 678 triumphantem.
1831 607 2093 676 Optantes

497 704 644 758 enim
692 718 789 758 vos
836 701 904 754 de
949 698 1154 754 cunctis
1201 697 1526 752 adversariis
1575 696 1929 766 triumphare,
1964 694 2096 748 nihil

499 792 674 862 aptius
703 788 856 844 vobis
903 803 1064 858 quam
1095 801 1280 840 ramos
1318 785 1626 855 palmarum
1665 783 1916 838 duximus
1955 782 2095 837 oﬂ‘e-

499 879 748 940 rendum,
799 891 934 946 quos
975 883 1028 929 et
1071 873 1226 944 pueri
1277 873 1590 928 sternebant
1635 871 1690 926 in
1731 871 1816 926 via
1865 871 2096 925 Domino

501 965 934 1035 Hierosolymam
966 961 1202 1017 venienti
1233 962 1454 1032 (Matth.
1489 961 1658 1030 xxii),
1691 959 1973 1030 antiquum
2007 959 2101 1013 ho-

502 1063 638 1110 stem
681 1052 1070 1122 triumphaturo
1101 1059 1152 1104 et
1183 1049 1445 1103 mundum
1491 1049 1720 1104 victuro.
1759 1048 1866 1102 Sed
1907 1047 2098 1102 dicun-

405 1179 412 1190 η
499 1152 586 1198 tur
637 1141 818 1196 multa;
879 1155 978 1194 vos
1043 1138 1306 1208 impedire
1337 1137 1746 1192 sollicitudines.
1783 1136 1898 1191 Hoc
1943 1135 2102 1205 plane

501 1247 601 1286 nec
631 1247 730 1284 nos
757 1229 1094 1301 ignoramus.
1121 1227 1322 1281 Verum
1353 1235 1408 1278 ut
1433 1241 1552 1280 cum
1573 1225 1803 1278 Domino
1833 1223 2102 1278 fateamur

503 1319 662 1390 (Luc.
695 1317 796 1388 χι),
839 1325 890 1370 et
913 1318 1028 1370 huic
1075 1314 1311 1383 oportuit
1341 1312 1540 1378 facere,
1573 1322 1624 1366 et
1654 1313 1746 1366 illa
1798 1329 1904 1366 non
1937 1311 2102 1366 omit-

503 1416 636 1462 tere.
686 1406 828 1459 Nam
874 1403 1049 1470 vobis,
1103 1401 1195 1471 qui
1223 1401 1278 1454 in
1327 1417 1504 1472 agone
1555 1399 1897 1464 contenditis,
1951 1407 2008 1452 ut
2035 1399 2104 1452 ad

507 1494 754 1549 bravium
785 1506 1034 1561 superum
1074 1489 1373 1543 vocationis
1405 1497 1456 1542 et
1486 1489 1556 1542 ad
1585 1488 1974 1557 capessendam
2005 1503 2104 1542 co-

509 1597 704 1638 ronam
721 1582 1092 1648 incorruptam
1113 1577 1462 1646 perveniatis,
1486 1575 1552 1629 ab
1574 1577 1826 1629 omnibus
1848 1576 1966 1628 aliis
1983 1576 2108 1628 abs-

2191 411 2372 467 clesiaa
2401 412 2497 466 Dei
2525 420 2722 482 praeter
2743 421 2998 482 paternas
3028 413 3248 486 regulas
3283 413 3570 468 illaturam.
3603 415 3764 470 Mode-

2193 500 2329 554 ratio
2361 500 2560 571 quippe
2609 500 2756 555 sedis
2786 502 3119 570 apostolicze,
3167 501 3492 556 universalis
3531 503 3766 558 Ecclesiae

2194 588 2497 658 dispositio,
2531 589 2584 641 in
2615 589 2718 643 hoc
2767 589 3078 658 periculoso
3125 597 3370 660 tempore
3419 605 3558 660 pene
3597 599 3768 646 cuncta

2195 676 2588 746 dispensatorie
2619 677 2950 732 moderanda
2981 677 3276 748 compellit.
3312 677 3576 746 Quamvis
3613 687 3767 734 autem

2195 765 2450 834 praesenti
2491 765 2558 817 sit
2603 765 2774 818 exsuli
2817 765 3230 830 consulendum,
3283 765 3418 819 nihil
3461 775 3639 820 tamen
3681 775 3766 832 est,

2197 867 2302 906 non
2324 859 2568 906 exstante
2589 852 2698 906 ulla
2721 854 3066 920 necessitate,
3104 861 3292 908 contra
3309 869 3548 908 canones
3581 855 3770 908 Patrum

2199 940 2492 1012 agendum.
2546 941 2730 994 Abbas
2757 949 2932 995 autem
2967 942 3079 1012 qui,
3131 941 3278 996 nullo
3308 942 3653 1012 comprobato
3679 944 3772 998 cri-

2198 1029 2364 1094 mine,
2391 1043 2422 1082 a
2443 1027 2580 1100 regii
2601 1037 2682 1083 est
2702 1029 3310 1100 ccenobiipraepositura
3341 1031 3621 1100 depulsus,
3651 1031 3773 1099 ejus-

2201 1117 2324 1171 dem
2375 1117 2602 1186 piissimi
2653 1117 2914 1188 principis
2959 1118 3250 1188 permissu,
3302 1117 3557 1188 precibus
3601 1121 3774 1174 nostris

2203 1211 2308 1260 tute
2337 1205 2553 1259 sociatis
2601 1206 2893 1270 industrizn,
2947 1207 3286 1260 revocandus
3328 1215 3428 1261 est.
3459 1207 3584 1262 Non
3623 1215 3776 1262 autem

2203 1293 2378 1348 solum
2409 1294 2756 1360 homicidam,
2793 1295 2888 1348 sed
2919 1301 2970 1348 et
2998 1295 3210 1349 socium
3241 1295 3528 1350 homicidae
3559 1295 3625 1349 ab
3652 1296 3778 1350 omni

2205 1382 2562 1452 praepositum
2597 1383 2906 1452 pellendum
2955 1383 3322 1437 decernimus.
3357 1385 3486 1438 Haec
3519 1385 3777 1454 perpaucis

2207 1469 2532 1524 fraternitati
2579 1479 2682 1525 tua:
2711 1471 3050 1540 scripsimus,
3099 1467 3172 1525 ne
3197 1471 3298 1524 sibi
3339 1471 3564 1526 omnino
3605 1472 3780 1527 rescri-

2209 1559 2338 1613 bere
2395 1559 2766 1628 supersedisse
2841 1559 3164 1614 videremur.
3223 1559 3512 1626 Caeterum,
3573 1569 3628 1614 ut
3679 1577 3782 1616 cum

513 1669 792 1726 tinendum
823 1675 922 1732 est,
955 1647 1009 1720 et
1037 1665 1298 1736 legitime,
1335 1673 1390 1718 ut
1419 1665 1784 1733 praediximus,
1820 1665 2106 1718 decertan-
2135 1679 2187 1738 Β
2211 1656 2396 1738 5399“)
2415 1647 2592 1702 Leone
2615 1663 2751 1738 Pal)a
2783 1647 3044 1702 dicamus-
3069 1649 3182 1738 N95
3213 1649 3302 1738 ςιιιί
3321 1649 3666 1738 εδγοθῖάοίυηλ
3695 1651 3784 1703 DO‘

513 1759 663 1814 dum.
687 1755 830 1824 Quid
857 1762 1034 1809 autem
1067 1752 1236 1822 magis
1267 1752 1566 1824 legitimum
1585 1767 1746 1822 quam
1777 1759 1832 1805 ut
1851 1769 1962 1822 prae
1993 1768 2109 1806 om-

517 1847 678 1902 nibus
709 1854 760 1899 et
790 1851 914 1898 ante
957 1841 1138 1896 omnia
1183 1842 1438 1895 Romamn
1487 1856 1674 1896 curam
1721 1840 1968 1894 habeatis
1997 1841 2108 1894 Ec-

519 1935 700 1991 clesia:
729 1948 847 2003 qua":
877 1939 1190 1985 caeterarum
1219 1929 1482 2000 magistra
1514 1937 1596 1983 est
1626 1937 1678 1982 et
1707 1935 1884 1982 mater
1911 1928 2108 1983 Eccle-

519 2023 741 2086 siarum,
770 2035 888 2090 qua:
917 2026 1096 2073 vestro
1127 2017 1184 2070 in
1215 2023 1458 2086 tempore
1497 2016 1656 2070 tantis
1686 2032 1748 2071 ac
1779 2025 1884 2070 tam
1913 2017 2108 2070 imma-

517 2111 679 2166 nibus
709 2107 1010 2163 succumbit
1053 2106 1170 2160 sine
1201 2105 1504 2160 cessatione
1533 2105 1812 2174 periculis.
1865 2104 2110 2174 Denique

517 2200 566 2254 si
593 2199 710 2252 haec
737 2195 1002 2264 Ecclesia,
1037 2209 1158 2265 quae
1185 2199 1340 2264 caput
1371 2201 1473 2258 est,
1509 2193 1676 2264 viget,
1707 2201 1902 2248 caetera
1931 2209 2110 2247 mem-

517 2289 639 2352 bra,
697 2283 942 2356 quamvis
989 2280 1266 2352 languida,
1315 2281 1674 2350 recuperandi
1717 2281 1974 2336 fiduciam
2003 2297 2112 2336 non

521 2375 769 2432 amittunt
799 2387 918 2442 quae
947 2370 1200 2423 nimirum
1241 2369 1386 2422 omni
1417 2369 1614 2424 robore
1660 2377 1867 2438 carent,
1899 2369 1944 2422 si
1973 2385 2110 2424 con-

519 2464 697 2533 tingat
739 2460 916 2515 solum
956 2463 1118 2528 caput
1145 2456 1280 2512 forte
1326 2456 1613 2529 languere,
1662 2465 1860 2528 quanto
1909 2458 2107 2528 potius,

519 2549 666 2620 quod
712 2553 924 2602 avertat
968 2545 1330 2615 omnipotens,
1381 2545 1426 2596 si
1465 2545 1740 2616 contingat
1789 2545 2112 2616 exstingui?

519 2637 674 2693 Unde
721 2636 917 2690 iterum
981 2633 1282 2704 iterumque
1329 2632 1456 2686 totis
1508 2631 1833 2706 singultibus
1880 2632 2112 2703 totisque

517 2725 876 2796 imploramus
903 2720 1242 2793 praecordiis,
1275 2728 1328 2775 et
1355 2736 1453 2790 per
1485 2721 1758 2776 Christum
1789 2721 1888 2775 Dei
1919 2721 2112 2775 Filium

517 2813 832 2884 suppliciter
881 2810 1216 2878 adjuramus,
1249 2809 1340 2878 qui
1377 2824 1476 2864 vos
1509 2809 1578 2863 ad
1609 2817 1818 2864 tantum
1863 2807 2112 2880 provexit

517 2901 794 2971 fastigium
823 2905 876 2953 et
905 2897 1212 2967 imperium,
1261 2894 1346 2950 vel
1386 2911 1530 2951 nunc
1577 2897 1798 2952 citatum
1842 2897 2112 2952 cxtendite

517 2986 817 3044 clementiae
869 2984 1173 3052 brachium,
1227 2992 1280 3038 et
1325 2983 1647 3054 periclitanti
1707 2985 1918 3054 patrias,
1979 2985 2108 3055 quin

513 3074 696 3146 potius
717 3073 939 3138 mundo,
971 3071 1152 3126 auxilii
1175 3071 1508 3142 jamjamque
1523 3072 1786 3144 porrigite
1807 3072 2102 3128 dexteram.

512 3163 660 3219 Ecce
687 3163 878 3217 Petrus
907 3160 964 3215 in
995 3159 1301 3215 commissis
1347 3159 1538 3215 ovibus
1573 3161 1850 3233 mergitur.
1905 3161 2110 3232 Erigite

512 3266 648 3325 ergo
669 3266 764 3306 eas
787 3265 885 3306 vos
902 3265 933 3303 a
953 3249 1237 3316 fructibus,
1273 3247 1714 3304 clementissime.
1751 3249 1840 3304 Sic
1863 3264 1961 3304 vos
1991 3249 2109 3320 ipse

511 3339 581 3396 ab
613 3353 936 3395 excessuum
980 3337 1337 3392 alluvionibus
1369 3336 1562 3409 erigat,
1596 3345 1649 3392 et
1679 3337 1831 3404 vobis
1871 3337 2109 3392 caelestis

509 3427 644 3484 atria
674 3427 830 3499 regni
857 3425 1307 3482 intercessionum
1339 3441 1562 3480 suarum
1604 3425 1846 3481 clavibus
1877 3433 2105 3494 reseret,

510 3525 565 3572 ct
592 3517 715 3572 vitae
731 3523 950 3570 aeternae
975 3529 1182 3585 pascua
1209 3513 1536 3569 invenienda
1565 3513 1707 3568 inter
1735 3513 1962 3585 angelos
1993 3513 2110 3568 sine

510 3604 744 3660 termino
764 3602 983 3672 tribuat,
1006 3619 1128 3676 qua:
1156 3603 1352 3658 oculus
1371 3619 1487 3658 non
1505 3602 1664 3668 vidit,
1696 3619 1800 3658 nec
1822 3604 1981 3658 auris
2009 3619 2112 3657 (ιαμ

509 3691 669 3759 divit,
689 3699 792 3747 etc.
824 3691 971 3762 (Cor.
991 3691 1074 3762 ιι).
1108 3690 1243 3746 Data
1259 3690 1445 3746 Idibus
1474 3689 1778 3756 Februarii,
1815 3690 2109 3746 indictione

511 3779 744 3837 decima.

1237 3883 1376 3938 LXI.

583 4015 657 4056 AD
685 4010 1016 4054 ANSPERTUM
1035 4011 1512 4054 ARCHIEPISCOPUM
1539 4013 2035 4057 MEDIOLANENSEM.

1137 4111 1318 4182 (Anno
1343 4111 1492 4170 8‘77.)

513 4225 842 4301 Respondet,
871 4225 1163 4301 abbate-ra
1183 4225 1296 4298 qui,
1329 4227 1492 4301 nullo
1531 4229 1882 4301 comprobato
1909 4232 2110 4288 crimi-

583 4297 676 4366 ne,
707 4314 743 4354 α
767 4298 908 4370 regii
935 4297 1166 4372 coenobii
1183 4297 1566 4372 praepositum
1597 4297 1864 4370 depulsus
1892 4303 2104 4372 fuerat,

583 4386 701 4428 esse
731 4368 1145 4442 revocandum,-
1177 4368 1514 4442 homicidam
1557 4368 1772 4436 autem,
1806 4376 1860 4426 et
1889 4368 2112 4442 facinoé

585 4443 667 4497 ris
695 4441 931 4508 socium,
963 4439 1030 4493 ab
1061 4439 1217 4495 omni
1245 4440 1614 4510 praepositum
1642 4439 1988 4512 pellendum.

585 4547 838 4602 JOANNES
855 4543 1146 4616 episcopus
1167 4546 1464 4600 Axsrsa'ro
1479 4545 1886 4618 archiepiscopo
1909 4549 2115 4607 Medio-

517 4633 747 4691 lanensi.

591 4723 896 4778 Laudamus
935 4720 1348 4777 sanctimoniam
1379 4728 1546 4788 tuam,
1579 4721 1746 4779 frater
1774 4725 2113 4794 charissime,

515 4811 736 4882 iustitia:
773 4811 889 4866 zelo
925 4809 1265 4874 ferventem;
1300 4810 1398 4864 sed
1442 4809 1497 4864 in
1535 4812 1963 4880 promotionibus
2003 4816 2117 4871 sive

521 4899 793 4966 antistitis,
829 4898 943 4954 sive
970 4897 1201 4964 abbatis,
1253 4897 1328 4951 nil
1355 4897 1602 4968 profecto
1631 4899 1776 4955 aliud
1817 4903 2118 4972 gerendum

523 5003 817 5060 possumus
863 4986 1160 5052 exhortari,
1193 4985 1298 5041 nisi
1325 4987 1470 5056 quod
1517 4988 1657 5043 sacri
1702 5004 1942 5045 canones
1985 5007 2118 5047 san-

524 5077 674 5132 ciunt
716 5091 852 5147 quos
899 5073 1032 5130 nulli
1077 5073 1420 5130 sacerdotum
1467 5075 1672 5131 licitum
1715 5085 1794 5132 est
1843 5077 2114 5151 ignorare,

525 5165 612 5221 vel
640 5163 938 5236 quidquam
967 5162 1148 5218 facere
1177 5163 1322 5232 quod
1345 5164 1560 5218 Patrum
1591 5165 1764 5235 possit
1785 5167 1993 5238 regulis
2023 5168 2119 5223 0b-

525 5253 678 5308 viari.
713 5253 914 5308 Verum
945 5251 1068 5322 quia
1099 5251 1154 5303 in
1185 5257 1415 5322 utroque
1439 5250 1534 5306 tilii
1563 5253 1736 5308 nostri
1765 5271 1981 5325 semper
2009 5259 2120 5312 Au-

529 5340 670 5410 gusti
699 5339 1006 5394 interfuisse
1027 5337 1342 5409 perhibetur
1364 5355 1639 5406 assensus,
1667 5343 1782 5410 ejus
1804 5359 1970 5413 super
1989 5344 2120 5400 hoc-

529 5441 652 5480 esse
682 5427 893 5482 videtur
937 5426 1332 5498 exspectandus
1371 5427 1672 5483 adventus:
1706 5430 1774 5484 ad
1803 5431 1954 5500 cujus
1995 5449 2118 5488 cum

596 5561 614 5585 ε
639 5551 828 5613 Aliquid
851 5553 1021 5602 deesse
1045 5553 1252 5602 videtur.

2211 1735 2342 1788 mini
2371 1745 2578 1789 matura
2623 1737 2872 1790 volumus
2917 1753 3038 1790 esse
3063 1736 3284 1804 judicia,
3337 1737 3471 1790 nihil
3521 1754 3786 1808 possumus

2211 1823 2501 1894 incognitis
2551 1823 2711 1878 rebus
2757 1825 2812 1878 in
2859 1825 3174 1895 cujusquam
3221 1825 3392 1894 partis
3437 1827 3784 1895 prmjudicium

2210 1909 2458 1974 ditlinire,
2511 1911 2824 1982 priusquam
2871 1913 3128 1966 universa
3157 1929 3277 1982 qua:
3307 1921 3464 1984 gesta
3497 1922 3618 1968 sunt
3647 1929 3786 1968 vera-

2214 1999 2346 2054 citer
2391 1999 2694 2054 audiamus.
2729 1999 2786 2054 Si
2817 2000 2979 2068 enim,
3015 2009 3072 2054 ut
3101 2001 3174 2056 ait
3201 2002 3494 2071 Apostolus
3525 2003 3666 2072 (Gal.
3697 2003 3784 2072 tu),

2211 2087 2478 2142 mediator
2505 2087 2664 2142 unius
2693 2103 2802 2142 non
2834 2096 2936 2156 est,
2971 2089 3062 2158 qui
3091 2089 3168 2144 sic
3199 2103 3362 2143 unam
3391 2097 3609 2160 partem
3637 2091 3784 2158 audit,

2211 2183 2268 2228 ut
2317 2175 2470 2228 alteri
2515 2175 2653 2246 parti
2699 2176 2832 2229 nihil
2861 2185 3107 2232 reservet
3143 2186 3188 2230 ³.
3221 2177 3506 2248 Optamus,
3561 2187 3660 2234 etc.
3690 2180 3786 2234 Da-

2211 2269 2264 2316 ta
2293 2279 2351 2316 iu
2377 2263 2650 2318 Kalendas
2683 2264 2880 2330 Martii,
2913 2264 3206 2320 indictione
3235 2265 3467 2321 decima.

2921 2391 3084 2446 LXII.

2317 2509 2390 2549 AD
2419 2511 2716 2551 EPISCOPOS
2745 2511 2804 2550 IN
2833 2511 3018 2551 REGNO
3062 2513 3258 2553 (ΣάιΒοιί
3287 2513 3660 2556 ιιΡειΑτοιῐε

2778 2583 3168 2622 CONSTITU’I‘OS.

2780 2674 2960 2744 (Anno
2993 2675 3143 2747 877.)

2212 2777 2395 2833 Monet
2421 2781 2486 2832 ut
2515 2777 2912 2849 imperatorem
2929 2781 3230 2838 hortentur
3259 2781 3334 2836 ad
3363 2798 3530 2856 opem
3549 2784 3790 2841 Ecclesia

2495 2868 2758 2922 Romana:
2787 2869 3052 2924 celeriter
3075 2870 3394 2940 ferendam.

2281 2979 2533 3035 JOANNES
2563 2981 2854 3052 episcOpus
2880 2982 3132 3038 omnibus
3161 2985 3591 3058 archiepiscopis
3619 2995 3668 3043 et
3697 2987 3796 3059 epi-

2211 3067 2390 3139 scopis
2419 3068 2474 3122 in
2503 3085 2679 3142 regno
2709 3070 3054 3141 imperatoris
3087 3071 3264 3128 Caroli
3291 3075 3624 3131 constitutis.

2279 3156 2529 3211 Pristinis
2557 3157 2723 3212 attriti
2765 3159 2999 3214 miseriis
3031 3168 3086 3214 et
3114 3162 3366 3233 oppressi
3395 3163 3792 3228 calamitatibus,

2207 3245 2546 3300 dilectissimi
2601 3245 2696 3300 ﬁlii
2750 3247 2924 3302 nostri
2969 3249 3154 3320 magni
3207 3249 3556 3322 imperatoris
3614 3252 3794 3318 Caroli,

2209 3333 2363 3404 quasi
2409 3333 2479 3388 de
2523 3333 2810 3404 profundis
2853 3336 2921 3390 ad
2969 3337 3144 3392 Deum
3191 3337 3512 3408 clamantes,
3561 3348 3796 3413 tanquam

2208 3420 2380 3492 ipsius
2409 3423 2626 3478 Domini
2658 3431 2710 3478 et
2739 3423 3034 3480 Salvatoris
3063 3427 3230 3481 nostri
3279 3429 3424 3482 anxii
3467 3429 3801 3502 exspectaba-

2209 3525 2329 3563 mus
2377 3511 2689 3580 adventum,
2717 3520 2789 3578 et,
2821 3519 2878 3567 ut
2907 3513 2980 3568 ita
3009 3513 3236 3570 dixerim
3268 3515 3386 3584 ejus
3435 3516 3686 3573 iteratum
3713 3531 3798 3588 pro

2211 3597 2383 3652 salute
2439 3607 2626 3654 nostra
2683 3600 3045 3656 credebamus
3121 3603 3408 3660 imminere
3461 3606 3796 3663 descensum.

2211 3685 2339 3752 Sed,
2385 3687 2526 3757 proh
2572 3687 2760 3743 dolor!
2799 3695 2875 3743 tot
2921 3705 2987 3745 ac
3035 3691 3196 3746 tantis
3245 3691 3654 3752 circumdamur
3693 3695 3800 3749 hinc

2209 3773 2336 3828 inde
2383 3773 2638 3844 periculis
2681 3781 2740 3830 ut
2785 3777 2982 3832 taedeat
3030 3794 3132 3834 nos
3181 3779 3346 3835 etiam
3413 3782 3624 3840 vivere.
3673 3783 3800 3838 Ecce

2211 3861 2355 3916 enim
2409 3862 2816 3919 Dominicarum
2865 3865 3050 3921 ovium
3095 3867 3164 3922 ab
3211 3870 3506 3940 Agarenis,
3557 3871 3648 3943 qui
3695 3877 3802 3925 sunt

2209 3947 2306 4002 ﬁlii
2351 3949 2738 4019 fornicationis,
2787 3969 3001 4010 necnon
3043 3963 3094 4010 et
3142 3957 3211 4011 ab
3255 3957 3341 4012 his
3383 3959 3478 4029 qui
3529 3961 3648 4016 solo
3693 3965 3800 4013 sunt

2209 4037 2428 4093 nomine
2485 4039 2790 4107 Christiani,
2847 4041 2966 4098 alia
3021 4043 3204 4114 gladio
3275 4047 3636 4114 trucidantur,
3696 4047 3801 4102 aliae

2209 4124 2350 4182 fame
2399 4136 2648 4198 pereunt,
2695 4128 2814 4184 aliae
2855 4146 2987 4186 vero
3015 4132 3070 4186 in
3101 4133 3342 4202 praedam
3372 4145 3424 4189 et
3453 4137 3802 4208 captivitatem

2209 4213 2496 4269 ducuntur.
2551 4217 2660 4271 Sed
2707 4225 2760 4272 et
2803 4227 3052 4290 pastores
3095 4235 3306 4288 earum,
3354 4225 3650 4282 reverendi
3697 4225 3804 4295 epi-

2210 4303 2361 4373 scopi
2415 4303 2751 4376 profugiunt,
2818 4315 2871 4362 et
2921 4308 3048 4379 vagi
3101 4310 3207 4365 huc
3263 4311 3500 4383 illucque
3573 4313 3803 4386 palantes

2135 4379 2356 4446 Domni
2385 4391 2603 4461 penitus
2650 4403 2894 4464 egestate
2941 4397 3246 4454 tabescunt.
3293 4379 3535 4456 Redacta
3565 4379 3650 4456 est
3677 4409 3806 4456 terra

2215 4479 2272 4533 in
2303 4479 2670 4550 solitudinem,
2703 4489 2755 4536 et
2783 4483 2980 4540 ablatis
3008 4486 3075 4539 ab
3107 4485 3200 4542 illa
3216 4487 3549 4559 hominibus,
3585 4489 3804 4545 ferarum

2217 4567 2384 4622 saltus
2429 4568 2620 4625 eﬂ‘ecta
2667 4579 2748 4625 est
2784 4591 2797 4636 ;
2847 4571 3109 4642 civitates,
3159 4585 3334 4631 castra
3381 4585 3436 4632 et
3483 4578 3628 4634 villae
3687 4577 3808 4632 sub-

2215 4671 2409 4725 versae,
2443 4673 2545 4713 nec
2574 4658 2666 4712 ubi
2695 4675 2880 4714 earum
2909 4659 3110 4717 fuerint
3139 4663 3390 4732 aediﬁcia,
3421 4665 3676 4721 innuunt.
3711 4663 3806 4721 Sed

2217 4751 2270 4798 et
2297 4745 2626 4802 venerabilia
2653 4747 2773 4804 loca
2802 4749 3164 4820 destruentes,
3215 4753 3406 4808 altaria
3453 4755 3677 4810 Domini
3704 4751 3808 4809 suf-

2216 4831 2490 4900 foderunt,
2523 4835 2802 4891 ministros
2832 4846 2884 4893 et
2907 4855 3094 4895 servos
3124 4841 3240 4910 ejus
3271 4842 3613 4898 occiderunt.
3649 4841 3808 4899 Facti-

2218 4935 2425 4986 sumus,
2477 4923 2772 4978 secundum
2817 4925 3179 4998 Psalmistam,
3213 4929 3268 4983 in
3299 4930 3543 4986 derisum
3601 4941 3656 4988 et
3683 4945 3806 4988 con-

2217 5017 2481 5080 temptum
2503 5011 2585 5064 his
2603 5013 2694 5082 qui
2725 5012 2781 5066 in
2802 5014 3026 5070 circuitu
3055 5025 3244 5072 nostro
3267 5027 3390 5073 sunt
3423 5021 3603 5090 (Prol.
3635 5019 3806 5088 mu),

2217 5097 2344 5152 dum
2373 5097 2450 5153 illi
2481 5105 2572 5153 aut
2602 5099 2908 5157 vicinorum
2946 5104 3146 5160 auxilio
3173 5106 3474 5177 potiuntur,
3507 5116 3598 5163 aut
3626 5109 3808 5164 saltem

2217 5193 2398 5256 pacto,
2469 5189 2770 5243 secundum
2835 5193 3171 5263 Apostolum,
3241 5203 3456 5266 tempus
3522 5197 3804 5256 redimunt,

2220 5274 2472 5344 quoniam
2531 5276 2649 5332 dies
2693 5278 2822 5333 mali
2867 5289 2988 5334 sunt
3031 5281 3254 5354 (Ephes.
3313 5285 3416 5356 in).
3469 5285 3806 5341 Seminamus

2217 5363 2570 5432 pedetentim,
2623 5369 2870 5438 quamvis
2901 5368 2956 5422 in
2985 5369 3257 5440 lacrymis,
3291 5389 3392 5427 nec
3423 5374 3810 5446 recolligimus.

2218 5449 2328 5504 imo
2369 5451 2484 5520 jam
2533 5469 2637 5509 nec
2685 5455 2990 5511 seminandi
3021 5457 3248 5514 facultas
3287 5461 3616 5532 suppeditat.
3652 5462 3811 5516 Sedet
