4056 6178
273 154 385 216 ’11⁵1

1374 156 1731 216 EPISTOLE
1783 156 1876 214 ET
1923 108 2268 217 DECRETA.

3475 165 3579 222 718

279 283 338 339 in
368 283 592 340 tristitia
619 282 841 339 domina
869 282 1041 351 orbis,
1072 289 1250 338 mater
1275 281 1671 351 Ecclesiarum,
1712 284 1889 357 magi-
1915 286 1972 346 Α
1991 284 2334 341 Walbertum
2363 286 2737 354 Portuensem,
2797 293 2855 342 et
2906 287 3212 362 Eugenium
3268 289 3574 348 Ostiensem

279 381 396 427 stra
428 372 696 446 gentium,
757 371 1054 427 consolatio
1109 371 1364 439 tristium,
1411 379 1463 426 et
1513 387 1622 426 non
1666 379 1747 427 est
1793 372 1886 443 qui

280 460 526 530 adjuvet,
552 475 662 515 non
683 466 764 515 est
794 459 887 531 qui
926 458 1238 515 consoletur
1268 474 1406 528 eam,
1455 458 1560 513 nisi
1602 466 1661 513 tu
1710 458 1880 528 solus,

278 564 313 603 ο
343 549 494 605 bone
521 548 690 614 Deus,
710 554 762 603 et
786 547 832 602 si
852 562 962 604 non
982 563 1044 603 re
1064 554 1290 619 pr0pter
1309 546 1623 619 iniquitates
1643 554 1879 616 nostras,

279 637 379 692 sed
412 653 533 715 spe,
568 653 691 709 qua
737 635 1039 692 secundum
1079 634 1399 707 Apostolum
1443 651 1555 690 non
1601 633 1883 691 confundit

280 726 465 794 (Rom.
501 724 579 796 v).
612 723 766 795 Qua,
824 723 1024 780 fratres
1082 722 1407 788 charissimi,
1470 722 1666 793 partim
1726 722 1883 778 vobis

279 812 659 885 significamus
689 812 841 884 (nam
871 813 1044 883 si'per
1073 811 1289 885 singula
1318 810 1562 866 scribere
1611 818 1882 866 tentasse-

276 918 425 968 mus,
460 900 672 956 facilius
701 899 859 955 nobis
887 901 1077 956 charta
1106 915 1271 972 quam
1301 914 1483 955 sermo
1512 897 1792 969 deﬁceret)
1825 905 1885 953 ιιι

278 989 422 1045 sicut
453 1004 623 1044 unum
650 1004 848 1060 corpus
875 1005 1060 1043 sumus
1089 987 1145 1043 in
1176 988 1353 1059 capite
1382 987 1615 1056 Christo,
1649 994 1701 1043 et
1747 986 1885 1042 alter

176 1096 183 1103 ·
279 1077 512 1133 alterius
539 1076 805 1144 membra,
838 1069 925 1132 ita
965 1076 1250 1132 nobiscum
1297 1076 1503 1148 pariter
1549 1074 1884 1131 condoleatis

281 1174 336 1222 et
365 1165 778 1238 compatiamini
807 1180 822 1221 :
848 1165 972 1236 quia
993 1166 1043 1221 si
1074 1165 1207 1238 quid
1236 1182 1419 1221 unum
1452 1165 1677 1237 patitur
1706 1180 1885 1220 mem-

282 1255 474 1321 brum,
509 1262 567 1309 ut
596 1255 790 1310 doctor
835 1253 1081 1328 gentium
1112 1254 1202 1322 ait,
1237 1255 1666 1326 compatiuntur
1689 1252 1884 1310 omnia

279 1344 541 1401 membra
569 1343 623 1415 (I
636 1343 755 1400 Cor.
775 1342 882 1415 xn)
908 1361 922 1410 ;
941 1348 997 1399 et
1014 1344 1064 1398 si
1081 1344 1480 1415 conspatimur,
1502 1346 1559 1397 et
1574 1357 1882 1413 conregna-

280 1434 468 1489 bimus
498 1433 577 1502 (II
622 1433 761 1487 Tim.
820 1430 904 1503 ιι).
963 1430 1327 1486 Condolentes
1386 1437 1567 1485 autem
1625 1429 1782 1485 nobis
1830 1436 1885 1484 et

278 1516 694 1587 compatientes,
727 1515 1001 1571 accedatis
1044 1515 1114 1569 ad
1145 1513 1661 1569 Christianissimum
1716 1512 1884 1567 filium

1985 373 2359 430 sanctissimos
2389 374 2699 446 episcopos,
2734 375 2965 432 dilectos
3011 385 3064 433 et
3112 378 3446 436 consiliarios
3474 396 3574 437 no-

1985 469 2148 529 stros,
2198 470 2257 517 ut
2314 462 2428 519 sive
2485 479 2610 519 cum
2654 464 2917 535 magistro
2971 465 3221 533 militum,
3281 467 3394 524 sive
3451 485 3576 525 cum

1982 549 2165 605 missis
2196 551 2312 620 ejus
2341 551 2643 623 loquentes,
2676 562 2895 623 pactum
2917 553 3069 620 illud,
3096 556 3240 626 quod
3258 556 3575 626 perditionis

1985 645 2065 693 est
2103 654 2285 705 causa,
2343 640 2570 695 dissolvi
2623 657 2720 711 per
2770 642 2951 696 omnia
3005 643 3318 712 suaderent,
3376 644 3432 699 in
3469 653 3576 700 tua

1983 727 2232 784 maxima
2277 728 2555 799 sapientiae
2600 728 2722 785 illos
2770 729 2970 786 fiducia
3017 731 3370 788 destinantes.
3421 732 3576 803 Qua-

1982 824 2207 886 propter
2235 816 2515 871 hortamur
2539 825 2593 871 ut
2624 817 2844 872 solertia
2874 826 2967 872 tua
2994 826 3147 874 tanto
3172 819 3227 874 in
3268 821 3373 876 hoc
3416 821 3578 876 labo-

1985 909 2068 957 ret
2098 912 2299 974 quanto
2327 920 2436 958 non
2466 904 2642 959 solum
2672 921 2704 960 a
2741 906 2899 961 nobis
2954 907 3247 980 codignam
3302 908 3578 964 vicissitu-

1985 990 2188 1058 dinem,
2224 992 2321 1046 sed
2350 999 2402 1047 et
2419 993 2487 1047 ab
2508 993 2628 1063 ipso
2649 995 2763 1050 Deo
2781 1003 2833 1049 et
2852 995 3085 1051 Domino
3104 1004 3292 1052 nostro
3313 1012 3575 1053 coronam

1985 1095 2045 1134 se
2078 1088 2456 1150 percepturam
2487 1081 2541 1137 in
2572 1082 2884 1137 coelestibus
2910 1099 3021 1139 non
3049 1084 3247 1155 poterit
3300 1085 3572 1142 dubitare.

1984 1167 2360 1223 Admonemus
2390 1168 2588 1241 itaque,
2620 1172 2776 1226 insta
2805 1173 3473 1245 opportune,importune
3504 1174 3583 1245 (II

1990 1257 2129 1311 Tim.
2158 1256 2258 1327 tv),
2290 1264 2346 1311 ut
2378 1264 2487 1312 tam
2519 1256 2684 1328 impio
2714 1258 2943 1314 discisso
3002 1259 3231 1327 foedere,
3294 1278 3397 1332 pax
3452 1260 3573 1328 Dei,

1985 1360 2107 1416 qua
2136 1353 2423 1415 exsuperat
2451 1361 2668 1401 omnem
2699 1363 2919 1401 sensum
2964 1346 3195 1420 (Philip,
3259 1348 3358 1420 ιν),
3416 1349 3577 1405 nobis

1985 1432 2206 1487 tandem
2234 1432 2443 1488 coalitus
2472 1433 2803 1489 restituatur.
2837 1434 2893 1489 Si
2940 1451 3044 1505 qua
3074 1452 3207 1491 vero
3262 1437 3403 1492 inter
3459 1438 3578 1494 hac

1986 1537 2046 1576 se
2100 1520 2297 1593 ingerit
2335 1521 2551 1577 inimica
2606 1523 2723 1577 Deo
2777 1523 3073 1590 contentio,
3130 1530 3233 1580 tua
3302 1525 3578 1596 sapientia

278 1613 554 1672 Βοεῒῒιιῐη,
586 1611 638 1660 εἴ
666 1603 953 1659 con-“ﬁlium
982 1602 1200 1658 Domini
1225 1604 1291 1657 ab
1322 1618 1387 1658 80
1415 1618 1525 1657 non
1573 1600 1885 1657 absconda-
1912 1633 1966 1692 B
1987 1608 2240 1665 manibus
2268 1609 2585 1681 detergatur
2617 1626 2629 1665 :
2663 1610 2809 1665 nulla
2865 1610 3130 1680 simultas,
3190 1612 3341 1668 nulla
3395 1629 3580 1671 rerum

282 1693 349 1747 tis
373 1708 388 1761 ;
424 1700 791 1764 suggerentes
821 1699 874 1746 et
901 1691 1248 1746 exhortantes
1276 1699 1335 1745 ut
1353 1690 1658 1762 perpendat
1687 1689 1809 1761 quis
1831 1696 1886 1744 et

282 1796 450 1851 quam
482 1779 743 1834 terribilis
772 1779 841 1834 sit
869 1779 977 1846 ille,
1012 1779 1103 1851 qui
1132 1779 1275 1834 hunc
1322 1787 1448 1833 ante
1504 1777 1705 1834 saecula
1758 1776 1886 1832 huic

280 1868 639 1940 prafuturum
668 1867 881 1941 regioni
929 1867 1412 1938 pradestinaverit,
1474 1874 1527 1922 et
1580 1882 1741 1938 quam
1795 1865 1883 1919 di-

282 1956 479 2012 stricte
512 1956 582 2010 ab
613 1971 679 2011 eo
709 1964 998 2011 exacturus
1029 1954 1099 2009 sit
1125 1954 1271 2026 quod
1303 1954 1574 2011 commisit
1606 1971 1619 2007 :
1655 1953 1746 2025 qui
1778 1953 1883 2009 sci-

282 2044 410 2100 licet
439 2052 558 2099 tam
587 2044 813 2115 pretiosi
862 2043 1146 2117 sanguinis
1195 2041 1410 2097 fusione
1456 2041 1605 2114 quod
1653 2041 1885 2097 credidit

280 2134 432 2189 emit.
454 2132 764 2188 Meminerit
783 2133 944 2187 etiam
965 2132 1089 2203 quia
1118 2138 1171 2186 et
1196 2146 1298 2186 nos
1325 2130 1473 2185 illum
1516 2145 1630 2201 pra
1674 2129 1884 2185 cateris

279 2221 609 2293 propinquis
638 2228 692 2276 et
736 2220 944 2276 amulis
993 2221 1111 2289 ejus
1150 2219 1470 2285 amavimus,
1521 2217 1787 2291 elegimus
1832 2224 1886 2272 et

278 2309 639 2381 pratulimus.
672 2308 828 2363 Unde
858 2316 910 2363 et
951 2323 1077 2363 eum
1132 2307 1394 2363 adversus
1453 2322 1643 2362 omnes
1697 2306 1885 2361 hostes

279 2397 553 2453 Ecclesia
582 2412 692 2452 non
721 2395 897 2451 solum
927 2394 1293 2465 defensorem,
1328 2386 1425 2450 sed
1485 2402 1538 2449 et
1589 2400 1884 2465 patronum

282 2493 336 2541 et
378 2486 710 2541 advocatum
758 2492 1007 2539 nostrum
1054 2483 1289 2539 existere
1333 2481 1722 2554 proposuimus
1760 2499 1773 2535 :
1830 2488 1885 2535 ut

281 2574 430 2646 quod
460 2573 516 2629 ei
536 2589 637 2628 nos
667 2573 812 2644 apud
842 2573 1019 2628 Deum
1047 2588 1170 2628 esse
1201 2571 1527 2644 satagimus,
1578 2571 1696 2641 ipse
1742 2569 1886 2625 inter

277 2663 538 2717 homines
564 2677 668 2734 pro
698 2660 857 2717 nobis
883 2659 999 2715 fieri
1046 2676 1155 2716 non
1204 2661 1470 2715 detrectet
1511 2658 1781 2730 pracipue
1830 2665 1887 2713 ut

279 2751 606 2808 accelerans
656 2749 813 2805 nobis
866 2748 1152 2805 subveniat
1206 2756 1260 2804 et
1313 2748 1449 2803 sine
1487 2762 1640 2803 mora
1694 2753 1887 2802 contra

278 2837 528 2910 perfidos
556 2837 894 2893 Christianos
920 2844 975 2892 et
1000 2835 1249 2892 infideles
1297 2843 1599 2892 succurrat.
1659 2836 1721 2890 In
1779 2848 1886 2906 quo

279 2935 486 2985 sancta
515 2926 836 2983 fraternitati
863 2933 1060 2982 vestra
1086 2941 1202 2997 pra
1230 2925 1483 2981 omnibus
1526 2924 1883 2980 laborandum

277 3024 361 3072 est
394 3034 409 3071 :
440 3030 550 3087 pro
574 3015 866 3072 commisso
895 3014 1108 3072 scilicet
1149 3013 1254 3068 sibi
1312 3012 1635 3069 srcerdotali
1682 3010 1877 3079 ofﬁcio,

275 3112 331 3159 et
357 3104 514 3177 quia,
546 3111 605 3159 ut
630 3119 755 3159 cum
781 3103 1049 3175 propheta
1073 3101 1302 3158 viridico
1326 3100 1597 3158 fateamur
1638 3100 1750 3173 (Isa
1792 3099 1877 3169 ιι),

280 3192 327 3247 si
356 3193 483 3248 hac
512 3192 844 3259 humiliatur,
877 3192 949 3247 ad
1001 3191 1156 3260 cujus
1213 3189 1540 3261 confugietis
1596 3188 1877 3255 auxilium,

276 3280 369 3337 vel
387 3281 487 3336 ubi
517 3280 836 3353 relinquetis
863 3279 1092 3351 gloriam
1118 3284 1358 3336 vestram
1376 3279 1405 3334 ?
1430 3279 1569 3335 Data
1597 3291 1660 3333 tu
1680 3275 1879 3332 Kalen-

276 3369 380 3425 das
410 3368 613 3437 Martii,
641 3367 830 3426 indict.
865 3382 925 3425 x.

978 3490 1170 3560 LXIII,

477 3596 553 3638 Alt
607 3594 982 3636 LANDULPKUH
1034 3592 1342 3634 EPISCOPUX
1395 3589 1695 3632 CAPUANUM

903 3667 1083 3740 (Anno
1114 3666 1263 3738 8’77.)

283 3777 466 3834 Hittit
500 3777 728 3846 legatos,
773 3778 838 3830 ut
857 3773 1119 3830 Docibilis
1135 3773 1373 3846 hypatas
1389 3772 1667 3846 petierat:
1699 3768 1883 3825 horta-

350 3850 533 3930 turut
549 3844 642 3929 ειεέ
661 3860 886 3930 operam
906 3861 1023 3930 υνξςι
1039 3844 1879 3930 ετεηιίιεθατίενμιιξιξσέτεφἔξιξη

354 3916 661 3974 Saracenis
681 3912 896 3971 initum
943 3912 1285 3970 dissolvatur
1315 3932 1334 3982 ;
1363 3928 1421 3968 se
1450 3912 1718 3985 quidquid
1737 3912 1805 3967 ab
1822 3927 1881 3967 eo

346 3988 670 4045 constitum
683 3986 882 4057 fuerit,
915 3985 1379 4057 approbaturum.

345 4094 698 4149 LANDULPHO
750 4091 1007 4162 episcopo
1063 4090 1338 4161 Capuano.

346 4189 583 4248 Noverit
611 4188 873 4244 industria
944 4195 1033 4242 tua
1076 4203 1178 4242 nos
1234 4194 1345 4241 tam
1400 4184 1580 4258 Sergii
1634 4184 1883 4259 magistri

271 4280 517 4335 militum
548 4293 707 4350 quam
734 4275 994 4333 Docibilis
1024 4274 1212 4347 hypati
1238 4273 1495 4345 epistolas
1526 4274 1834 4347 suscepisse
1863 4289 1878 4330 :

1986 1697 2072 1754 vel
2103 1697 2295 1771 gloria
2321 1698 2587 1768 cupiditas
2617 1714 2651 1753 a
2705 1706 2855 1754 tanto
2910 1700 3064 1756 lucro
3120 1708 3280 1773 atque
3334 1701 3580 1773 profectu

1987 1802 2086 1842 vos
2139 1786 2471 1853 subtrahat;
2524 1786 2670 1858 quia,
2716 1787 2981 1859 quidquid
3023 1787 3156 1842 illud
3205 1796 3306 1859 est,
3349 1788 3577 1860 paciﬁce

1984 1873 2185 1945 poterit
2238 1882 2362 1945 post
2415 1873 2689 1929 modicum
2746 1873 2945 1942 dirimi,
3009 1883 3062 1930 et
3118 1891 3240 1932 cum
3294 1877 3579 1948 charitate,

1984 1962 2143 2017 nobis
2192 1978 2410 2034 quoque
2464 1961 2852 2027 mediantibus,
2904 1962 3142 2018 ditiiniri.
3193 1965 3372 2019 Certet
3419 1981 3576 2038 ergo,

1984 2050 2197 2107 laboret
2224 2059 2276 2107 et
2304 2059 2512 2124 satagat
2544 2051 2806 2105 industria
2835 2059 2942 2122 tua,
2977 2059 3028 2106 et
3056 2051 3110 2106 in
3132 2048 3217 2106 his
3247 2052 3364 2108 vice
3393 2061 3586 2109 nostra

1983 2146 2202 2204 utatur;
2235 2138 2499 2211 quidquid
2526 2139 2817 2210 agendum,
2879 2139 3141 2211 quidquid
3189 2140 3462 2196 communi
3518 2156 3584 2197 ex

1983 2226 2185 2297 placito
2214 2225 2374 2282 fuerit
2400 2226 2846 2292 construendum,
2892 2226 3011 2283 vice
3057 2235 3244 2284 nostra
3284 2227 3450 2285 faciat
3493 2237 3580 2283 at-

1986 2331 2093 2386 que
2124 2315 2431 2371 constituat.
2490 2314 2758 2370 Alacriter
2813 2314 2959 2371 enim
3017 2316 3164 2386 quod
3218 2323 3312 2371 tua
3367 2316 3585 2373 dilectio

1985 2403 2340 2470 constituerit,
2382 2411 2435 2458 et
2480 2403 2747 2459 immobili
2790 2403 2992 2475 placito
3038 2401 3231 2473 ﬁxerit,
3281 2404 3583 2476 adimplere

1984 2498 2146 2562 atque
2174 2490 2440 2562 perficere
2487 2490 2923 2562 procurabimus,
2957 2490 3088 2546 nihil
3120 2499 3179 2546 ut
3205 2490 3261 2546 in
3287 2492 3393 2549 hoc
3420 2492 3588 2548 basi-

1984 2586 2059 2635 tet
2089 2578 2308 2636 dilectio
2339 2587 2432 2635 tua
2459 2595 2792 2651 magnopere
2819 2587 3250 2636 commonentes.
3300 2578 3581 2637 Pradictis

1984 2674 2168 2723 autem
2194 2667 2377 2722 missis
2422 2667 2621 2723 nostris
2676 2666 2878 2723 missos
2935 2675 3056 2723 tuos
3110 2666 3481 2724 indifferenter
3532 2676 3588 2725 et

1983 2755 2189 2827 absque
2219 2771 2372 2810 mora
2400 2755 2641 2825 Cajetam
2668 2755 2908 2827 dirigere
2938 2763 3251 2827 procurate,
3287 2755 3375 2829 qui
3408 2755 3477 2811 de
3497 2754 3584 2810 his

1983 2845 2237 2900 omnibus
2266 2860 2391 2900 cum
2419 2844 2500 2899 eis
2531 2843 2821 2900 salubriter
2848 2852 3079 2901 tractare
3120 2844 3350 2909 valeant,
3396 2851 3450 2899 et
3462 2857 3585 2916 qua

1984 2941 2110 2989 sunt
2146 2933 2363 3007 agenda
2416 2931 2702 3005 perﬁcere,
2762 2932 3045 3006 Optamus,
3108 2940 3213 2991 etc.
3270 2933 3407 2989 Data
3460 2932 3588 2989 Idus

1913 2986 1963 3050 α
1980 2986 2502 3091 Μετιίί,”ίιιάίειίοηε
2528 3035 2589 3077 x.

2673 3120 2869 3177 LXIV.

2310 3222 2384 3262 an
2420 3222 2740 3264 nonarum
2776 3221 3227 3266 xncnmrtsowu

2528 3296 2710 3368 (Anno
2770 3295 2922 3367 877.)

2015 3393 2340 3467 Frotarium
2376 3393 2442 3448 ab
2488 3393 2741 3467 Ecclesia
2786 3392 3179 3467 Burdigalensi
3217 3410 3252 3449 a
3289 3393 3532 3467 paganis

2192 3463 2485 3520 devastata
2528 3466 2807 3535 transfert
2839 3463 2911 3520 ad
2939 3463 3373 3521 Bituricensem.

2050 3569 2512 3627 Reverentissimo
2568 3576 2620 3625 et
2676 3568 3017 3626 sanctissimo
3071 3569 3328 3627 confratri
3394 3581 3579 3631 nostro

1979 3658 2283 3725 ΡιιοτΑιιιο,
2311 3657 2515 3714 dudum
2557 3657 2776 3730 quidem
2810 3656 3203 3729 Burdigalensi,
3218 3676 3363 3718 nunc
3395 3670 3578 3721 autem

1977 3746 2299 3803 Bituricensi
2325 3746 2758 3819 archiepiscopo.

2049 3836 2134 3891 Ad
2155 3837 2261 3892 hoc
2284 3851 2385 3891 nos
2413 3834 2599 3891 divina
2625 3836 2846 3908 proviso
2875 3852 3221 3911 supernaque
3258 3839 3565 3899 moderatio

1978 3924 2241 3981 Ecclesiis
2269 3924 2383 3980 suis
2412 3923 2582 3981 voluit
2610 3940 2849 3996 praesse
2888 3932 3152 3993 rectores,
3211 3935 3269 3982 ut
3323 3928 3577 4001 dispersa

1981 4028 2324 4087 congregare
2363 4019 2414 4068 et
2471 4027 2687 4069 servare
2746 4023 3075 4087 congregata
3127 4031 3339 4073 summo
3394 4018 3575 4077 studio

1981 4118 2355 4174 procuremus,
2377 4117 2486 4157 non
2517 4101 2694 4157 solum
2723 4100 2909 4175 [for-te,
2941 4109 2996 4158 et
3014 4117 3126 4159 non
3143 4103 3340 4161 solum.
3365 4105 3573 4180 Hann]

1983 4190 2291 4247 earumdem
2339 4189 2712 4246 Ecclesiarum
2768 4190 3205 4261 sollicitudinem,
3266 4194 3364 4250 sed
3420 4195 3576 4267 ipso-

1984 4296 2103 4335 rum
2160 4293 2375 4350 quoque
2431 4285 2707 4334 rectorum
2770 4279 3066 4335 habeamus
3137 4280 3460 4339 industriam
3523 4291 3579 4341 et

278 4368 484 4440 quibus
518 4365 874 4438 cognovimus
905 4379 1000 4421 eos
1030 4362 1369 4420 excusabiles
1401 4379 1460 4417 se
1498 4362 1638 4418 velle
1692 4377 1880 4420 coram
1907 4338 1962 4400 D
1984 4382 2338 4423 exerceamus
2375 4365 2652 4421 solertiam
2687 4381 2700 4421 :
2760 4375 3025 4438 quatenus
3079 4369 3216 4424 sicut
3270 4370 3575 4427 rectoribus

275 4456 444 4513 nobis
472 4453 708 4510 reddere
764 4452 1054 4510 tentavisse
1109 4467 1275 4522 super
1331 4457 1605 4507 contracto
1662 4449 1884 4507 infando

275 4544 491 4601 foedere
520 4543 668 4616 quod
696 4557 822 4599 cum
853 4539 1141 4598 Saracenis
1182 4539 1346 4611 impie
1401 4540 1728 4613 pepigerunt
1782 4555 1885 4597 nec

278 4627 663 4694 absolverunt,
694 4626 751 4680 in
776 4632 1002 4691 tantum,
1033 4631 1090 4679 ut
1134 4623 1355 4697 gerulus
1409 4639 1599 4678 earum
1656 4622 1887 4679 referret

273 4717 399 4787 jam
426 4715 599 4770 fuisse
628 4714 926 4785 diruptum,
954 4712 1061 4768 nisi
1090 4712 1307 4769 dilectio
1336 4719 1425 4766 tua
1453 4726 1551 4783 pro
1580 4711 1887 4767 reverentia

275 4798 477 4865 nostri,
538 4806 784 4854 nostrum
839 4797 895 4852 in
949 4798 1056 4853 hoc
1110 4795 1534 4868 exspectandum
1603 4795 1888 4851 arbitrium

267 4887 602 4957 iudicasset.
635 4885 895 4955 Quamvis
924 4900 1028 4941 nec
1057 4885 1176 4941 hac
1204 4884 1323 4957 ipsa
1367 4900 1434 4940 ex
1475 4891 1587 4940 toto
1633 4882 1887 4940 credide-

275 4977 480 5043 rimus,
513 4989 582 5030 eo
610 4974 756 5047 quod
780 4974 850 5029 de
881 4973 966 5028 his
1003 4973 1208 5028 nullam
1263 4980 1412 5029 tuam
1466 4972 1885 5044 susceperimus.

276 5065 492 5120 Verum
522 5063 646 5135 quia
702 5078 803 5119 nos
854 5061 1147 5133 pradictus
1202 5060 1465 5116 Docibilis
1520 5062 1773 5132 hypatus,
1832 5067 1892 5114 ut

277 5154 488 5207 missos
518 5159 738 5206 nostros
764 5166 867 5222 pro
924 5157 1071 5205 tanto
1124 5150 1269 5204 bono
1322 5156 1376 5204 et
1432 5148 1579 5203 omni
1624 5147 1891 5204 Ecclesia

280 5240 575 5313 profuturo
602 5237 961 5310 perficiendo,
1000 5237 1244 5308 Cajetam
1281 5236 1642 5303 mitteremus,
1694 5235 1892 5291 obnixe

286 5328 530 5402 rogavit,
584 5344 653 5383 ne
692 5326 1027 5400 negligentia
1082 5334 1271 5383 nostra
1329 5323 1631 5380 diﬂ‘amaret
1694 5332 1894 5379 tantam

284 5417 520 5472 humani
553 5416 774 5488 generis
804 5415 1034 5471 salutem
1068 5413 1442 5486 postpositam,
1474 5412 1721 5467 misimus
1765 5412 1894 5467 illuc

1983 4449 2251 4507 destitutis
2288 4449 2551 4506 Ecclesiis
2607 4449 2742 4504 alios
2799 4451 3161 4522 subrogantes
3216 4454 3571 4522 consulimus,

1982 4538 2053 4593 ita
2082 4537 2384 4615 rectoribus
2410 4538 2731 4594 vacantibus
2760 4538 3032 4594 Ecclesias
3064 4540 3282 4595 Domini
3318 4542 3575 4599 commit-

1983 4634 2176 4694 tentes,
2210 4625 2491 4697 providam
2521 4643 2709 4683 curam
2738 4644 2840 4682 nos
2869 4628 3185 4684 earumdem
3204 4628 3578 4685 Ecclesiarum

1984 4730 2182 4789 gerere
2211 4715 2649 4771 demonstremus
2682 4733 2697 4770 :
2727 4716 2963 4772 maxime
2990 4716 3076 4771 his
3133 4716 3245 4789 qui,
3302 4733 3429 4773 cum
3483 4734 3579 4774 ro-

1985 4802 2129 4858 busti
2148 4803 2488 4875 praliatores
2517 4803 2734 4860 Domini
2777 4805 2901 4875 sint,
2952 4805 3097 4861 intra
3142 4804 3426 4861 otiositatis
3474 4821 3580 4862 an-

1987 4892 2224 4965 gustiam
2255 4893 2433 4948 arceri
2462 4900 2716 4963 renuunt,
2740 4899 2793 4947 et
2829 4908 2926 4964 per
2944 4893 3050 4948 hoc
3077 4893 3362 4964 expeditus
3390 4902 3583 4951 contra

1987 4979 2119 5035 vitia
2169 4978 2523 5035 certaminum
2581 4980 2836 5036 exercitia
2893 4989 3159 5053 quarunt.
3220 4980 3361 5051 Quia
3414 4982 3582 5056 igitur

1989 5067 2435 5139 Burdigalensem
2460 5067 2781 5133 Ecclesiam,
2814 5076 3087 5141 totamque
3144 5087 3285 5141 pene
3314 5070 3416 5125 sub
3468 5071 3586 5139 ejus

1991 5155 2228 5211 habitam
2259 5155 2523 5226 regimine
2543 5156 2843 5223 dioecesim,
2866 5156 2939 5211 ita
2958 5173 3295 5231 paganorum
3323 5157 3586 5230 frequen-

1992 5251 2077 5299 tes
2106 5243 2277 5316 gladii
2306 5243 2616 5315 praedaque
2647 5243 2917 5301 continua
2946 5246 3286 5317 consumpsit
3338 5245 3585 5319 irruptio.

1996 5340 2055 5386 ut
2083 5347 2226 5402 pene
2255 5348 2415 5387 omne
2444 5331 2556 5387 illic
2601 5332 2909 5403 episcOpale
2967 5341 3123 5390 vacet
3169 5333 3425 5405 ofﬁcium,
3486 5352 3588 5393 ne-

1999 5419 2244 5475 cessario
2273 5419 2641 5490 pravidimus.
2677 5420 2773 5475 Dei
2805 5420 3190 5493 omnipotentis
3244 5424 3586 5492 auctoritate,
