4056 6178
466 207 570 260 ’719

1686 206 1981 265 JOANNIS
2038 207 2235 262 ΡΑΡᾸΞ
2294 209 2430 264 νιιι.

3660 212 3762 293 720

464 332 859 404 heatorumque
879 330 1024 386 Petri
1040 346 1106 389 ac
1125 332 1280 388 Pauli
1316 331 1683 404 apostolorum
1736 333 2062 403 principum,
2094 334 2150 393 Α
2172 333 2286 389 hazc
2346 334 2591 389 severius
2648 334 2945 390 secundum
2977 332 3336 389 ministerium
3378 341 3625 388 nostrum
3663 350 3764 404 pu-

464 419 855 475 fraternitatem
884 428 1046 487 tuam,
1079 422 1233 491 cujus
1265 421 1476 477 vocatio
1504 419 1749 476 defectus
1780 429 1864 476 est
1915 419 2063 490 fidei,

463 515 517 563 et
555 506 672 563 fere
716 507 977 564 virtutum
1024 509 1265 564 omnium
1303 509 1644 574 detrimenta,
1690 508 1746 562 in
1792 508 2062 573 Ecclesia,

465 592 805 659 Bituricensi,
836 610 958 664 quae
988 609 1188 649 vacare
1217 593 1481 664 pastorali
1544 608 1675 648 cura
1731 592 2067 664 dignoscitur

469 681 538 736 ab
570 681 671 736 hac
696 681 955 751 prmsenti
984 681 1199 737 decima
1234 681 1528 736 indictione
1582 679 1844 751 praeferre
1903 679 2065 733 simul

465 776 520 823 et
549 768 934 824 incardinatam
964 768 1265 841 przeﬁcere,
1296 770 1484 825 habito
1514 769 1571 822 in
1620 769 1813 823 eadem
1862 767 2064 822 Bituri-

460 857 611 912 censi
638 857 885 913 Ecclesia
914 857 1076 912 totius
1100 859 1223 928 jure
1265 858 1627 929 metropolcos
1660 872 1724 912 ac
1762 856 2066 911 direceseos

458 945 658 1015 priscis
689 946 1025 1016 temporibus
1055 963 1086 1000 a
1116 946 1288 1002 sacris
1316 946 1617 1003 canonibus
1649 945 1969 1016 prmstituto,
2015 952 2067 999 et

461 1031 519 1087 in
549 1032 643 1088 illa
672 1033 921 1089 Ecclesia
948 1043 1169 1089 eatenus
1212 1042 1536 1090 conservato
1570 1050 1582 1089 :
1644 1033 1714 1087 ita
1770 1041 1826 1087 ut
1880 1040 2067 1103 pastor

464 1120 712 1190 ejusdem
773 1130 973 1177 sanctae
1030 1122 1384 1177 Bituricensis
1436 1121 1728 1187 Ecclesiae;
1781 1129 1957 1177 rector
2014 1127 2068 1175 et

460 1210 689 1265 antistes
723 1225 789 1264 ex
825 1212 926 1266 hoc
957 1227 1140 1265 revera
1171 1209 1391 1274 dicaris,
1427 1209 1696 1276 habearis,
1750 1216 1801 1263 et
1852 1208 2066 1265 Christo

460 1298 696 1369 pr0pitio
730 1299 1054 1368 percolaris,
1087 1314 1153 1352 ea
1182 1314 1303 1369 quae
1340 1298 1440 1352 Dei
1490 1306 1613 1351 sunt
1636 1297 1840 1369 jugiter
1869 1312 2063 1367 agens,

464 1393 518 1440 et
551 1385 768 1441 utilitati
797 1387 1169 1456 proximorum
1199 1401 1418 1455 semper
1446 1385 1753 1440 intendens.
1788 1384 1893 1453 Qui
1933 1400 2067 1440 vero

466 1482 655 1528 contra
686 1473 846 1542 hujus
889 1473 1173 1543 apostolici
1228 1473 1501 1544 privilegii
1559 1473 1731 1528 nostri
1787 1481 2064 1539 statutum,

465 1562 611 1631 quod
642 1560 964 1616 necessitate
994 1561 1295 1629 barbarica,
1323 1570 1375 1616 et
1406 1562 1811 1632 dispensatione
1842 1570 2070 1634 cogente

2169 421 2370 476 nienda
2400 438 2769 478 commoveas.
2803 422 3049 494 Denique
3078 422 3182 476 nisi
3211 430 3335 493 post
3380 422 3579 478 lectam
3626 422 3766 478 hanc

2167 510 2340 564 nostri
2371 510 2703 582 apostolatus
2732 511 3039 582 epistolam,
3073 510 3211 567 intra
3234 510 3520 584 saxaginta
3547 510 3759 565 dierum

2167 599 2419 668 spatium,
2468 600 2778 654 thesaurum
2826 599 2975 654 illum
3022 599 3138 654 sine
3183 599 3365 671 aliqua
3408 598 3766 654 diminutione

2170 687 2405 742 reddere
2430 687 2802 758 proposueris,
2836 688 2909 742 ita
2937 696 2995 742 ut
3023 688 3222 742 missus
3264 695 3389 741 tuus
3437 688 3667 742 Romam
3715 686 3765 741 in

2167 776 2518 845 praesentiam
2547 784 2792 831 nostram
2824 776 3069 842 veniens,
3119 776 3233 832 sive
3271 775 3604 842 reddideris,
3659 775 3767 830 sive

2169 879 2270 919 nec
2298 864 2626 934 reddideris,
2659 865 2856 936 quidve
2886 864 2973 920 hic
3003 864 3277 937 agendum
3323 862 3622 936 delegeris,
3675 879 3768 918 ve-

2169 966 2289 1006 ram
2318 960 2370 1007 et
2411 952 2665 1008 idoneam
2713 952 3023 1024 exposuerit
3071 953 3356 1019 rationem,
3403 967 3651 1022 eousque
3699 951 3769 1005 sis

2170 1048 2366 1096 extunc
2398 1042 2918 1108 excommunicatus,
2954 1057 3237 1113 quousque
3268 1041 3336 1095 ab
3387 1039 3536 1095 omni
3584 1048 3637 1093 te
3683 1056 3767 1092 ra-

2169 1128 2312 1198 pina:
2352 1131 2735 1186 communione
2772 1130 3078 1185 reddideris
3122 1129 3362 1185 alienum
3396 1147 3409 1183 :
3460 1127 3770 1182 durioribus

2170 1217 2427 1289 deinceps
2458 1227 2510 1273 te
2540 1219 2720 1275 sciens
2749 1219 3069 1274 verberibus
3099 1217 3479 1285 erudiendum,
3512 1217 3557 1271 si
3579 1216 3666 1271 his
3686 1216 3771 1270 in-

2172 1307 2330 1361 terim
2359 1307 2570 1362 levibus
2600 1316 2776 1363 tactus
2808 1308 3134 1378 resipiscere
3166 1306 3304 1362 forte
3355 1305 3769 1376 contempseris.

2170 1398 2427 1449 Amamus
2453 1396 2598 1451 enim
2628 1404 2678 1451 te
2707 1413 2860 1451 more
2890 1405 3141 1467 paterno,
3177 1403 3228 1451 et
3262 1395 3332 1449 ab
3384 1396 3485 1450 hac
3534 1393 3774 1449 secunda

2172 1481 2442 1538 idolorum
2474 1485 2729 1540 servitute
2759 1485 3011 1540 volumus
3041 1483 3182 1539 scire
3214 1484 3446 1538 liberum
3479 1489 3534 1537 et
3580 1482 3774 1535 immu-

2172 1587 2317 1627 nem.
2366 1572 2582 1628 Etenim
2635 1575 2900 1636 avaritia,
2956 1572 3258 1629 secundum
3299 1570 3643 1642 Apostolum,
3691 1574 3773 1626 est

467 1647 574 1705 loci
607 1656 661 1703 et
689 1648 969 1719 temporis,
1031 1649 1280 1720 exemplo
1336 1649 1499 1704 etiam
1552 1651 1814 1719 majorum
1844 1649 2067 1720 protuli-

2173 1662 2417 1715 servitus
2448 1661 2730 1718 idolorum
2760 1662 2905 1730 (Gal.
2936 1662 3011 1730 v).
3046 1660 3329 1731 Optamus,
3375 1667 3481 1715 etc.
3535 1658 3674 1713 Data
3720 1672 3774 1711 γι

466 1753 607 1803 mus,
641 1752 809 1810 agere
839 1737 976 1792 forte
1018 1737 1318 1806 tentaverit,
1367 1737 1565 1793 divinis
1610 1738 1881 1810 mysteriis
1928 1746 2049 1792 tan-

469 1824 563 1880 diu
591 1825 834 1896 privetur
880 1826 1121 1897 quandiu
1176 1826 1398 1881 minime
1455 1827 1809 1897 resipiscens,
1842 1835 2073 1897 aposto-

468 1912 576 1968 lico
605 1922 884 1984 pracepto
912 1930 1012 1985 per
1051 1913 1252 1969 frustra
1309 1915 1667 1986 permanserit
1723 1914 2069 1970 inobediens.

471 2001 633 2072 Data,
666 2008 801 2073 etc.,
824 2002 1122 2059 indictione
1155 2018 1214 2058 x.

1180 2145 1343 2200 LXV.

965 2282 1039 2322 AD
1077 2282 1335 2324 CAROLUM
1384 2282 1576 2323 REGE!

1088 2390 1269 2461 (Anno
1299 2391 1448 2460 8'77.)

476 2510 656 2571 Monet
671 2516 738 2568 ut
758 2513 897 2569 bona
916 2513 1105 2568 ablata
1121 2530 1156 2568 a
1169 2513 1513 2569 monasterio
1537 2514 2067 2568 sanctimonialium

543 2584 904 2657 restituenda
919 2587 1079 2657 curet
1100 2604 1119 2649 ;
1137 2584 1281 2657 quod
1292 2585 1423 2657 nisi
1442 2584 1605 2657 intra
1621 2585 1925 2657 sexaginta
1947 2583 2065 2639 dies

542 2655 764 2724 fecerit,
784 2658 842 2709 et
860 2670 965 2726 per
984 2654 1232 2725 legatum
1246 2654 1305 2709 id
1320 2655 1813 2726 sibinuntiaverit,
1833 2655 1918 2709 vel
1939 2670 2067 2710 cau-

540 2740 664 2779 sam
684 2740 788 2779 cur
814 2725 930 2780 non
965 2727 1085 2780 sint
1122 2726 1411 2796 restituta,
1444 2741 1559 2781 non
1595 2725 1907 2781 reddiderit
1934 2740 2064 2781 eum

539 2796 1019 2851 excommunicat.

537 2898 791 2953 JOANNES
821 2900 1111 2970 episcopus
1137 2900 1360 2955 Canono
1389 2908 1415 2935 ⁸
1443 2899 1684 2971 glorioso
1715 2901 1854 2973 regi.

541 2984 678 3039 Cum
704 2987 1122 3056 generositatem
1153 2995 1298 3042 tuam
1324 2995 1473 3043 tanta
1518 2988 1737 3045 claritas
1792 2988 2059 3060 prosapia:

471 3073 677 3145 regalis
704 3074 937 3140 extollat,
971 3074 1228 3131 miramur
1254 3084 1307 3131 et
1335 3076 1769 3147 obstupescimus
1794 3078 2065 3149 quomodo

471 3158 613 3218 hanc
641 3169 751 3216 tam
777 3162 998 3218 sinister
1023 3162 1187 3236 longe
1239 3164 1457 3236 lateque
1512 3164 1828 3221 discurrens
1882 3181 2068 3223 rumor

474 3249 772 3321 obnubilet,
803 3266 1053 3307 asserens
1081 3260 1133 3307 et
1162 3251 1438 3307 aﬂirmans
1467 3260 1522 3308 te
1581 3252 1789 3309 Italiam
1849 3254 2065 3326 ingres-

474 3353 594 3393 sum
622 3339 691 3394 ad
719 3340 1109 3396 monasterium
1139 3340 1411 3397 accessise
1439 3341 1760 3397 ancillarum
1789 3342 1891 3399 Dei
1924 3343 2066 3415 apud

472 3424 713 3482 Brixiam
740 3428 1128 3498 constitutum;
1167 3429 1401 3501 indeque
1428 3445 1553 3484 cum
1581 3430 1692 3487 illic
1720 3431 1838 3502 ipse
1877 3447 2067 3487 mora-

476 3514 635 3582 reris,
665 3517 941 3587 tyrannice
969 3531 1166 3573 aurum
1200 3517 1457 3586 ablatum,
1492 3526 1604 3573 tam
1632 3519 1804 3591 ipsius
1832 3535 2069 3576 venera-

478 3600 602 3658 bilis
631 3604 963 3671 monasterii,
1015 3622 1176 3678 quam
1213 3605 1424 3662 dilectae
1468 3604 1592 3662 filiae
1630 3616 1830 3664 nostra
1858 3608 2070 3682 Angel-

482 3690 650 3747 bertae
674 3692 775 3748 Dei
797 3692 1052 3760 cultricis,
1087 3695 1233 3765 quod
1288 3694 1391 3749 sibi
1445 3694 1515 3749 ad
1568 3696 1741 3766 ipsius
1795 3696 2070 3767 praecipue

477 3779 712 3836 cmnobii
742 3782 1191 3837 sustentationem
1233 3781 1423 3854 procul
1468 3782 1631 3839 dubio
1675 3791 2066 3841 reservaverat.

481 3866 638 3925 Unde
666 3885 904 3925 maerore
932 3870 1281 3925 vehementer
1306 3871 1588 3940 efﬁcimur,
1646 3872 1890 3927 dolentes
1946 3872 2071 3945 glo-

479 3953 617 4012 riam
645 3963 795 4010 tuam
821 3956 890 4011 ad
917 3963 1028 4012 tam
1058 3958 1291 4013 immane
1311 3960 1584 4033 sacrilegii
1606 3976 1779 4032 genus
1806 3960 2073 4031 dilapsam

485 4051 539 4098 et
567 4043 739 4098 instar
765 4044 1045 4114 cujusdam
1074 4046 1294 4118 gentilis
1324 4048 1472 4121 regis
1485 4063 1616 4104 vasa
1655 4049 1851 4104 domus
1871 4049 1974 4104 Dei
2002 4048 2073 4104 ad

482 4145 616 4187 usus
641 4131 893 4203 proprios
921 4132 1197 4189 inflexisse
1252 4143 1497 4190 conatam
1553 4137 1720 4209 (Dan.
1780 4138 1841 4208 ι).
1897 4139 2073 4209 Atque

482 4219 606 4284 ideo
636 4220 982 4277 dilectionem
1027 4228 1174 4276 tuam
1230 4222 1286 4277 in
1343 4222 1540 4279 Christi
1597 4224 1899 4280 visceribus
1951 4241 2073 4281 esse

479 4307 781 4381 cupientes,
813 4326 1095 4366 monemus
1123 4318 1177 4366 et
1223 4313 1392 4368 sacris
1450 4313 1804 4369 convenimus
1845 4312 2074 4386 eloquiis

481 4410 606 4453 cum
621 4397 909 4451 Psalmista
953 4397 1217 4453 fatentes:
1243 4401 1425 4457 Nolite
1460 4418 1689 4475 sperare
1724 4403 1787 4458 in
1850 4383 2068 4475 iniqui-
2097 4383 2150 4444 D

485 4488 621 4553 tate,
642 4488 699 4539 et
713 4486 775 4540 in
792 4485 1015 4557 rapinis
1034 4487 1211 4541 nolite
1223 4492 1617 4561 concupiscere
1639 4490 1816 4562 (Psal.
1843 4491 1980 4562 LXI).
2015 4489 2073 4546 Si

478 4587 587 4645 qua
606 4588 738 4645 ergo
758 4588 789 4627 a
817 4572 1080 4644 praedicto
1112 4574 1203 4645 pio
1226 4574 1368 4644 loco,
1393 4578 1506 4632 sive
1552 4578 1722 4648 gloria
1746 4585 1835 4634 tua
1866 4578 2069 4635 sciente

477 4659 593 4717 sive
621 4662 924 4729 nesciente,
958 4661 1138 4717 ablata
1164 4670 1309 4729 sunt,
1332 4664 1602 4721 industria
1631 4674 1724 4721 tua
1757 4666 2068 4740 diligentis-

474 4747 611 4827 sime
633 4750 993 4821 requirantur,
1014 4757 1067 4804 et
1085 4750 1306 4806 inventa
1325 4751 1378 4805 in
1397 4767 1462 4807 eo
1482 4753 1597 4809 sine
1617 4769 1773 4809 mora
1797 4755 1898 4809 sub
1920 4755 2066 4810 omni

472 4833 779 4907 integritate
799 4838 1187 4894 restituantur:
1230 4855 1318 4906 ne,
1381 4840 1528 4911 quod
1584 4840 1745 4906 absit,
1806 4842 1853 4895 si
1908 4843 2067 4899 aliter

475 4924 676 4996 egeris,
712 4933 764 4980 et
791 4926 962 4981 Deum
977 4934 1166 4982 contra
1182 4935 1235 4982 te
1256 4927 1327 4983 ad
1342 4928 1679 4984 iracundiam
1699 4944 1984 5001 provoces,
2011 4939 2065 4987 et

472 5010 641 5067 decus
672 5020 778 5068 tua}
803 5014 968 5085 regiae
998 5015 1298 5071 nobilitatis
1345 5014 1591 5085 oﬂ’ulces,
1641 5025 1804 5090 atque
1845 5034 1946 5076 nos
1990 5020 2062 5075 ad

535 5208 563 5244 ι
588 5193 678 5243 llic
704 5192 922 5257 Carolus,
948 5193 1029 5255 qui
1053 5194 1257 5245 Crassus
1276 5196 1553 5247 nominatus
1595 5199 1687 5247 est.
1753 5200 2059 5260 postmodum

472 5256 742 5328 imperator
763 5264 976 5328 creatus,
998 5260 1096 5328 fuit
1141 5261 1268 5328 ﬁlius
1310 5263 1539 5313 Ludovici
1580 5256 1855 5314 Germania:
1905 5267 2054 5328 regis.

470 5323 701 5392 Ludovici
727 5326 815 5392 Pii,
849 5338 1018 5388 nepos,
1066 5327 1222 5377 Caroli
1270 5329 1430 5387 Magni
1476 5341 1733 5391 pronepos,
1783 5331 1842 5380 ad
1912 5323 2056 5392 qu'em

467 5390 717 5464 nonnulla:
744 5391 869 5464 infra
893 5392 1446 5464 scribuntur_epistola:.
1472 5390 1542 5444 De
1566 5390 1659 5464 quo
1686 5396 1788 5446 Ado
1809 5390 2056 5464 Viennen-

462 5454 534 5503 sis
558 5454 605 5502 in
644 5454 741 5505 tlne
764 5456 1114 5509 Chronicorum
1142 5471 1158 5522 ;
1182 5454 1384 5524 Regina,
1410 5460 1446 5511 1.
1476 5474 1511 5509 ιι
1557 5454 1742 5512 Chron.
1769 5480 1782 5523 ;
1805 5462 2056 5515 AimoinUs

2179 1747 2452 1803 Kalendas
2482 1749 2703 1820 Aprilis,
2735 1749 3027 1805 indictione
3055 1748 3273 1805 dicima.

2886 1898 3054 1954 LXVI

2709 2020 2783 2059 AD
2822 2019 3237 2059 ENGILBERGAM.

2778 2112 2958 2181 (Anno
3014 2109 3163 2182 877.)

2176 2222 2435 2281 Consolat
2444 2241 2516 2280 ur
2531 2240 2656 2280 eam
2671 2225 2734 2280 ob
2753 2229 2993 2281 mortem
3013 2225 3235 2287 mariti,
3268 2227 3434 2296 atque
3470 2226 3669 2296 monet
3713 2226 3776 2278 ut

2252 2296 2445 2351 Carolo
2464 2297 2797 2367 imperatori
2816 2296 2984 2367 ﬁdem
3014 2299 3213 2360 servet,
3246 2295 3411 2367 seque
3442 2295 3567 2365 ejus
3589 2295 3770 2367 inter-

2241 2382 2516 2491 ceisorem
2538 2364 2689 2437 apud
2704 2366 2963 2421 eumdem
2983 2367 3296 2438 Augustum
3314 2364 3592 2435 futurum
3599 2364 3699 2436 pol
3707 2364 3769 2419 li-

2241 2452 2303 2492 ce
2333 2453 2422 2492 ur.

2237 2569 2491 2622 Jomnns
2546 2568 2834 2640 episcopus
2887 2568 3101 2625 dilecta;
3154 2566 3277 2623 filiae
3329 2567 3718 2623 ΕΝθιιιιειιαι
3742 2578 3770 2619 ιι

2168 2655 2384 2712 Christo
2413 2656 2633 2712 dicatae.

2241 2746 2323 2799 Eo
2356 2760 2479 2811 nos,
2513 2742 2627 2799 ﬁlia
2655 2743 2995 2810 charissima,
3027 2759 3131 2801 nec
3156 2743 3265 2799 alio
3318 2742 3465 2800 circa
3516 2741 3771 2799 dilectio-

2164 2848 2286 2890 nem
2312 2840 2461 2889 vestr
2492 2849 2545 2887 m
2581 2832 2825 2906 ﬂagrare
2858 2831 3059 2889 affectu
3103 2832 3343 2898 noveris,
3391 2847 3502 2903 quo
3545 2831 3772 2897 fuimus,

2163 2936 2272 2994 quo
2300 2922 2463 2976 etiam
2491 2920 2625 2976 olim
2655 2922 2952 2992 persistere
2978 2921 3364 2992 proposuimus
3388 2937 3402 2974 :
3426 2920 3606 2977 nescit
3622 2918 3772 2975 enim

2095 3031 2144 3094 ρ
2165 3009 2382 3065 dilectio
2430 3009 2861 3065 vicissitudinum
2898 3009 3394 3076 obumbrationem,
3445 3024 3550 3065 nec
3615 3007 3775 3064 defe-

2167 3106 2312 3156 ctum
2338 3098 2553 3169 patitur,
2584 3113 2730 3165 cum,
2767 3098 3069 3154 secundum
3111 3097 3451 3170 Apostolum,
3484 3111 3775 3168 nunquam

2165 3186 2378 3242 excidat
2408 3188 2460 3257 (Ι
2485 3187 2606 3244 Cor.
2638 3187 2784 3259 xm).
2817 3187 2989 3256 Hujus
3017 3186 3099 3243 rei
3145 3187 3325 3260 gratia
3374 3185 3766 3242 consolatoriis

2166 3275 2252 3330 his
2281 3283 2335 3330 et
2354 3275 2737 3331 exhortatoriis
2756 3275 3103 3346 prudentiam
3122 3282 3359 3331 vestram
3387 3274 3582 3330 litteris
3615 3288 3776 3330 com-

2168 3379 2474 3433 monemus,
2505 3379 2575 3419 ne
2605 3362 2869 3419 deﬁciatis
2898 3364 2954 3418 in
2996 3363 3457 3429 tribulationibus,
3508 3361 3777 3428 scientes,

2169 3452 2399 3508 docente
2418 3452 2698 3525 Apostolo,
2722 3455 2855 3525 quia
2877 3453 3170 3510 tribulatio
3197 3453 3541 3525 patientiam
3569 3467 3775 3522 opera-

2172 3544 2286 3610 tur,
2333 3540 2620 3613 patientia
2651 3544 2844 3596 autem
2869 3541 3276 3613 probationem,
3330 3539 3586 3613 probatio
3649 3555 3780 3595 vero

2171 3622 2325 3701 spem
2367 3646 2380 3682 :
2403 3645 2526 3700 spes
2550 3632 2739 3684 autem
2759 3646 2875 3686 non
2895 3630 3196 3700 confundit
3217 3630 3395 3700 (Rom.
3420 3630 3478 3697 ν)
3507 3645 3524 3694 ς
3575 3628 3777 3684 omnia

2172 3717 2329 3772 enim
2348 3733 2469 3790 quae
2486 3718 2765 3783 videntur,
2794 3718 3131 3790 temporalia
3148 3721 3287 3773 sunt
3307 3736 3326 3785 ;
3353 3733 3474 3789 qua!
3494 3731 3627 3772 vero
3663 3732 3781 3772 non

2170 3805 2459 3872 videntur,
2493 3809 2709 3861 aeterna
2728 3806 2805 3874 (II
2822 3807 2941 3863 Cor.
2968 3805 3068 3877 IV).
3106 3807 3167 3860 In
3186 3805 3273 3860 his
3316 3820 3451 3876 ergo
3470 3802 3700 3875 conﬁgi,
3725 3803 3783 3859 in

2173 3892 2257 3948 his
2277 3893 2448 3949 debes
2478 3894 2605 3949 totis
2636 3893 2914 3949 radicibus
2929 3894 3216 3965 inhaerere,
3249 3892 3607 3949 charissima:
3630 3891 3780 3947 unde

2173 3981 2441 4052 sapientia
2470 3989 2656 4039 vestra
2676 3989 2915 4049 sanctos,
2939 3983 3033 4055 qui
3060 3983 3319 4054 patientia
3346 3982 3401 4037 in
3432 3981 3643 4036 mundo
3661 3979 3781 4037 cla-

2174 4069 2331 4125 ritate
2381 4070 2537 4141 quasi
2556 4069 2839 4125 luminaria
2857 4070 3210 4138 refulserunt,
3232 4087 3344 4143 prae
3363 4069 3539 4127 oculis
3559 4070 3780 4134 habeat,

2174 4166 2227 4214 et
2250 4158 2324 4213 ita
2342 4157 2624 4214 inoﬂ‘ensis
2644 4159 2713 4213 ad
2728 4160 2965 4231 palmam
3001 4176 3254 4231 superna:
3287 4158 3591 4216 vocationis
3620 4174 3784 4231 gres—

2175 4246 2325 4302 sibus
2346 4247 2549 4317 tendat,
2570 4263 2735 4319 quam
2756 4248 3009 4304 videlicet
3021 4248 3261 4305 habituri
3276 4256 3398 4303 sunt
3415 4247 3493 4302 illi
3514 4247 3632 4319 qui,
3659 4261 3787 4303 ora-

2175 4336 2298 4392 culo
2319 4336 2602 4392 Dominico
2622 4336 2832 4403 imbuti,
2849 4337 2906 4391 in
2922 4338 3181 4407 patientia
3216 4352 3314 4393 sua
3333 4344 3537 4409 ponunt
3559 4336 3784 4392 animas

2172 4439 2301 4479 suas
2320 4424 2473 4495 (Luc.
2496 4425 2642 4496 xxx).
2665 4424 2812 4480 Nihil
2833 4426 2977 4480 enim
3009 4425 3227 4483 inimica
3263 4441 3412 4481 mors
3449 4424 3540 4481 vel
3576 4439 3787 4480 manus

2169 4512 2407 4584 abstulit,
2430 4513 2577 4584 quod
2595 4515 2722 4580 vita,
2747 4530 2869 4585 quae
2888 4513 3134 4569 Christus
3151 4522 3305 4570 estet
3351 4513 3522 4585 ipsius
3546 4510 3789 4584 provida

2167 4601 2391 4656 dextera
2411 4601 2467 4655 in
2497 4601 2692 4657 melius
2710 4617 2820 4658 non
2855 4603 3131 4658 transtulit
3160 4611 3320 4676 atque
3342 4600 3603 4658 restituit.
3624 4602 3785 4657 Abs-

2167 4689 2284 4744 tulit
2298 4689 2585 4746 mortalem
2599 4690 2691 4746 illa
2720 4690 2997 4760 maritum,
3036 4692 3134 4748 sed
3173 4693 3275 4747 ista
3304 4691 3574 4762 se-ipsam
3605 4698 3784 4747 mter-

2163 4792 2294 4832 num
2315 4778 2540 4834 contulit
2566 4795 2828 4850 sponsum
2851 4799 2867 4848 ;
2888 4781 3033 4836 unde
3051 4798 3172 4852 qua:
3193 4779 3407 4836 terreni
3428 4776 3787 4835 vocabamini

2160 4882 2317 4933 uxor,
2350 4866 2526 4922 Patris
2574 4868 2813 4924 celestis
2843 4869 2958 4937 jam
2999 4870 3150 4943 regis
3199 4869 3369 4924 multo
3414 4868 3784 4939 praestantius

2161 4954 2403 5011 dicimini
2459 4957 2684 5026 conjux.
2764 4957 3093 5029 Ademptum
3133 4966 3217 5014 est
3263 4957 3599 5028 corruptible
3654 4955 3788 5012 dia-

2159 5043 2338 5112 dema,
2371 5044 2469 5100 sed
2504 5053 2848 5117 preparatur
2894 5046 3206 5119 incorrupta
3252 5061 3474 5104 corona.

2147 5204 2241 5256 'lib.
2268 5219 2319 5267 v,
2347 5218 2457 5269 cap.
2485 5206 2552 5257 40
2579 5209 2630 5258 et
2671 5207 2773 5259 alii.

2225 5299 2257 5344 b
2278 5290 2567 5358 Engilberga
2591 5305 2708 5343 uxor
2737 5293 2828 5343 fuit
2850 5290 3080 5344 Ludovici
3105 5292 3303 5345 secundi
3330 5293 3680 5358 imperatoris,
3714 5296 3782 5349 ad

2156 5366 2301 5423 quam
2326 5355 2509 5419 aliquot
2532 5358 2661 5409 intra
2683 5360 2962 5410 scribuntur
2986 5361 3224 5423 epistolas.
3251 5355 3483 5423 Ejusdem
3533 5355 3779 5414 meminit

2155 5422 2451 5486 Atmoinus.,
2477 5424 2514 5486 ι,
2541 5438 2592 5487 v,
2619 5438 2664 5475 c.
2690 5426 2776 5490 28,
2804 5430 2854 5476 et
2876 5426 2978 5477 Leo
3000 5422 3331 5490 Marsicamus,
3357 5428 3443 5478 lib.
3473 5441 3509 5491 ι,
3535 5440 3648 5490 cap.
3690 5430 3783 5481 38.
