4020 6178
261 319 361 375 721

1403 309 1758 367 EPISTOLE
1804 311 1895 367 ET
1948 310 2296 369 DECRETA.

3470 318 3576 377 722

265 442 500 497 Remota
531 445 657 495 sunt
684 438 1066 495 decoramenta
1094 453 1216 509 quae
1245 443 1612 501 veterascunt,
1646 436 1744 491 sed
1786 450 1871 491 re-
1899 435 2199 499 Astantius
2245 454 2368 510 quas
2422 444 2613 494 nostra
2669 445 2795 494 sunt
2850 439 3073 512 exsequi
3118 440 3577 513 contemplamur,

268 530 453 601 posita
483 536 607 583 sunt
634 527 790 583 vobis
820 533 1141 583 ornamenta
1182 542 1303 597 quas
1345 541 1456 580 non
1503 531 1870 581 marcescunt.

268 618 339 672 Et
370 617 501 688 quid
530 616 689 687 plura
709 617 738 670 ?
766 616 870 669 Pro
898 629 1205 670 aerumnoso
1234 621 1287 669 et
1315 613 1650 684 phantastico
1681 627 1872 685 regno,

267 704 589 778 percipiatis
618 702 744 759 felix
774 711 826 758 et
854 719 1044 759 verum
1092 702 1379 773 imperium
1414 719 1428 757 :
1461 709 1514 756 et
1541 717 1732 757 revera
1759 702 1875 756 haec

266 802 352 849 est
380 792 686 847 immutatio
713 792 949 847 dextera
978 790 1195 847 Excelsi
1225 791 1398 861 (Psal.
1431 790 1649 857 Lxxvi).
1676 790 1876 844 Verum

265 898 395 939 cum
426 880 655 953 sapienti
684 880 841 935 vobis
896 887 950 935 et
1002 895 1124 951 qua:
1178 878 1349 934 nostis
1390 878 1458 933 de
1501 878 1691 949 paucis
1719 878 1876 948 plura

263 985 507 1041 pensare
536 983 715 1040 pauca
743 966 1041 1033 sufficiant;
1073 966 1157 1021 his
1186 966 1262 1021 ita
1290 965 1605 1037 praelibatis,
1631 966 1875 1023 dilectio-

265 1074 396 1114 nem
424 1065 667 1113 vestram
697 1056 891 1111 merito
920 1070 1328 1111 commonemus
1372 1063 1430 1109 ut
1468 1054 1735 1126 spirituali
1765 1053 1876 1109 ﬁlio

264 1154 461 1201 nostro
490 1144 690 1201 Carolo
717 1144 964 1215 piissimo
993 1142 1307 1214 imperatori
1335 1157 1486 1214 pura:
1516 1142 1641 1197 fidei
1671 1156 1737 1198 ac
1758 1141 1875 1197 sin-

264 1249 414 1291 cera:
443 1232 747 1289 devotionis
779 1232 1042 1287 exhibens
1071 1247 1290 1302 semper
1334 1230 1720 1303 integritatem,
1752 1246 1875 1285 om-

263 1339 368 1377 nes
400 1322 468 1376 ad
503 1322 619 1390 ejus
667 1319 1133 1375 mansuetudinem
1182 1320 1432 1385 attrahat,
1467 1327 1521 1374 et
1567 1318 1877 1373 salubribus

264 1409 492 1466 monitis
535 1408 901 1465 inviolabilem
930 1408 981 1462 ei
1036 1406 1200 1462 ﬁdem
1249 1423 1472 1462 servare
1522 1407 1873 1462 demonstret.

268 1501 393 1555 Non
425 1499 581 1553 enim
604 1502 689 1552 est
711 1500 975 1569 potestas,
1009 1502 1068 1550 ut
1096 1496 1393 1566 Apostolus
1433 1495 1524 1561 ait,
1562 1496 1678 1550 nisi
1707 1512 1742 1549 a
1771 1497 1877 1551 Deo

269 1588 451 1657 (Rom.
466 1584 614 1656 xm).
639 1585 737 1639 Et:
758 1585 861 1653 Qui
872 1584 1092 1640 resistit
1104 1586 1395 1656 potestati,
1412 1584 1511 1639 Dei
1530 1584 1879 1641 ordinationi

264 1675 492 1731 resistit
520 1674 741 1743 (ibid),-
771 1688 873 1727 nos
902 1680 1104 1738 autem,
1146 1672 1274 1744 quia
1321 1672 1470 1727 illum
1516 1671 1791 1738 divinitus,
1822 1678 1880 1726 ut

265 1762 568 1827 credimus,
614 1760 715 1815 acti
759 1760 931 1817 semel
973 1760 1258 1831 elegimus,
1308 1768 1574 1831 perpetuo
1620 1768 1876 1831 tanquam
1908 1788 1962 1848 Β

269 1850 442 1905 ﬁlium
501 1848 885 1906 charissimum
940 1848 1087 1904 omni
1138 1856 1338 1904 conatu
1384 1848 1682 1921 diligimus,
1714 1848 1789 1903 ita
1821 1855 1881 1903 ut

265 1939 442 2010 ipsius
473 1938 679 1993 amicos
709 1945 763 1992 et
790 1936 1060 2006 inimicos,
1082 1944 1298 1992 nostros
1325 1936 1530 1993 amicos
1558 1944 1611 1991 et
1630 1936 1878 1992 inimicos

265 2027 506 2082 existere
539 2033 821 2081 teneamus
854 2043 867 2080 :
903 2024 949 2079 si
974 2040 1081 2098 qua
1108 2040 1241 2080 vero
1280 2033 1403 2079 sunt
1453 2024 1606 2080 vobis
1651 2025 1720 2078 ab
1762 2024 1878 2093 ejus

262 2114 561 2171 clementia
588 2113 946 2185 impetranda,
978 2128 1080 2184 per
1105 2128 1208 2168 nos
1246 2113 1541 2179 credimus,
1573 2128 1693 2169 cum
1724 2111 1878 2167 vobis

263 2203 510 2269 libuerit,
544 2202 888 2258 indit’ﬁculter
914 2202 1162 2257 obtinere
1202 2201 1469 2256 valebitis.
1506 2200 1664 2270 Quod
1694 2208 1750 2256 et
1776 2215 1877 2255 nos

263 2290 632 2347 libentissime
662 2306 761 2361 pro
780 2290 1048 2346 memoria
1075 2290 1274 2361 prisca:
1298 2289 1649 2362 benignitatis
1678 2296 1876 2344 vestra:

263 2395 551 2450 geremus,
586 2386 639 2433 et
664 2378 809 2433 idem
837 2378 962 2449 pius
992 2380 1272 2451 Augustus
1302 2394 1403 2449 pro
1421 2379 1519 2433 Dei
1542 2385 1880 2433 sanctorum-

266 2484 375 2539 que
406 2466 799 2537 apostolorum,
833 2466 932 2520 sed
961 2473 1014 2521 et
1029 2466 1198 2521 nostri
1228 2465 1518 2521 dilectione
1546 2466 1728 2520 animo
1749 2480 1878 2538 gra-

263 2555 398 2610 tanti
428 2555 715 2611 concedet.
768 2553 1033 2625 Optamus
1078 2553 1429 2610 dilectionem
1472 2562 1707 2609 vestram
1740 2553 1877 2608 bene

263 2642 320 2697 in
350 2642 571 2699 Christo
600 2643 803 2707 valere,
835 2641 1185 2697 dilectissime
1215 2641 1344 2698 ﬁlia.
1379 2643 1518 2698 Data
1566 2657 1623 2696 v1
1673 2641 1877 2696 Kalen-

263 2731 370 2787 das
399 2730 625 2803 Aprilis,
660 2729 954 2786 indictione
982 2729 1216 2785 decima.

972 2853 1187 2908 LXVII.

488 2974 561 3015 AD
598 2974 906 3015 WIGBODUI
945 2974 1256 3014 EPISCOPUI
1293 2973 1654 3014 PARMENSEI.

896 3046 1077 3121 (Anno
1106 3049 1254 3116 877.)

1975 524 2232 595 Epistolas
2263 533 2444 581 autem
2473 526 2606 597 ipsae
2636 527 2833 599 quibus
2862 528 3045 584 missae
3093 528 3219 594 sint,
3267 528 3578 600 superscri-

1974 614 2087 684 ptio
2116 629 2300 670 earum
2343 615 2683 681 monstrabit,
2717 631 2854 688 quas
2902 616 3019 687 ipse
3060 617 3253 688 procul
3301 618 3466 673 dubio
3510 617 3582 674 ad

1977 717 2073 756 eos
2104 702 2301 773 quibus
2330 703 2549 759 directaa
2577 712 2703 758 sunt
2732 702 2902 760 facies
2932 706 3213 775 asportari.
3248 707 3380 762 Esto
3396 705 3582 777 itaque

1976 788 2118 844 ﬁdus
2129 790 2183 845 in
2196 790 2376 856 nobis,
2392 799 2446 845 et
2464 792 2708 848 viriliter
2718 809 2819 864 age
2840 796 2897 849 et
2912 795 3268 864 confortatur
3281 810 3378 850 cor
3395 798 3579 862 tuum,

1977 882 2033 934 et
2063 880 2282 934 sustine
2311 881 2633 948 Dominum,
2659 888 2732 948 et,
2765 882 3008 952 Accinge
3048 882 3199 936 sicut
3233 881 3320 937 vir
3369 883 3581 939 lumbos

1982 970 2104 1022 tuos
2161 965 2298 1037 (Job.
2333 969 2448 1038 xc),
2510 974 2563 1022 et
2621 968 2889 1034 accelera,
2940 976 2995 1023 ut
3051 968 3392 1024 dilectionem
3433 977 3582 1026 tuam

1978 1053 2228 1126 superius
2259 1056 2709 1111 commonuimus.
2745 1056 3011 1127 Optamus
3046 1057 3384 1114 sanctitatem
3411 1065 3577 1126 tuam,

1980 1151 2082 1199 etc.
2118 1144 2252 1198 Data
2283 1159 2339 1197 v1
2370 1143 2645 1199 Kalendas
2673 1145 2894 1216 Aprilis,
2929 1144 3222 1201 indictione
3251 1162 3309 1201 x.

2659 1303 2897 1358 LXVIII.

2365 1423 2438 1464 AD
2476 1424 2777 1464 DOCIBILEN
2813 1425 2883 1464 ΕΤ
2917 1423 3195 1465 ΙΟΑΝΝΈἩ.

2602 1516 2782 1586 (Anno
2812 1515 2965 1587 877.)

1977 1632 2253 1688 Hortatur
2292 1634 2357 1685 ut
2388 1630 2482 1687 det
2510 1647 2740 1703 cperam
2776 1647 2848 1686 ne
2899 1632 3215 1688 Christiani
3242 1633 3424 1703 foedus
3455 1648 3586 1690 eum

2493 1719 2791 1798 Saracenis
2824 1721 3067 1791 faciant.
3210 1734 3213 1737 '

2061 1860 2314 1915 JOANNES
2342 1858 2630 1932 episcopus
2655 1860 2907 1916 DOCIBILI
2937 1873 2962 1901 ι
2986 1868 3039 1917 et
3067 1862 3277 1916 JOANNI
3306 1861 3541 1935 hypatis.

2060 1976 2347 2033 Devotioni
2375 1984 2482 2031 tua;
2518 1992 2620 2047 pro
2668 1976 2857 2032 labore
2906 1975 3031 2032 ﬁdei
3078 1977 3396 2034 Christiana
3426 1993 3591 2051 quam

1987 2064 2192 2121 excolis
2239 2064 2542 2137 gratiarum
2593 2064 2897 2121 actionibus
2951 2064 3263 2136 persolutis,
3296 2065 3490 2121 iterum
3537 2073 3595 2123 et

1988 2154 2181 2209 iterum
2210 2154 2564 2209 exhortamur
2591 2160 2650 2208 ut
2695 2152 2870 2226 magis
2916 2168 2981 2210 ac
3026 2153 3202 2226 magis
3251 2160 3508 2226 satagere
3537 2160 3595 2211 et

1987 2242 2287 2308 decertare,
2322 2249 2375 2296 et
2404 2248 2643 2312 emptum
2678 2240 2922 2296 laborem
2951 2241 3021 2296 ad
3067 2239 3362 2312 perfectam
3390 2242 3594 2299 ducere

1986 2330 2258 2386 actionem
2286 2344 2546 2400 procures
2577 2344 2589 2384 :
2622 2337 2679 2384 ut
2707 2328 2996 2384 Christiani
3025 2328 3263 2384 nominis
3286 2328 3390 2386 viri
3416 2344 3594 2402 paga-

1985 2433 2183 2475 norum
2212 2417 2424 2473 foedera
2465 2417 2693 2488 fugiant,
2726 2424 2779 2472 et
2815 2416 2994 2472 solum
3034 2417 3091 2471 in
3137 2418 3331 2484 Deum,
3365 2417 3458 2490 qui
3495 2433 3592 2476 eos

1985 2506 2211 2571 creavit,
2248 2514 2301 2561 et
2353 2521 2463 2563 non
2516 2505 2573 2560 in
2629 2504 2829 2561 diaboli
2886 2505 3151 2574 membra,
3181 2522 3305 2577 quae
3341 2514 3467 2562 sunt
3495 2505 3593 2563 ﬁlii

1984 2593 2360 2651 fornicationis
2391 2602 2444 2648 et
2466 2608 2598 2648 vasa
2627 2593 2740 2659 irae,
2774 2609 2926 2664 spem
2948 2608 3103 2649 suam
3132 2609 3334 2664 ponere
3355 2594 3591 2651 discant.

1984 2682 2142 2751 Quod
2172 2698 2298 2738 cum
2328 2682 2529 2754 egeris,
2561 2681 2796 2736 salvabis
2825 2681 3062 2736 animam
3093 2689 3259 2745 tuam,
3292 2689 3344 2737 et
3373 2682 3592 2753 operies

1982 2770 2378 2826 multitudinem
2409 2776 2778 2840 peccatorum.
2812 2768 2953 2825 Dicit
2980 2769 3124 2825 enim
3155 2769 3344 2825 beatus
3372 2770 3542 2826 Jacob
3574 2788 3589 2827 :

1988 2860 2093 2928 Qui
2124 2860 2378 2914 converti
2402 2860 2607 2929 fecerit
2630 2860 2984 2929 peceatorem
3014 2859 3080 2913 ab
3108 2874 3297 2914 errore
3318 2860 3421 2914 vita
3450 2874 3587 2927 sua,

1983 2947 2225 3003 salvabit
2256 2948 2514 3002 animam
2542 2962 2707 3001 suam
2736 2963 2771 3000 a
2797 2950 2997 3013 morte,
3021 2950 3078 3002 et
3093 2949 3307 3019 aperiet
3325 2948 3590 3003 multitu-

1984 3035 2178 3091 dinem
2221 3038 2591 3108 peccatorum
2634 3033 2776 3105 (Jac.
2828 3034 2907 3105 ν).
2957 3034 3093 3090 Data
3130 3050 3167 3090 v
3206 3035 3334 3090 Idus
3362 3035 3587 3108 Aprilis,

165 3161 174 3169 '
261 3157 544 3211 Hortatur
574 3157 639 3210 ut
656 3169 1025 3227 quoscunque
1051 3157 1235 3227 potest
1264 3153 1338 3208 ad
1373 3155 1589 3227 sancta:
1618 3154 1883 3227 Romam;
1911 3141 1960 3204 C
1984 3121 2170 3179 indic“
2205 3139 2258 3178 Χ·

336 3226 607 3282 Ecclesiw
633 3222 1020 3295 defensionem
1051 3222 1285 3287 excitet,
1314 3227 1379 3295 et
1412 3222 1483 3277 ad
1514 3238 1571 3295 se
1601 3239 1739 3295 cum
1764 3224 1883 3295 suis

336 3298 554 3363 veniat,
586 3300 652 3350 ut
679 3292 969 3350 communi
1015 3295 1249 3349 consilio
1298 3294 1569 3347 Saraceni
1598 3293 1664 3347 ab
1716 3292 1885 3347 Italia

334 3367 713 3434 expelluntur
744 3383 756 3419 :
789 3367 974 3421 mittit
1019 3365 1366 3419 desideratas
1404 3364 1691 3434 epistolas,
1746 3378 1884 3434 quas

334 3384 413 3422 ea:
455 3384 713 3421 citantur
744 3384 756 3419 :
789 3384 974 3421 mum
1019 3384 1366 3419 aestaeratas
1404 3384 1561 3434 episu

333 3384 657 3507 aﬂgrcndas
686 3441 847 3492 curet
876 3437 949 3490 iis
977 3436 1177 3507 quibus
1206 3435 1561 3490 scribuntur.

332 3543 594 3598 JOANNES
620 3541 907 3612 episcopus
942 3540 1227 3595 WIGBODO
1276 3539 1533 3610 episcopo
1566 3537 1882 3592 Parmensi.

332 3630 659 3686 Devotionis
701 3637 808 3685 tua;
850 3627 1077 3685 aﬁ‘ectus
1119 3645 1228 3683 non
1277 3627 1432 3683 inscii
1472 3634 1653 3699 grates
1683 3626 1879 3681 condi-

260 3736 409 3795 gnas
440 3718 730 3773 referimus
756 3738 769 3785 ;
804 3718 933 3789 quia
962 3733 1091 3773 vero
1135 3716 1477 3772 sanctitatem
1524 3715 1708 3770 dolere
1739 3722 1884 3768 tuam

258 3808 652 3881 cognoscimus
682 3821 783 3877 pro
813 3822 879 3861 eo
909 3806 1052 3878 quod
1086 3821 1118 3859 a
1147 3806 1305 3860 nobis
1342 3803 1474 3858 nihil
1525 3803 1629 3857 sibi
1679 3802 1885 3857 laboris

257 3893 615 3965 injungatur;
644 3891 719 3945 nil
749 3906 871 3945 esse
903 3890 1121 3946 noveris
1151 3889 1299 3943 aliud
1334 3888 1444 3942 nisi
1480 3887 1604 3959 quia
1633 3886 1884 3942 novimus

258 3990 313 4037 te
342 3979 534 4035 multis
564 3979 725 4048 hujus
752 3980 1015 4050 temporis
1059 3977 1426 4049 procellarum
1458 3975 1711 4030 fluctibus
1742 3974 1883 4030 irre-

259 4070 440 4125 titum.
467 4069 665 4123 Verum
696 4068 825 4140 quia
854 4067 1011 4122 nobis
1043 4066 1212 4121 multa
1260 4065 1523 4120 incumbit
1551 4063 1871 4128 necessitas,

250 4166 305 4215 et
366 4165 459 4212 tua
515 4138 921 4227 promptissima
968 4154 1137 4210 claret
1196 4153 1467 4221 alacritas,
1503 4154 1787 4207 hortamur
1828 4138 1929 4212 ut.

251 4260 616 4321 quoscunque
646 4252 823 4314 potes,
858 4250 909 4298 et
941 4260 1014 4314 qu
1028 4242 1447 4312 omodocunque
1480 4248 1655 4311 potes,
1690 4240 1755 4293 ad
1786 4240 1887 4293 de-

252 4334 566 4391 fensionem
597 4332 755 4400 hujus
786 4338 999 4386 sanctae
1032 4330 1349 4401 principalis
1371 4328 1633 4384 Ecclesiae
1656 4326 1887 4381 ﬁliorum

256 4424 486 4485 excites,
522 4421 739 4485 incites,
773 4428 826 4475 et
866 4427 1028 4491 prout
1057 4418 1358 4475 necessitas
1389 4424 1568 4488 urget,
1601 4416 1885 4486 impellas:

2686 3252 2882 3307 LXIX.

2093 3380 2167 3421 AD
2204 3380 2538 3422 PULCHAREH
2576 3382 3016 3423 PREFECTURIUH
3051 3381 3501 3445 AMALFITANUH.‘

2604 3473 2785 3544 (Anno
2815 3475 2965 3544 877.)

1987 3581 2166 3636 Monet
2185 3582 2250 3635 ut
2268 3579 2448 3649 [cadus
2468 3595 2602 3635 cum
2617 3580 2916 3636 Saracenis
2936 3582 3151 3636 initum
3170 3580 3588 3637 dissolvendum

2690 3672 2871 3723 curet.

2056 3792 2313 3845 JOAN’NBS
2343 3789 2633 3861 episcopus
2662 3791 2942 3845 PULCHARI
2970 3790 2997 3827 δ
3026 3790 3369 3862 ριάξΐθοιιιτίο
3408 3791 3592 3847 Amal-

1988 3878 2172 3934 ﬁtano.

2060 3985 2429 4041 Admonemus
2467 3992 2523 4039 ut
2571 3984 2625 4039 in
2667 3984 2816 4040 omni
2862 3984 3061 4041 virtute
3092 3992 3181 4040 tua
3228 3993 3281 4042 et
3327 3985 3594 4057 sapientia

1990 4082 2081 4129 tua
2111 4074 2326 4129 labores
2355 4081 2517 4145 atque
2548 4074 2797 4129 decertes
2827 4080 2886 4127 ut
2932 4073 3009 4128 illi
3054 4074 3304 4130 homines
3347 4089 3597 4148 pagano-

1992 4179 2112 4217 rum
2142 4162 2481 4233 disrumpere
2511 4170 2668 4232 pacta
2699 4170 3012 4231 procurent.
3047 4161 3206 4230 Quod
3252 4163 3299 4217 si
3345 4161 3595 4235 fecerint,

1993 4251 2067 4305 nil
2096 4250 2252 4305 vobis
2281 4250 2366 4305 vel
2397 4250 2502 4304 illis
2523 4249 2914 4320 denegabimus
2936 4266 3125 4304 eorum
3147 4266 3266 4321 quae
3286 4250 3384 4305 rite
3412 4250 3597 4308 facere

1991 4354 2301 4409 possumus,
2343 4346 2397 4391 et
2451 4352 2550 4407 pro
2608 4336 2754 4390 nulla
2802 4352 2966 4391 causa
3011 4336 3098 4391 vel
3144 4337 3361 4391 homine
3410 4352 3510 4393 nos
3565 4354 3597 4394 a

1992 4424 2265 4481 communi
2296 4432 2470 4479 vestra
2500 4431 2553 4477 et
2585 4438 2770 4478 eorum
2799 4422 2969 4482 salute
2999 4439 3095 4477 seu
3143 4423 3339 4478 auxilio
3366 4416 3595 4495 separa-

256 4511 358 4568 sed
390 4519 443 4566 et
469 4509 596 4580 ipse
628 4524 755 4565 cum
785 4507 870 4562 his
899 4508 988 4579 qui
1022 4507 1119 4562 tibi
1149 4508 1430 4579 adhaerent
1460 4506 1529 4559 ad
1559 4503 1887 4575 colloquium
1916 4491 1969 4550 D
1994 4513 2188 4578 bimus,
2220 4526 2322 4566 nec
2371 4510 2495 4565 illos
2544 4510 2835 4582 aliquando
2875 4509 3229 4565 dimittamus.
3276 4513 3346 4565 At
3387 4491 3520 4567 vero
3549 4511 3597 4567 si

266 4605 521 4655 nostrum
562 4596 877 4653 accelerare
902 4612 971 4651 ne
1000 4596 1300 4667 pigriteris,
1332 4601 1599 4665 quatenus
1620 4591 1894 4648 communi
1995 4601 2070 4655 illi
2099 4602 2204 4656 hoc
2233 4598 2410 4655 facere
2438 4597 2831 4664 recusaverint,
2870 4606 2925 4654 et
2969 4597 3242 4670 conspicis
3291 4614 3387 4653 eos
3433 4599 3595 4655 nobis

261 4686 518 4755 consilio,
549 4684 850 4740 auxiliante
883 4685 1018 4749 Deo,
1055 4700 1195 4756 gens
1224 4682 1389 4753 impia
1417 4680 1615 4737 nostris
1638 4678 1890 4735 elimine-

261 4785 409 4830 tur-e
439 4773 640 4829 ﬁnibus
675 4790 688 4827 :
722 4773 825 4829 hoc
866 4780 947 4827 est
978 4772 1123 4843 quod
1155 4771 1445 4844 exigimus,
1491 4770 1594 4825 hoc
1632 4776 1716 4824 est
1745 4768 1890 4840 quod

258 4872 391 4919 ante
421 4861 646 4934 speciali
675 4869 801 4917 voto
832 4860 1207 4932 deposcimus.
1244 4859 1379 4928 Quae
1408 4874 1540 4913 vero
1576 4858 1645 4913 de
1676 4857 1889 4911 mitten-

261 4952 350 5008 dis
380 4951 689 5023 quibusque
719 4949 914 5004 litteris
943 4948 1149 5004 nostris
1181 4962 1485 5020 suggerere
1516 4946 1763 5012 voluisti,
1787 4960 1889 5000 vo-

260 5041 333 5095 tis
368 5040 494 5107 tuis,
527 5046 689 5110 prout
723 5037 982 5109 temporis
1010 5036 1261 5108 qualitas,
1284 5042 1337 5089 et
1354 5050 1640 5091 causarum
1664 5034 1888 5104 dispen-

261 5129 404 5183 satio
432 5127 722 5192 concessit,
781 5133 1057 5199 gratanter
1101 5125 1422 5190 annuimus;
1458 5131 1512 5179 et
1558 5138 1669 5177 non
1709 5122 1886 5176 solum

262 5218 393 5284 hoc,
425 5216 524 5271 sed
554 5222 606 5270 et
633 5231 755 5287 quae
785 5229 1098 5286 possumus,
1133 5220 1285 5268 tanto
1305 5215 1455 5268 circa
1474 5209 1884 5265 sanctimoniam

264 5314 417 5361 tuam
449 5304 707 5359 exhibere
729 5303 987 5358 libentius
1016 5301 1286 5367 volumus,
1320 5307 1522 5373 quanto
1562 5300 1706 5355 hanc
1733 5314 1883 5370 prae-

265 5393 442 5449 teritis
492 5391 597 5446 illis
643 5391 699 5445 in
745 5391 988 5463 partibus
1029 5389 1377 5446 constitutam
1422 5386 1656 5444 alacrius
1693 5395 1746 5441 et
1794 5386 1884 5442 in-

340 5567 366 5595 ⁸
400 5572 472 5624 De
495 5569 713 5623 Docibile
737 5570 856 5634 Leo,
895 5581 977 5636 ep.
1002 5568 1261 5633 Ostiensis,
1287 5566 1373 5619 lib.
1403 5581 1461 5632 ιι,
1488 5578 1535 5619 c.
1564 5568 1646 5618 14.

1993 4690 2061 4745 de
2108 4688 2196 4743 die
2250 4688 2303 4742 in
2350 4687 2496 4743 diem
2528 4687 2898 4743 tantummodo
2946 4686 3085 4743 velle
3122 4686 3369 4752 illudere,
3405 4686 3597 4743 saltem

1991 4786 2049 4833 tu
2080 4776 2167 4833 fac
2198 4776 2500 4833 secundum
2534 4777 2819 4832 consilium
2862 4783 3031 4841 tuum,
3066 4775 3213 4846 quod
3260 4774 3485 4844 scilicet,
3514 4774 3599 4831 in-

1991 4866 2229 4937 spirante
2260 4867 2395 4931 Deo,
2430 4881 2495 4920 ex
2533 4863 2786 4937 prudenti
2816 4863 2982 4919 corde
3026 4862 3365 4919 salutiferum
3411 4870 3597 4935 protu-

1990 4954 2117 5009 listi.
2153 4953 2428 5025 Quidquid
2459 4960 2643 5007 autem
2671 4951 2738 5006 de
2767 4951 2851 5005 his
2878 4950 3092 5013 factum,
3128 4951 3215 5007 vel
3244 4967 3355 5007 non
3386 4946 3590 5007 factum

1990 5042 2170 5108 fuerit,
2204 5049 2294 5095 aut
2327 5040 2630 5094 faciendum
2661 5038 2944 5105 exstiterit,
2973 5039 3077 5093 tuis
3107 5039 3266 5096 nobis
3300 5040 3387 5095 vel
3416 5038 3600 5095 missis

1989 5131 2074 5185 vel
2103 5129 2295 5184 litteris
2325 5128 2483 5183 citius
2526 5126 2815 5193 iudicabis,
2860 5134 2917 5181 ut
2962 5143 3084 5199 qum
3132 5127 3392 5198 deinceps
3439 5126 3601 5182 nobis

1987 5216 2297 5272 necessario
2328 5223 2453 5269 sunt
2480 5215 2712 5287 agenda,
2770 5214 2983 5271 facilius
3032 5223 3087 5270 et
3131 5214 3433 5287 expeditius
3462 5230 3601 5286 aga-

1987 5321 2127 5373 mus,
2162 5318 2538 5375 praeparemus
2574 5311 2627 5360 et
2656 5302 2999 5359 ordinemus.
3026 5304 3166 5359 Data
3187 5303 3364 5360 vIdus
3380 5302 3601 5376 Aprilis,
3665 5354 3671 5363 .
3774 5364 3779 5371 ,

1986 5392 2181 5447 indict.
2213 5406 2271 5446 Χ.

2058 5567 2085 5604 δ
2109 5571 2179 5621 De
2201 5568 2440 5621 Pulchare
2462 5569 2585 5633 Leo,
2607 5568 2692 5620 ubi
2712 5581 2881 5635 supra.
