4020 6178
468 427 573 483 723

1191 542 1360 598 LXX.

674 649 746 688 AD
785 647 1026 688 SERGIL’M
1063 645 1382 686 MAGISTRUM
1418 637 1874 684 NEAPOLITANUH.

1095 721 1274 790 (Anno
1307 719 1456 788 877.)

481 811 642 868 Dolet
685 811 1046 882 ipsumstepe
1070 807 1572 882 monitugmhfazdus
1609 819 1738 882 cum
1778 799 2074 882 Saracenis

549 873 758 964 solvere
801 873 1098 964 noluissei
1132 873 1401 964 praecipit
1550 879 1782 933 tandem
1823 873 2074 952 pareat;

549 953 640 1006 sin
669 953 878 1016 minus,
911 939 1172 1005 minatu'r
1200 966 1258 1004 se
1289 939 1508 1004 {terunt
1538 965 1667 1005 eum
1688 939 2078 1016 excommuni-

547 1011 1206 1094 caturumrpollicetur,
1253 1021 1304 1075 si
1345 1021 1536 1088 ﬁdeles
1587 1022 1794 1092 legatos
1829 1011 2070 1078 miserit.

549 1091 784 1162 benigne
812 1107 870 1147 se
883 1091 1296 1162 suscepturum
1309 1131 1322 1144 .

543 1199 799 1251 JOANNES
820 1197 1110 1268 episcopus
1131 1197 1338 1252 δεξιοιο
1369 1204 1394 1232 ⁸
1411 1197 1672 1269 magistro
1692 1195 2069 1267 Neapolitano.

545 1285 686 1338 Dum
716 1285 872 1340 verbi
912 1285 1014 1340 Dei
1053 1301 1246 1348 semen
1289 1285 1344 1340 in
1393 1293 1612 1356 pectore
1653 1293 1746 1340 tuo
1783 1283 1944 1340 etiam
1975 1298 2075 1353 per

475 1373 856 1444 memetipsum
903 1381 1028 1444 post
1067 1373 1293 1428 crebros
1336 1373 1536 1430 missos
1583 1381 1636 1430 et
1665 1374 1874 1428 litteras
1903 1371 2072 1427 semi-

473 1477 713 1528 nassem,
747 1463 1128 1532 exspectabam
1170 1477 1279 1517 non
1323 1463 1618 1518 verborum
1655 1461 1800 1528 folia,
1837 1461 1934 1516 sed
1963 1459 2074 1514 fru-

475 1559 593 1606 ctus
618 1566 849 1622 operum
877 1550 1179 1620 promereri
1211 1568 1224 1604 :
1259 1551 1356 1606 sed
1394 1551 1522 1622 quia
1563 1567 1727 1622 super
1769 1551 1871 1616 hac
1919 1556 2073 1619 parte

476 1655 604 1709 spes
631 1646 818 1693 nostra
857 1637 1116 1693 frustrata
1162 1647 1263 1706 est,
1297 1655 1468 1711 cogor
1510 1639 1566 1694 in
1619 1655 1812 1695 vocem
1859 1637 2075 1692 Domini

475 1743 577 1800 per
605 1727 800 1781 Isaiam
827 1727 1146 1797 prophetam
1177 1727 1438 1784 adversus
1473 1727 1824 1783 lsraeliticam
1859 1725 2072 1796 plebem

477 1831 855 1886 prorumpere,
897 1815 1139 1870 clamans
1171 1833 1183 1869 :
1220 1816 1360 1882 Quid
1403 1820 1489 1870 est
1536 1816 1676 1888 quod
1715 1815 1876 1870 debui
1915 1815 2072 1868 ultra

481 1905 670 1974 facere
697 1905 872 1959 vineta
882 1919 1040 1968 meat,
1055 1907 1112 1958 et
1124 1921 1238 1960 non
1249 1907 1362 1975 feci
1377 1908 1398 1959 ?
1415 1921 1490 1959 an
1510 1905 1651 1976 quod
1669 1904 1993 1976 exspectavi
2011 1905 2075 1956 ut

481 1995 698 2064 faceret
713 2008 870 2058 uvas,
895 1992 1034 2063 fecit
1055 1995 1247 2048 autem
1271 1993 1556 2048 labruscas
1575 1993 1604 2047 Ἰ
1623 1993 1752 2064 (Isa.
1775 1991 1858 2062 v.)
1877 1991 2080 2045 Verum

481 2079 626 2150 quia,
659 2087 717 2134 ut
747 2095 868 2135 cum
911 2080 1172 2150 Apostolo
1209 2081 1404 2148 dicam,
1442 2081 1636 2136 eadem
1659 2079 1807 2136 vobis
1844 2079 2082 2134 scribere

480 2169 626 2224 mihi
643 2169 866 2241 quidem
881 2185 998 2225 non
1034 2171 1280 2241 pigrum,
1303 2171 1450 2226 vobis
1477 2174 1671 2225 autem
1697 2169 2082 2226 necessarium

483 2261 572 2312 est
598 2256 828 2329 (Philip.
862 2257 983 2328 ιιι);
1015 2257 1186 2312 semel
1216 2265 1268 2312 te
1309 2265 1539 2330 tuosque
1581 2259 1757 2312 adhuc
1790 2257 2085 2311 admonere

485 2361 596 2400 non
627 2345 806 2399 abnuo
835 2353 892 2398 ut
920 2345 986 2398 ab
1033 2344 1330 2400 inﬁdelium
1373 2347 1644 2401 consortio
1689 2343 1994 2410 declinetis,
2035 2351 2086 2399 et

483 2447 514 2488 a
543 2441 652 2486 tam
680 2431 909 2503 profano
957 2433 1178 2488 tandem
1223 2433 1508 2506 aliquando
1547 2433 1750 2489 {aedere
1795 2431 2084 2488 recedatis.

487 2520 648 2590 Quod
678 2521 724 2574 si
753 2535 854 2576 nos
883 2519 1180 2587 audieritis,
1215 2537 1324 2577 non
1354 2523 1534 2578 solum
1563 2523 1704 2577 bona
1747 2537 1868 2593 quae
1895 2519 2086 2590 cupitis

487 2607 792 2664 affluentius
822 2625 888 2664 ex
917 2609 1076 2664 nobis
1104 2611 1395 2678 habebitis,
1429 2611 1526 2665 sed
1555 2619 1608 2665 et
1633 2624 1833 2680 magna
1865 2611 2088 2680 praemia

492 2699 708 2755 cmlitus
752 2699 1154 2772 assequemini;
1204 2699 1286 2753 sin
1345 2706 1546 2766 autem,
1605 2715 1714 2753 non
1770 2697 1944 2752 solum
1988 2712 2090 2751 nos

489 2787 750 2858 spirituali
795 2803 892 2842 vos
939 2787 1131 2842 iterato
1180 2787 1363 2858 gladio
1413 2787 1795 2858 parcellemus,
1829 2785 1924 2840 sed
1955 2793 2006 2840 et
2035 2784 2090 2838 hi

491 2875 583 2946 qui
611 2891 720 2930 non
750 2876 866 2931 sine
897 2891 1062 2930 causa
1101 2876 1414 2930 materiales
1458 2875 1667 2946 gladios
1695 2882 1933 2945 portant,
1967 2888 2090 2928 cum

497 2965 602 3018 sint
656 2971 856 3018 sanctae
903 2963 1168 3019 Ecclesia:
1214 2963 1378 3018 validi
1437 2963 1754 3018 defensores
1799 2969 1851 3016 et
1899 2961 2092 3016 fervidi

495 3051 775 3118 zelatores,
811 3051 1019 3107 cunctis
1045 3051 1290 3106 adversis
1321 3060 1371 3107 et
1413 3051 1694 3122 prosperis
1743 3049 2088 3114 conculcatis,

495 3141 758 3196 adversus
787 3157 885 3196 vos
913 3139 1162 3211 protinus
1211 3155 1368 3194 arma
1406 3140 1720 3210 corripiant,
1756 3147 1808 3192 et
1853 3137 2094 3192 vindices

1744 409 1772 467 Ι
1777 408 1974 468 ΟΑΝΝ
1977 406 2039 463 IS
2095 401 2292 458 ΡΑΡᾸΞ
2347 401 2490 456 VIII.

2106 527 2164 588 Α
2255 525 2382 580 iani
2427 523 2584 578 ducis
2628 521 2854 590 legatos,
2899 517 2950 572 si
3005 511 3604 590 mi_ser_it,_pa1_1aiumg

3675 383 3780 437 72L

3609 521 3678 560 ue
3707 503 3778 558 ad

2253 577 2454 654 omnia
2473 577 2532 648 se
2573 577 2711 664 fore,
2755 577 2884 664 qua:
2912 603 3016 664 pro
3061 577 3324 640 Ecclesia:
3369 580 3474 635 Dei
3519 577 3776 632 utilitate

2243 661 2586 744 perﬁcienda
2617 661 2943 718 retulerint.

2245 777 2499 830 Joannes
2529 768 2821 840 episcopus
2849 765 2918 818 ad
2955 761 3269 833 episcopum
3297 753 3741 840 Neapolitanum.

2247 861 2469 920 Relictis
2497 839 2692 914 litteris
2721 854 2846 922 tuis,
2881 867 3015 924 quas
3045 855 3224 919 coepto
3245 847 3360 916 jam
3383 841 3668 915 paschalis
3697 839 3778 896 fe-

2177 949 2424 1010 stivitatis
2451 946 2628 1002 oﬁicio
2657 944 2710 998 in
2741 943 2828 997 die
2865 953 3066 1013 magno
3105 935 3468 1006 suscepimus,
3505 929 3644 984 nihil
3673 944 3778 1000 quo

2173 1040 2591 1104 laetificaremur,
2633 1030 2937 1104 reperimus
2969 1044 2981 1082 :
3015 1025 3158 1082 unde
3199 1025 3395 1096 ingens
3441 1019 3682 1082 tristitia,
3727 1025 3780 1072 et

2173 1129 2460 1188 continuus
2499 1123 2656 1180 dolor
2687 1119 2836 1176 cordi
2881 1123 3065 1172 nostro
3103 1113 3290 1178 crevit,
3314 1118 3368 1166 et
3385 1107 3780 1178 multiplicatus

2171 1235 2274 1276 nos
2303 1217 2658 1272 vehementer
2687 1207 2910 1278 affligit;
2939 1205 3068 1276 quia
3095 1201 3358 1274 populum
3404 1195 3646 1253 civitatis
3687 1209 3782 1248 ve-

2173 1317 2320 1372 strae,
2355 1318 2475 1375 quin
2504 1300 2634 1356 olim
2663 1296 2782 1361 Dei,
2814 1308 2958 1350 nunc
2984 1299 3164 1347 autem
3203 1285 3470 1360 principis
3517 1283 3778 1338 tenebra-

2175 1411 2298 1451 rum
2326 1372 2518 1448 efi'ecta
2547 1394 2649 1452 est,
2672 1383 2933 1441 derelicto
2947 1379 3162 1452 penitus
3177 1375 3440 1434 creatoris
3459 1372 3546 1428 sui
3567 1386 3776 1436 amore,

2171 1484 2420 1540 videmus
2443 1479 2638 1549 jugum
2665 1490 2790 1531 cum
2831 1469 3139 1526 infidelibus
3179 1466 3380 1522 ducere
3407 1480 3422 1517 :
3455 1469 3626 1532 teque
3653 1459 3780 1514 ideo

2171 1572 2292 1628 fore
2335 1547 2652 1630 obnoxium,
2707 1559 2962 1633 quoniam
3013 1557 3070 1612 in
3117 1553 3298 1609 medio
3331 1549 3522 1622 populi
3581 1547 3780 1618 polluta

2171 1659 2314 1715 labia
2341 1653 2607 1718 habentis,
2639 1649 2904 1722 pollutum
2933 1654 2988 1702 et
3027 1642 3348 1714 complicem
3379 1638 3648 1698 habitare,
3681 1650 3784 1689 nec

2173 1755 2286 1811 toto
2315 1744 2516 1802 annixu
2544 1750 2596 1796 te
2624 1739 2764 1796 velle
2793 1749 3009 1792 murum
3037 1747 3136 1804 pro
3165 1731 3329 1786 domo
3365 1725 3609 1790 Domini,
3645 1724 3786 1780 sicut

2171 1828 2428 1892 idoneum
2483 1829 2686 1886 Christi
2741 1825 2996 1882 athletam
3043 1827 3294 1891 Oportet,
3345 1813 3786 1884 contemplamur

2179 1937 2478 1996 opponere.
2509 1919 2646 1974 Cum
2675 1930 2776 1972 nos
2803 1928 2905 1984 pro
2933 1907 3242 1980 hujusmodi
3271 1921 3436 1962 causa
3467 1913 3522 1958 te
3551 1901 3626 1956 ad
3655 1899 3786 1956 tanti

2179 1991 2406 2067 honoris
2433 1999 2660 2065 culmen
2674 2003 2978 2076 perducere
3007 1996 3198 2070 procul
3226 1993 3390 2050 dubio
3413 1991 3786 2054 studeremus,

2181 2106 2448 2172 quatenus
2477 2103 2531 2150 te
2560 2094 2866 2162 adjutorem
2895 2097 2948 2143 et
2976 2085 3194 2142 fidelem
3239 2087 3654 2153 cooperatorem
3683 2078 3788 2132 ha-

2183 2167 2393 2254 bentes,
2427 2199 2558 2240 oves
2587 2177 2804 2236 Domini
2833 2179 2902 2232 de
2937 2184 3048 2231 tam
3095 2171 3315 2229 immani
3357 2167 3636 2240 profundo
3685 2179 3792 2236 quo

2185 2277 2254 2331 ab
2283 2273 2506 2330 humani
2553 2268 2774 2344 generis
2817 2264 3038 2321 inimico
3085 2261 3404 2316 submersas
3455 2265 3508 2312 et
3553 2261 3792 2310 retentas

2179 2365 2368 2434 jacere
2396 2357 2888 2431 conspiciebamus,
2922 2352 3242 2407 abstrahere
3269 2355 3430 2419 atque
3453 2345 3524 2400 ad
3555 2357 3794 2414 superna

2185 2432 2432 2508 relevare
2459 2461 2768 2520 possemus,
2799 2451 2859 2498 ut
2887 2442 2955 2496 de
2997 2440 3218 2495 illorum
3265 2435 3424 2491 simul
3475 2432 3650 2488 salute
3693 2447 3797 2502 par

2187 2540 2333 2612 apud
2363 2537 2744 2593 retributorem
2773 2530 3015 2587 omnium
3047 2529 3220 2584 Deum
3247 2541 3346 2596 pro
3375 2521 3654 2579 communi
3677 2535 3800 2576 cer-

2189 2610 2388 2684 tamine
2417 2626 2674 2681 meritum
2701 2621 3047 2676 haberemus.
3083 2616 3192 2672 Sed
3239 2629 3368 2670 ecce
3411 2610 3666 2683 neglecta
3693 2624 3798 2679 pa-

2191 2716 2410 2772 storalis
2440 2713 2602 2769 officii
2633 2726 2785 2776 cura,
2817 2705 3120 2780 postposito
3151 2701 3320 2758 divini
3347 2701 3542 2754 timore
3585 2696 3796 2766 judicii,

2191 2821 2314 2862 cum
2361 2803 2468 2858 illis
2519 2817 2658 2872 quos
2707 2805 2800 2852 aut
2845 2795 3122 2864 corrigere
3169 2799 3222 2846 et
3249 2791 3320 2844 ad
3357 2789 3504 2844 viam
3553 2785 3800 2842 veritatis

2193 2907 2468 2956 revocare,
2501 2897 2593 2944 aut
2623 2903 2719 2942 eos
2749 2883 2907 2956 quasi
2935 2897 3166 2954 gregem
3195 2875 3506 2933 morbidum
3527 2883 3604 2929 tot
3626 2873 3802 2928 disci-

2191 2981 2353 3054 plinae
2381 2977 2610 3034 salubris
2641 2973 2961 3030 verberibus
3005 2967 3348 3041 castigatum,
3400 2963 3636 3018 salutem
3685 2977 3808 3032 pro-

2191 3051 2366 3141 priam
2395 3067 2668 3122 nolentem
2697 3062 2964 3132 recipere,
2999 3057 3193 3126 vitare,
3225 3063 3387 3126 atque
3408 3053 3477 3108 de
3505 3051 3690 3106 medio
3711 3065 3805 3106 eo—

2192 3175 2338 3218 rum,
2373 3157 2512 3212 sicut
2535 3155 2649 3224 jam
2680 3151 2808 3206 olim
2837 3148 2932 3202 tibi
2977 3163 3042 3201 ex
3087 3145 3272 3200 divina
3313 3141 3636 3197 auctoritate
3665 3154 3808 3209 pra-

487 3237 688 3300 contra
715 3245 813 3284 vos
843 3229 1253 3318 impugnatores
1285 3229 1399 3298 ejus
1435 3228 1666 3318 celerius
1710 3225 2094 3318 properabunt.
2129 3226 2177 3289 C.
2199 3245 2448 3318 cipimus,
2480 3241 2630 3298 exire
2659 3240 2948 3300 debueras,
2979 3249 3082 3290 nec
3121 3231 3353 3302 amplius
3383 3245 3510 3285 cum
3537 3227 3806 3298 praevari-

498 3318 634 3388 Qute
661 3335 762 3374 nos
794 3319 1048 3388 scientes,
1068 3317 1193 3389 quia
1231 3333 1329 3372 vos
1360 3317 1541 3372 anima
1571 3324 1624 3371 et
1651 3331 1880 3386 corpore
1919 3313 2100 3368 salvos

507 3407 737 3463 reddere
767 3407 1036 3478 cupimus,
1067 3407 1184 3461 haec
1213 3406 1368 3460 vobis
1390 3405 1767 3460 denuntiamus
1789 3411 1840 3458 ct
1869 3402 2106 3458 cavenda

505 3496 867 3568 praecipimus.
927 3495 1193 3550 Caeterum
1248 3494 1511 3549 miramur
1569 3492 1840 3564 quomodo
1895 3506 1991 3546 vos
2045 3489 2102 3544 in

497 3584 700 3640 litteris
734 3585 947 3650 vestris,
977 3599 1114 3655 quas
1143 3584 1199 3637 in
1245 3583 1358 3654 ipsa
1385 3581 1628 3654 paschali
1675 3579 1959 3636 festivitate
1988 3593 2102 3633 sus-

508 3674 772 3746 cepimus,
825 3673 1186 3744 inculpabiles
1233 3671 1450 3727 tentetis
1495 3679 1771 3738 astruere,
1817 3684 1940 3724 cum
1982 3667 2106 3738 pia-

509 3763 692 3820 culum
725 3771 970 3819 vestrum
1018 3771 1163 3816 totus
1207 3761 1298 3831 qui
1347 3761 1594 3814 desertus
1639 3767 1722 3812 est
1765 3755 2020 3821 mundus,
2053 3762 2107 3809 et

505 3851 728 3922 sanguis
759 3851 828 3905 de
871 3859 1033 3914 terra,
1085 3849 1176 3920 qui
1231 3847 1434 3902 effusus
1477 3855 1578 3912 est,
1620 3846 1816 3902 clamet
1848 3863 1860 3898 :
1892 3859 2108 3916 praeve-

507 3940 691 3994 niente
739 3946 918 3992 autem
967 3937 1140 4009 gratia
1177 3936 1298 4001 Dei,
1333 3936 1438 3990 cito
1482 3935 1752 3990 credimus
1799 3932 1916 3988 fore
1961 3941 2019 3986 ut
2057 3939 2109 3986 et

511 4043 610 4083 vos
657 4025 1044 4096 resipiscentes
1086 4041 1116 4077 a
1173 4023 1390 4079 vinculo
1447 4038 1552 4094 quo
1595 4021 1790 4076 annexi
1831 4020 2107 4088 tenemini,

517 4113 928 4170 convenientius
983 4111 1376 4179 absolvamini,
1433 4119 1484 4165 et
1541 4111 1610 4166 de
1653 4119 1745 4165 tua
1793 4117 2110 4180 tuorumque

514 4203 684 4258 salute
713 4202 816 4274 ipsi
846 4217 968 4258 cum
1017 4201 1330 4258 coelestibus
1377 4199 1559 4255 choris
1605 4199 1722 4270 pari
1771 4197 1969 4270 gaudio
2013 4213 2111 4267 per

508 4292 772 4350 fruamur.
810 4294 976 4348 Porro
1023 4291 1068 4346 si
1097 4291 1296 4346 missos
1343 4288 1622 4344 destinatis
1669 4287 1878 4353 fideles,
1913 4285 2107 4358 quibus

514 4382 742 4439 credere
775 4380 964 4452 procul
996 4379 1159 4434 dubio
1210 4378 1506 4444 valeamus,
1557 4377 1744 4431 libenti
1791 4391 1886 4430 eos
1935 4382 1986 4428 et
2015 4373 2116 4427 be-

513 4472 682 4544 nigno
714 4470 1078 4540 suscipiemus
1108 4467 1335 4534 affectu;
1369 4475 1420 4520 et
1448 4465 1714 4538 quidquid
1735 4463 2006 4520 desiderio
2027 4461 2114 4516 vel

2199 3317 2469 3392 caloribus
2487 3339 2542 3386 et
2559 3327 2892 3386 consortium
2905 3323 3198 3379 infidelium
3211 3319 3540 3374 habentibus
3552 3317 3806 3371 habitare

2197 3436 2579 3496 praesumeres,
2611 3427 2670 3472 ut
2689 3425 2795 3471 tuae
2809 3411 3114 3470 devotionis
3135 3409 3444 3464 sinceritate
3459 3403 3806 3460 manifestius

2199 3491 2508 3582 apparente,
2541 3504 3082 3564 reverentiamtuam,
3109 3513 3272 3570 quam
3301 3494 3594 3552 sacerdotii
3611 3491 3806 3548 summi

2202 3579 2579 3656 decoravimus
2625 3593 2830 3658 infulis,
2891 3591 2962 3644 in'
3000 3587 3256 3643 societate
3300 3583 3549 3654 corporis
3609 3579 3808 3636 Christi

2203 3689 2488 3744 nobiscum
2517 3685 2844 3739 haberemus
2873 3677 3236 3746 conjunctam.
3269 3674 3384 3728 Nos
3413 3671 3560 3728 enim
3591 3669 3804 3724 assidua

2205 3777 2451 3850 quamvis
2481 3771 2726 3844 corporis
2755 3765 3193 3824 incommoditate
3239 3771 3366 3816 tunc
3413 3759 3624 3814 detenti
3649 3773 3806 3812 esse-

2205 3846 2348 3930 mus,
2380 3865 2622 3920 volentes
2647 3857 3062 3929 Neapolitanam
3091 3852 3384 3914 civitatem,
3421 3865 3522 3905 ceu
3545 3846 3804 3918 populum

2207 3952 2442 4020 Domini,
2475 3959 2528 4006 et
2556 3964 2687 4004 oves
2715 3959 2932 4018 pascuae
2963 3943 3078 4012 ejus
3108 3939 3266 3996 nobis
3291 3939 3348 3994 in
3375 3938 3500 4009 ipso
3529 3934 3806 4008 apostolo-

2208 4059 2328 4098 rum
2355 4039 2598 4112 principe
2645 4035 2968 4091 commissas
3014 4046 3138 4087 cum
3187 4027 3334 4084 omni
3379 4026 3670 4082 devotione
3699 4021 3808 4076 sal-

2209 4111 2366 4198 vare,
2393 4144 2500 4182 non
2531 4123 2906 4182 recusavimus
2941 4119 3206 4184 laborem,
3239 4116 3370 4187 quin
3411 4114 3592 4186 potius
3619 4111 3808 4182 posui-

2210 4235 2330 4274 mus
2359 4216 2570 4272 animas
2589 4221 2806 4269 nostras
2820 4211 2876 4264 in
2892 4207 3142 4264 manibus
3171 4203 3391 4268 nostris,
3413 4200 3810 4270 Dominicaque

2212 4323 2346 4363 voce
2377 4303 2638 4360 admoniti
2669 4299 2913 4356 venimus
2943 4293 3264 4352 confirmare
3293 4292 3418 4347 illos
3466 4291 3522 4344 in
3551 4287 3812 4358 benepla-

2213 4397 2320 4453 cito
2349 4394 2468 4460 Dei,
2501 4408 2602 4448 ceu
2633 4389 2845 4454 fratres,
2877 4395 2930 4442 et
2959 4393 3018 4440 ut
3057 4383 3198 4438 filios
3245 4379 3600 4438 charissimos
3624 4391 3814 4432 coram

2213 4485 2445 4542 Domino
2475 4482 2768 4550 adjuvare;
2800 4476 2898 4531 sed
2927 4474 3191 4530 obdurato
3221 4469 3326 4541 ipsi
3369 4468 3558 4535 corde,
3595 4474 3816 4522 nostras

517 4567 643 4649 Ϋ⁰¹⁰
699 4566 882 4614 vestro
935 4556 1189 4649 Fabii"
1266 4562 1549 4649 gigante:
1612 4551 2112 4649 ῗάωίηίδῖτψίῖῖξυδ
2144 4587 2428 4649 Dpresces
2453 4579 2506 4627 et
2531 4567 2736 4624 monita
2781 4566 3026 4635 recipere
3058 4569 3226 4632 atque
3275 4566 3334 4612 ut
3367 4556 3592 4627 aspides
3637 4552 3816 4608 surdae

517 4647 770 4714 fidentes,
807 4647 956 4718 quod
985 4646 1060 4700 nil
1091 4643 1444 4716 impossibile,
1479 4639 1872 4713 nil'allegaturi
1901 4639 2006 4693 sint
2034 4637 2115 4690 in—

523 4738 855 4795 conveniens
889 4753 900 4790 :
935 4752 965 4790 e
997 4741 1184 4790 contra
1216 4747 1344 4787 vero
1375 4731 1420 4784 si
1467 4729 1733 4784 finetenus
1761 4727 1902 4799 pacti
1925 4727 2117 4798 jugum

515 4843 640 4884 cum
670 4825 978 4882 infidelibus
1027 4823 1228 4877 ducere
1276 4819 1597 4892 proponitis,
1647 4817 1834 4873 scitote
1869 4813 2114 4886 profecto

522 4915 668 4986 quia,
703 4921 760 4968 ut
788 4929 911 4969 cum
941 4911 1203 4983 Apostolo
1220 4909 1408 4975 fatear,
1435 4911 1494 4964 in
1515 4911 1670 4978 virga
1693 4906 1916 4961 veniam
1934 4904 2005 4958 ad
2025 4919 2116 4958 vos

524 5005 576 5076 (ι
604 5003 724 5060 Cor.
758 5001 856 5072 tv).
887 5001 1022 5056 Data
1053 5016 1088 5054 v
1118 4999 1242 5054 Idus
1271 4997 1492 5068 Aprilis,
1525 4993 1816 5050 indictione
1847 4992 2078 5050 decima.

1219 5087 1411 5140 LXXI.

865 5191 937 5232 AD
976 5190 1286 5232 EPISCOPUM
1324 5186 1778 5228 NEAPOLITANUM.

1142 5265 1321 5332 (Anno
1353 5261 1502 5332 877.)

515 5360 798 5427 Quwritur
809 5355 1204 5427 Neapolitanos
1217 5369 1346 5427 curn
1357 5350 1677 5427 inﬁdelibus
1689 5345 2106 5427 fwdas_iniisse,

579 5444 681 5482 nec
703 5430 768 5482 ab
783 5429 900 5497 ipso
919 5419 1112 5480 eorum
1137 5423 1399 5497 antistite
1419 5421 1660 5497 adviam
1681 5419 1938 5497 veritatis
1967 5431 2112 5470 revo-

579 5498 718 5552 cari.
740 5490 920 5564 Qtiare
935 5497 1195 5564 hortatur
1207 5497 1272 5547 ut
1283 5493 1400 5564 ipso
1414 5495 1468 5545 et
1485 5491 1576 5544 illi
1587 5490 1926 5564 resipiscant
1945 5504 1956 5539 :
1975 5503 2114 5564 pra:-

582 5572 732 5622 terea
745 5557 1063 5637 pollicetur
1089 5579 1146 5618 se
1171 5557 1406 5632 benigne
1435 5557 1830 5632 suscepturum
1847 5557 2111 5628 Neapoli-

579 5677 602 5705 ⁸
626 5676 695 5727 De
719 5672 888 5734 Sergio
907 5672 1024 5734 Leo,
1050 5669 1136 5721 lib.
1167 5683 1202 5734 ι,
1229 5680 1338 5732 cap.
1368 5666 1450 5717 42.

2213 4663 2404 4720 audire
2431 4661 2838 4729 despexerunt;
2870 4661 3032 4724 teque
3059 4647 3358 4705 secundum
3399 4661 3590 4702 eorum
3629 4651 3814 4698 votum

2212 4761 2264 4808 et
2295 4747 2626 4807 desiderium
2657 4742 2968 4810 antistitem,
3004 4739 3150 4810 quod
3177 4752 3286 4792 non
3319 4736 3686 4798 merebantur,
3713 4746 3814 4785 or-

2213 4841 2405 4896 dinare
2433 4853 2544 4891 non
2569 4830 3034 4905 praetermisimus,
3066 4825 3250 4881 multis
3287 4841 3450 4896 super
3483 4825 3586 4878 hoc
3613 4820 3720 4876 aliis
3755 4825 3814 4871 et

2215 4929 2378 4986 etiam
2408 4925 2566 4980 bonis
2595 4919 2900 4994 promissis,
2931 4917 2978 4972 si
3020 4925 3222 4972 nostra).
3265 4913 3562 4969 voluntatis
3608 4906 3816 4964 deside-

2215 5019 2351 5072 rium
2399 4993 2611 5069 devotai
2637 5017 2817 5066 mente
2861 5005 3276 5077 complessent:
3308 5016 3452 5056 nunc
3497 5007 3668 5054 autem
3721 4993 3818 5048 vel

2215 5107 2322 5160 illis
2351 5099 2668 5160 incorrectis
2715 5095 3088 5160 existentibus,
3121 5101 3175 5148 et
3217 5091 3286 5145 ad
3327 5087 3706 5160 percutientem
3755 5097 3820 5135 se

2217 5193 2400 5248 redire
2448 5187 2780 5252 nolentibus,
2813 5184 2900 5240 vel
2947 5182 3042 5236 tibi
3089 5197 3214 5238 cum
3257 5177 3392 5249 ipsis
3436 5171 3704 5234 habitanti,
3765 5177 3826 5223 et

2217 5281 2425 5338 idcirco
2455 5294 2488 5333 a
2507 5275 2703 5332 divinis
2719 5272 2970 5328 omnibus
2987 5285 3110 5326 cum
3123 5268 3201 5324 eis
3217 5266 3420 5338 pariter
3437 5265 3778 5336 sequestrata
3807 5275 3822 5318 ;

2221 5385 2329 5443 quo
2359 5375 2518 5438 pacto
2557 5371 2850 5434 antequam
2887 5359 3270 5429 resipiscentes
3323 5354 3396 5408 ad
3441 5353 3582 5406 viam
3623 5345 3824 5402 salutis

2219 5433 2271 5514 et
2294 5433 2514 5526 justitia:
2545 5469 2626 5508 ret
2641 5433 2912 5514 ertamini,
2945 5461 3193 5518 parcere,
3229 5451 3322 5498 aut
3349 5457 3382 5496 a
3403 5456 3540 5495 nexu
3561 5433 3830 5491 ecclesia-

2222 5525 2340 5602 stici
2371 5559 2468 5599 vos
2493 5539 2678 5611 judieii
2727 5537 2969 5594 valemus
3003 5533 3284 5590 absolvere
3305 5531 3332 5584 Ἰ
3375 5525 3634 5584 Absolvite
3663 5535 3824 5594 ergo
