4056 6178
322 296 432 351 ’725

1504 288 1861 346 EPISTOLE
1917 289 2009 346 ET
2062 289 2409 346 DECRETA.

3517 294 3622 351 726

334 433 434 473 vos
463 416 617 488 prius
660 415 1040 489 colligationes
1084 413 1376 486 impietatis
1402 421 1455 470 et
1484 412 1663 469 foedus
1707 412 1932 484 impium
1961 413 2142 474 Anon
2186 412 2438 484 expedit;
2484 412 2760 484 praecipue
2809 412 2932 484 quia
2974 420 3066 468 tua
3118 411 3426 469 fraternitas
3473 412 3624 486 ipsos

338 505 484 577 quod
532 521 658 561 cum
704 503 938 559 inimicis
985 502 1184 559 Christi
1212 502 1420 558 habetis
1469 501 1846 572 compositum,
1881 509 1934 556 et

335 609 436 648 nos
466 592 609 648 illico
657 591 1107 661 misericordiam,
1141 607 1302 663 quam
1335 591 1483 645 Deus
1524 598 1710 645 noster
1733 588 1932 644 Eccle-

340 683 435 737 siae
464 697 576 736 suae
602 679 660 735 in
689 676 891 751 Spiritu
923 686 1107 735 sancto
1146 678 1295 734 dedit
1324 677 1504 734 facere
1531 693 1715 749 posse,
1750 677 1932 732 nulla-

338 777 499 825 tenus
527 768 683 824 vobis
705 769 821 837 jam
849 767 1131 824 conversis
1161 767 1397 822 tribuere
1434 766 1764 821 omittemus.
1795 767 1934 821 Nam

336 857 477 914 sicut
520 874 645 913 vere
694 855 1079 912 satisfactionis
1136 854 1541 911 confessoribus
1597 854 1934 926 parcendum

336 954 438 1013 est,
488 945 702 1001 dicente
751 945 983 1000 Domino
1016 962 1030 999 :
1067 944 1204 1000 Cum
1246 960 1544 1000 conversus
1586 945 1933 1015 ingemueris

335 1034 661 1101 salvaberls,
679 1038 735 1089 el
752 1033 934 1089 adhuc
960 1037 1010 1087 te
1031 1033 1308 1105 loquente,
1333 1032 1519 1087 dicam
1538 1048 1551 1085 ε
1577 1033 1715 1087 Ecce
1732 1031 1933 1087 adsum

337 1123 560 1193 (Ezech.
591 1126 780 1190 χχχιι)
806 1139 821 1186 ;
855 1121 930 1175 ita
974 1136 1106 1176 vero
1136 1121 1192 1175 in
1216 1120 1422 1176 scelere
1454 1118 1620 1190 impio
1658 1118 1932 1173 manenti-

335 1210 439 1264 bus
484 1209 853 1265 miserendum
896 1224 1005 1263 non
1044 1216 1143 1277 est,
1199 1207 1453 1279 quoniam
1498 1206 1934 1262 misericordiam

335 1298 577 1369 aliquam
605 1297 891 1352 vobiscum
937 1303 1062 1351 ante
1092 1295 1325 1352 fructum
1351 1296 1575 1366 dignum
1604 1295 1936 1365 poenitentiae

335 1385 522 1441 facere
554 1385 773 1441 omnino
802 1384 1106 1456 nequimus,
1140 1399 1206 1440 eo
1237 1384 1381 1455 quod
1408 1383 1786 1439 misericordia
1816 1382 1933 1437 sine

334 1472 711 1529 controversia
771 1472 938 1545 quaeri
994 1472 1173 1537 debet,
1228 1479 1285 1526 ut
1333 1471 1476 1526 salus
1506 1471 1575 1526 sit
1606 1470 1929 1542 disciplinae.

333 1563 478 1617 Nam
509 1562 723 1618 dicente
750 1569 938 1617 sancto
966 1559 1236 1633 Gregorio
1257 1559 1374 1631 (lib.
1399 1576 1438 1615 η
1460 1562 1521 1615 in
1556 1559 1749 1615 Ezech.
1783 1560 1931 1614 hom.

339 1651 430 1721 19)
464 1668 479 1704 :
511 1651 667 1721 Saepe
694 1650 868 1721 pietas
914 1665 1011 1720 per
1054 1648 1469 1703 immoderatam
1506 1647 1932 1702 misericordiam

2032 498 2332 553 invisibiles
2379 513 2648 552 maerores
2694 504 2930 566 nostros,
2984 497 3122 553 sicut
3168 498 3225 552 in
3282 497 3473 553 litteris
3521 498 3626 554 tuis

2033 586 2416 657 conspicimus,
2450 601 2559 640 non
2587 585 2823 656 ignorat,
2858 601 2960 656 per
2989 584 3138 640 illum
3162 585 3254 657 qui
3283 594 3335 642 te
3366 586 3623 642 sacerdo-

2032 682 2142 729 tem
2186 690 2340 729 suum
2388 673 2682 739 constituit,
2722 680 2867 727 tuam
2896 673 3258 729 reverentiam
3289 674 3622 745 adjuramus,

2034 762 2433 834 suadentesque
2463 762 2641 816 modis
2669 761 2922 818 omnibus
2950 762 3328 833 deprecamur,
3361 770 3414 819 et
3441 770 3627 819 aucto-

2034 849 2193 904 ritate
2222 850 2527 921 principum
2570 849 2958 920 apostolurum,
2990 849 3234 906 fraterno
3265 850 3385 906 freti
3416 868 3621 922 amore,

2033 938 2379 1009 prazcipimus
2410 945 2467 993 ut
2495 938 2748 993 omnibus
2795 938 3003 994 viribus
3042 939 3148 993 tuis
3177 939 3432 1012 omnique
3461 955 3625 1011 posse

2035 1034 2124 1081 tuo
2154 1021 2389 1094 labores,
2419 1034 2531 1081 tam
2574 1026 2780 1082 scilicet
2827 1043 2950 1083 cum
2978 1043 3237 1100 germano
3267 1028 3431 1083 fratre
3463 1044 3624 1101 quam

2034 1130 2156 1169 cum
2185 1114 2305 1170 aliis
2333 1114 2669 1170 Christicolis
2699 1114 2753 1168 in
2787 1116 2891 1170 hoc
2920 1132 3080 1186 opem
3129 1114 3271 1172 ferre
3301 1116 3624 1184 valentibus,

2032 1210 2089 1257 ut
2118 1202 2286 1272 impia
2332 1205 2706 1275 Agarenorum
2751 1201 2978 1269 fmdera,
3012 1220 3133 1275 quae
3162 1204 3500 1275 Neapolitani
3540 1204 3630 1260 vel

2036 1290 2119 1344 sui
2163 1290 2407 1346 consocii
2456 1306 2577 1345 cum
2608 1289 2838 1345 inimicis
2887 1290 3080 1346 Christi
3110 1292 3343 1346 nominis
3369 1292 3624 1357 inierant,

2036 1378 2251 1434 Christo
2297 1378 2588 1433 miserante
2633 1366 2957 1451 quantocius
2994 1380 3369 1447 destruantur;
3414 1388 3467 1435 et
3522 1396 3631 1452 pax

2034 1474 2191 1538 atque
2222 1467 2515 1522 concordia
2544 1465 2785 1522 ﬁdelium
2813 1483 2914 1538 per
2943 1468 3196 1522 eumdem
3224 1467 3495 1523 Christum
3522 1470 3632 1525 Do-

2034 1554 2241 1609 minum
2312 1554 2655 1621 reformetur,
2709 1563 2973 1627 quatenus
3038 1572 3237 1626 corpus
3286 1564 3486 1613 sanctae
3511 1556 3635 1612 Dei

2034 1642 2316 1712 Ecclesiae,
2348 1659 2447 1714 pro
2477 1659 2583 1715 qua
2612 1643 2837 1714 sanguis
2887 1643 3039 1699 fusus
3068 1652 3151 1701 est
3181 1644 3397 1710 Christi,
3434 1644 3489 1699 in
3520 1645 3632 1700 suis

330 1754 527 1793 errare
575 1738 732 1805 solet,
766 1738 813 1791 si
839 1736 1070 1792 fortasse
1101 1736 1345 1807 pepercit
1375 1752 1496 1808 quae
1522 1736 1796 1806 parcenda
1825 1750 1936 1789 non
1966 1731 2296 1824 Bmembris
2323 1747 2433 1785 non
2460 1731 2750 1797 laceretur,
2786 1739 2838 1786 et
2869 1748 2988 1804 quae
3017 1732 3088 1786 sit
3106 1748 3238 1788 vera
3255 1732 3450 1805 religio
3472 1740 3637 1805 atque

338 1834 483 1882 sunt.
504 1827 732 1881 Peccata
764 1826 909 1880 enim
940 1842 1061 1896 qum
1090 1823 1234 1878 feriri
1266 1824 1532 1896 gehennae
1564 1824 1782 1895 ignibus
1806 1838 1937 1894 pos-

339 1923 485 1984 sunt,
520 1914 818 1985 disciplinae
857 1920 981 1968 sunt
1010 1912 1241 1969 verbere
1270 1911 1611 1985 corrigenda.
1646 1911 1754 1967 Sed
1783 1911 1935 1966 inor-

337 2003 522 2058 dinata
562 2003 738 2074 pietas
782 2016 907 2057 cum
937 2001 1308 2072 temporaliter
1350 2001 1546 2072 parcit,
1577 2000 1648 2055 ad
1673 2006 1937 2054 aeternum

336 2091 663 2163 supplicium
692 2089 977 2161 pertrahit.
1010 2090 1167 2145 Unde
1197 2088 1353 2145 vobis
1397 2087 1839 2160 resipiscentibus
1866 2104 1937 2143 ne

336 2179 393 2234 in
420 2177 603 2234 futuro
634 2178 889 2249 pereatis,
922 2193 1147 2249 parcere
1176 2184 1449 2248 optamus.
1478 2177 1748 2232 Praeterea
1770 2175 1817 2231 si
1836 2174 1937 2231 fra-

333 2274 420 2322 ter
469 2275 611 2333 tuus,
661 2265 1139 2337 Neapolitanorum
1180 2264 1434 2320 videlicet
1481 2264 1609 2331 dux,
1656 2280 1758 2334 per
1806 2279 1936 2319 suos

332 2356 564 2410 idoneos
609 2355 820 2427 legatos
863 2352 1022 2409 nobis
1051 2359 1237 2424 Optata
1265 2360 1319 2407 et
1347 2366 1414 2408 ea
1445 2368 1566 2423 quae
1595 2359 1811 2423 oportet
1841 2368 1935 2407 ve-

335 2443 450 2498 raci
478 2442 652 2498 relatu
681 2440 1013 2513 perﬁcienda
1032 2440 1307 2510 direxerit,
1340 2456 1435 2496 eos
1464 2439 1775 2512 gratissime
1805 2439 1939 2494 reci-

334 2531 569 2602 pientes,
594 2529 857 2602 quidquid
887 2528 1099 2584 ratione
1129 2528 1315 2601 sagaci
1335 2528 1640 2593 retulerint,
1664 2525 1934 2598 perﬁcere

338 2635 441 2689 pro
467 2618 732 2674 Ecclesiae
778 2618 879 2673 Dei
904 2617 1132 2672 utilitate
1161 2624 1321 2689 atque
1351 2616 1523 2671 salute
1550 2615 1740 2687 procul
1770 2615 1934 2670 dubio

335 2707 511 2778 parati
542 2707 764 2762 erimus.
787 2708 906 2779 Age
934 2705 1116 2778 igitur,
1142 2713 1194 2760 et
1219 2705 1493 2759 desudare
1530 2720 1633 2775 pro
1662 2703 1937 2760 communi

339 2795 722 2866 prosperitate,
766 2794 876 2849 imo
924 2809 1024 2864 pro
1064 2793 1237 2848 salute
1285 2800 1377 2847 tua
1404 2800 1457 2847 et
1487 2792 1686 2848 civium
1715 2800 1936 2847 tuorum

340 2899 453 2938 non
481 2883 736 2949 desistas,
764 2898 1022 2955 arguens,
1055 2882 1355 2937 obsecrans
1390 2889 1454 2942 ,et
1493 2880 1784 2950 increpans
1812 2896 1935 2936 cum

337 2971 487 3027 omni
533 2971 782 3043 imperio,
814 2979 873 3025 ut
899 2970 1056 3026 labor
1096 2978 1218 3025 tuus
1248 2968 1483 3024 fructum
1512 2968 1935 3024 desiderabilem

335 3059 392 3114 in
424 3060 586 3114 domo
617 3058 832 3114 Domini
859 3074 957 3130 pro
988 3074 1096 3130 quo
1126 3057 1293 3130 digne
1322 3057 1689 3112 remunereris
1720 3054 1931 3111 afferat.

336 3149 477 3203 Data
504 3152 571 3204 ut
598 3165 791 3222 supra.

968 3268 975 3273 κ
1022 3217 1243 3272 LXXII.

543 3321 616 3361 AD
656 3321 873 3362 AJONEM
909 3317 1727 3446 ΕἴῗοΟΡῊέῙἿξῗΝΕῩΕΝΤΑΝΠΜ.

1022 3392 1132 3431 0110
1281 3418 1292 3429 .

1022 3392 1132 3431 0110
1171 3392 1292 3430 δ’[Ι.

332 3468 562 3523 Laudat
607 3468 728 3539 ejus
782 3469 1108 3539 promptum
1136 3464 1208 3519 ad
1236 3464 1505 3539 Ecclesiae,
1546 3463 1931 3539 deffnsionem

368 3566 371 3568 >
406 3534 708 3594 studium:
743 3534 866 3592 tum
936 3534 1201 3593 hortatur
1248 3538 1314 3590 ut
1377 3537 1578 3589 contra
1624 3534 1931 3588 Saracenos

450 3626 565 3680 pem
592 3611 762 3733 ίαν-αἴ,
795 3611 852 3663 et
880 3608 1061 3679 [tedas
1091 3622 1220 3662 cum
1252 3606 1373 3661 illis
1402 3604 1670 3661 ictumdis
1708 3604 1930 3658 soluen-

450 3696 547 3734 um
576 3695 708 3734 cure
743 3720 755 3732 .

406 3778 663 3831 JOANNES
694 3774 982 3847 episcopus
1008 3777 1179 3829 Amm
1223 3774 1481 3845 episcopo
1525 3774 1927 3827 Beneventano.

408 3864 720 3935 Perspectis
765 3863 1014 3934 apicibus
1062 3862 1360 3919 sanctitatis
1408 3869 1531 3927 tuae,
1583 3868 1845 3932 quantum
1874 3859 1930 3913 in

325 3964 383 4012 te
414 3953 585 4009 divini
614 3952 816 4008 amoris
833 3952 1000 4007 ardor
1028 3950 1286 4006 eﬂ‘erveat
1306 3951 1426 4006 luce
1450 3949 1646 4005 clarius
1666 3964 1933 4021 recogno-

328 4044 536 4108 vimus,
568 4049 619 4097 et
649 4048 906 4113 quantum
953 4056 1083 4112 erga
1130 4047 1372 4094 sanctam
1403 4039 1703 4094 Romanam
1732 4036 1929 4093 Eccle-

326 4132 473 4188 siam
501 4131 731 4186 devotus
777 4128 974 4184 existas
1031 4126 1380 4182 nihilominus
1428 4127 1794 4190 advertentes,
1827 4140 1928 4195 pro

326 4227 482 4276 tanta
510 4218 608 4273 tibi
636 4217 970 4290 benignitate
1016 4214 1342 4285 multiplices
1369 4214 1575 4284 gratias
1605 4213 1838 4284 agimus,
1874 4220 1928 4267 et

330 4306 746 4364 sanctimoniam
775 4312 923 4359 tuam
951 4304 1020 4358 ad
1050 4302 1222 4358 nostri
1265 4301 1570 4373 profectum
1616 4300 1927 4357 certaminis

328 4396 520 4469 dignis
548 4394 753 4465 pollere
769 4386 1116 4449 successibus
1135 4391 1204 4445 ab
1221 4389 1618 4462 Omnipotentis
1638 4389 1927 4444 clementia

2038 1818 2272 1891 perfecta
2322 1819 2557 1875 charitas
2604 1827 2987 1891 agnoscatur:
3031 1820 3158 1892 quia
3205 1820 3330 1877 licet
3377 1836 3497 1887 vos,
3546 1821 3636 1877 vel

2038 1905 2214 1961 omnis
2242 1903 2379 1960 forte
2406 1905 2641 1959 mundus
2669 1904 2815 1960 mala
2845 1922 2968 1975 quae
2996 1905 3279 1961 imminent
3297 1907 3500 1978 lugeat,
3533 1921 3635 1962 nos

2037 2001 2221 2048 tamen
2268 2000 2472 2048 tantum
2519 2008 2630 2064 prae
2658 1993 2911 2048 omnibus
2939 1991 3226 2065 affligimur
3252 2010 3314 2049 ac
3363 1994 3633 2060 dolemus,

2039 2090 2298 2154 quantum
2347 2098 2463 2153 prm
2506 2081 2760 2137 omnibus
2806 2080 3224 2137 sollicitudinem
3251 2090 3414 2154 atque
3444 2097 3635 2138 curam

2037 2170 2409 2241 regendarum
2436 2169 2635 2225 Christi
2663 2169 2850 2224 ovium
2880 2184 2980 2224 nos
3012 2168 3320 2241 suscepisse
3349 2169 3636 2241 perpendi-

2037 2274 2179 2313 mus.
2212 2258 2451 2331 Ideoque
2482 2258 2610 2329 quia
2637 2258 2760 2328 plus
2785 2257 3039 2313 omnibus
3082 2257 3416 2325 laboramus,
3448 2265 3508 2313 ut
3535 2273 3636 2328 per

2037 2363 2136 2402 vos
2165 2346 2324 2402 labor
2369 2355 2554 2403 noster
2580 2362 2753 2418 usque
2798 2347 2866 2401 ad
2906 2345 3157 2402 effectum
3200 2345 3469 2417 proﬁciat,
3504 2362 3636 2418 spe-
3688 2332 3691 2335 Ἴ

2038 2435 2249 2491 cialiter
2283 2436 2658 2506 deprecamur.
2717 2436 2865 2491 Inter
2893 2436 3010 2492 haec
3040 2442 3223 2490 autem
3256 2434 3637 2491 charissimum

2037 2522 2264 2578 fratrem
2296 2540 2608 2595 quaesumus
2637 2525 2943 2591 exhortare,
2977 2531 3035 2578 ut
3066 2523 3351 2595 epistolam
3388 2530 3634 2579 nostram

2038 2612 2108 2666 ad
2137 2611 2372 2682 primum
2403 2612 2719 2667 Graecorum
2750 2612 2877 2668 illuc
2916 2611 3249 2667 venientium
3297 2611 3404 2667 cito
3452 2619 3632 2665 trans-

2037 2699 2227 2768 mittat,
2280 2707 2333 2753 et
2380 2700 2492 2753 suis
2540 2716 2663 2753 cum
2714 2699 3202 2770 .deprecationibus
3267 2706 3491 2754 moneat
3551 2706 3630 2765 ut,

2038 2787 2184 2843 omni
2214 2794 2392 2842 amota
2422 2788 2709 2843 occasione
2761 2787 2849 2843 vel
2868 2788 3059 2843 decem
3080 2787 3374 2842 dromones
3403 2787 3459 2841 in
3490 2787 3639 2856 adju-

2037 2875 2235 2930 torium
2284 2883 2530 2930 nostrum
2583 2875 2759 2929 statim
2801 2874 3042 2948 dirigere
3071 2891 3348 2947 nunquam
3377 2875 3585 2931 omittat
3620 2893 3635 2930 :

2038 2963 2161 3035 quia
2192 2980 2313 3031 nos,
2364 2971 2693 3034 cooperante
2735 2964 2910 3037 gratia
2956 2964 3176 3033 Christi,
3209 2972 3321 3018 tam
3351 2980 3471 3019 cum
3502 2965 3635 3019 cha-

2038 3052 2253 3107 rissimo
2284 3052 2395 3107 ﬁlio
2425 3060 2610 3106 nostro
2642 3052 2928 3107 Lamberto
2958 3052 3202 3125 glorioso
3231 3053 3390 3117 duce,
3424 3051 3514 3124 qui
3542 3067 3637 3107 no-

2037 3139 2122 3194 bis
2154 3140 2209 3193 in
2257 3140 2509 3194 omnibus
2551 3140 2741 3206 haeret,
2795 3157 2957 3212 quam
3005 3155 3129 3196 cum
3179 3140 3298 3194 aliis
3345 3139 3636 3195 Dominum
3725 3153 3736 3163 '

2036 3227 2350 3282 timentibus
2392 3228 2803 3293 desudabimus,
2855 3236 2911 3282 ut
2942 3236 2995 3283 et
3024 3228 3248 3298 impium
3297 3227 3474 3283 foedus
3512 3243 3638 3283 cum

2035 3316 2307 3386 Agarenis
2353 3316 2599 3369 habitum
2637 3316 2981 3382 dissolvatur,
3035 3324 3087 3370 et
3133 3316 3356 3369 libertas
3404 3315 3492 3370 vel
3532 3314 3638 3370 ali-

2036 3410 2239 3475 quanta
2283 3404 2550 3459 securitas
2594 3403 2887 3459 Christiani
2915 3403 3102 3474 populi
3153 3410 3488 3458 renascatur.
3522 3404 3632 3458 Po-

2035 3500 2239 3546 stremo
2270 3492 2414 3564 quia,
2441 3492 2578 3548 sicut
2607 3492 2859 3560 diximus,
2883 3491 3007 3562 plus
3038 3491 3293 3546 omnibus
3320 3491 3635 3547 necessario

2032 3580 2362 3646 laboramus,
2395 3580 2600 3635 nullum
2647 3580 2888 3634 laborem
2933 3579 3247 3650 nullamque
3292 3579 3634 3634 tolerabilem

2030 3668 2333 3723 molestiam
2381 3668 2629 3739 corporis
2668 3668 3062 3734 recusabimus,
3114 3682 3222 3738 quo
3273 3667 3452 3721 minus
3483 3666 3633 3735 adju-

2030 3764 2192 3812 vante
2244 3758 2475 3812 Domino
2522 3773 2620 3828 pro
2664 3756 2826 3811 tantis
2874 3755 3289 3811 necessitatibus
3333 3770 3435 3825 pro
3478 3754 3635 3811 vobis

2031 3861 2156 3901 cum
2184 3846 2551 3916 praeveniente
2600 3845 2815 3901 Christo
2861 3844 3103 3899 laborem
3132 3851 3379 3898 nostrum
3409 3842 3637 3899 viriliter

2030 3933 2343 3989 insistamus
2377 3952 2390 3988 :
2427 3933 2608 3989 forsan
2657 3933 2998 4004 omnipotens
3034 3933 3198 3997 Deus,
3240 3931 3496 3986 adhibitis
3526 3930 3633 3985 tuis

2028 4021 2324 4090 laboribus,
2358 4030 2631 4077 tantorum
2681 4021 3024 4093 pereuntium
3053 4019 3418 4086 miserebitur,
3454 4027 3507 4074 et
3535 4018 3633 4073 do-

2027 4109 2175 4165 lores
2201 4118 2418 4165 nostros
2447 4109 2723 4176 auferens,
2757 4109 2968 4165 foedera
3013 4125 3136 4165 cum
3166 4108 3364 4180 iniquis
3392 4110 3625 4181 paganis

2028 4215 2060 4255 a
2091 4200 2415 4255 vestratibus
2459 4198 2596 4255 facta
2644 4199 2940 4263 dissolvet;
2974 4198 3067 4252 ubi
3115 4214 3375 4268 rogamus
3422 4195 3630 4251 cunctis

2029 4288 2312 4342 conatibus
2361 4287 2545 4355 sudes,
2589 4287 2680 4358 qui
2711 4294 2857 4341 tanto
2889 4286 2958 4340 de
2986 4285 3235 4355 profectu
3266 4284 3341 4338 tui
3369 4283 3628 4339 certami-

2027 4375 2113 4430 nis
2141 4375 2313 4430 laetari
2363 4390 2667 4444 speramus,
2699 4380 2898 4444 quanto
2927 4380 2977 4428 te
3007 4373 3062 4427 in
3091 4373 3194 4427 hoc
3224 4386 3391 4441 opere
3420 4386 3626 4441 c00pe-

323 4458 690 4556 postulamus.
740 4482 884 4537 Vere
928 4480 1146 4546 etenim,
1180 4478 1350 4533 frater
1378 4458 1713 4543 charissime,
1746 4476 1927 4531 laudi-
1956 4465 2009 4524 D
2032 4472 2271 4518 mliorem
2300 4468 2544 4556 nqslmm
2574 4459 3140 4556 habereconﬁdimus.
3166 4458 3385 4556 interim
3404 4473 3630 4556 magno-

326 4573 440 4628 bus
471 4587 533 4627 es
581 4569 941 4638 extollendus,
993 4568 1085 4641 qui
1114 4567 1484 4621 tribulationes
1528 4571 1762 4631 nostras,
1792 4579 1927 4635 quas

325 4675 434 4733 pro
466 4658 668 4731 papulo
698 4657 857 4713 nobis
886 4656 1180 4712 commisso
1210 4654 1466 4727 patimur,
1499 4652 1653 4725 quasi
1680 4667 1925 4722 praesen-

327 4759 415 4804 tes
449 4748 690 4813 intuens,
723 4746 1006 4802 nobiscum
1035 4760 1264 4817 gemens
1293 4751 1345 4798 et
1364 4742 1576 4808 dolens,
1610 4741 1681 4796 ad
1706 4741 1807 4795 has
1836 4756 1930 4794 au-

325 4836 589 4894 ferendas
636 4835 922 4906 providum
966 4832 1393 4889 commilitonem
1438 4839 1491 4887 et
1521 4836 1931 4901 cooperatorem

323 4933 582 4981 nostrum
611 4939 722 4978 non
753 4921 989 4977 indebite
1021 4929 1072 4976 te
1102 4920 1242 4977 velle
1273 4935 1394 4975 esse
1423 4918 1480 4973 in
1508 4918 1759 4974 omnibus
1780 4932 1929 4972 asse-

325 5028 520 5071 veras.
568 5011 684 5066 Nec
711 5010 854 5065 aliud
885 5009 1066 5081 itaque
1094 5009 1164 5065 de
1194 5016 1281 5063 tua
1319 5006 1603 5063 sanctitate
1634 5005 1926 5070 credimus,

318 5118 431 5158 nec
461 5098 612 5155 aliud
642 5099 1005 5170 suspicamur,
1039 5096 1144 5152 nisi
1176 5105 1233 5151 ut
1263 5095 1510 5168 quamvis
1560 5109 1793 5164 corpore
1826 5093 1929 5148 ab-

322 5206 462 5247 sens
484 5188 581 5254 sis,
605 5187 797 5258 spiritu
813 5203 845 5241 a
865 5185 1062 5241 nostris
1083 5185 1408 5255 singultibus
1439 5198 1712 5255 nunquam
1740 5181 1888 5236 desis
1912 5200 1926 5247 ;

324 5287 384 5335 et
415 5292 585 5348 quam
631 5275 925 5331 dolendum
974 5273 1043 5328 sit
1070 5273 1218 5345 quod
1250 5271 1438 5326 ﬁdeles
1467 5288 1590 5326 cum
1621 5268 1930 5324 inﬁdelibus

319 5375 446 5423 tam
473 5364 776 5436 perniciose
818 5363 1139 5433 junguntur,
1182 5360 1437 5432 liquidius
1465 5367 1517 5414 et
1546 5359 1662 5430 ipse
1688 5373 1929 5429 perpen-

320 5457 469 5520 das;
498 5453 657 5521 hujus
705 5450 786 5506 rei
815 5449 1011 5521 gratia,
1045 5449 1169 5521 quia
1214 5448 1398 5503 multis
1429 5448 1646 5503 studere
1676 5446 1927 5517 loquelis,

318 5559 397 5598 ne
418 5540 600 5614 magis
617 5538 978 5612 multiplicare
998 5538 1167 5596 verba
1184 5553 1348 5610 quam
1370 5536 1607 5610 gemitus
1627 5534 1926 5604 videamur,

2028 4568 2157 4624 pere
2201 4550 2540 4621 postulamus
2565 4557 2623 4604 ut
2671 4548 2936 4621 quidquid
2993 4547 3107 4603 sive
3155 4544 3224 4601 de
3267 4546 3625 4601 dromonibus

2028 4638 2351 4713 dirigendis,
2385 4638 2499 4694 sive
2521 4638 2588 4693 de
2608 4637 2788 4709 impiis
2808 4636 3044 4708 peccatis
3065 4633 3342 4690 solvendis
3359 4649 3458 4705 per
3475 4640 3626 4688 tuam

2031 4728 2324 4793 solertiam,
2376 4726 2463 4783 vel
2510 4743 2610 4798 per
2659 4725 2838 4781 fratris
2884 4724 2956 4779 tui
2997 4722 3363 4779 obedientiam
3405 4720 3624 4777 effectui

2028 4816 2191 4872 fuerit
2230 4817 2431 4884 datum,
2472 4814 2731 4871 citissime
2779 4812 2939 4868 nobis
2970 4819 3156 4867 sancta
3185 4819 3276 4865 tua
3312 4808 3624 4865 fraternitas

2029 4905 2246 4977 scriptis
2276 4904 2590 4977 signiﬁcare
2619 4908 2892 4974 procuret.
2917 4902 3053 4956 Data
3074 4915 3153 4955 xv
3173 4898 3451 4955 Kalendas
3471 4896 3619 4967 Maii,

2028 4993 2322 5051 indictione
2353 4992 2581 5048 decima.

2704 5120 2946 5176 LXXIII.

2207 5246 2278 5283 AD
2317 5241 2642 5283 GBEGORIUM
2685 5241 3025 5282 IMPERIALEM
3063 5237 3436 5279 PEDAGOGUH.

2640 5333 2820 5403 (Anno
2860 5332 3010 5403 877.)

2033 5444 2370 5499 Gratulatur
2398 5443 2795 5513 imperatorem
2815 5442 3015 5495 contra
3042 5437 3350 5501 Saracenos
3376 5437 3618 5494 classem

2101 5531 2173 5590 ad
2203 5531 2466 5589 Ecclesia:
2481 5530 2866 5601 defensionem
2883 5529 3104 5584 misisse
3124 5546 3142 5595 ;
3164 5542 3400 5598 eumque
3421 5527 3621 5584 ducem
