4020 6178
481 243 588 300 727

1715 235 2013 294 JOANNIS
2053 237 2247 294 PAPE
2300 239 2438 295 VIII.

3675 245 3781 300 728

554 367 916 423 constituisse
949 385 966 422 :
998 371 1122 424 tum
1151 370 1342 424 monet
1377 368 1444 420 ut
1473 364 1663 419 decem
1693 363 2028 419 achelandia
2051 370 2077 397 ι
2106 365 2164 426 Α
2182 377 2308 417 nam
2335 379 2571 434 superna
2598 367 2698 421 vos
2725 365 2982 434 majestas
3011 373 3213 422 sanctae
3241 382 3354 423 suae
3385 365 3648 423 Ecclesia:
3677 382 3782 422 no—

553 439 625 492 ad
658 439 851 494 littora
872 455 906 494 α
921 439 1129 510 piratis
1151 438 1447 492 Saracenis
1467 435 1836 507 expurganda
1855 435 2074 489 mittat.

557 545 814 598 Joamvas
845 543 1133 614 episcopus
1151 541 1445 598 Gaucomo
1461 539 1726 610 imperiali
1746 539 2074 612 paedagogo.

555 631 797 686 Gloriam
853 639 998 686 tuam
1055 632 1158 685 hac
1212 629 1543 699 apostolatus
1611 627 1782 682 nostri
1845 627 2081 697 epistola

481 719 647 774 missa
685 719 930 791 primitus
982 719 1332 773 exhortamur
1360 723 1418 771 ut
1448 715 1704 771 divinitus
1742 715 1894 770 datas
1923 715 2076 770 sani-

478 815 616 863 tates
647 807 1024 864 desiderabilis
1071 806 1166 860 ﬁlii
1215 805 1388 860 nostri
1419 804 1600 859 Basilii
1643 803 2076 875 tranquillissimi

475 896 820 966 imperatoris
863 895 1021 949 nobis
1071 893 1366 965 signiﬁces.
1419 892 1679 964 Cupimus
1729 893 1874 947 enim
1917 893 2076 948 valde

476 985 702 1040 salutem
721 984 836 1052 ejus
866 983 1060 1038 animae
1088 983 1248 1037 simul
1277 991 1330 1037 et
1353 981 1597 1052 corporis
1617 996 1835 1051 semper
1864 981 2071 1048 audire,

474 1081 728 1143 tanquam
784 1071 1014 1142 piissimi
1069 1070 1492 1143 prOpugnatoris
1547 1069 1864 1124 orthodoxae
1923 1069 2070 1126 fidei.

475 1159 736 1216 Gratulati
768 1167 948 1216 autem
967 1176 1156 1214 sumus
1184 1160 1467 1214 audientes
1497 1158 1725 1230 gloriam
1757 1165 1907 1212 tuam
1938 1157 2076 1214 dire-

471 1255 614 1304 ctam
644 1263 768 1302 cum
813 1249 930 1303 Deo
958 1248 1346 1303 conservandis
1395 1246 1722 1302 exercitibus
1753 1260 1784 1300 a
1814 1245 2073 1316 praedicto

471 1335 729 1392 divinitus
757 1337 1102 1409 protegendo
1133 1336 1478 1406 imperatore,
1502 1335 1557 1390 in
1585 1343 1771 1405 partes
1801 1337 2073 1390 Beneven-

471 1431 723 1478 tanorum
755 1425 990 1494 venisse,
1015 1433 1128 1478 tam
1160 1424 1304 1496 quia,
1325 1424 1528 1496 gratias
1559 1425 1693 1490 Deo,
1725 1423 1896 1494 ipsius
1927 1422 2072 1478 divi-

473 1513 619 1566 nitus
648 1520 966 1582 provectum
995 1513 1284 1583 imperium
1313 1512 1368 1566 in
1397 1511 1772 1566 defensionem
1802 1510 2069 1566 Christia-

473 1601 656 1655 nitatis
719 1600 810 1670 pio
857 1601 972 1655 zelo
1021 1617 1364 1666 succensum,
1430 1600 1636 1656 classes
1684 1608 1733 1655 et
1782 1599 2070 1654 militarem

471 1688 708 1744 validam
755 1705 976 1743 manum
1006 1697 1195 1744 contra
1225 1688 1472 1744 inimicos
1502 1688 1682 1744 crucis
1715 1687 1912 1742 Christi
1941 1687 2069 1741 mit-

475 1783 592 1831 tere
637 1777 970 1848 procuravit,
1006 1793 1170 1849 quam
1209 1777 1353 1848 quod
1383 1785 1434 1830 te
1465 1793 1578 1847 prae
1607 1775 1817 1832 caeteris
1847 1777 1914 1831 ad
1943 1784 2068 1831 tan-

473 1872 588 1919 tum
618 1881 755 1936 opus
784 1881 905 1920 cum
926 1865 1026 1920 Dei
1053 1864 1250 1919 auxilio
1281 1865 1654 1938 peragendum
1684 1865 1868 1936 elegit,
1905 1881 2068 1936 quem

473 1953 779 2008 audivimus
817 1953 872 2008 in
925 1953 1174 2008 omnibus
1225 1960 1504 2007 strenuum
1553 1959 1608 2007 et
1655 1952 1754 2008 Dei
1807 1951 2067 2008 cultorem

469 2041 815 2097 industrium.
841 2041 921 2097 De
943 2049 1138 2098 caetero
1155 2041 1426 2098 credimus
1443 2041 1585 2097 scire
1595 2041 1706 2110 jam
1723 2039 2072 2114 magnificen-

472 2129 598 2184 tiam
629 2137 778 2184 tuam
807 2131 1042 2202 qualiter
1063 2129 1312 2202 quaedam
1335 2129 1764 2185 latrunculorum
1783 2133 2069 2202 Agareno-

471 2234 594 2273 rum
622 2234 840 2289 sagenae
869 2219 1099 2275 occultis
1129 2218 1522 2288 irruptionibus
1551 2217 1732 2273 littora
1761 2225 1945 2273 nostra
1974 2217 2070 2273 de-

474 2313 720 2372 vastent;
754 2314 806 2361 et
835 2307 958 2378 quia
1005 2306 1187 2378 palam
1234 2322 1424 2361 ausum
1451 2322 1563 2361 non
1601 2306 1822 2372 habent,
1857 2305 2069 2362 furtivis

471 2393 965 2464 depraedationibus
1011 2393 1249 2465 plurima
1292 2393 1417 2449 huic
1447 2401 1648 2450 sanctae
1679 2395 1779 2449 Dei
1809 2395 2069 2450 Romana:

474 2481 734 2537 Ecclesiae
780 2482 976 2538 damna
1018 2482 1389 2554 multipliciter
1435 2482 1688 2538 inferant.
1723 2481 2070 2554 Quapropter

473 2570 615 2626 bene
645 2570 822 2626 visum
869 2579 954 2625 est
1000 2571 1158 2626 nobis
1188 2571 1396 2625 litteras
1425 2578 1635 2626 nostras
1665 2571 1763 2626 tibi
1792 2571 2068 2626 transmit-

471 2665 603 2726 tere,
637 2666 693 2712 ut
723 2659 808 2714 vel
855 2659 1048 2716 decem
1095 2660 1238 2714 bona
1269 2669 1321 2714 et
1349 2660 1599 2731 expedita
1648 2660 1970 2715 achelandia
2001 2659 2068 2714 ad

471 2753 685 2816 portum
715 2755 959 2802 nostrum
989 2748 1341 2814 transmittas,
1366 2749 1436 2802 ad
1459 2748 1640 2803 littora
1669 2756 1854 2803 nostra
1875 2749 1942 2803 de
1963 2747 2068 2802 illis

474 2833 684 2888 furibus
714 2843 765 2888 et
789 2835 982 2905 piratis
1001 2836 1275 2892 Arabibus
1301 2838 1652 2908 expurganda
1686 2853 1697 2891 :
1734 2837 1880 2908 quod
1911 2836 2068 2892 citius

475 2929 526 2976 et
551 2922 668 2976 sine
717 2923 897 2994 aliquo
943 2923 1330 2993 impedimento
1379 2939 1544 2996 agere
1591 2932 1859 2994 poterunt,
1911 2925 2067 2992 adju-

474 3017 630 3064 vante
659 3009 878 3064 dextera
904 3010 1140 3074 Excelsi,
1175 3027 1295 3082 qua:
1325 3012 1654 3082 principibus
1701 3013 2068 3082 apostolorum

473 3096 934 3152 intercedentibus
976 3099 1306 3154 concertabit
1353 3107 1406 3154 et
1451 3099 1797 3154 auxiliabitur
1835 3099 1980 3168 illis;
2011 3101 2066 3156 in

471 3201 600 3256 quo,
634 3185 766 3239 mihi
784 3187 966 3252 crede,
990 3195 1208 3258 gratum
1231 3187 1470 3242 animum
1486 3187 1729 3258 piissimo
1751 3188 2066 3260 imperatori

469 3272 660 3341 facies,
696 3275 742 3328 si
769 3274 824 3328 in
851 3276 957 3330 hoc
985 3275 1382 3332 admonitiones
1411 3285 1626 3332 nostras
1651 3277 1911 3344 audieris,
1943 3277 2063 3348 quia

467 3377 590 3419 cum
621 3363 689 3418 sit
718 3363 1211 3418 Christianissimus
1250 3364 1350 3420 Dei
1378 3373 1586 3420 amator
1617 3373 1668 3420 et
1697 3365 2064 3421 Ecclesiarum

467 3451 684 3506 Domini
713 3451 953 3508 fervidus
981 3461 1372 3524 pr0pugnator,
1405 3470 1514 3508 non
1541 3454 1748 3524 poteris
1787 3454 1940 3508 illum
1970 3453 2066 3508 tibi

466 3541 764 3610 gratiorem
809 3541 1045 3596 reddere
1093 3557 1256 3613 quam
1297 3543 1344 3596 si
1387 3550 1594 3596 tantum
1641 3543 1779 3598 hanc
1825 3551 2065 3599 sanctam

465 3627 774 3684 Ecclesiam
820 3645 920 3700 per
970 3639 1022 3684 te
1071 3630 1343 3686 studueris
1392 3631 1668 3699 adjuvare,
1724 3647 1844 3702 quae
1889 3631 2066 3702 prima

467 3716 839 3773 Ecclesiarum
885 3718 1143 3791 magistra
1175 3727 1227 3774 et
1257 3726 1418 3790 caput
1449 3727 1551 3785 est,
1583 3718 1814 3774 maxime
1862 3735 1984 3775 cum
2011 3719 2064 3774 in

465 3805 572 3861 hoc
601 3803 746 3861 facto
791 3806 968 3860 eidem
997 3822 1026 3860 a
1058 3808 1173 3860 Deo
1201 3815 1449 3877 protecto
1489 3823 1708 3878 semper
1735 3809 1982 3878 Augusto
2013 3815 2066 3862 et

469 3893 526 3948 in
557 3894 660 3948 hoc
689 3893 889 3948 saculo
920 3893 1150 3966 gloriam
1182 3903 1234 3948 et
1265 3895 1318 3948 in
1350 3894 1528 3950 futuro
1550 3895 1800 3966 acquiras
1821 3895 1936 3950 sine
1959 3893 2064 3950 fine

468 3995 748 4035 coronam.
775 3981 920 4036 Deus
951 3981 1294 4051 omnipotens
1323 3990 1375 4036 te
1408 3990 1461 4037 et
1489 3983 1580 4054 qui
1607 3991 1782 4038 tecum
1803 3991 1924 4037 sunt
1943 3999 2068 4053 pro-

465 4075 635 4139 tegat,
677 4075 730 4123 et
776 4077 964 4124 contra
1021 4067 1266 4124 inimicos
1327 4070 1526 4125 Christi
1580 4072 1784 4142 potenti
1839 4073 2065 4126 dextera

467 4162 699 4210 tueatur.
732 4157 870 4212 Data
899 4172 974 4212 xv
1003 4157 1280 4213 Kalendas
1329 4158 1472 4226 Maii,
1505 4159 1796 4216 indictione
1827 4159 2058 4216 decima.

1144 4317 1384 4374 LXXIV.

716 4435 789 4477 AD
829 4437 1084 4480 CAROLUM
1123 4439 1344 4480 CALVUM
1391 4439 1804 4480 IMPERATOREM.

743 4507 752 4515 '
1078 4513 1259 4582 (Anno
1297 4513 1445 4583 877.)

466 4599 707 4656 Nuntiat
734 4599 1167 4672 seiAdelardu-m
1197 4602 1514 4672 episcopum
1553 4604 1918 4660 Veronense-m
1951 4620 2057 4659 ea:-

533 4671 997 4738 commu-nicasse,
1047 4672 1187 4741 quod
1223 4671 1721 4728 ’Nonuntutanu-m
1771 4679 2057 4730 monaste-

533 4742 688 4795 rium
716 4743 1036 4796 invasisset.

529 4846 783 4900 JOANNES
815 4847 1102 4918 episcopus
1134 4847 1200 4901 ad
1228 4847 1634 4918 imperatorem.

529 4932 711 4988 Sacris
741 4943 933 4990 vestra:
963 4935 1264 5006 imperialis
1313 4936 1616 4992 clementiae
1647 4937 1891 5004 auribus,
1927 4939 2053 5012 glo-

459 5021 760 5077 riosissime
787 5022 1080 5093 imperator
1129 5027 1393 5097 Auguste,
1426 5025 1678 5080 Adelardi
1725 5027 2056 5083 Veronensis

459 5110 702 5182 epiSCOpi
752 5110 1174 5166 inobedientiam
1207 5121 1259 5168 et
1291 5114 1632 5168 temerariam
1669 5117 2053 5186 praesumptio-

453 5215 597 5266 nem,
647 5214 812 5270 quam
847 5215 954 5254 non
1000 5201 1176 5255 solum
1225 5201 1277 5254 in
1325 5211 1514 5258 nostro
1569 5211 1899 5274 contemptu,
1956 5207 2054 5261 sed

455 5287 614 5340 etiam
641 5287 695 5340 in
728 5295 925 5343 vestrae.
971 5288 1308 5344 celsitudinis
1354 5292 1568 5364 peregit
1612 5293 1882 5362 injuriam,
1915 5309 2053 5364 prte-

459 5373 701 5427 sentibus
730 5375 937 5430 referre
967 5377 1212 5446 apicibus
1235 5378 1358 5446 jure
1394 5380 1700 5435 curavimus
1730 5389 1780 5434 ct
1807 5381 2002 5437 merito
2037 5399 2049 5436 :

525 5494 548 5522 ι
571 5490 649 5542 ΑΙ.
675 5491 950 5558 chelandia,
976 5505 1082 5562 quas
1107 5508 1134 5546 e
1159 5496 1356 5550 navium
1399 5495 1679 5550 militarium
1718 5510 1893 5566 genere
1917 5501 2049 5550 sunt.

2099 1723 2151 1784 B

2181 451 2264 504 bis
2312 453 2616 507 commissae
2665 461 2954 524 patronum
2981 455 3260 521 invictum,
3289 453 3638 511 defensorem
3669 470 3776 528 po—

2179 546 2401 606 tentem,
2462 547 2515 595 et
2568 549 2850 596 strenuum
2905 543 3208 612 adjutorem
3266 543 3560 610 concessit,
3619 551 3680 598 ut
3723 544 3780 598 in

2178 628 2429 682 omnibus
2476 629 2860 686 ecclesiasticis
2908 632 3245 698 utilitatibus,
3279 633 3424 687 unde
3453 640 3776 703 perpetuam

2175 717 2380 772 habere
2437 717 2666 790 gloriam
2738 720 3074 790 mereamini,
3137 721 3291 792 quasi
3347 720 3625 776 vindicem
3679 721 3780 776 Dei

2177 805 2476 861 habeamus
2521 807 2844 862 ministrum.
2879 808 3048 882 Igitur
3092 824 3218 864 cum
3247 809 3501 864 eumdem
3538 809 3776 864 Adelar-

2175 893 2303 948 dum
2335 895 2649 966 epiSCOpum
2679 896 2992 950 venerabile
3031 897 3423 952 monasterium
3453 897 3777 953 Nonantula

2175 982 2355 1052 situm,
2390 984 2536 1055 quod
2563 999 2661 1056 pro
2691 984 2792 1039 Dei
2822 985 3064 1057 tantique
3095 985 3202 1040 loci
3227 987 3560 1052 reverentia,
3593 985 3774 1041 nullus

2174 1086 2413 1142 unquam
2481 1072 2864 1143 episcoporum
2907 1073 2993 1128 vel
3032 1073 3274 1142 judicum
3331 1074 3387 1128 in
3445 1072 3776 1129 beneﬁcium

2175 1159 2441 1230 quaesivit,
2491 1161 2741 1215 timorem
2787 1161 3025 1216 divinum
3071 1161 3541 1233 parvipendendo,
3589 1171 3776 1218 contra

2175 1263 2360 1302 sacras
2406 1264 2804 1320 praecessorum
2841 1257 3155 1304 nostrorum
3185 1250 3466 1322 nostrique
3497 1251 3776 1324 privilegii

2171 1335 2556 1402 institutiones,
2592 1338 2788 1408 quibus
2831 1338 2899 1392 de
2927 1338 3146 1410 propria
3190 1355 3406 1410 semper
3454 1354 3774 1412 congrega-

2172 1423 2318 1478 tione
2367 1425 2616 1480 abbatem
2647 1424 2767 1480 ﬁeri
2809 1426 3049 1495 jubetur,
3083 1426 3279 1482 callide
3305 1427 3551 1498 petiisse,
3583 1443 3648 1483 ac
3675 1444 3776 1498 per

2171 1512 2274 1566 hoc
2300 1512 2484 1568 illicita
2513 1515 2951 1585 praesumpsisse,
2984 1515 3312 1570 omnimodis
3332 1516 3772 1586 reperissemus;

2169 1601 2489 1657 auctoritate
2537 1603 2836 1672 apostolica
2879 1620 3004 1658 eum
3034 1604 3506 1659 excommunicare
3558 1605 3775 1660 studui-

2173 1705 2291 1742 mus
2316 1707 2328 1755 ;
2363 1683 2389 1720 δ
2419 1697 2476 1742 ut
2524 1705 2697 1762 eaque
2743 1691 2861 1762 ipse
2891 1700 3081 1747 tenere
3112 1691 3391 1747 canonicis
3419 1709 3549 1746 eum
3582 1707 3774 1770 corre—

2171 1777 2466 1847 ptionibus,
2497 1787 2656 1850 prout
2697 1780 2854 1834 nobis
2901 1781 3196 1836 auctoritas
3237 1780 3542 1851 apostolica
3569 1779 3774 1836 suffra-

2170 1872 2348 1936 gatur,
2381 1867 2566 1937 procul
2597 1867 2761 1922 dubio
2791 1884 3105 1940 arguemus,
3139 1877 3196 1924 ut
3218 1869 3385 1940 digno
3414 1869 3644 1924 verbere
3673 1885 3772 1925 ca-

2171 1952 2420 2025 stigatus,
2481 1963 2533 2010 et
2585 1956 2850 2011 canonico
2923 1973 3067 2012 nexu
3123 1957 3343 2028 ligatus,
3405 1957 3774 2012 obedientiam

2170 2041 2339 2096 discat
2370 2059 2611 2110 servare,
2646 2044 2740 2116 qui
2768 2044 3048 2100 absolutus
3077 2045 3466 2101 ecclesiasticis
3485 2053 3652 2119 atque
3682 2061 3772 2102 ca-

2170 2130 2380 2186 nonicis
2409 2131 2580 2186 noluit
2610 2131 2834 2188 obedire
2863 2133 3168 2205 praeceptis.
3199 2133 3338 2188 Data
3369 2137 3436 2189 ut
3466 2150 3660 2206 supra.

2853 2266 3072 2321 LXXV.

2339 2376 2410 2415 AD
2457 2377 2718 2418 JOANNEH
2757 2377 3092 2418 ANSPERTUH
3133 2379 3204 2419 ΕΤ
3251 2377 3598 2419 WAIPERTUI

2723 2465 3206 2506 ARCHIEPISCOPOS.

2781 2539 2962 2608 (Anno
3000 2539 3150 2609 8'77.)

2641 2626 2906 2698 Ejusdem
2933 2629 3279 2698 argumenti.

2239 2737 2493 2791 JOANNes
2533 2737 2824 2810 episcOpus
2851 2740 3061 2793 JOANNI
3107 2739 3429 2806 Ravennati,
3463 2741 3772 2798 ANSPERTO

2167 2825 2580 2892 Mediolanensi,
2601 2833 2654 2880 et
2671 2827 2981 2882 WAIPEBTO
2998 2825 3062 2899 [Γ.
3088 2827 3408 2904 Varus-ro]
3429 2829 3774 2903 Aquileiensi

2169 2914 2618 2985 archiepiSCOpis.

2241 3001 2424 3057 Sancti
2452 3003 2742 3076 magnique
2773 3004 2979 3058 Nicmni
3007 3005 3221 3061 concilii
3259 3013 3540 3078 praecepta
3573 3007 3768 3074 secuti,

2099 3077 2146 3138 C
2165 3106 2286 3160 qua)
2307 3091 2499 3159 jubent
2527 3093 2678 3162 (can.
2706 3094 2795 3154 l2)
2817 3093 3126 3163 regularem
3149 3094 3434 3164 epistolam
3457 3111 3557 3166 per
3576 3111 3770 3150 unam-

2168 3195 2436 3250 quamque
2466 3180 2806 3250 provinciam
2853 3181 3099 3250 obtineri,
3132 3199 3202 3238 ne
3233 3183 3286 3238 hi
3316 3183 3407 3254 qui
3437 3184 3770 3252 abjiciuntur

2166 3267 2235 3320 ab
2265 3267 2386 3321 aliis
2429 3269 2776 3340 recipiantur,
2823 3267 3138 3328 fraternitati
3183 3279 3378 3328 vestra:
3423 3280 3616 3327 notum
3647 3289 3770 3331 esse

2167 3355 2413 3431 volumus
2459 3357 2790 3413 Adelardum
2821 3359 3192 3414 Veronensem
3221 3359 3540 3430 episcopum
3571 3369 3765 3417 aucto-

2166 3444 2323 3499 ritate
2356 3445 2502 3499 sedis
2534 3445 2848 3516 apostolicze
2874 3447 3147 3518 privilegii
3173 3448 3556 3504 communione
3587 3451 3764 3520 priva-

2167 3540 2278 3586 tum
2312 3551 2324 3586 :
2359 3534 2616 3604 quoniam
2657 3535 2966 3591 caanobium
2993 3537 3332 3602 Nonantulae,
3369 3539 3519 3609 quod
3547 3555 3764 3610 semper

2167 3622 2480 3692 apostolicae.
2510 3623 2677 3689 sedis,
2711 3631 2764 3679 et
2793 3631 2996 3680 nostra
3024 3624 3194 3695 ipsius
3226 3627 3562 3682 auctoritatis
3591 3628 3764 3698 privi-

2165 3709 2310 3782 legio
2339 3711 2602 3766 munitum
2624 3711 2824 3768 nullius
2852 3713 3149 3768 invasionis
3175 3715 3527 3786 usurpatione
3559 3715 3764 3774 detine-

2167 3799 2342 3866 batur,
2369 3800 2464 3854 sed
2495 3800 2663 3855 solius
2695 3801 2976 3874 hucusque
3004 3803 3211 3856 abbatis
3241 3819 3269 3857 e
3300 3805 3514 3875 gremio
3543 3804 3762 3861 fratrum

2166 3887 2322 3942 electi
2351 3895 2510 3958 atque
2556 3889 2764 3958 praelati
2806 3890 3176 3946 moderamine
3219 3892 3534 3963 regebatur,
3583 3895 3761 3948 subri—

2165 3975 2298 4046 puit,
2347 3975 2568 4050 suisque
2615 3977 2824 4044 usibus,
2885 3979 3178 4035 coarctaris
3228 3988 3469 4035 extrema
3515 3991 3756 4055 egestate

2165 4065 2464 4130 monachis,
2514 4065 2836 4136 applicavit;
2888 4075 2940 4120 et
2987 4075 3208 4122 eatenus
3257 4069 3418 4123 etiam
3476 4079 3600 4140 post
3645 4070 3756 4126 fre-

2166 4168 2338 4224 quens
2367 4153 2707 4209 interdictum
2738 4163 2982 4210 nostrum
3011 4156 3340 4227 Opprimere,
3386 4159 3752 4214 saecularium-

2166 4257 2272 4312 que
2299 4241 2549 4296 manibus
2578 4243 2923 4314 dispertitum
2943 4245 3179 4317 prodere
3199 4261 3308 4300 non
3337 4245 3613 4312 formidat,
3637 4263 3758 4302 con-

2164 4336 2249 4383 tra
2279 4337 2590 4385 sanctorum
2621 4331 2833 4386 Patrum
2864 4333 3105 4406 regulas,
3138 4349 3240 4390 nec
3278 4349 3388 4389 non
3417 4343 3470 4390 et
3501 4336 3752 4390 adversus

2087 4429 2138 4489 D
2165 4417 2476 4488 apostolicae
2503 4419 2649 4474 sedis
2679 4428 2730 4474 et
2759 4420 2924 4475 totius
2953 4429 3152 4476 sanctae
3180 4423 3374 4494 synodi
3411 4424 3748 4490 sententiam,

2160 4522 2322 4578 quam
2363 4506 2546 4562 missis
2592 4525 2692 4579 per
2723 4509 2969 4581 singulas
3017 4511 3322 4580 provincias
3351 4512 3548 4568 litteris
3578 4521 3748 4568 notam

2159 4595 2314 4648 vobis
2358 4595 2609 4650 omnibus
2659 4596 2905 4672 fecimus,
2941 4598 2995 4652 in
3024 4599 3461 4655 communionem
3506 4609 3626 4672 post
3653 4617 3747 4656 no-

2157 4690 2324 4736 stram
2355 4699 2569 4756 quoque
2619 4685 3038 4754 prohibitionem
3069 4703 3167 4757 per
3209 4688 3409 4744 missos
3437 4699 3667 4757 nostros,
3696 4697 3746 4744 et

2156 4772 2338 4841 apices
2387 4771 2686 4841 saepissime
2737 4773 3081 4844 destinatam,
3129 4777 3331 4847 passim
3377 4779 3588 4848 recipit,
3626 4778 3746 4833 etin

2156 4859 2366 4915 cunctis
2397 4861 2749 4930 pravitatibus
2781 4863 2896 4931 ejus
2928 4864 3182 4919 conscius
3204 4873 3256 4920 et
3287 4864 3472 4921 fautor
3493 4867 3741 4938 apparuit.

2154 4949 2761 5004 Excommunicavimus
2818 4951 2982 5023 igitur
3040 4953 3364 5022 praedictum
3424 4955 3744 5010 Adelardum

2155 5037 2526 5093 Veronensem
2558 5039 2893 5109 episcopum,
2928 5041 3105 5096 donec
3137 5041 3190 5094 in
3221 5043 3570 5112 praesentiam
3611 5041 3746 5097 sedis

2139 5125 2466 5194 apostolica:
2501 5126 2744 5194 veniens,
2766 5127 2832 5182 de
2855 5129 3242 5198 praedictorum
3273 5146 3590 5185 excessuum
3619 5144 3746 5200 qua-

2153 5213 2304 5268 litate
2349 5213 2604 5269 idoneam
2651 5215 3077 5271 satisfactionem
3121 5233 3309 5273 coram
3357 5219 3566 5289 positus
3593 5216 3742 5272 exhi-

2153 5301 2360 5366 buerit;
2395 5319 2517 5374 qua:
2567 5305 2960 5374 contempserit
3009 5305 3246 5362 existens
3293 5307 3527 5376 interim,
3559 5305 3744 5360 existet

2149 5405 2249 5458 per
2279 5391 2461 5446 omnia
2510 5392 2893 5448 communione
2920 5395 3040 5464 jure
3071 5396 3335 5468 privatus,
3371 5395 3490 5470 pari
3533 5392 3742 5450 vinculo

2268 5509 2414 5560 Deest
2441 5509 2642 5576 aliquid.
