4072 6186
274 254 381 311 729
1443 247 1799 306 EPISTOLE
1843 247 1935 304 ET
1987 248 2335 308 DECRETA.
3466 252 3574 309 730

280 375 530 432 irretiens
553 390 747 431 omnes
776 375 869 448 qui
889 373 1547 441 sibicommunicaverint,
1571 373 1658 430 vel
1686 381 1878 429 contra
1906 376 1961 438 Α
1982 374 2129 431 enim
2157 391 2346 431 sumus
2392 390 2503 432 non
2546 376 2724 433 solum
2753 394 2875 450 qua
2901 376 3044 434 dicta
3073 384 3216 444 sunt,
3251 378 3349 434 sed
3379 385 3432 434 et
3458 393 3578 434 ma-

279 464 629 520 interdiotum
658 471 904 519 nostrum
932 480 1067 519 ausu
1094 464 1379 520 temerario
1417 462 1649 518 faverint
1681 479 1695 515 :
1728 462 1874 517 unde
1972 464 2091 532 jora
2124 465 2445 528 concedere,
2478 472 2681 521 tantum
2711 473 2769 520 ut
2797 467 3041 535 ejusdem
3070 466 3322 540 magistri
3351 465 3583 521 militum

281 568 384 609 vos
412 560 604 609 cautos
623 553 855 609 reddere
875 553 1141 622 volumus,
1162 553 1209 607 si
1236 567 1346 607 non
1373 551 1536 607 vultis
1565 550 1669 623 ipsi
1698 550 1876 606 eidem
1978 568 2161 608 sermo
2188 552 2264 607 ita
2308 554 2377 608 sit
2418 553 2596 609 fidelis
2639 562 2691 609 et
2722 555 2948 623 stabilis,
2983 563 3035 610 et
3066 555 3214 611 omni
3258 554 3583 611 certitudine

281 642 581 698 secundum
609 642 831 715 regulas
858 657 1042 697 sacras
1062 641 1347 711 subjacere
1361 639 1587 710 judicio.
1612 639 1877 710 Optamus
1977 641 2350 711 praemunitus,
2377 650 2432 696 ut
2459 642 2723 699 securitas
2751 661 2817 699 ex
2847 652 3074 716 utraque
3104 652 3260 715 parte
3291 642 3451 698 firma
3469 658 3587 698 ma-

280 728 690 799 fraternitatem,
723 737 829 796 etc,

942 835 1210 891 LXXVI..

691 938 766 979 AD
803 939 1022 979 CLERUH
1059 938 1457 979 VERONENSEN.

884 1014 1065 1084 (Anno
1112 1013 1267 1083 8'77.)

748 1100 1017 1172 Ejusdem
1045 1101 1389 1173 argumenti.

343 1190 601 1245 JOANNBS
630 1188 919 1261 episcopus
949 1189 1208 1245 universo
1238 1188 1389 1244 clero
1416 1186 1679 1244 Ecclesiae
1708 1185 1882 1241 Vero-

274 1278 485 1334 nensis.

342 1365 712 1437 Experientize
759 1372 956 1421 vestrae
1002 1372 1191 1421 notum
1240 1380 1363 1421 esse
1410 1363 1681 1433 volumus,
1730 1362 1883 1418 Ade-

274 1455 491 1510 lardum
534 1454 853 1526 episcopum
900 1461 1143 1510 vestrum
1190 1454 1503 1510 auctoritate
1550 1451 1699 1507 sedis
1744 1466 1883 1523 apo-

277 1542 486 1599 stolica
561 1542 944 1599 communione
1016 1542 1302 1613 privatum,
1380 1540 1639 1613 quoniam
1691 1554 1885 1596 cceno-

275 1631 427 1686 bium
473 1630 823 1700 Nonantulaa,
876 1631 1021 1702 quod
1065 1646 1283 1702 semper
1311 1628 1627 1701 apostolica:
1656 1628 1804 1683 sedis
1833 1634 1889 1683 et

1979 735 2125 797 neat,
2177 736 2231 783 et
2273 729 2389 784 sine
2433 730 2768 787 dubitatione
2808 740 2958 788 certa
3004 732 3272 803 persistat.
3327 730 3484 799 Quod
3535 730 3582 786 si

1980 832 2102 888 quae
2130 817 2513 888 repromittunt
2530 827 2624 874 aut
2643 819 2944 891 adimplere
2964 820 3110 877 nolle
3138 828 3229 875 aut
3247 819 3583 891 prolongare

1981 904 2123 959 velle
2154 904 2276 960 illos
2305 908 2649 977 cognoveris,
2684 924 2793 965 non
2822 908 2917 963 tibi
2944 909 3011 964 sit
3037 908 3254 965 licentia
3291 908 3397 963 hoc
3426 923 3456 961 a
3484 921 3583 962 no-

1983 999 2089 1047 stra
2112 993 2334 1049 scientia
2363 995 2688 1063 occultandi,
2724 998 2825 1059 sed
2854 997 3119 1069 quidquid
3162 996 3434 1052 veraciter
3464 994 3583 1051 sine

1982 1081 2110 1137 dolo
2138 1098 2239 1153 per
2284 1083 2463 1139 omnia
2513 1084 2807 1141 indicandi.
2839 1087 2920 1141 De
2949 1087 3035 1140 his
3078 1100 3213 1157 ergo
3261 1084 3417 1139 stude
3444 1099 3585 1155 pra-

1985 1169 2282 1226 sentialiter
2327 1187 2430 1226 nos
2477 1171 2709 1242 pleniter
2743 1189 2805 1228 ac
2856 1173 3115 1229 citissime
3144 1172 3336 1228 litteris
3368 1171 3473 1226 tuis
3500 1161 3604 1225 in?

1984 1265 2214 1325 struere,
2238 1266 2296 1314 ut
2318 1259 2462 1331 quod
2484 1260 2743 1331 deinceps
2762 1262 2909 1317 Deus
2930 1261 3233 1329 dictaverit,
3258 1275 3382 1317 cum
3409 1258 3583 1331 ipsius

1984 1346 2182 1401 auxilio
2213 1347 2331 1402 sine
2371 1363 2523 1403 mora
2550 1348 2788 1421 incipere
2818 1358 2871 1405 et
2899 1347 3163 1421 perﬁcere
3203 1363 3580 1420 procuremus.

1984 1435 2065 1490 De
2090 1434 2286 1506 quibus
2332 1430 2449 1507 ipse
2496 1453 2612 1507 pra:
2657 1437 2868 1494 caeteris
2920 1453 3107 1494 curam
3149 1436 3343 1508 arripe,
3375 1435 3468 1508 qui
3494 1435 3579 1491 ni-

1986 1522 2180 1578 mirum
2211 1524 2434 1595 speciali
2460 1526 2822 1599 praarogativa
2849 1534 3159 1582 nostrorum
3178 1525 3452 1582 viscerum
3471 1539 3583 1597 prae

1986 1611 2197 1668 caeteris
2234 1612 2437 1668 foveris
2465 1613 2522 1668 in
2549 1622 2728 1670 antro.
2761 1615 2901 1670 Data
2930 1631 2989 1669 iv
3020 1614 3299 1671 Kalendas
3326 1612 3470 1680 Maii,
3500 1611 3587 1667 in-

273 1727 476 1775 nostrae
518 1719 690 1790 ipsius
732 1699 1065 1774 auctoritatis
1112 1699 1401 1791 privilegio
1448 1716 1709 1772 munitum
1749 1715 1870 1770 nul-
1898 1731 1953 1791 Β
1986 1699 2221 1757 dictione
2245 1716 2305 1756 ι·

272 1807 379 1862 lius
426 1807 723 1863 invasionis
770 1807 1119 1878 usurpatione
1164 1806 1527 1875 detinebatur,
1572 1805 1669 1861 sed
1698 1803 1869 1859 solius

272 1897 558 1969 hucusque
589 1895 802 1951 abbatis
821 1911 852 1951 e
872 1895 1085 1969 gremio
1110 1894 1335 1951 fratrum
1368 1894 1526 1950 electi
1556 1902 1718 1966 atque
1738 1909 1879 1965 prae-

272 1985 366 2040 lati
396 1984 774 2039 moderamine
821 1984 1130 2057 regebatur,
1188 1982 1473 2054 subripuit,
1517 1983 1738 2053 suisque
1766 1981 1882 2037 usi-

274 2074 399 2144 bus,
432 2072 725 2130 coarctatis
755 2080 998 2127 extrema
1029 2080 1275 2145 egestate
1305 2071 1609 2138 monachis,
1641 2069 1887 2141 applica-

274 2162 372 2228 vit,
435 2170 489 2217 et
545 2148 771 2217 eatenus
828 2160 993 2216 etiam
1047 2168 1171 2232 post
1226 2159 1482 2232 frequens
1535 2158 1883 2214 interdictum

274 2257 526 2306 nostrum
556 2250 885 2321 Opprimere,
919 2248 1370 2320 saeculariumque
1400 2246 1649 2301 manibus
1678 2245 1887 2319 disper-

275 2340 433 2394 titum
479 2338 717 2410 prodere
766 2353 875 2393 non
924 2336 1197 2406 formidat,
1232 2344 1420 2393 contra
1447 2342 1751 2391 sanctorum
1782 2335 1883 2390 Pa-

275 2436 421 2483 trum
449 2427 694 2500 regulas,
727 2441 830 2482 nec
858 2441 970 2481 non
999 2432 1050 2481 et
1082 2426 1347 2481 adversus
1391 2423 1706 2495 apostolicae
1734 2422 1882 2478 sedis

278 2524 329 2571 et
357 2514 527 2570 totius
554 2522 758 2570 sancta:
786 2513 981 2587 synodi
1000 2512 1342 2579 sententiam,
1366 2512 1420 2566 in
1442 2511 1883 2568 communionem

275 2612 403 2676 post
431 2610 680 2659 nostram
709 2618 926 2675 quoque
972 2601 1397 2673 prohibitionem
1425 2617 1521 2672 per
1547 2602 1746 2656 missos
1775 2616 1880 2657 no-

278 2701 423 2748 stros
452 2698 507 2747 et
535 2691 718 2763 apices
748 2690 1049 2762 saepissime
1078 2690 1403 2745 destinatam
1424 2689 1630 2761 passim
1651 2689 1877 2761 recepit,

280 2788 331 2838 et
369 2780 429 2835 in
476 2779 689 2836 cunctis
733 2779 1095 2850 pravitatibus
1143 2778 1261 2847 ejus
1303 2778 1554 2834 conscius
1602 2785 1655 2832 et
1700 2776 1880 2833 fautor

278 2868 554 2941 apparuit.
572 2868 1111 2923 Excommunicatum
1133 2867 1297 2939 igitur
1316 2883 1439 2923 eum
1462 2866 1672 2932 scitote,
1705 2866 1881 2922 donec

276 2958 330 3014 in
358 2956 714 3030 praesentiam
734 2957 880 3011 sedis
901 2955 1215 3028 apostolicae
1235 2956 1479 3022 veniens,
1504 2955 1572 3010 de
1591 2955 1878 3026 praedicto-

274 3063 393 3102 rum
454 3061 777 3101 excessuum
838 3044 1089 3117 qualitate
1147 3044 1401 3099 idoneam
1449 3042 1875 3099 satisfactionem

277 3151 469 3191 coram
500 3133 709 3205 positus
752 3133 1075 3188 exhibuerit.
1111 3131 1245 3201 Qua:
1275 3133 1321 3188 si
1350 3132 1738 3203 contempserit
1768 3132 1880 3187 exi-

278 3231 431 3280 stens
477 3222 717 3289 interim,
749 3222 941 3277 existet
988 3238 1090 3293 per
1132 3221 1313 3276 omnia
1355 3220 1735 3276 communione
1759 3221 1885 3290 jure

275 3312 545 3382 privatus,
576 3310 693 3382 pari
734 3310 951 3365 vinculo
982 3309 1230 3365 irretiens
1259 3324 1453 3364 omnes
1483 3309 1572 3380 qui
1602 3308 1705 3363 sibi
1736 3324 1891 3365 com-

276 3398 697 3463 municaverint,
730 3398 817 3453 vel
860 3406 1043 3454 contra
1095 3397 1443 3453 interdictum
1472 3405 1717 3452 nostrum
1747 3412 1883 3453 ausu

285 3487 583 3544 temerario
631 3486 866 3541 faverint
891 3505 906 3553 ;
936 3487 1079 3541 unde
1109 3501 1207 3542 vos
1253 3494 1443 3542 cautos
1472 3486 1708 3541 reddere
1737 3486 1891 3541 volu-

274 3594 418 3644 mus,
453 3576 502 3631 si
530 3591 640 3630 non
669 3574 831 3630 vultis
850 3574 955 3646 ipsi
984 3575 1160 3630 eidem
1188 3575 1486 3630 secundum
1517 3574 1737 3646 regulas
1758 3574 1885 3629 sub-

271 3666 456 3735 jacere
499 3664 724 3734 judicio.
760 3663 1027 3735 Optamus
1056 3679 1175 3730 vos,
1218 3671 1321 3719 etc.
1354 3664 1493 3719 Data
1522 3678 1579 3717 1v
1610 3663 1885 3719 Kalendas

276 3754 419 3821 Maii,
451 3752 750 3809 indictione
780 3767 841 3807 ι.

942 3858 1209 3914 LXXVII.

500 3963 576 4004 AD
614 3962 947 4004 ιΑΝυυιιτυιί
985 3963 1293 4004 ΕΡιεοοΡωι
1332 3960 1647 4003 (ΞΛΡΙῙΛΝΠΠ.

896 4037 1077 4109 (Anno
1117 4036 1268 4106 877.)

278 4128 460 4197 Honet
510 4129 581 4181 ut
610 4126 718 4181 sibi
756 4125 1041 4197 signiﬁcet
1085 4142 1162 4180 an
1211 4125 1712 4197 Neapolitanorum
1760 4124 1883 4181 dux

347 4196 531 4268 [trdus
580 4212 711 4252 cum
739 4196 1036 4268 Saracenis
1084 4197 1301 4268 initum
1326 4196 1607 4267 frangere
1634 4197 1797 4268 velit,
1827 4199 1884 4251 et

350 4266 444 4323 det
473 4283 704 4339 Operam
752 4270 817 4322 ut
862 4267 1011 4321 idem
1059 4266 1179 4321 dua:
1225 4267 1524 4337 Gauferius
1552 4270 1607 4320 et
1632 4266 1884 4322 Pulchar

350 4355 470 4394 una
499 4353 694 4393 secum
729 4339 1045 4408 Trajectum
1074 4353 1132 4410 se
1158 4339 1479 4407 con/erant,
1525 4353 1630 4410 quo
1650 4339 1768 4407 ipse
1796 4340 1882 4392 est

350 4410 585 4476 iturus;
626 4412 898 4480 paratum
941 4424 998 4463 se
1038 4408 1111 4480 ad
1145 4423 1210 4463 ea
1254 4424 1374 4479 qua:
1416 4408 1779 4480 proiniserat,
1826 4411 1883 4480 et

348 4480 558 4604 majorti
596 4478 1022 4604 tc'oncessurum,
1066 4479 1116 4534 si
1166 4478 1286 4552 ipse
1331 4478 1453 4533 dua:
1500 4480 1564 4534 in
1593 4478 1882 4534 sententia

349 4567 526 4604 versis
558 4567 591 4604 a
625 4591 639 4603 .

344 4567 639 4623 persiszat.

342 4640 599 4703 JpANxas
629 4636 919 4708 episcopus
949 4637 1246 4692 LANDULFO
1275 4636 1532 4708 episcopo
1563 4637 1841 4707 Capuano.

2635 1808 2928 1865 LXXVIII.

2325 1910 2397 1950 AD
2436 1910 2753 1951 ΡυιαΗΑιωί
2788 1911 3249 1953 ΡΒΔΞΡΕΟἸἮΒΠῘΙ.

2599 1986 2779 2054 (Anno
2817 1985 2967 2056 877.)

2464 2074 2729 2145 Ejusdem
2760 2076 3101 2147 argumenti.

2052 2160 2308 2214 JOANNas
2337 2160 2627 2233 episcopus
2656 2163 2938 2217 PULCHABI
2968 2160 3329 2234 praefecturio.

2057 2247 2114 2302 Si
2143 2263 2273 2303 vere
2322 2248 2507 2321 utique
2552 2251 2815 2323 magister
2845 2250 3074 2305 militum
3104 2257 3321 2322 pactum
3350 2248 3581 2304 Sarace-

1983 2350 2180 2391 norum
2219 2337 2505 2408 proposuit
2545 2355 2816 2410 rumpere,
2869 2340 3152 2394 hortamur
3191 2346 3250 2393 ut
3276 2337 3585 2406 Trajectum

1982 2439 2106 2480 cum
2137 2424 2338 2497 inclyto
2370 2441 2563 2482 socero
2609 2436 2699 2483 tuo
2729 2428 2918 2495 adeas,
2951 2427 3045 2483 ubi
3076 2442 3293 2500 quoque
3321 2433 3375 2481 et
3400 2432 3587 2480 nostra

1981 2520 2196 2583 reperta
2220 2514 2532 2585 praesentia,
2565 2515 2828 2588 quidquid
2871 2515 3265 2571 rationabiliter
3296 2513 3578 2586 quaeritur,

1981 2601 2245 2674 quidquid
2274 2603 2643 2659 necessarium
2674 2620 2770 2660 seu
2797 2605 3058 2675 possibile
3099 2603 3418 2676 postulatur,
3452 2615 3581 2673 gra-

1981 2690 2281 2746 tantissime
2327 2692 2612 2747 confestim
2657 2692 2902 2749 admittet
2936 2711 2949 2747 :
2982 2692 3081 2749 sed
3110 2700 3164 2748 et
3211 2690 3476 2763 ampliora
3504 2688 3584 2744 fa-

1979 2793 2105 2834 cere
2130 2778 2278 2834 nullo
2306 2780 2471 2835 modo
2517 2781 2916 2849 recusabimus,
2947 2789 3006 2836 ut
3035 2796 3245 2847 omnes,
3279 2778 3582 2835 secundum

1978 2867 2318 2939 Apostolum,
2374 2868 2697 2926 lucrifacere
2753 2870 3029 2927 veleamus
3078 2871 3154 2940 (II
3200 2871 3321 2927 Cor.
3372 2869 3475 2938 ix).
3519 2868 3582 2922 In

1980 2971 2087 3027 quo
2116 2956 2382 3012 industria
2419 2966 2509 3013 tua
2550 2965 2702 3014 tanto
2751 2958 3034 3015 sollicitius
3082 2957 3344 3026 elaboret,
3379 2961 3582 3028 quanto

1980 3043 2239 3116 liquidius
2267 3046 2370 3101 sibi
2409 3062 2508 3118 per
2553 3048 2659 3104 hoc
2708 3047 2933 3104 caeleste
2976 3046 3261 3119 praemium
3287 3060 3320 3101 a
3348 3044 3581 3100 Domino

1988 3134 2104 3188 Deo
2134 3133 2296 3189 tribui
2316 3150 2426 3190 non
2453 3135 2690 3207 ignorat.
2710 3135 2965 3207 Alioquin
2987 3136 3252 3190 adversus
3282 3149 3426 3199 eum,
3459 3148 3582 3204 quae

1986 3220 2152 3293 digne
2179 3238 2471 3292 possumus
2510 3240 2699 3296 agere,
2732 3223 3156 3278 indubitabiliter
3186 3229 3239 3276 et
3267 3218 3583 3275 indiﬂ'eren-

1987 3315 2067 3363 ter
2095 3325 2374 3377 exercere,
2409 3311 2623 3366 Christo
2653 3311 2908 3382 propitio,
2942 3310 3244 3365 nullatenus
3273 3308 3581 3364 omittemus

1984 3396 2122 3451 Data
2151 3412 2209 3451 iv
2239 3398 2356 3452 Kal.
2389 3399 2530 3469 Maii,
2563 3399 2858 3456 indictione
2887 3413 2947 3455 χ.
3020 3471 3035 3483 ⁶

2660 3515 2912 3570 LXXIX.

2231 3615 2304 3655 AD
2344 3615 2601 3660 οΑκοιωί
2638 3618 2855 3659 ΟΑΙΝΠΜ
2909 3615 3326 3659 ῙΜΡΕΒΔΤΟΒΕΠ.

2595 3692 2777 3763 (Anno
2817 3692 2966 3763 877.)

1984 3776 2283 3853 Aua'ilium
2329 3784 2529 3837 contra
2573 3781 2881 3839 Saracenos
2927 3781 3233 3853 implorat,
3267 3780 3363 3852 qui
3392 3779 3585 3853 devas-

2056 3850 2179 3908 tata
2212 3852 2541 3923 Campania,
2574 3854 2768 3909 omnia
2815 3849 3363 3909 Romae'suburba'na
3409 3849 3579 3922 depo-

2058 3924 2427 3998 putabantur.

2052 4014 2309 4068 JOANNas
2332 4011 2623 4083 episcopus
2650 4011 2721 4067 ad
2748 4011 3150 4083 imperatorem.

2053 4101 2250 4158 Divina
2292 4100 2416 4156 ideo
2461 4101 2715 4171 majestas
2744 4101 3123 4157 excellentiam
3171 4106 3413 4156 vestram
3468 4115 3585 4171 pre

1982 4190 2196 4249 ceteris
2224 4189 2392 4263 elegit
2438 4189 2667 4245 Romani
2696 4189 2910 4261 imperii
2951 4188 3233 4245 altitudine
3264 4188 3580 4259 sublimare,

1982 4278 2363 4352 augustalique
2419 4277 2587 4333 voluit
2640 4277 2944 4332 diademate
3004 4292 3291 4343 coronare,
3350 4284 3409 4330 ut
3466 4278 3583 4332 Deo

1983 4375 2171 4423 nostro
2201 4366 2499 4422 clementer
2527 4364 2815 4419 auxiliante
2845 4365 3100 4436 potentiae
3129 4371 3328 4419 vestrae
3359 4363 3583 4420 brachio

1898 4449 1952 4511 D
1983 4453 2297 4526 triumphali
2349 4452 2656 4509 Ecclesiam
2711 4452 2910 4507 Christi
2965 4464 3101 4509 voce
3149 4466 3315 4524 supra
3369 4458 3581 4523 petram

1983 4561 2126 4601 verae
2175 4542 2303 4598 fidei
2349 4540 2623 4598 fundatam
2674 4540 2958 4598 tueremini
3006 4556 3244 4613 semper,
3294 4549 3349 4596 et
3384 4541 3453 4596 ad
3478 4541 3581 4596 im-

1981 4632 2128 4688 mani
2169 4631 2489 4702 crudelique
2537 4646 2877 4703 paganorum
2922 4629 3292 4697 infestatione,
3344 4629 3437 4701 qui
3480 4644 3581 4686 nos

349 4727 578 4782 Studeat
624 4725 885 4781 sanctitas
917 4733 1005 4780 tua
1035 4725 1335 4781 certissime
1374 4725 1517 4781 scire
1546 4725 1592 4780 si
1620 4724 1881 4796 Neapoli-
1976 4723 2091 4792 jam
2146 4735 2298 4776 more
2343 4720 2613 4775 latronum
2658 4719 2895 4791 undique
2942 4719 3346 4776 circumdantes
3393 4717 3580 4773 omnia

280 4822 532 4870 tanorum
583 4814 693 4868 dux
722 4813 1145 4884 praesentialiter
1192 4813 1305 4869 vult
1333 4821 1553 4885 pactum
1585 4814 1883 4869 Saraceno-

281 4919 394 4957 rum
425 4902 754 4973 irrumpere,
787 4910 841 4956 et
868 4901 1075 4958 foedere
1106 4901 1324 4967 Christi,
1351 4902 1497 4974 quod
1519 4902 1572 4956 in
1591 4916 1879 4973 regenera-

277 4991 435 5046 tionis
476 4990 625 5045 unda
668 4990 897 5063 pepigit,
942 4991 1089 5047 vela
1114 5006 1276 5058 nunc,
1310 4990 1446 5046 sicut
1496 4990 1739 5045 debitum
1775 4998 1879 5057 est,

281 5079 546 5135 veraciter
590 5078 856 5134 inhaerere
892 5097 906 5133 :
939 5087 992 5135 et
1021 5079 1068 5133 si
1113 5079 1329 5151 quidem
1376 5080 1537 5134 talem
1585 5094 1727 5134 nunc
1768 5079 1883 5133 ani-

281 5184 427 5222 mum
476 5166 680 5222 habere
721 5167 1069 5239 cognoveris,
1121 5168 1223 5223 hoc
1268 5168 1427 5223 nobis
1469 5166 1885 5238 praesentialiter

280 5254 539 5311 indicato.
564 5257 680 5328 Age
699 5264 753 5310 ut
770 5256 917 5311 idem
938 5256 1045 5311 dux
1066 5255 1479 5327 Neapolitanus,
1504 5263 1555 5311 et
1573 5254 1884 5311 Guaiferius

280 5343 553 5416 gloriosus
583 5344 860 5416 princeps,
892 5360 955 5400 ac
986 5344 1210 5404 Pulchar
1248 5344 1620 5414 praefectorius
1652 5344 1722 5398 ad
1753 5344 1884 5399 Tra-

274 5431 481 5499 jectum
525 5448 635 5488 una
678 5440 858 5489 tecum
897 5433 1235 5498 accelerent;
1260 5432 1353 5487 ubi
1396 5433 1554 5488 etiam
1585 5447 1687 5488 nos
1728 5447 1885 5488 acce-

281 5518 496 5588 dentes,
529 5537 652 5594 quze
700 5523 817 5577 Deo
864 5529 986 5577 sunt
1017 5520 1328 5594 placabilia,
1360 5528 1676 5580 statuemus.
1708 5520 1885 5578 Parati

1981 4817 2170 4865 nostra
2219 4808 2347 4881 igne
2376 4809 2666 4882 gladioque
2703 4808 3002 4874 devastant,
3034 4807 3125 4878 pio
3153 4806 3352 4862 mentis
3384 4805 3579 4863 defen-

1981 4898 2181 4954 deretis
2229 4898 2445 4953 intuitu.
2478 4896 2587 4951 Sed
2636 4896 2760 4968 quia
2798 4895 2954 4951 nobis
2981 4894 3173 4967 procul
3203 4894 3579 4967 existentibus,

1982 4995 2059 5043 tot
2088 4988 2228 5043 dura
2274 4995 2327 5041 et
2370 4985 2754 5057 importabilia,
2812 4999 2913 5055 pro
2963 4984 3159 5056 quibus
3199 4984 3314 5054 jam
3343 4992 3581 5041 vestram

1981 5075 2322 5147 augustalem
2379 5072 2788 5144 imploravimus
2842 5073 3199 5143 majestatem,
3255 5089 3417 5144 supra
3462 5087 3581 5128 mo-

1982 5165 2110 5219 dum
2142 5163 2381 5236 quotidie
2409 5162 2665 5234 patimur,
2690 5160 2889 5233 quippe
2917 5177 3043 5218 cum
3071 5169 3183 5217 tota
3204 5162 3320 5231 jam
3334 5161 3583 5232 depopu-

1981 5252 2090 5307 lata
2115 5251 2416 5323 Campania
2449 5250 2525 5305 nil
2551 5250 2866 5317 habeamus,
2891 5250 3075 5322 nilque
3092 5249 3269 5315 nobis,
3292 5257 3388 5303 aut
3417 5264 3582 5305 vene-

1984 5340 2245 5395 rabilibus
2292 5338 2659 5404 monasteriis,
2705 5338 3025 5411 caeterisque
3072 5338 3175 5410 piis
3212 5338 3368 5405 locis,
3401 5353 3582 5411 neque

1984 5428 2195 5485 senatui
2241 5429 2507 5496 Romano,
2552 5428 2697 5484 unde
2729 5428 3085 5499 corporaliter
3121 5426 3415 5484 sustentari
3441 5442 3579 5500 pos-

1985 5517 2173 5588 simus,
2234 5517 2555 5576 remanserit
2589 5534 2602 5572 :
2633 5516 2885 5575 omnibus
2934 5515 3095 5574 etiam
3140 5516 3328 5575 Rome
3376 5515 3576 5578 subur-
