4020 6178
539 252 640 334 73i

1818 273 2115 331 JOANNIS
2160 274 2355 331 PAPE
2398 277 2538 333 VIII.
3705 290 3791 347 732

549 402 711 459 banis
746 402 885 459 adeo
912 402 1261 475 depradatis,
1290 410 1347 457 ut
1383 401 1564 456 nullus
1592 402 1646 455 in
1677 399 1810 471 ipsis
1832 400 1950 470 jam
2002 399 2167 454 habi-
2188 399 2245 460 A
2271 399 2706 458 Christianorum
2737 401 3025 459 efficimur.
3047 404 3251 459 Verum
3282 413 3481 476 quanto
3508 407 3813 467 crebrescunt

554 499 704 549 tator
735 492 822 549 vel
853 492 1140 563 cujuslibet
1160 490 1329 548 atatis
1346 490 1527 545 incola
1553 489 1805 546 videatur
1834 488 2155 545 consistere.

565 580 675 637 Pro
733 580 928 653 quibus
983 596 1112 635 sane
1142 579 1298 634 malis
1340 577 1636 634 innumeris
1682 577 1892 651 ingenti
1920 591 2159 633 maerore

556 668 763 736 afflicti,
792 668 1093 739 doloreque
1136 667 1365 733 turbati,
1397 682 1499 723 nec
1555 682 1806 722 somnum
1835 665 2028 735 oculis,
2058 681 2159 720 nec

548 756 732 813 cibum
771 772 939 826 opere
975 772 1173 827 capere
1202 772 1494 827 possumus
1528 771 1540 811 :
1575 755 1672 810 sed
1702 770 1803 825 pro
1861 753 2052 825 requie
2079 754 2159 807 la-

550 846 742 900 borem
775 843 1087 910 assiduum,
1118 852 1171 899 et
1198 860 1300 915 pro
1330 843 1607 916 corporali
1636 841 2161 914 dapiumdulcedine

553 933 755 989 mentis
788 932 1215 1013 amaritudinem
1262 932 1520 1003 patimur.
1565 931 1771 987 Idcirco
1800 938 2034 987 vestram
2060 930 2161 984 im-

561 1021 834 1093 perialem
853 1021 1211 1090 majestatem,
1235 1021 1398 1076 totius
1425 1019 1707 1090 sapientia
1734 1018 1855 1074 luce
1875 1018 2161 1089 splendide

486 1120 491 1125 '
562 1108 910 1181 irradiatam,
942 1117 1132 1164 sancta
1171 1110 1417 1164 Romana
1445 1107 1715 1174 Ecclesia,
1746 1122 1868 1179 qua
1901 1105 2161 1178 religioso

558 1213 659 1253 vos
689 1205 846 1253 utero
876 1198 1085 1269 genuit,
1117 1213 1240 1253 meo
1270 1196 1491 1268 quidem
1522 1211 1792 1260 sermone,
1828 1194 1927 1250 sed
1956 1210 2056 1249 suo
2076 1210 2159 1248 ve-

544 1285 779 1342 nerabili
835 1286 1155 1357 suppliciter
1186 1285 1346 1339 nimis
1373 1292 1629 1355 precatur
1668 1281 1884 1353 affectu,
1918 1290 1977 1337 ut
2014 1281 2163 1337 omni

548 1374 808 1429 dilatione
841 1381 1071 1439 remota,
1104 1373 1357 1445 omnique
1404 1373 1520 1441 ejus
1548 1387 1679 1428 cura
1708 1379 2163 1441 assumpta,nunc

553 1464 623 1518 ad
657 1478 815 1518 suam
845 1461 1219 1517 defensionem
1248 1470 1299 1517 et
1328 1461 1493 1516 totius
1536 1460 1726 1533 patria
1780 1458 2161 1515 liberationem

548 1551 763 1619 adjutor
792 1551 1053 1617 clemens,
1085 1550 1345 1606 defensor
1371 1557 1564 1621 potens
1591 1557 1643 1604 et
1666 1549 1905 1606 salvator
1924 1548 2164 1604 invictus

548 1639 737 1695 venire
767 1638 1084 1710 dignemini,
1122 1639 1249 1710 quia
1277 1638 1383 1693 nisi
1442 1646 1624 1693 vestra
1683 1636 2160 1692 desideratissima

544 1727 703 1782 nobis
733 1726 965 1782 adfuerit
1010 1728 1317 1798 prasentia,
1386 1726 1596 1781 nullum
1629 1725 1965 1781 defensionis
2012 1725 2231 1812 auxi-B

545 1814 677 1870 lium
706 1815 1021 1887 nullumque
1052 1815 1377 1871 necessaria
1436 1814 1625 1870 salutis
1673 1814 1978 1870 remedium
2004 1820 2157 1884 pote-

549 1904 719 1959 rimus
747 1905 972 1959 habere.
1006 1904 1120 1958 Nos
1150 1904 1315 1970 enim,
1376 1920 1502 1960 cum
1558 1903 1737 1958 omnis
1769 1903 1916 1957 sedis
1945 1909 2164 1973 aposto-

548 1992 670 2048 lica
698 1993 893 2047 ordine
922 2008 1103 2059 sacro,
1138 2008 1261 2048 cum
1293 1992 1569 2066 religiosis
1607 1999 1660 2046 et
1690 1992 1864 2046 Deum
1924 1990 2163 2045 timenti-

550 2080 650 2135 bus
679 2080 830 2147 viris,
867 2096 970 2151 pro
1000 2088 1198 2136 vestra
1226 2081 1415 2152 gloria
1471 2079 1855 2152 prosperitate,
1886 2078 2165 2135 continua-

549 2185 655 2241 que
685 2169 882 2224 mentis
915 2177 968 2225 et
999 2169 1244 2241 corporis
1276 2169 1468 2235 salute,
1514 2168 1947 2239 omnipotentem
1976 2166 2157 2223 domi-

549 2273 703 2325 num,
729 2258 885 2327 cujus
915 2266 997 2313 est
1028 2258 1176 2313 salus
1207 2256 2163 2327 omnisetvita,totisdeprecabimur

556 2346 785 2413 nisibus,
820 2354 878 2401 ut
905 2362 1007 2403 nec
1064 2346 1328 2417 temporis
1381 2345 1587 2411 fervor,
1647 2361 1750 2400 nec
1805 2344 1913 2401 loci
1972 2352 2163 2399 natura

548 2434 787 2505 insolita,
806 2452 906 2491 nec
936 2436 1191 2491 molestia
1222 2435 1477 2507 qualibet
1506 2442 1689 2491 vestro
1713 2434 1913 2505 insigni
1944 2434 2163 2505 corpori

552 2523 798 2580 nocitura
826 2524 1126 2596 contingat.
1190 2523 1557 2592 Quamobrem
1599 2523 1732 2577 nihil
1786 2524 1987 2577 horum
2042 2539 2164 2593 qua

551 2613 668 2668 sine
698 2612 797 2667 Dei
827 2613 1018 2683 procul
1047 2612 1211 2667 dubio
1241 2628 1351 2667 non
1380 2611 1631 2667 evenient
1660 2619 1792 2665 nutu
1824 2611 2153 2678 dubitantes,

552 2700 683 2773 quin
713 2700 893 2771 potius
924 2701 979 2755 in
1009 2700 1227 2755 Domini
1246 2700 1597 2756 miseratione
1626 2700 1755 2754 totis
1784 2699 1994 2754 viribus
2024 2714 2163 2754 con-

550 2787 800 2856 ﬁdentes,
832 2804 941 2844 non
972 2789 1145 2844 solum
1177 2805 1496 2859 corpoream
1553 2788 2001 2851 incolumitatem,
2063 2803 2163 2841 ve—

552 2892 673 2931 rum
704 2876 868 2931 etiam
898 2883 950 2931 et
983 2884 1307 2946 perpetuam
1365 2876 1561 2930 anima
1604 2884 1798 2931 vestra
1824 2870 2164 2930 merebimini

556 2963 787 3035 adipisci
815 2964 1044 3018 salutem
1076 2972 1129 3018 et
1160 2963 1411 3036 gloriam.
1443 2964 1712 3035 Dignetur
1740 2962 2166 3036 igiturpiissima

556 3052 820 3108 serenitas
850 3060 1054 3118 vestra,
1086 3051 1507 3108 clementissime
1564 3052 1864 3122 imperator
1892 3054 2155 3122 Auguste,

553 3157 652 3213 pro
709 3148 871 3196 tanta
927 3141 1073 3196 sedis
1101 3140 1422 3196 liberatione
1457 3148 1834 3212 tantorumque
1877 3141 2157 3195 hominum

557 3230 757 3286 Christi
776 3246 968 3285 cruore
1016 3230 1427 3300 redemptorum
1475 3228 1796 3299 salvatione,
1857 3238 2075 3283 nostras
2105 3238 2158 3284 et

554 3319 822 3375 Ecclesia
851 3326 1052 3374 nostra
1080 3313 1271 3388 prece's
1298 3318 1504 3383 audire,
1540 3318 1808 3389 singultus
1838 3317 2158 3389 prospicere

553 3416 610 3465 et
640 3408 775 3463 tanti
804 3407 1039 3480 gemitus
1060 3406 1337 3479 iacrymas
1368 3407 1708 3463 incessanter
1738 3405 1939 3461 effusas
1979 3415 2159 3467 atten-

557 3496 689 3551 dere
720 3515 733 3550 :
768 3503 1037 3568 quatenus
1067 3511 1221 3550 more
1252 3496 1429 3563 solito,
1464 3503 1516 3550 et
1529 3495 1701 3550 solita
1721 3494 1937 3565 pietatis
1950 3494 2159 3550 viscere

558 3585 718 3640 nobis
773 3584 1185 3655 compatientes,
1245 3599 1403 3655 opem
1447 3583 1839 3640 consolationis
1898 3583 2160 3639 citissime

559 3674 872 3746 petentibus
927 3673 1250 3739 tribuentes,
1292 3680 1454 3744 prout
1511 3680 1890 3743 opportunum
1923 3680 2026 3740 est,
2059 3688 2161 3727 nos

556 3771 817 3841 adjuvare
846 3770 1128 3843 satagatis,
1161 3770 1286 3841 quia
1316 3778 1438 3840 post
1481 3771 1653 3824 Deum
1707 3769 1869 3825 unica
1927 3785 2055 3840 spes
2082 3786 2163 3823 sa-

557 3859 685 3914 lutis
706 3866 759 3914 et
786 3857 1126 3912 liberationis
1156 3865 1363 3913 nostra
1393 3856 1591 3912 fiducia
1632 3873 1731 3913 vos
1760 3858 1950 3928 procui
1995 3858 2162 3913 dubio

555 3946 705 4002 estis.
742 3946 871 3999 Ideo
901 3962 1000 4015 per
1031 3945 1400 4015 vosmetipsos
1440 3953 1820 4016 properantes,
1855 3962 2163 4017 congruum

556 4042 610 4089 et
637 4042 1002 4104 opportunum
1031 4033 1189 4087 nobis
1219 4033 1469 4103 prabere
1502 4033 1766 4087 auxilium
1796 4049 1907 4089 non
1934 4033 2163 4089 differa-

565 4122 631 4177 tis
665 4140 678 4177 :
709 4130 767 4177 ut
799 4129 852 4177 et
881 4120 1164 4187 Dominus,
1199 4121 1289 4194 qui
1346 4121 1511 4194 elegit
1536 4137 1634 4176 vos
1663 4130 1825 4193 caput
1881 4122 2051 4192 orbis,
2112 4132 2165 4178 et

562 4210 844 4268 dominum
864 4209 1009 4275 fecit,
1044 4210 1302 4265 auxilium
1332 4227 1490 4265 suum
1521 4210 1677 4267 vobis
1724 4212 1792 4266 de
1821 4219 2010 4267 sancto
2043 4212 2164 4266 mit-

562 4308 679 4356 tere
711 4316 931 4371 semper
983 4300 1255 4373 dignetur,
1315 4298 1685 4356 amantissime
1741 4298 1837 4355 fili.
1897 4301 2034 4355 Data
2066 4316 2164 4355 vm

568 4389 845 4446 Kalendas
873 4389 1038 4456 Junii,
1070 4388 1364 4444 indictione
1394 4389 1625 4444 decima.

1267 4495 1492 4551 LXXX.

864 4581 939 4622 AD
968 4580 1446 4622 ARCHIEPISCOPUM
1477 4579 1874 4623 BAVENNATEM.

1210 4638 1388 4707 (Anno
1420 4639 1564 4707 877).

632 4736 900 4808 Praecipit
930 4738 995 4791 ut
1024 4751 1153 4792 cum
1184 4736 1302 4790 suis
1328 4735 1701 4860 flu/tﬁaganeis
1732 4735 1803 4791 ad
1822 4736 2127 4792 concilium

1198 4822 1328 4860 acce
1368 4823 1399 4860 a
1437 4847 1449 4859 .

1198 4822 1449 4861 accedat.

642 4904 897 4959 JOANNI-zs
924 4903 1331 4975 archiepiscopo
1362 4901 1681 4958 Ravennati.

661 4999 804 5070 Quia
826 5001 941 5070 jam
972 5001 1042 5056 ad
1062 5000 1371 5072 periculosa
1414 5000 1764 5072 pervenimus
1793 5000 1861 5054 ab
1902 4998 2163 5071 Apostolo

569 5089 664 5165 '(II
700 5092 837 5147 Tim.
873 5090 978 5158 ιιι),
1010 5089 1140 5161 quin
1168 5088 1349 5161 potius
1378 5104 1410 5144 a
1439 5089 1673 5144 Domino
1704 5087 1980 5159 pradicta,
2027 5089 2164 5159 proh

575 5177 763 5236 dolor!
798 5186 1046 5249 tempora
1077 5195 1089 5231 :
1114 5178 1304 5249 Surgit
1328 5178 1480 5233 enim
1500 5192 1634 5250 gens
1646 5180 1846 5233 contra
1855 5181 2169 5248 gentem,“

566 5272 705 5323 sunt
726 5268 882 5323 inter
898 5268 1016 5323 alia
1044 5266 1268 5321 inimici
1286 5266 1531 5322 hominis
1549 5267 1840 5322 domestici
1870 5268 1989 5337 ejus
2004 5266 2159 5335 (Luc.

570 5369 711 5421 xxi;
754 5357 914 5412 Mich.
951 5356 1051 5425 vn)
1085 5374 1098 5422 ;
1132 5362 1424 5410 creverunt
1479 5354 1885 5425 inopinabiliter
1915 5355 2079 5420 mala,
2113 5360 2167 5408 et

575 5457 686 5498 non
717 5443 894 5498 solum
921 5444 1263 5500 extrinsecus
1292 5442 1444 5499 rabie
1473 5442 1771 5498 infidelium
1800 5442 2163 5498 barbarorum

573 5528 876 5601 atterimur,
910 5531 1009 5587 sed
1038 5540 1091 5589 et
1139 5531 1464 5590 intrinsecus
1520 5530 1875 5605 perversitate
1931 5546 2165 5604 nequam

2258 489 2407 545 mala
2426 499 2909 561 pravorum,tanto
2930 507 3178 549 crescere
3194 493 3395 549 debent
3407 494 3546 550 bona
3565 504 3807 555 rectorum.

2260 578 2393 647 Qua
2423 578 2669 650 profecto
2700 578 2820 635 fieri
2846 589 3143 652 nequeunt,
3177 581 3280 636 nisi
3307 597 3410 652 per
3438 598 3702 641 commune
3727 586 3808 642 fra-

2260 675 2399 721 trum
2448 668 2741 741 collegium
2789 669 2847 723 in
2874 669 3112 740 idipsum
3150 684 3376 740 corpore
3406 670 3561 726 simul
3588 681 3636 727 et
3660 683 3804 731 mente

2261 755 2719 811 convenientium.
2740 758 2838 811 Est
2856 757 3000 812 enim
3015 757 3263 813 Ecclesia
3283 758 3385 813 Dei
3399 767 3615 830 pr0pter
3628 776 3812 818 concor-

2259 843 2402 897 diam
2425 851 2571 899 tuam
2588 845 2893 900 visibilibus
2913 860 3076 916 quam
3095 845 3456 901 invisibilibus
3475 848 3703 903 hostibus
3718 866 3807 905 om-

2260 931 2389 987 nino
2432 932 2710 998 terribilis,
2761 942 2815 988 et
2852 934 2998 988 velut
3045 938 3362 990 castrorum
3404 937 3552 991 acies
3594 938 3810 994 ordinata

2262 1020 2452 1087 (Cant.
2486 1020 2585 1090 v1).
2610 1019 2955 1092 QuaprOpter
2976 1028 3083 1075 tam
3099 1037 3201 1093 pro
3224 1022 3607 1079 ecclesiasticis
3627 1025 3810 1095 quibus-

2262 1107 2388 1162 dam
2410 1108 2850 1174 necessitatibus,
2875 1125 3038 1181 quam
3054 1126 3155 1180 pro
3177 1117 3316 1165 statu
3336 1119 3388 1165 et
3406 1127 3512 1181 pro
3531 1113 3812 1170 correctione

2261 1196 2595 1267 reipublica,
2629 1198 2949 1253 auctoritate
2997 1197 3297 1268 apostolica
3326 1198 3662 1255 decrevimus
3689 1217 3813 1256 reve-

2261 1284 2559 1339 rendorum
2584 1284 2808 1339 fratrum
2840 1293 2891 1340 et
2924 1286 3376 1357 coepiscoporum
3393 1295 3709 1343 nostrorum.
3728 1290 3814 1344 Ita-

2261 1372 2351 1428 lici
2381 1373 2536 1443 regni
2578 1372 2904 1439 universale,
2938 1374 2994 1428 id
3025 1382 3107 1429 est
3139 1374 3300 1430 totius
3337 1375 3649 1445 provincia,
3675 1377 3810 1433 advo-

2264 1475 2391 1516 care
2423 1461 2714 1516 concilium
2740 1481 2753 1528 ;
2788 1461 2968 1517 locum
3016 1469 3198 1517 autem
3228 1478 3501 1534 nusquam
3532 1464 3599 1518 ad
3625 1464 3717 1520 hoc
3737 1481 3814 1538 ge-

2262 1548 2489 1603 rendum
2539 1549 2803 1620 aptiorem
2834 1558 2886 1605 et
2914 1549 3222 1606 faciliorum
3270 1566 3433 1622 quam
3474 1552 3614 1622 apud
3640 1553 3817 1608 Raven-

2263 1652 2390 1690 nam
2417 1637 2656 1708 undique
2694 1637 3092 1693 conﬂuentibus
3119 1638 3348 1693 inveniri
3381 1655 3548 1709 posse
3577 1642 3816 1712 perspexi-

2263 1741 2404 1779 mus.
2440 1723 2707 1781 Occurrat
2737 1726 2901 1798 igitur
2930 1726 3183 1781 alacriter
3198 1741 3321 1781 cum
3343 1725 3700 1800 suffraganeis
3717 1730 3817 1796 suis,

2264 1830 2403 1885 quos
2433 1813 2550 1884 ipsa
2596 1814 2888 1869 convenire
2928 1823 3271 1870 commoneat
3300 1814 3366 1869 ad
3395 1816 3720 1887 designatam
3746 1834 3819 1871 ur-

2264 1902 2390 1956 bem
2421 1902 2717 1957 sanctitatis
2762 1901 3097 1968 fraternitas,
3131 1910 3183 1957 et
3216 1911 3364 1957 tanto
3394 1904 3593 1960 deesse
3621 1921 3818 1960 conven-

2265 1990 2360 2056 tui,
2396 2007 2559 2061 quem
2591 1990 2798 2047 scilicet
2826 1990 3027 2045 ibidem
3058 2007 3157 2045 vm
3187 1991 3469 2047 Kalendas
3497 1992 3677 2057 Julias,
3706 1993 3821 2048 cele-

2265 2079 2472 2134 braturi
2502 2096 2709 2145 sumus,
2742 2080 2892 2135 nullo
2922 2080 3086 2135 modo
3114 2079 3373 2150 perferat,
3409 2097 3524 2152 quo
3553 2081 3823 2153 pullulantia

2264 2167 2320 2221 in
2350 2182 2487 2238 agro
2532 2167 2818 2224 Dominico
2848 2168 3051 2223 zizania
3096 2169 3372 2223 communi
3403 2170 3585 2224 studio
3612 2171 3820 2225 radicitus

2265 2264 2649 2327 amputentur;
2683 2264 2736 2311 et
2783 2256 3080 2311 salubrium
3130 2256 3381 2311 virtutum
3426 2258 3668 2328 germina
3707 2258 3821 2314 socio

2263 2360 2361 2415 pro
2392 2345 2477 2399 his
2526 2344 2819 2399 certamine
2849 2344 3065 2415 penitus
3112 2349 3446 2400 inserantur.
3484 2346 3689 2401 Fratres
3711 2362 3820 2417 pra-

2265 2440 2415 2487 terea
2446 2441 2498 2487 et
2527 2433 2887 2504 coepiscopos
2916 2441 3135 2488 nostros
3162 2434 3254 2504 qui
3286 2433 3389 2487 sub
3419 2434 3735 2489 beatitudine
3758 2450 3822 2490 ve-

2266 2524 2372 2569 stra
2402 2516 2608 2588 degunt
2636 2517 2703 2570 ad
2735 2516 2982 2572 eamdem
3025 2515 3386 2571 universalem
3433 2518 3696 2587 synodum
3719 2518 3823 2572 bor-

2267 2611 2375 2658 tatu
2406 2604 2706 2660 sanctitatis
2753 2613 2947 2660 vestra
2985 2604 3171 2660 venire
3216 2605 3584 2676 praecipimus.
3614 2605 3824 2677 Quisquis

2265 2701 2443 2747 autem
2490 2708 2786 2748 occurrere
2834 2692 3103 2747 sanctitati
3152 2701 3254 2748 tua
3296 2693 3435 2748 forte
3465 2694 3822 2764 contempserit,

2265 2780 2539 2836 canonicis
2584 2797 2643 2835 se
2689 2781 2903 2836 noverit
2948 2781 3407 2851 increpationibus
3468 2782 3648 2852 procul
3697 2781 3826 2835 dubio

2267 2869 2715 2935 submittendum,
2764 2870 2818 2924 in
2866 2878 3140 2940 promptu,
3200 2870 3507 2925 secundum
3554 2869 3827 2941 Apostolurn

2266 2960 2342 3028 (II
2361 2959 2479 3013 Cor.
2507 2958 2570 3028 χ)
2596 2976 2611 3025 ;
2647 2957 2807 3012 nobis
2838 2958 3162 3012 habentibus
3193 2973 3413 3012 omnem
3436 2958 3628 3013 ulcisci
3644 2972 3829 3028 prorsus

2268 3046 2709 3101 inobedientiam.
2744 3047 2893 3101 Hanc
2922 3061 3055 3101 vero
3085 3045 3422 3116 apostolatus
3465 3047 3633 3101 nostri
3660 3046 3828 3115 episto-

2262 3134 2368 3189 lam
2400 3135 2487 3190 vel
2518 3134 2851 3205 exemplaria
2897 3134 3063 3199 illius,
3114 3134 3390 3189 beatitudo
3442 3143 3624 3190 vestra
3651 3133 3828 3188 indiiu-

2260 3224 2372 3279 cesi
2403 3240 2498 3278 sua
2530 3223 2784 3278 omnibus
2826 3221 3199 3278 indifferenter
3247 3222 3529 3293 episcopis
3563 3239 3742 3293 parare
3764 3221 3828 3274 fa-

2260 3313 2385 3377 ciat,
2422 3329 2489 3367 ne
2522 3312 2739 3383 aliquod
2774 3311 2947 3382 possit
2977 3311 3045 3365 ab
3084 3310 3457 3365 inobedientia
3489 3308 3824 3374 excusationis,

2262 3401 2408 3472 quod
2438 3416 2547 3456 non
2579 3400 2813 3471 expedit,
2847 3398 3099 3455 velamen
3127 3399 3369 3454 obtendi.

2940 3506 3191 3561 LXXXI.

2440 3609 2513 3649 AD
2551 3609 2879 3650 ANSPERTUM
2916 3609 2986 3649 ET
3023 3610 3315 3649 ANTONIO!
3363 3610 3684 3650 EPISCOPOS.

2878 3684 3058 3753 (Anno
3098 3684 3249 3753 877.)

2268 3775 2335 3830 Ut
2361 3775 2693 3855 Ravennam
2719 3771 2799 3855 ad.
2818 3772 3093 3842 synodum
3124 3771 3439 3839 accedant;
3472 3772 3617 3855 quod
3641 3770 3830 3841 πιείρα-

2334 3844 2581 3905 ruerint,
2614 3843 2875 3897 minatur
2904 3859 2992 3897 eos
3023 3858 3082 3897 se
3112 3843 3758 3898 excommunicaturum.

2332 3932 2587 3985 JOANNES
2616 3930 2907 4001 episcopus
2937 3931 3238 3984 ANSPERTO
3269 3929 3665 3985 Mediolanensi
3690 3925 3828 3983 archi-

2263 4019 2540 4092 episcopo,
2575 4026 2628 4072 et
2657 4021 2915 4072 ANTONIO
2950 4018 3210 4088 episc0po
3237 4017 3533 4073 Brixiensi.

2335 4106 2475 4176 Quia
2499 4106 2729 4161 diversis
2757 4122 2821 4162 ac
2849 4106 3237 4177 multiplicibus
3266 4106 3555 4162 Ecclesias
3585 4105 3679 4161 Dei
3704 4100 3828 4157 nobis

2263 4194 2586 4251 commissas
2626 4194 2983 4251 incommodis
3031 4194 3398 4265 perturbatas,
3436 4195 3707 4265 rebusque
3732 4205 3831 4262 pro-

2264 4284 2398 4355 priis
2456 4284 2825 4339 incunctanter
2892 4283 3151 4354 privatas,
3209 4291 3263 4337 et
3319 4298 3519 4338 earum
3579 4281 3828 4336 antistitum

2264 4374 2528 4428 honorem
2559 4371 2881 4426 diminutum
2914 4370 3031 4425 fore
3060 4371 3306 4427 videmus
3331 4390 3346 4437 ;
3380 4372 3648 4442 ipsarum,
3676 4382 3831 4423 secun-

2160 4455 2234 4515 .D
2266 4462 2395 4516 dum
2421 4461 2737 4531 Apostolum
2769 4461 2844 4529 (II
2871 4461 2990 4517 Cor.
3025 4460 3127 4530 χι),
3162 4458 3531 4515 sollicitudine
3558 4455 3829 4531 quotidiana

2264 4549 2549 4620 compulsi,
2584 4547 2898 4604 necessario
2946 4547 3047 4601 rati
3098 4564 3287 4602 sumus
3326 4563 3432 4618 pro
3488 4548 3697 4602 illarum
3722 4550 3829 4598 statu

2263 4654 2327 4694 ac
2358 4638 2586 4709 pristina
2625 4637 3089 4710 redintegratione
3117 4636 3456 4710 generalem,
3492 4638 3610 4691 Deo
3640 4635 3827 4694 favente,

2264 4728 2533 4799 synodum
2590 4726 2871 4783 celebrare
2930 4743 2943 4780 :
2998 4741 3161 4797 quam
3220 4724 3531 4780 secundum
3598 4722 3830 4793 antiquam

2267 4815 2720 4872 consuetudinem
2757 4831 2881 4870 cum
2910 4815 3098 4869 Roma
3127 4829 3297 4886 agere
3322 4813 3723 4873 debuissemus,
3749 4820 3827 4861 non

2264 4912 2579 4960 recusantes
2626 4903 2761 4959 tanti
2806 4903 3055 4958 laborem
3093 4900 3319 4968 itineris,
3350 4917 3457 4972 pro
3490 4900 3743 4956 suavitate
3765 4902 3826 4949 ta-

2263 5008 2388 5048 men
2435 4992 2823 5049 venerabilium
2855 4989 3186 5046 confratrum
3228 4996 3555 5046 nostrorum
3582 4988 3826 5060 episcopo-

2264 5098 2403 5150 rum,
2463 5097 2599 5153 quos
2656 5080 2712 5136 in
2768 5079 3102 5137 consortium
3156 5086 3398 5134 nostrum
3446 5077 3647 5134 litteris
3683 5070 3828 5128 missis

2265 5170 2579 5236 ascivimus,
2612 5177 2867 5226 octavum
2914 5166 3285 5222 Kalendarum
3321 5165 3619 5231 Iuliarum,
3650 5165 3827 5219 Raven-

2265 5276 2369 5325 na,
2412 5258 2703 5313 auxiliante
2752 5255 3005 5325 Domino,
3039 5256 3238 5311 erimus
3285 5254 3479 5325 procul
3530 5252 3690 5309 dubio
3711 5246 3829 5305 cele-

2264 5348 2486 5402 braturi.
2547 5347 2631 5402 Ad
2661 5361 2823 5418 quam
2880 5337 3130 5400 videlicet
3177 5342 3577 5398 fraternitatem
3630 5347 3829 5393 vestram

2265 5436 2413 5492 omni
2459 5434 2744 5491 occasione
2792 5432 3111 5505 postposita,
3148 5430 3400 5503 omnique
3437 5430 3689 5484 tarditate
3715 5437 3829 5495 prte-

2264 5524 2540 5593 termissa,
2571 5524 2657 5579 his
2684 5521 3048 5595 prasentibus
3095 5519 3281 5577 venire
3304 5519 3574 5588 jubemus
3602 5515 3830 5589 apicibus,
