4072 6186
288 375 390 429 733

1438 364 1797 423 EPISTOLE
1851 364 1940 421 ET
1994 364 2341 422 DECRETA.

3485 370 3590 423 73L

290 500 557 566 quatenus
596 490 869 548 communi
925 490 1219 547 multorum
1295 489 1522 546 fratrum
1574 495 1887 545 nostrorum
1916 488 2131 555 Abilis,
2164 496 2217 544 et
2236 488 2417 544 Deum
2458 487 2696 544 timentls
2752 487 2854 543 viri
2874 531 2887 557 ,
2923 488 3239 545 conservari
3267 487 3514 544 volumus
3544 494 3597 542 et

290 596 560 638 consensu
587 588 749 653 atque
778 581 1020 647 decreto,
1042 578 1295 636 Ecclesia
1310 578 1412 634 Dei
1428 578 1586 634 nobis
1601 576 1893 634 commissa

292 668 531 741 prapria
580 667 863 742 dignitatis
911 683 1034 738 jura
1067 710 1079 736 ,
1112 683 1236 739 qua
1268 683 1301 722 a
1348 666 1676 740 quibusdam
1705 664 1892 736 inique

286 757 575 830 agentibus
603 764 729 811 sunt
757 764 1038 828 usurpata,
1073 756 1175 811 sub
1206 756 1518 829 integritate
1540 752 1888 826 recipientes,

284 845 559 900 malorum
613 844 855 901 omnium
912 843 1134 900 tandem
1172 843 1355 900 securi
1394 842 1573 899 eﬂ‘ecti
1594 886 1607 910 ,
1640 841 1892 897 ministe-

287 934 427 989 rium
454 931 785 1005 pontiﬁcale,
819 933 967 1004 quod
997 932 1253 986 nimirum
1280 947 1382 1003 pro
1406 931 1595 1005 gregis
1625 928 1895 986 Dominici

291 1021 450 1077 nobis
480 1020 761 1077 commissi
816 1020 1009 1088 salute,
1045 1021 1161 1076 Deo
1216 1019 1502 1092 largiente,
1534 1018 1892 1090 suscepimus,

290 1118 348 1165 ut
376 1109 608 1183 dignum
638 1116 721 1164 est
736 1106 1049 1182 gloriﬁcare
1078 1107 1354 1179 possimus
1386 1125 1401 1162 :
1434 1114 1768 1179 quapropter
1787 1105 1895 1161 ite-

289 1205 409 1254 rato
440 1205 495 1254 te
541 1212 795 1253 sermone
850 1197 921 1252 ad
952 1197 1199 1253 eamdem
1217 1238 1232 1263 ,
1263 1204 1321 1251 ut
1349 1195 1552 1251 dictum
1581 1202 1691 1264 est,
1726 1209 1892 1266 syno-

290 1288 422 1343 dum
477 1286 663 1343 venire
718 1285 1078 1358 pracipimus.
1138 1286 1281 1340 Nam
1350 1285 1397 1339 si
1436 1282 1657 1355 prafato
1703 1283 1791 1338 die
1826 1283 1897 1337 ad

287 1375 472 1446 ipsum
487 1374 861 1430 venerandum
881 1373 1172 1430 concilium
1192 1372 1576 1445 quoquomodo
1595 1386 1897 1443 properare

290 1463 432 1519 forte
487 1461 929 1535 contempseritis
955 1504 968 1529 ,
1001 1470 1055 1517 et
1082 1477 1185 1533 pro
1231 1460 1494 1517 Ecclesia
1542 1459 1741 1514 Christi
1798 1458 1897 1515 Dei

291 1551 470 1608 nostri
497 1550 749 1618 utilitate,
787 1566 911 1623 qua
952 1549 1178 1605 instanti
1225 1556 1469 1620 tempore
1496 1547 1788 1620 plurimum
1818 1554 1900 1602 est

293 1639 888 1705 necessaria,debitum
918 1638 1203 1694 nobiscum
1232 1637 1479 1694 laborem
1500 1652 1718 1692 sumere
1739 1652 1901 1707 spre-

292 1728 497 1794 veritis,
530 1727 713 1784 sciatis
742 1742 843 1798 pro
865 1734 1015 1784 certo
1045 1726 1443 1783 communionis
1462 1724 1731 1781 nostrain
1751 1722 1898 1779 futu-

294 1833 409 1872 rum
439 1815 592 1871 nullo
619 1815 783 1871 modo
811 1831 933 1871 esse
963 1823 1268 1885 consortes,
1303 1815 1402 1870 sed
1423 1813 1605 1885 potius
1624 1812 1899 1869 canonica

294 1903 630 1961 auctoritatis
660 1919 921 1970 censura,
951 1910 1137 1974 utpote
1189 1910 1633 1975 transgressores
1689 1901 1898 1973 impro-

294 1993 411 2059 bos,
441 1991 752 2048 feriendum
780 1999 943 2063 atque
1001 1991 1390 2047 damnandum.
1442 1990 1707 2062 Optamus
1736 2006 1899 2047 reve-

293 2081 524 2136 rentiam
567 2086 805 2136 vestram
849 2078 908 2134 in
951 2079 1168 2135 Christo
1210 2080 1351 2135 bene
1391 2078 1601 2136 valere.
1635 2080 1771 2135 Data
1800 2093 1900 2134 vm

295 2168 411 2225 Kal.
445 2168 612 2236 Junii,
638 2167 934 2225 indictione
953 2167 1187 2224 decima.

992 2283 1249 2338 LXXXII

573 2394 646 2435 AD
674 2394 861 2435 URSUH
890 2394 1078 2434 DUCEI
1107 2394 1495 2434 VENB’I'IARUH.

894 2468 1074 2538 (Anno
1105 2467 1255 2539 877.)

293 2536 733 2614 Inobedientiam
752 2536 1065 2621 accusat,et
1077 2536 1342 2628 monetur
1357 2556 1638 2628 episcopos
1662 2556 1901 2611 Venetia:

361 2628 435 2683 ad
450 2628 726 2700 synodum
748 2630 823 2683 Ra
830 2643 1025 2700 vennce
1036 2626 1432 2700 celebrandum
1444 2626 1704 2700 accedere
1716 2629 1897 2700 curet,

361 2704 418 2755 et
446 2698 568 2771 ipse
597 2713 814 2771 quoque
850 2699 935 2753 vel
957 2699 1169 2763 veniat,
1205 2699 1302 2753 vel
1336 2698 1544 2769 legatos
1572 2698 1791 2752 mittat.

354 2795 612 2849 James
631 2794 923 2865 episcopus
952 2795 1101 2851 Urso
1131 2794 1260 2849 duci
1297 2792 1559 2849 Venetia.

357 2882 540 2937 Multis
571 2897 725 2937 esses
769 2882 1029 2937 nimirum
1072 2881 1236 2950 justo:
1291 2880 1650 2952 correptionis
1680 2897 1711 2935 a
1739 2881 1899 2937 nobis

290 2970 757 3042 increpationibus
813 2970 1231 3036 submittendus,
1262 2970 1368 3026 nisi
1425 2969 1721 3041 apostolica
1774 2986 1899 3026 mo-

291 3060 501 3115 deratio
548 3058 697 3115 circa
751 3066 804 3114 te
857 3058 1039 3114 minus
1093 3058 1376 3116 severitate
1431 3074 1598 3130 quam
1642 3058 1899 3130 patientia

292 3155 558 3203 uteratur.
616 3146 873 3218 Exceptis
931 3148 1077 3203 enim
1136 3147 1453 3203 excessibus
1498 3147 1606 3202 illis
1634 3163 1771 3219 quos
1798 3164 1900 3219 per

293 3235 722 3292 inobedientiam
801 3235 951 3307 prius
1030 3243 1373 3291 contraxeras
1406 3277 1420 3305 ,
1468 3236 1537 3290 ad
1605 3243 1903 3291 extremum

294 3326 461 3381 etiam
514 3324 842 3403 legationem
874 3323 1018 3380 beati
1074 3324 1217 3379 Petri
1274 3324 1556 3397 indignam
1598 3324 1702 3378 tuis
1732 3324 1902 3379 oculis

289 3412 573 3484 judicasti,
604 3429 726 3468 cum
756 3414 861 3469 hoc
889 3428 993 3469 nec
1047 3413 1267 3486 gentilis
1314 3414 1602 3484 quisquam
1630 3411 1788 3467 facile
1815 3412 1901 3468 fe-

291 3500 438 3558 cisse
471 3502 740 3558 clarescat
771 3518 784 3556 :
817 3501 1049 3557 maxime
1078 3518 1200 3557 cum
1231 3517 1297 3556 ea
1327 3517 1449 3572 qua
1491 3500 1768 3557 dilectioni
1798 3508 1904 3557 tua

288 3590 673 3657 mittebamus,
722 3598 948 3661 paterna
1004 3598 1188 3646 essent
1242 3591 1447 3646 monita
1479 3630 1493 3659 ,
1527 3604 1637 3644 non
1700 3589 1902 3644 inimici

291 3678 537 3734 odientis
567 3679 813 3734 verbera.
849 3680 958 3734 Sed
988 3679 1092 3735 ista
1121 3678 1545 3746 dissnnulantes,
1593 3677 1896 3733 innotesci-

286 3784 416 3823 mus
446 3767 726 3823 dilectioni
755 3776 858 3824 tua
887 3784 988 3823 nos
1016 3775 1207 3824 octavo
1250 3767 1528 3823 Kalendas
1570 3766 1737 3821 Julias
1785 3767 1898 3822 Ra-

288 3872 491 3913 venna
523 3856 791 3926 synodum
829 3856 993 3911 totius
1039 3856 1206 3911 Italia
1260 3856 1601 3912 sacerdotum
1648 3854 1897 3910 celebra-

288 3953 479 4011 turos;
515 3944 605 4000 cui
659 3945 927 4001 interesse
977 3945 1224 4001 volumus
1280 3951 1335 4000 et
1392 3943 1616 3999 marina
1660 3942 1899 3999 Venetia

282 4033 585 4103 antistites,
617 4033 711 4105 qui
740 4033 919 4089 adhuc
950 4048 1237 4103 superesse
1293 4040 1607 4101 noscuntur,
1641 4047 1748 4087 una
1773 4048 1898 4087 cum

283 4121 553 4195 personis
603 4122 674 4177 ad
726 4122 1098 4193 episcopatum
1156 4121 1364 4187 electis,
1398 4128 1452 4175 et
1500 4121 1608 4176 illis
1637 4136 1770 4192 quas
1801 4120 1899 4175 tibi

281 4212 404 4281 jam
433 4226 543 4282 per
570 4210 814 4266 diversas
860 4210 1122 4281 epistolas
1161 4208 1609 4282 significavimus.
1642 4208 1898 4279 Quapro-

284 4308 413 4371 pter
432 4300 579 4354 bene
594 4298 839 4370 profecto
868 4297 1124 4367 facies,.si
1152 4314 1247 4353 eos
1268 4298 1339 4353 ad
1367 4297 1686 4369 pradictam
1713 4297 1898 4353 venire

282 4388 568 4459 synodum
613 4402 724 4442 non
753 4386 1089 4458 impedieris,
1133 4386 1233 4442 sed
1262 4385 1440 4441 modis
1486 4385 1737 4441 omnibus
1765 4384 1900 4440 inci-

285 4475 519 4532 taveris.
537 4476 659 4530 Non
680 4476 827 4531 enim
843 4476 1055 4530 ruinam
1081 4490 1270 4531 eorum
1290 4474 1559 4547 cupimus,
1591 4473 1768 4539 absit;
1800 4473 1899 4528 sed

284 4564 438 4619 illius
470 4571 671 4618 statum
703 4563 1008 4619 reformare
1037 4563 1353 4635 provincia,
1389 4571 1443 4618 et
1474 4561 1739 4634 quidquid
1763 4560 1905 4616 inter
1933 4552 1986 4612 D

280 4669 383 4709 eos
406 4660 466 4708 et
512 4652 992 4723 metropolitanum
1051 4651 1365 4724 quastionis
1396 4660 1449 4706 et
1503 4648 1901 4706 controversia

281 4741 548 4809 vertitur,
582 4741 844 4797 canonice
872 4739 1124 4796 diﬂinire.
1157 4742 1346 4812 Itaque
1394 4738 1771 4794 indubitanter
1802 4753 1904 4793 ve-

280 4829 463 4895 niant,
502 4836 557 4883 et
601 4836 711 4883 tam
756 4837 943 4885 sancto
991 4844 1393 4900 numerosoque
1450 4827 1678 4882 fratrum
1710 4826 1905 4882 deesse

281 4917 444 4972 nullo
473 4916 644 4971 modo
671 4917 944 4987 patiantur
963 4917 1216 4990 collegio.
1236 4917 1360 4972 Non
1380 4916 1543 4980 enim,
1568 4915 1699 4971 mihi
1721 4915 1901 4979 crede,

279 5005 338 5061 in
367 5005 565 5077 aliquo
603 5004 871 5071 minorati,
914 5006 1059 5078 quod
1087 5013 1296 5062 avertat
1349 5004 1635 5071 Dominus,
1671 5004 1770 5059 sed
1800 5019 1904 5074 po—

279 5094 391 5149 tius
424 5094 783 5166 augmentati,
813 5094 1027 5149 Christo
1057 5093 1311 5164 propitio,
1347 5093 1417 5149 ad
1446 5092 1672 5164 propria
1718 5108 1906 5147 rever-

280 5190 500 5238 tentur.
539 5181 635 5236 Sin
663 5189 845 5237 autem
892 5182 1164 5237 communi
1210 5181 1452 5236 omnium
1509 5181 1748 5247 decreto,
1780 5195 1905 5253 cum

280 5270 606 5327 Ecclesiam
637 5285 747 5324 non
773 5269 993 5325 audisse
1013 5269 1320 5335 claruerint,
1344 5276 1503 5324 erunt
1518 5268 1709 5340 procul
1738 5267 1905 5322 dubio

280 5357 761 5432 quemadmodum
792 5365 1197 5414 sacrosanctum
1227 5358 1296 5413 de
1355 5357 1731 5427 hujuscemodi
1759 5372 1903 5427 pm

280 5449 420 5519 cipit
451 5445 837 5517 Evangelium.
882 5446 1018 5500 Illud
1066 5454 1248 5502 autem
1296 5446 1412 5517 ipse
1445 5462 1546 5518 pro
1592 5453 1744 5502 certo
1770 5444 1904 5502 scito

280 5536 418 5609 quia
450 5532 592 5589 nihil
621 5549 719 5604 pro
747 5534 859 5589 ullo
888 5534 1193 5590 mortalium
1234 5534 1481 5589 imminui
1509 5533 1771 5591 Ecclesia
1799 5542 1904 5591 tua

281 5624 555 5696 cupimus
580 5640 596 5689 ;
646 5621 745 5677 sed
772 5622 940 5678 decus
969 5629 1023 5681 et
1051 5622 1278 5696 genium
1304 5630 1455 5681 tuum
1488 5623 1657 5681 veluti
1687 5630 1903 5697 specta-

1991 584 2261 647 optamus.
2292 577 2447 633 Unde
2495 592 2778 632 monemus
2807 584 2866 632 ut
2895 584 2949 632 et
2977 576 3095 648 ipse
3152 576 3225 632 ad
3252 591 3352 631 nos
3380 577 3594 631 Raven-

1991 678 2121 719 nam
2175 662 2445 735 proﬁcisci
2490 681 2560 721 ne
2615 665 2895 739 pigriteris
2928 683 2942 719 :
2978 665 3063 720 sin
3109 672 3293 719 autem
3327 706 3341 730 ,
3401 663 3594 718 saltem

1993 751 2170 808 virum
2246 768 2578 825 quemquam
2636 753 2959 809 industrium
3043 752 3202 808 nobis
3257 751 3449 825 gloria
3490 759 3595 806 tua

1993 839 2231 909 injuncta
2262 840 2532 914 legatione
2552 841 2869 913 fungentem
2898 841 3139 914 dirigere
3185 855 3295 896 non
3324 840 3596 896 detrectes

1993 928 2134 983 Data
2161 944 2220 983 v1
2248 928 2525 984 Kalendas
2551 930 2716 997 Junii,
2747 930 3040 985 indictione
3070 944 3129 983 x.

2650 1027 2953 1081 LXXXIII.

2136 1123 2209 1164 AD
2239 1124 2461 1165 Ρετιιωι
2490 1125 2562 1164 ΕΤ
2590 1125 2816 1164 ιΕοΝΕκ
2844 1123 3140 1164 EPISCOPOS
3169 1123 3445 1163 νΕΝΕΤῙλΕ.

2603 1192 2783 1264 (Anno
2815 1194 2965 1265 877.)

2000 1292 2066 1349 Ut
2104 1293 2430 1347 Ravennam
2458 1291 2530 1346 ad
2558 1291 2869 1346 amcitiam
2913 1289 3375 1362 proﬁciscantur,
3398 1289 3469 1354 in
3489 1308 3593 1362 quo

2066 1362 2466 1434 componenda:
2494 1364 2633 1434 sunt
2663 1361 3058 1434 controversia:
3075 1375 3196 1432 qua:
3223 1376 3355 1415 cum
3375 1361 3591 1419 metro-

2066 1431 2320 1501 politano
2350 1432 2649 1488 nonnullis
2678 1431 3062 1487 intercedunt.

2066 1520 2319 1575 JOANNES
2349 1520 2642 1592 episcopus
2672 1510 2860 1574 Parno
2890 1527 2944 1574 et
2970 1518 3148 1574 Laom
3177 1516 3450 1590 episcopis
3481 1516 3593 1572 Ve-

1996 1608 2177 1664 netia.

2068 1696 2383 1753 Universale
2420 1696 2641 1752 tandem
2672 1696 2962 1769 aliquando
3015 1712 3118 1752 nos
3154 1695 3436 1752 celebrare
3466 1707 3596 1750 con-

1999 1786 2182 1842 cilium
2210 1784 2491 1857 multiplex
2520 1794 2574 1840 et
2629 1783 2917 1839 multifaria
2946 1800 3047 1841 nos
3101 1783 3473 1840 Ecclesiarum
3496 1798 3599 1837 ne-

2001 1874 2229 1931 cessitas
2258 1873 2404 1946 cogit
2428 1892 2441 1941 ;
2476 1881 2528 1929 et
2558 1872 2684 1929 ideo
2727 1888 2827 1945 pro
2855 1874 2958 1928 hac
3011 1872 3351 1929 moderanda
3373 1871 3463 1928 vel
3491 1870 3604 1926 dis-

1997 1962 2300 2034 pensanda,
2332 1969 2523 2018 octavo
2551 1961 2824 2017 Kalendas
2849 1960 3018 2016 Julias
3065 1960 3227 2029 hujus
3268 1957 3596 2024 indictionis,

1999 2047 2160 2102 totius
2192 2046 2359 2101 Italia
2388 2046 2531 2117 apud
2571 2046 2763 2101 urbem
2810 2046 3128 2103 Ravennam
3161 2043 3454 2101 convenire
3476 2044 3600 2113 jus-

1999 2134 2172 2190 simus
2231 2134 2571 2205 sacerdotes,
2607 2135 2678 2189 ad
2736 2150 2968 2207 quorum
3011 2132 3265 2190 videlicet
3328 2139 3598 2187 sacratum

1998 2223 2313 2295 collegium,
2345 2221 2623 2294 pontificio
2652 2230 2841 2280 nostro
2873 2222 3167 2288 mediante,
3190 2228 3426 2278 vestram
3458 2234 3600 2292 quo-

2000 2328 2105 2383 que
2135 2312 2477 2368 sanctitatem
2508 2327 2738 2368 occurre
2768 2326 3194 2377 commonemus,
3228 2325 3334 2364 una
3359 2325 3484 2365 cum
3513 2307 3599 2364 his

2000 2398 2094 2471 qui
2141 2400 2262 2456 loco
2312 2407 2436 2454 sunt
2463 2400 2845 2472 episcoporum
2886 2399 3266 2457 decedentium
3296 2395 3596 2471 subrogati.

1999 2487 2068 2543 Et
2119 2487 2228 2542 illis
2260 2487 2613 2543 nihilominus
2663 2503 2834 2560 quos,
2884 2489 3023 2545 Urso
3079 2487 3321 2561 glorioso
3367 2485 3493 2541 duci
3543 2491 3599 2539 et
3694 2552 3705 2565 .

1998 2575 2156 2631 vobis
2186 2576 2506 2643 scribentes,
2540 2576 2744 2632 nostris
2775 2577 2974 2648 sapius
3000 2584 3054 2632 et
3081 2574 3394 2647 expressius
3423 2572 3600 2644 signi-

1999 2663 2283 2720 ﬁcavimus
2312 2663 2557 2736 syllabis,
2589 2673 2779 2737 atque,
2812 2673 2870 2720 ut
2897 2664 3143 2720 absolute
3171 2661 3600 2734 regulariterque

1997 2751 2258 2808 fateamur
2282 2795 2295 2819 ,
2327 2752 2578 2808 omnibus
2629 2754 2721 2824 qui
2777 2770 2837 2809 se
2868 2753 3028 2809 lasos
3076 2751 3382 2807 existimant
3411 2767 3426 2804 :
3461 2763 3599 2820 quos

1998 2840 2330 2914 generaliter
2389 2841 2708 2896 auctoritate
2740 2840 3039 2913 apostolica
3083 2839 3349 2896 sanctitas
3410 2844 3597 2893 vestra

1999 2945 2185 2986 secum
2213 2937 2599 3000 pr0peraturos
2639 2931 2905 2987 advocare
2932 2927 3174 3000 profecto
3217 2926 3455 2983 debebit.
3488 2927 3600 2980 Ita-

1999 3034 2125 3090 que,
2148 3017 2367 3087 fratres,
2393 3018 2761 3073 indubitanter
2780 3018 3041 3084 accedite,
3065 3024 3123 3072 ut
3142 3024 3334 3089 prater
3353 3030 3601 3071 commu-

1999 3122 2127 3161 nem
2171 3106 2458 3162 utilitatem
2514 3123 2636 3179 qua
2690 3106 2745 3161 in
2793 3106 3004 3178 synodo
3053 3113 3135 3161 est
3187 3104 3379 3176 procul
3436 3102 3601 3158 dubio

1934 3199 1983 3262 C
2003 3196 2402 3266 componenda,
2434 3195 2696 3268 quidquid
2725 3195 2865 3250 inter
2892 3195 3114 3249 fratrem
3143 3201 3196 3249 et
3235 3192 3604 3264 coepiscopum

2001 3292 2268 3350 nostrum,
2302 3285 2515 3339 Petrum
2546 3283 2797 3339 videlicet
2833 3282 3304 3353 metropolitanum
3359 3288 3601 3336 vestrum

2002 3380 2055 3427 et
2107 3372 2441 3443 pradictos,
2502 3372 2889 3427 controversia
2960 3371 3184 3427 vertitur
3216 3411 3230 3439 ,
3278 3368 3601 3425 canonicum

2000 3458 2164 3514 finem
2192 3459 2442 3530 accipiat,
2476 3468 2529 3515 et
2584 3477 2691 3532 pax
2720 3468 2772 3515 et
2818 3459 3173 3532 tranquillitas
3217 3457 3477 3514 Ecclesiis
3508 3472 3601 3513 ve-

2000 3548 2148 3619 stris,
2182 3548 2320 3604 sicut
2349 3548 2629 3616 condecet,
2677 3548 3019 3604 reformetur.
3049 3549 3172 3603 Non
3198 3563 3353 3621 ergo,
3388 3545 3601 3602 charis-

2000 3637 2143 3704 simi,
2178 3645 2287 3691 tam
2309 3644 2499 3692 sancto
2530 3652 2931 3709 numerosoque
2956 3636 3178 3691 fratrum
3211 3636 3405 3692 deesse
3433 3634 3600 3691 colle-

1999 3726 2089 3797 gio
2118 3725 2385 3797 patimini,
2420 3726 2546 3797 quia
2568 3741 2688 3795 nos,
2707 3725 2839 3781 mihi
2867 3725 3091 3790 credite,
3130 3724 3326 3779 nullius
3356 3732 3599 3780 vestrum

1998 3830 2182 3869 casum
2215 3814 2579 3887 exquirimus;
2611 3814 2774 3869 absit.
2819 3815 3201 3869 Verumtamen
3230 3813 3333 3868 nisi
3362 3813 3431 3868 ad
3461 3813 3601 3869 hanc

1999 3903 2186 3959 saltem
2219 3903 2607 3977 prasignatam
2637 3902 2999 3958 universalem
3048 3902 3317 3974 synodum
3344 3917 3599 3957 accesse-

1998 3992 2139 4063 ritis,
2173 3993 2449 4048 communi
2495 4000 2811 4049 cunctorum
2841 3991 3111 4047 sententia
3158 3989 3435 4046 canonicis
3465 3989 3602 4062 legi-

1998 4080 2102 4135 bus
2154 4081 2480 4148 subdemini,
2514 4089 2567 4137 et
2623 4097 2721 4152 pro
2774 4088 2921 4136 tanta
2984 4078 3353 4135 inobedientia
3409 4078 3602 4134 merito

1996 4169 2315 4241 puniemini.
2345 4173 2445 4225 Est
2471 4171 2644 4235 enim,
2679 4169 2932 4225 Samuele
2954 4176 3144 4225 sancto
3164 4168 3417 4232 docente,
3436 4168 3599 4239 quasi

1996 4256 2618 4328 peccatum‘ariolandi,
2639 4274 2953 4336 repugnare
2976 4278 2995 4325 ;
3018 4259 3250 4329 etquasi
3276 4256 3458 4313 scelus
3487 4255 3603 4313 ido-

2000 4345 2260 4406 lolatriae.
2288 4345 2439 4399 nolle
2469 4344 2819 4416 acquiescere
2852 4343 2903 4413 (Ι
2918 4344 3044 4413 Reg.
3076 4340 3197 4412 xv).
3229 4341 3370 4396 Data
3388 4354 3446 4394 vx
3476 4338 3597 4394 Kal.

1995 4431 2160 4486 Junii.
2197 4430 2386 4486 indict.
2419 4444 2479 4485 x.

2682 4527 2982 4583 LXXXIV.

2574 4631 2648 4671 AD
2676 4630 3026 4681 AQUILBIEUS.

2625 4715 2804 4785 (Anno
2826 4714 2976 4785 877.)

2013 4812 2142 4881 Quae
2162 4810 2229 4867 de
2258 4827 2318 4868 eo
2348 4813 2582 4868 sinistre
2609 4813 2960 4885 ferebantur,
2992 4811 3056 4885 in
3081 4810 3340 4885 generali
3359 4809 3600 4867 concilio

2282 4885 2553 4940 canonice
2575 4881 2941 4939 terminanda
2970 4881 3277 4954 signiﬁcat.

2077 4981 2161 5039 Ad
2188 4983 2494 5044 AQUILEIUS
2515 4981 2583 5053 (f.
2607 4980 3064 5052 Aquileiensem).

2075 5096 2339 5153 Novimus
2364 5102 2603 5151 vestram
2630 5093 3021 5151 beatitudinem
3049 5109 3083 5149 a
3102 5093 3379 5151 nonnullis
3407 5095 3477 5151 de
3492 5093 3603 5166 qui-

2006 5185 2235 5241 busdam
2265 5183 2574 5239 sinisterius
2603 5181 2887 5251 diﬂ'amari,
2919 5184 3066 5256 quod
3079 5182 3325 5256 profecto
3356 5182 3411 5238 in
3439 5198 3603 5254 syno-

2005 5273 2117 5329 dali
2147 5281 2231 5329 est
2257 5280 2525 5329 conventu
2566 5271 2630 5345 [Γ.
2678 5271 2963 5346 integrius]
3018 5273 3247 5329 interius
3275 5279 3330 5327 et
3385 5271 3603 5343 perspi-

2003 5362 2187 5418 cacius
2244 5360 2635 5428 ventilandum,
2670 5370 2725 5417 et
2770 5361 3071 5425 secundum
3128 5361 3213 5417 sui
3270 5360 3600 5433 qualitatem,

2004 5451 2246 5523 regulari
2274 5465 2507 5507 censura
2534 5450 2713 5506 modis
2733 5449 2984 5505 omnibus
2999 5448 3315 5506 ﬁniendum.
3350 5449 3459 5506 Sed
3475 5464 3602 5506 cre-

2006 5541 2207 5610 dimus,
2240 5539 2424 5595 divina
2461 5538 2674 5595 favente
2711 5538 2907 5611 gratia,
2938 5554 3039 5594 vos
3087 5552 3275 5595 coram
3302 5538 3508 5611 positos
3532 5540 3604 5593 ita

2003 5630 2246 5687 insontes
2302 5627 2678 5696 inveniendos,
2713 5634 2772 5684 ut
2829 5627 3029 5685 veritrs
3086 5627 3358 5704 exagitata
3396 5643 3505 5684 non
3534 5627 3603 5687 de
