4028 6180
496 288 605 344 ’135

1739 281 1768 334 Ι
1773 278 1971 337 ΟΑΝΝ
1975 278 2037 334 IS
2093 279 2290 335 PAPE
2327 281 2469 336 VIII.

3713 285 3814 340 ’736

500 411 659 467 vobis
689 409 852 479 caeni,
887 410 1034 484 quod
1097 408 1256 475 absit,
1289 407 1386 464 sed
1429 405 1691 478 unguenti
1737 402 1994 460 commoti
2015 403 2108 473 ju-
2141 403 2193 465 A
2218 403 2494 461 Benedicti
2532 403 2859 478 degentibus
2905 419 3051 460 nunc
3102 411 3155 461 et
3206 403 3402 460 futuris
3449 406 3810 478 temporibus.

499 500 739 556 cundum
768 499 960 556 reddat
974 499 1229 563 odorem;
1261 496 1366 551 nisi
1386 495 1524 550 forte
1547 493 1795 550 absentia
1813 499 2109 564 procurata

498 605 628 644 vera
659 605 782 660 quae
803 588 1071 643 .dicuntur
1115 587 1184 641 de
1221 585 1377 650 vobis
1434 583 1772 655 comprobet,
1807 589 1858 636 et
1889 596 2108 653 poenam

503 676 696 732 merito
741 677 995 748 irroget:
1046 691 1167 746 quae
1195 673 1240 728 si
1284 673 1534 738 adesset,
1572 671 1838 742 magistra
1901 668 2109 738 justitia

500 763 747 820 forsitam
804 761 1098 818 retulisset.
1143 763 1284 817 Data
1327 776 1389 815 xi
1447 759 1724 815 Kalendas
1771 757 1936 825 Junii,
1962 757 2107 812 indi-

499 853 678 910 ctione
706 851 934 907 decima.

1154 961 1426 1019 LXXXV.

639 1084 713 1126 AD
743 1085 1083 1127 GUAIFERIUII
1123 1085 1423 1124 PRINCIPEI

1066 1178 1246 1246 (Anno
1299 1174 1448 1244 877.)

563 1305 814 1348 JOANNES
853 1290 1143 1362 episcopus
1163 1303 1460 1344 GUAIFERIO
1482 1287 1714 1360 principi
1746 1286 2102 1344 Salernitano.

568 1379 705 1450 Quia
751 1379 1238 1451 Neapolitanorum
1307 1377 1462 1433 ducis
1533 1377 1744 1448 legatos
1807 1376 2109 1431 secundum

498 1469 670 1542 ipsius
701 1476 755 1524 et
783 1475 966 1523 vestra
1009 1467 1205 1538 scripta
1260 1465 1594 1537 praestolati,
1628 1481 1730 1522 uec
1755 1465 2107 1536 contemplati

497 1573 705 1623 sumus,
738 1556 931 1612 iterato
963 1555 1300 1612 excellentia:
1327 1563 1430 1610 tuae
1472 1554 1717 1610 scribere
1747 1554 2014 1627 cogimur,
2049 1561 2109 1610 ut

497 1645 649 1700 illum
676 1661 710 1700 a
735 1643 962 1716 perﬁdis
1007 1651 1336 1715 separatum,
1369 1643 1473 1715 piis
1504 1650 1706 1699 sanctae
1763 1643 1948 1698 matris
1997 1643 2106 1698 Ec-

1471 1083 1606 1123 SALE
1611 1081 1819 1122 RNI’I‘AN
1825 1082 1899 1122 III
1911 1107 1926 1122 .

2279 494 2576 565 Postquam
2605 492 2747 548 enim
2779 493 3073 549 auxiliante
3093 493 3330 558 Christo,
3353 493 3621 550 Ecclesia
3650 495 3810 566 cmpit

2208 580 2386 654 origo.
2422 597 2641 652 semper
2669 581 2957 652 impiorum
2987 581 3208 636 ﬂatibus
3250 582 3509 655 agitatur.
3546 581 3658 638 Sed
3687 583 3808 655 quia

2212 669 2410 725 nostris
2440 670 2774 740 temporibus
2795 669 2897 724 alis
2924 669 3301 741 imperialibus
3325 670 3655 736 sustollitur,
3684 686 3802 740 nos,

2209 758 2264 812 in
2293 765 2554 829 quantum
2583 758 2847 822 valemus,
2883 758 3200 829 apostolicis
3238 758 3652 814 auctoritatibus
3681 773 3801 815 cou-

2208 845 2423 902 ﬁrmare
2505 847 2787 902 debemus.
2873 846 3108 902 Proinde
3165 847 3318 916 juxta
3348 846 3678 918 petitionem
3719 846 3804 902 ﬁlii

2208 934 2381 989 nostri
2419 933 2910 1006 praecellentissimi
2937 935 3279 1006 imperatoris
3345 934 3551 1001 Caroli,
3585 935 3805 1006 privile-

2209 1022 2362 1096 gium
2388 1023 2697 1092 hujusmodi
2709 1023 3043 1079 auctoritatis
3059 1033 3260 1080 nostrae
3274 1023 3454 1080 eidem
3474 1024 3804 1080 monasterio

2208 1110 2408 1166 vestris
2434 1110 2737 1182 futurisque
2775 1111 3112 1182 temporibus
3149 1111 3528 1185 indulgemus,
3562 1111 3807 1167 concedi-

2208 1215 2328 1253 mus
2360 1207 2523 1270 atque
2547 1197 2946 1265 conﬁrmamus,
2979 1207 3036 1254 ut
3065 1199 3204 1255 sicut
3232 1200 3349 1271 ipse
3378 1200 3806 1274 gloriosissimus

2209 1287 2352 1341 tilius
2372 1294 2578 1353 noster,
2609 1303 2710 1358 per
2738 1287 3176 1358 deprecationem
3215 1287 3487 1343 Desiderii
3525 1288 3803 1359 principis,

2208 1375 2405 1431 cellam
2435 1391 2556 1448 qua
2585 1383 2810 1432 vocatur
2866 1375 3067 1431 Goditb
3125 1375 3180 1430 in
3210 1391 3354 1448 pago
3382 1376 3727 1443 Vallavensi,
3757 1376 3804 1431 in

2209 1463 2330 1519 loco
2360 1464 2452 1535 qui
2482 1464 2682 1520 dicitur
2711 1463 2876 1518 Valiis
2905 1466 3169 1536 Augusta,
3201 1464 3322 1521 loco
3341 1464 3613 1534 praedicto
3638 1479 3803 1520 necne

2209 1552 2544 1622 praescriptis
2601 1551 2821 1617 sanctis,
2880 1567 3005 1608 cum
3059 1551 3202 1608 villis
3231 1567 3298 1609 ac
3327 1551 3684 1608 facultatibus
3713 1568 3802 1607 seu

2209 1640 2495 1711 stipendiis
2539 1640 2842 1706 concessit,
2901 1647 2954 1695 et
2999 1649 3275 1712 praecepto
3328 1657 3441 1696 suae
3471 1640 3803 1696 auctoritatis

497 1733 680 1792 clesiae
733 1733 958 1804 gremiis
1013 1731 1380 1788 restituamus.
1413 1733 1594 1803 Inquo
1639 1730 1764 1804 quia
1788 1731 1901 1800 jam
1929 1731 2106 1802 pluri-
2136 1760 2190 1820 Β
2213 1729 2492 1785 roboravit
2518 1737 2679 1800 atque
2727 1728 3018 1801 privilegio
3063 1728 3294 1784 fratrum
3339 1737 3393 1784 et
3439 1727 3686 1784 ﬁliorum
3715 1744 3804 1784 no-

497 1838 646 1878 mum
664 1820 946 1888 laborasti,
978 1819 1296 1876 industriam
1326 1828 1475 1874 tuam
1513 1819 1643 1875 item
1680 1818 1918 1891 itemque
1947 1819 2108 1876 labo-

497 1925 622 1967 rare
651 1909 759 1966 ﬁue
790 1918 949 1965 tenus
985 1909 1352 1964 exhortamur.
1385 1907 1546 1977 Quod
1579 1907 1624 1962 si
1678 1907 1919 1980 iniquam
1949 1907 2110 1964 colli-

496 1999 772 2074 gationem
828 1997 1007 2053 statim
1064 1997 1376 2068 dirumpere
1432 2004 1800 2068 praparatur,
1832 2013 1957 2051 cum
2004 1997 2112 2054 hoc

495 2087 798 2146 certissime
826 2085 1132 2152 scierimus,
1165 2102 1266 2157 per
1295 2085 1660 2158 nosmetipsos
1692 2085 1760 2139 ad
1801 2085 2111 2154 Trajectum

493 2171 936 2244 properabimus,
970 2178 1024 2226 et
1053 2171 1157 2226 hoc
1186 2171 1333 2241 quod
1363 2169 1621 2243 quaeritur
1651 2177 1704 2225 et
1733 2170 1949 2242 quodve
1993 2171 2120 2240 jam-

494 2259 822 2332 promissum
849 2265 933 2314 est
979 2258 1158 2323 etiam,
1187 2258 1418 2328 amplius
1479 2257 1837 2313 libentissime
1897 2257 2101 2331 largie-

495 2364 638 2414 mur,
673 2345 893 2404 clariori
922 2347 1183 2402 duntaxat
1227 2345 1546 2402 certitudine
1575 2361 1642 2402 ac
1697 2345 1824 2401 ﬁdei
1880 2346 2108 2401 veritate

495 2435 638 2493 inter
663 2443 949 2507 utramque
976 2443 1190 2506 partem
1219 2434 1554 2505 composita;
1586 2434 1677 2489 ubi
1709 2450 1928 2506 quoque
1958 2442 2108 2489 tuam

498 2523 935 2595 sanctissimique
968 2521 1209 2577 Landulﬁ
1258 2523 1532 2590 antistitis,
1565 2530 1617 2578 et
1663 2522 1910 2594 praedicti
1937 2521 2095 2578 ducis

500 2627 605 2669 nec
634 2628 745 2669 non
778 2620 832 2667 et
866 2610 1146 2668 Pulcbaris
1167 2610 1396 2684 gloriosi
1412 2610 1741 2683 praefecturii
1771 2611 1970 2666 adesse
1999 2627 2113 2681 prae

499 2701 731 2757 sentiam
751 2699 1022 2772 cupimus.
1061 2701 1129 2755 Et
1157 2707 1217 2754 ut
1245 2707 1438 2772 agatur
1471 2699 1749 2754 solertiam
1779 2707 1926 2754 tuam
1955 2705 2106 2754 sata-

499 2805 632 2864 gere
651 2788 984 2862 ﬁagitamus.
1021 2786 1183 2856 Quod
1213 2787 1260 2843 si
1285 2788 1424 2844 adeo
1466 2787 1611 2843 idem
1643 2788 1751 2843 dux
1807 2787 2106 2842 secundum

501 2876 756 2933 duritiam
786 2893 940 2931 suam
997 2883 1050 2931 et
1099 2891 1195 2932 cor
1240 2876 1588 2946 impoenitens
1642 2875 1973 2932 tbezaurizat
2001 2875 2106 2930 sibi

500 2963 639 3021 iram
667 2964 721 3018 in
751 2964 840 3020 die
869 2964 965 3018 ira:
1006 2963 1184 3036 (Rom.
1221 2963 1302 3035 ιι),
1351 2971 1410 3018 ut
1467 2972 1560 3018 aut
1585 2965 1860 3035 protelare
1902 2973 1991 3020 aut
2017 2983 2106 3038 pe-

500 3051 647 3108 nitus
678 3067 792 3108 suae
807 3051 976 3124 ipsius
1006 3058 1060 3106 et
1086 3051 1378 3107 multorum
1401 3051 1586 3108 salutis
1611 3067 1833 3108 causam
1852 3063 2101 3111 contem-

503 3156 637 3196 nere
667 3139 814 3207 velit,
847 3147 900 3196 et
927 3141 1034 3196 hoc
1059 3139 1237 3211 ipsum
1257 3140 1434 3194 statim
1466 3155 1800 3214 cognoscere
1821 3143 2102 3214 cupimus:

501 3229 757 3303 quoniam
786 3228 944 3284 nobis
974 3244 1077 3285 uec
1120 3229 1448 3299 humanum,
1484 3245 1585 3284 nec
1617 3229 1861 3285 divinum
1891 3231 2108 3288 deﬁciet

498 3333 730 3391 prorsus
759 3317 1047 3374 consilium
1077 3325 1130 3373 et
1159 3317 1414 3372 auxilium
1466 3337 1479 3384 ;
1507 3318 1652 3389 quod
1689 3319 1848 3390 plane
1879 3321 2108 3376 reddere

503 3406 553 3463 ei
583 3407 884 3463 secundum
924 3421 1062 3478 opus
1093 3422 1251 3461 suum
1281 3414 1334 3461 et
1363 3406 1666 3462 secundum
1694 3406 1926 3463 fructum
1954 3409 2107 3464 adiu-

497 3493 816 3552 veutiouum
843 3510 1172 3550 suarum....
1197 3501 1307 3551 toto
1350 3495 1518 3551 corde
1553 3495 1886 3564 desiderant,
1919 3497 1973 3552 in
2005 3497 2108 3552 ad-

505 3591 670 3639 ventu
717 3583 866 3638 illius
921 3583 1194 3640 exsultent
1229 3601 1242 3638 :
1275 3583 1402 3656 quia
1453 3591 1506 3638 et
1559 3584 1904 3656 omnipotens
1963 3587 2110 3641 Deus

504 3671 740 3727 blandus
761 3671 923 3741 justis
953 3680 1007 3728 et
1048 3671 1308 3727 terribilis
1346 3673 1628 3744 apparebit
1658 3672 1888 3742 injustis.
1920 3675 2111 3730 Vestra

501 3761 685 3832 itaque
713 3760 1066 3816 dilectissima
1109 3761 1344 3817 charitas
1400 3745 1806 3816 devotissimam
1851 3779 1911 3818 se
1943 3779 2112 3834 super

501 3849 607 3905 hoc
634 3848 793 3904 nobis
821 3849 1092 3914 exhibeat,
1135 3857 1188 3903 et
1225 3864 1510 3920 quousque
1548 3850 1692 3905 vires
1722 3851 2106 3922 suppeditant,

503 3935 758 3991 laborare
786 3951 896 3991 non
923 3943 1122 4003 cesset,
1153 3944 1212 3991 ut
1240 3937 1372 3991 dum
1427 3937 1620 3992 vestris
1651 3939 1956 3994 hortatibus
1989 3941 2109 3997 haec

503 4031 696 4079 nostra
723 4024 1014 4094 postulatio
1033 4024 1102 4078 ad
1132 4022 1383 4080 effectum
1413 4027 1750 4096 pervenerit,
1783 4027 1979 4100 dignas
2009 4044 2111 4085 vo-

505 4110 589 4166 bis
609 4111 816 4184 gratias
845 4110 1168 4179 referamus,
1199 4121 1252 4167 et
1281 4113 1424 4184 apud
1469 4121 1688 4168 sanctos
1747 4116 2028 4186 apostolos
2057 4117 2112 4172 in

508 4199 842 4254 orationibus
880 4200 1082 4260 nostris
1125 4200 1445 4256 memoriam
1507 4201 1824 4258 habeamus.
1876 4204 2009 4259 Data
2050 4221 2110 4260 ιιι

512 4287 784 4346 Kalendas
811 4287 974 4356 Junii,
1009 4288 1308 4346 indictione
1343 4289 1576 4346 decima.

1161 4431 1460 4487 LXXXVI.

511 4550 586 4592 AD
617 4551 874 4594 CABOLUII
919 4551 1311 4594 IMPERATOREI
1354 4553 1638 4594 GEILONEM
1694 4554 1947 4596 ΔΒΒΑΤΕΗ
1979 4555 2115 4596 τοκ-

831 4639 1152 4681 τυτιιζΝειςκ
1217 4641 1466 4690 ειυερυπ
1506 4642 1825 4684 ΜΟΝΔΟΗΟΒ.

1071 4723 1254 4793 (Anno
1286 4725 1438 4793 877.)

591 4839 778 4908 Cellae,
814 4838 1032 4905 Godith,
1067 4857 1101 4895 a
1129 4840 1414 4897 Desiderio
1421 4842 1700 4966 cprincipe
1727 4843 1988 4914 fundatae
2009 4861 2115 4901 sua

591 4911 716 4966 iura
747 4911 1082 4966 conﬁrmat:
1137 4912 1334 4966 auibus
1384 4929 1417 4966 a
1457 4913 1542 4966 dit
1561 4915 1992 4966 immunitatem
2048 4916 2115 4966 ab

573 4911 1082 4984 juraconﬁrmat;
1137 4912 1334 4984 quibus
1382 4911 1542 4984 addit
1561 4911 1992 4970 im'manitatem
2048 4916 2116 4971 ab

583 4981 740 5036 omni
769 4982 1076 5053 episcopali
1093 4981 1498 5053 jzirisdictione
1515 5000 1666 5039 anno
1700 4985 1918 5065 Christi
1948 4988 2071 5042 877.

585 5085 840 5140 JOANan
861 5085 1376 5158 epircopns,servus
1396 5105 1676 5145 servorum
1696 5090 1818 5156 Dei,
1849 5091 2114 5162 spirituali

513 5172 624 5230 ﬁlio
643 5183 833 5231 nostro
879 5174 1118 5247 gloriosa
1163 5177 1385 5232 Canono
1430 5177 1744 5250 imperatori
1775 5182 2020 5254 Augusto
2049 5195 2116 5237 ac

514 5261 754 5319 Garnom
783 5262 986 5334 inclyto
1031 5263 1214 5320 abbati
1268 5265 1588 5338 dilectisque
1619 5267 1745 5323 ﬁliis
1786 5269 1839 5323 in
1871 5271 2113 5325 Trenor-

511 5349 636 5406 chio
691 5352 1022 5408 monasterio
1071 5360 1276 5410 sanctae
1305 5361 1357 5408 et
1402 5354 1737 5413 intemeratae
1789 5373 2114 5431 semperque

514 5436 742 5508 virginis
763 5441 862 5496 Dei
889 5441 1170 5513 genitricis
1200 5442 1404 5510 Mariae,
1439 5451 1600 5516 atque
1630 5446 1872 5516 pretioso
1901 5446 2112 5504 confes-

513 5525 628 5582 σοινί
682 5526 882 5585 Christi
947 5529 1199 5587 Filiberto
1257 5531 1457 5604 largito
1493 5575 1505 5603 ,
1539 5533 1642 5589 sub
1691 5535 1884 5610 regula
1940 5536 2116 5594 sancti

2215 1825 2450 1872 strorum
2479 1815 2856 1888 episcoporum
2904 1816 3119 1872 illarum
3157 1817 3446 1888 regionum
3490 1817 3804 1872 conﬁrmari

2215 1902 2338 1960 fecit
2372 1923 2385 1959 :
2419 1905 2490 1960 ita
2546 1905 2684 1960 sicut
2715 1905 2770 1958 in
2823 1905 3013 1959 eadem
3055 1906 3240 1961 charta
3295 1905 3600 1960 nobilitatis
3637 1909 3805 1978 quam

2213 1990 2338 2048 fecit
2368 1993 2704 2058 Desiderius,
2741 2000 2795 2048 et
2819 1984 3095 2065 praecepto
3127 1991 3223 2047 ﬁlii
3267 1993 3438 2049 nostri
3470 1993 3654 2048 Caroli
3683 2008 3807 2049 con-

2212 2079 2430 2150 tinetur,
2465 2081 2786 2137 inconvulsa
2835 2089 3195 2152 permaneant
3225 2099 3239 2136 ε
3271 2090 3330 2136 ut
3375 2081 3560 2136 nullus
3591 2097 3798 2154 regum,

2209 2185 2371 2224 nemo
2388 2169 2686 2226 antistitum
2715 2169 2800 2225 vel
2817 2170 3086 2236 abbatum,
3109 2185 3208 2225 seu
3237 2169 3464 2241 quilibet
3487 2185 3806 2242 quacunque

2210 2257 2473 2329 praeditus
2503 2257 2785 2330 dignitate,
2819 2258 2888 2313 de
2930 2258 3016 2313 bis
3043 2274 3165 2330 quin
3205 2257 3259 2312 in
3282 2258 3388 2314 hoc
3405 2257 3700 2332 privilegio
3726 2257 3806 2314 vel

2209 2345 2266 2400 iu
2320 2347 2608 2417 pmceptis
2658 2346 2832 2418 ipsius
2886 2345 2980 2400 ﬁlii
3022 2346 3195 2402 nostri
3225 2347 3400 2402 Caroli
3438 2346 3802 2415 continentur,

2211 2435 2511 2506 quidquam
2540 2433 2736 2490 exinde
2785 2434 3028 2491 minuere
3083 2435 3173 2491 vel
3211 2434 3432 2490 auferre
3480 2443 3806 2506 praesumat;

2209 2523 2307 2578 sed
2364 2530 2556 2578 cuncta
2611 2539 2732 2595 quas
2760 2523 2999 2595 praefatae
3063 2523 3312 2579 ecclesiae
3356 2523 3582 2579 Godithi
3629 2523 3806 2580 oblata

2209 2619 2334 2667 sunt
2373 2611 2459 2666 vel
2514 2609 2701 2666 offerri
2755 2611 3066 2684 pontigerit,
3126 2611 3447 2667 inconvulsa
3503 2619 3556 2666 et
3610 2611 3804 2666 illibata

2207 2707 2582 2773 permaneant.
2624 2699 3013 2754 Constituimus
3042 2699 3144 2754 alia
3190 2700 3508 2756 auctoritate
3537 2700 3682 2756 beati
3713 2701 3805 2756 Pe-

2207 2789 2294 2858 tri,
2355 2796 2412 2843 ut
2471 2788 2705 2844 ecclesia
2763 2788 2820 2842 iu
2849 2789 2992 2843 valle
3022 2788 3280 2859 praedicta
3307 2796 3638 2856 constructa,
3673 2789 3804 2843 etin

2207 2878 2416 2932 honore
2444 2875 2761 2941 Salvatoris,
2795 2876 3022 2948 ejusque
3060 2876 3350 2932 Genitricis
3378 2877 3581 2946 dicata,
3610 2877 3807 2932 immu-

2206 2965 2291 3020 nis
2347 2965 2608 3020 habeatur
2664 2964 2733 3020 ab
2790 2964 2936 3020 omni
2993 2965 3362 3020 dominatione
3418 2974 3651 3031 terrena,
3685 2965 3807 3038 quia

2206 3053 2462 3123 iujustum
2489 3052 2836 3108 decernimus
2863 3061 2918 3107 ut
2947 3053 3190 3126 gloriosa
3219 3053 3407 3108 mundi
3437 3054 3668 3127 Regina,
3689 3069 3806 3126 quae

2209 3158 2330 3198 cum
2361 3141 2494 3197 Filio
2513 3141 2698 3210 juncta
2718 3185 2730 3207 ,
2762 3141 2992 3196 exaltata
3031 3149 3115 3196 est
3143 3158 3310 3213 super
3346 3143 3546 3198 choros
3575 3141 3804 3215 angelo-

2209 3246 2351 3297 rum,
2378 3229 2627 3285 humanis
2648 3229 2911 3285 subdatur
2939 3230 3316 3300 potestatibus.
3367 3231 3804 3286 Auatbematiza-

2209 3334 2348 3387 mus,
2380 3318 2565 3391 igitur,
2597 3326 2654 3372 ut
2681 3334 2842 3373 nemo
2869 3318 3164 3372 antistitum
3195 3319 3377 3374 locum
3400 3319 3506 3374 sibi
3535 3319 3806 3374 vindicare

2209 3407 2440 3472 audeat,
2471 3422 2570 3462 seu
2610 3407 2848 3478 qualibet
2893 3406 3182 3463 occasione
3229 3407 3612 3476 absolutionis,
3645 3415 3798 3479 atque

2211 3494 2785 3552 excommunicationis
2807 3536 2822 3565 ,
2871 3495 2960 3551 vel
3015 3511 3188 3551 sacrae
3250 3495 3616 3552 ordinationis
3663 3495 3805 3551 adire

2210 3591 2521 3655 praesumat,
2554 3583 2658 3638 nisi
2713 3584 2779 3638 ab
2835 3584 3030 3639 abbate
3085 3583 3210 3649 loci,
3242 3584 3386 3639 vela
3422 3584 3704 3640 monachis
3730 3581 3802 3638 ibi

2213 3673 2328 3728 Deo
2349 3672 2712 3728 servientibus
2761 3671 2917 3726 fuerit
2951 3672 3227 3727 invitatus.
3259 3672 3529 3728 Caeterum
3570 3673 3638 3728 ab
3665 3672 3803 3727 omni

2213 3760 2461 3816 saeculari
2499 3776 2734 3832 persona
2776 3760 3123 3816 decernimus
3162 3776 3286 3816 esse
3311 3760 3546 3816 liberum
3577 3770 3632 3818 et
3661 3759 3804 3833 quie-

2213 3856 2348 3915 tum,
2408 3848 2550 3902 utin
2604 3848 2896 3919 praeceptis
2938 3847 3033 3902 ﬁlii
3062 3849 3232 3904 nostri
3273 3848 3449 3903 Caroli
3477 3850 3798 3904 continetur.

2215 3937 2272 3992 Si
2305 3936 2426 4008 quis
2481 3943 2662 3990 autem
2729 3936 3021 3992 temerario
3077 3953 3244 4002 ausu,
3278 3951 3480 4008 magna
3533 3951 3800 4008 parvaque

2213 4041 2482 4096 persona,
2517 4032 2706 4080 contra
2745 4026 2849 4080 hoc
2887 4032 3128 4080 nostrum
3168 4026 3446 4080 decretum
3475 4040 3644 4098 agere
3670 4040 3801 4096 pra-

2215 4113 2529 4184 sumpserit,
2565 4113 2703 4168 sciat
2733 4130 2792 4168 se
2838 4114 3199 4169 anathematis
3231 4114 3448 4169 vinculo
3493 4130 3620 4170 esse
3650 4115 3800 4168 inno-

2215 4217 2420 4268 casum,
2454 4209 2507 4256 et
2533 4217 2566 4256 a
2595 4217 2770 4274 regno
2799 4202 2898 4256 Dei
2919 4202 3174 4267 alienum,
3199 4211 3383 4258 etcum
3402 4202 3590 4273 impiis
3610 4211 3802 4258 eterna

2215 4289 2467 4346 incendio
2497 4290 2937 4345 condemnatum.
2972 4290 3243 4362 Scriptum
3272 4307 3371 4362 per
3415 4306 3640 4346 manum
3662 4292 3800 4344 Ana-

2217 4378 2362 4433 stasii
2381 4379 2573 4434 notarii
2603 4379 2895 4450 regionarii
2923 4385 2976 4434 et
3007 4379 3271 4442 scriniarii
3321 4387 3528 4436 sanctae
3557 4379 3802 4434 Romans

2137 4464 2190 4525 D
2211 4467 2494 4533 Ecclesiae,
2527 4466 2584 4522 iu
2603 4483 2792 4522 mense
2819 4467 2978 4522 Junio
3007 4467 3299 4522 indictione
3330 4467 3518 4538 quinta
3533 4463 3796 4540 [decima].

2213 4556 2358 4611 Bene
2388 4555 2584 4610 valete.
2630 4557 2694 4610 In
2736 4557 2964 4629 plumbo
3003 4556 3238 4612 Joannis
3266 4572 3450 4629 papas.

2863 4679 3188 4736 LXXXVII.

2505 4800 2576 4840 AD
2603 4799 3078 4842 ARCHIEPISCOPUI
3108 4800 3510 4842 ιιΑνεΝΝΑτειι.

2814 4877 2996 4938 (Anno
3035 4874 3187 4943 877.)

2217 4962 2447 5018 Certum
2476 4964 2793 5035 prorscﬁbit
2805 4963 2954 5019 diem
2965 4979 3068 5035 quo
3099 4966 3379 5020 Ravenna:
3407 4980 3539 5019 cum
3555 4963 3798 5035 omnibus

2286 5035 2404 5088 suis
2453 5031 2827 5112 sil/Tragnneis
2856 5031 3164 5112 adfuturus
3240 5035 3312 5089 sit
3339 5035 3549 5112 Lquod
3590 5035 3637 5089 si

2319 5119 2522 5228 parerte
2541 5101 2972 5178 contempserit,
3025 5101 3666 5162 excommunicationcm
3682 5101 3796 5156 illi

2319 5191 2476 5230 mina
2512 5191 2601 5230 ur.

2285 5263 2543 5318 JOANNES
2571 5263 2988 5336 archiepiscopo
3017 5263 3339 5330 Ravennati,

2289 5360 2396 5414 Iter
2417 5360 2564 5431 quod
2593 5376 2692 5431 pro
2723 5360 3074 5417 dissolvendo
3103 5360 3313 5416 ﬁndere
3341 5359 3474 5416 olim
3501 5376 3531 5414 ε
3559 5353 3804 5428 Neapoli-

2215 5448 2354 5503 tanis
2383 5463 2507 5504 cum
2538 5449 2857 5506 Sacracenis
2885 5449 3018 5504 inito
3063 5449 3368 5519 Trajectum
3396 5449 3616 5506 fecimus
3641 5459 3736 5499 nos
3767 5458 3805 5498 ι

2212 5535 2482 5610 praeﬁnito
2523 5537 2610 5595 dic
2667 5538 2863 5612 synodi
2903 5537 3198 5600 retardavit
3230 5579 3245 5608 ,
3280 5538 3376 5594 sed
3421 5537 3547 5615 quia
3588 5539 3804 5593 auctore
