  <div class='ocr_page' id='page_1' title='image "/cluster/home/n/w/nwhite01/storage/ocr_20150623/126/hvd.32044052819513/374.png"; bbox 0 0 4028 6180; ppageno 0'>
   <div class='ocr_carea' id='block_1_1' title="bbox 208 251 313 305">
    <p class='ocr_par' dir='ltr' id='par_1_1' title="bbox 208 251 313 305">
     <span class='ocr_line' id='line_1_1' title="bbox 208 251 313 305; baseline 0.01 -1"><span class='ocrx_word' id='word_1_1' title='bbox 208 251 313 305; x_wconf 81' lang='grc'><strong>’737</strong></span> 
     </span>
    </p>
   </div>
   <div class='ocr_carea' id='block_1_2' title="bbox 1349 248 2237 306">
    <p class='ocr_par' dir='ltr' id='par_1_2' title="bbox 1349 248 2237 306">
     <span class='ocr_line' id='line_1_2' title="bbox 1349 248 2237 306; baseline -0.001 -1"><span class='ocrx_word' id='word_1_2' title='bbox 1349 248 1703 306; x_wconf 68' lang='grc' dir='ltr'><strong>ΕΡΙΞΤΟΙιιΕ</strong></span> <span class='ocrx_word' id='word_1_3' title='bbox 1748 250 1838 305; x_wconf 89' lang='lat' dir='ltr'>ET</span> <span class='ocrx_word' id='word_1_4' title='bbox 1890 249 2237 306; x_wconf 85' lang='lat' dir='ltr'><strong>DECRETA.</strong></span> 
     </span>
    </p>
   </div>
   <div class='ocr_carea' id='block_1_3' title="bbox 3392 251 3500 306">
    <p class='ocr_par' dir='ltr' id='par_1_3' title="bbox 3392 251 3500 306">
     <span class='ocr_line' id='line_1_3' title="bbox 3392 251 3500 306; baseline -0.028 0"><span class='ocrx_word' id='word_1_5' title='bbox 3392 251 3500 306; x_wconf 80' lang='lat'><strong>738</strong></span> 
     </span>
    </p>
   </div>
   <div class='ocr_carea' id='block_1_4' title="bbox 207 372 3502 446">
    <p class='ocr_par' dir='ltr' id='par_1_4' title="bbox 207 372 3502 446">
     <span class='ocr_line' id='line_1_4' title="bbox 207 372 3502 446; baseline -0 -17"><span class='ocrx_word' id='word_1_6' title='bbox 207 374 344 443; x_wconf 90' lang='lat' dir='ltr'><strong>Deo,</strong></span> <span class='ocrx_word' id='word_1_7' title='bbox 369 374 492 445; x_wconf 90' lang='lat' dir='ltr'><strong>ipso</strong></span> <span class='ocrx_word' id='word_1_8' title='bbox 510 373 760 441; x_wconf 89' lang='lat' dir='ltr'><strong>discisso,</strong></span> <span class='ocrx_word' id='word_1_9' title='bbox 784 373 938 446; x_wconf 83' lang='lat' dir='ltr'><strong>quies</strong></span> <span class='ocrx_word' id='word_1_10' title='bbox 958 374 1143 446; x_wconf 92' lang='lat' dir='ltr'><strong>aliqua</strong></span> <span class='ocrx_word' id='word_1_11' title='bbox 1157 373 1372 430; x_wconf 89' lang='lat' dir='ltr'><strong>reddita</strong></span> <span class='ocrx_word' id='word_1_12' title='bbox 1393 375 1800 446; x_wconf 75' lang='lat' dir='ltr'><strong>comprobatur,</strong></span> <span class='ocrx_word' id='word_1_13' title='bbox 1835 374 1887 437; x_wconf 82' lang='lat' dir='ltr'><strong>A</strong></span> <span class='ocrx_word' id='word_1_14' title='bbox 1909 374 2203 441; x_wconf 91' lang='lat' dir='ltr'><strong>licitudine,</strong></span> <span class='ocrx_word' id='word_1_15' title='bbox 2272 372 2622 445; x_wconf 74' lang='lat' dir='ltr'><strong>praecipiente</strong></span> <span class='ocrx_word' id='word_1_16' title='bbox 2668 374 2920 441; x_wconf 86' lang='lat' dir='ltr'><strong>Domino,</strong></span> <span class='ocrx_word' id='word_1_17' title='bbox 2980 372 3162 430; x_wconf 85' lang='lat' dir='ltr'><strong>favere</strong></span> <span class='ocrx_word' id='word_1_18' title='bbox 3216 373 3502 440; x_wconf 84' lang='lat' dir='ltr'><strong>debemus,</strong></span> 
     </span>
    </p>
   </div>
   <div class='ocr_carea' id='block_1_5' title="bbox 206 462 1808 519">
    <p class='ocr_par' dir='ltr' id='par_1_5' title="bbox 206 462 1808 519">
     <span class='ocr_line' id='line_1_5' title="bbox 206 462 1808 519; baseline 0.001 -2"><span class='ocrx_word' id='word_1_19' title='bbox 206 477 334 519; x_wconf 89' lang='lat' dir='ltr'><strong>ecce</strong></span> <span class='ocrx_word' id='word_1_20' title='bbox 360 462 432 517; x_wconf 91' lang='lat' dir='ltr'><strong>de</strong></span> <span class='ocrx_word' id='word_1_21' title='bbox 463 462 659 518; x_wconf 81' lang='lat' dir='ltr'><strong>itinere</strong></span> <span class='ocrx_word' id='word_1_22' title='bbox 698 462 990 518; x_wconf 84' lang='lat' dir='ltr'><strong>scribimus</strong></span> <span class='ocrx_word' id='word_1_23' title='bbox 1037 478 1137 518; x_wconf 92' lang='lat' dir='ltr'><strong>nos</strong></span> <span class='ocrx_word' id='word_1_24' title='bbox 1165 463 1468 519; x_wconf 83' lang='lat' dir='ltr'><strong>certissime</strong></span> <span class='ocrx_word' id='word_1_25' title='bbox 1516 472 1671 519; x_wconf 80' lang='lat' dir='ltr'><strong>sexto</strong></span> <span class='ocrx_word' id='word_1_26' title='bbox 1712 463 1808 518; x_wconf 86' lang='lat' dir='ltr'><strong>de-</strong></span> 
     </span>
    </p>
   </div>
   <div class='ocr_carea' id='block_1_6' title="bbox 120 550 1808 622">
    <p class='ocr_par' dir='ltr' id='par_1_6' title="bbox 120 550 1808 622">
     <span class='ocr_line' id='line_1_6' title="bbox 120 550 1808 622; baseline -0.001 -16"><span class='ocrx_word' id='word_1_27' title='bbox 120 613 125 621; x_wconf 89' lang='lat'><em>_</em></span> <span class='ocrx_word' id='word_1_28' title='bbox 205 550 347 607; x_wconf 88' lang='lat' dir='ltr'><strong>cimo</strong></span> <span class='ocrx_word' id='word_1_29' title='bbox 377 550 659 605; x_wconf 82' lang='lat' dir='ltr'><strong>Kalendas</strong></span> <span class='ocrx_word' id='word_1_30' title='bbox 687 553 958 622; x_wconf 83' lang='lat' dir='ltr'><strong>Augustas</strong></span> <span class='ocrx_word' id='word_1_31' title='bbox 989 553 1261 607; x_wconf 70' lang='lat' dir='ltr'><strong>Ravenna:</strong></span> <span class='ocrx_word' id='word_1_32' title='bbox 1288 551 1520 619; x_wconf 82' lang='lat' dir='ltr'><strong>futuros,</strong></span> <span class='ocrx_word' id='word_1_33' title='bbox 1554 551 1646 606; x_wconf 92' lang='lat' dir='ltr'><strong>ubi</strong></span> <span class='ocrx_word' id='word_1_34' title='bbox 1677 566 1808 606; x_wconf 90' lang='lat' dir='ltr'><strong>san-</strong></span> 
     </span>
    </p>
   </div>
   <div class='ocr_carea' id='block_1_7' title="bbox 206 638 1811 712">
    <p class='ocr_par' dir='ltr' id='par_1_7' title="bbox 206 638 1811 712">
     <span class='ocr_line' id='line_1_7' title="bbox 206 638 1811 712; baseline 0 -18"><span class='ocrx_word' id='word_1_35' title='bbox 206 639 367 694; x_wconf 88' lang='lat' dir='ltr'><strong>ctitas</strong></span> <span class='ocrx_word' id='word_1_36' title='bbox 390 647 482 693; x_wconf 90' lang='lat' dir='ltr'><strong>tua</strong></span> <span class='ocrx_word' id='word_1_37' title='bbox 511 655 612 710; x_wconf 86' lang='lat' dir='ltr'><strong>per</strong></span> <span class='ocrx_word' id='word_1_38' title='bbox 637 655 695 694; x_wconf 91' lang='lat' dir='ltr'><strong>se</strong></span> <span class='ocrx_word' id='word_1_39' title='bbox 725 655 847 695; x_wconf 88' lang='lat' dir='ltr'><strong>cum</strong></span> <span class='ocrx_word' id='word_1_40' title='bbox 888 640 1140 694; x_wconf 91' lang='lat' dir='ltr'><strong>omnibus</strong></span> <span class='ocrx_word' id='word_1_41' title='bbox 1170 638 1530 712; x_wconf 80' lang='lat' dir='ltr'><strong>suﬂ‘raganeis</strong></span> <span class='ocrx_word' id='word_1_42' title='bbox 1560 639 1673 694; x_wconf 86' lang='lat' dir='ltr'><strong>suis</strong></span> <span class='ocrx_word' id='word_1_43' title='bbox 1701 638 1811 710; x_wconf 88' lang='lat' dir='ltr'><strong>epi-</strong></span> 
     </span>
    </p>
   </div>
   <div class='ocr_carea' id='block_1_8' title="bbox 208 727 1808 798">
    <p class='ocr_par' dir='ltr' id='par_1_8' title="bbox 208 727 1808 798">
     <span class='ocr_line' id='line_1_8' title="bbox 208 727 1808 798; baseline 0.001 -17"><span class='ocrx_word' id='word_1_44' title='bbox 208 727 413 797; x_wconf 83' lang='lat' dir='ltr'><strong>scopis,</strong></span> <span class='ocrx_word' id='word_1_45' title='bbox 438 743 579 798; x_wconf 89' lang='lat' dir='ltr'><strong>quos</strong></span> <span class='ocrx_word' id='word_1_46' title='bbox 607 728 725 798; x_wconf 90' lang='lat' dir='ltr'><strong>ipsa</strong></span> <span class='ocrx_word' id='word_1_47' title='bbox 741 743 1043 784; x_wconf 86' lang='lat' dir='ltr'><strong>convocare</strong></span> <span class='ocrx_word' id='word_1_48' title='bbox 1063 728 1246 795; x_wconf 90' lang='lat' dir='ltr'><strong>debet,</strong></span> <span class='ocrx_word' id='word_1_49' title='bbox 1271 729 1466 784; x_wconf 79' lang='lat' dir='ltr'><strong>adesse</strong></span> <span class='ocrx_word' id='word_1_50' title='bbox 1483 728 1808 783; x_wconf 90' lang='lat' dir='ltr'><strong>duodecimo</strong></span> 
     </span>
    </p>
   </div>
   <div class='ocr_carea' id='block_1_9' title="bbox 204 815 1806 887">
    <p class='ocr_par' dir='ltr' id='par_1_9' title="bbox 204 815 1806 887">
     <span class='ocr_line' id='line_1_9' title="bbox 204 815 1806 887; baseline 0.001 -17"><span class='ocrx_word' id='word_1_51' title='bbox 204 815 583 870; x_wconf 81' lang='lat' dir='ltr'><strong>Kalendarum</strong></span> <span class='ocrx_word' id='word_1_52' title='bbox 608 818 998 887; x_wconf 80' lang='lat' dir='ltr'><strong>Augustarum,</strong></span> <span class='ocrx_word' id='word_1_53' title='bbox 1034 818 1182 872; x_wconf 91' lang='lat' dir='ltr'><strong>omni</strong></span> <span class='ocrx_word' id='word_1_54' title='bbox 1202 824 1414 874; x_wconf 88' lang='lat' dir='ltr'><strong>remota</strong></span> <span class='ocrx_word' id='word_1_55' title='bbox 1436 817 1806 882; x_wconf 82' lang='lat' dir='ltr'><strong>excusatione,</strong></span> 
     </span>
    </p>
   </div>
   <div class='ocr_carea' id='block_1_10' title="bbox 209 905 1810 975">
    <p class='ocr_par' dir='ltr' id='par_1_10' title="bbox 209 905 1810 975">
     <span class='ocr_line' id='line_1_10' title="bbox 209 905 1810 975; baseline 0.002 -17"><span class='ocrx_word' id='word_1_56' title='bbox 209 905 878 975; x_wconf 85' lang='lat' dir='ltr'><strong>procuret;utcommuni</strong></span> <span class='ocrx_word' id='word_1_57' title='bbox 916 913 1142 961; x_wconf 89' lang='lat' dir='ltr'><strong>tractatu</strong></span> <span class='ocrx_word' id='word_1_58' title='bbox 1179 906 1489 961; x_wconf 88' lang='lat' dir='ltr'><strong>communia</strong></span> <span class='ocrx_word' id='word_1_59' title='bbox 1530 906 1810 962; x_wconf 84' lang='lat' dir='ltr'><strong>Ecclesia-</strong></span> 
     </span>
    </p>
   </div>
   <div class='ocr_carea' id='block_1_11' title="bbox 205 993 1811 1066">
    <p class='ocr_par' dir='ltr' id='par_1_11' title="bbox 205 993 1811 1066">
     <span class='ocr_line' id='line_1_11' title="bbox 205 993 1811 1066; baseline 0.002 -20"><span class='ocrx_word' id='word_1_60' title='bbox 205 1008 330 1046; x_wconf 87' lang='lat' dir='ltr'><strong>rum</strong></span> <span class='ocrx_word' id='word_1_61' title='bbox 363 1000 554 1047; x_wconf 87' lang='lat' dir='ltr'><strong>exorta</strong></span> <span class='ocrx_word' id='word_1_62' title='bbox 603 993 810 1048; x_wconf 88' lang='lat' dir='ltr'><strong>zizania</strong></span> <span class='ocrx_word' id='word_1_63' title='bbox 853 994 1185 1066; x_wconf 83' lang='lat' dir='ltr'><strong>generaliter</strong></span> <span class='ocrx_word' id='word_1_64' title='bbox 1238 995 1555 1050; x_wconf 89' lang='lat' dir='ltr'><strong>evellantur.</strong></span> <span class='ocrx_word' id='word_1_65' title='bbox 1607 994 1666 1050; x_wconf 87' lang='lat' dir='ltr'><strong>Si</strong></span> <span class='ocrx_word' id='word_1_66' title='bbox 1691 994 1811 1066; x_wconf 85' lang='lat' dir='ltr'><strong>quis</strong></span> 
     </span>
    </p>
   </div>
   <div class='ocr_carea' id='block_1_12' title="bbox 200 1082 1809 1155">
    <p class='ocr_par' dir='ltr' id='par_1_12' title="bbox 200 1082 1809 1155">
     <span class='ocr_line' id='line_1_12' title="bbox 200 1082 1809 1155; baseline 0.001 -21"><span class='ocrx_word' id='word_1_67' title='bbox 200 1088 387 1136; x_wconf 89' lang='lat' dir='ltr'><strong>autem</strong></span> <span class='ocrx_word' id='word_1_68' title='bbox 416 1082 474 1135; x_wconf 91' lang='lat' dir='ltr'><strong>in</strong></span> <span class='ocrx_word' id='word_1_69' title='bbox 502 1082 608 1137; x_wconf 89' lang='lat' dir='ltr'><strong>hac</strong></span> <span class='ocrx_word' id='word_1_70' title='bbox 627 1089 783 1152; x_wconf 86' lang='lat' dir='ltr'><strong>parte</strong></span> <span class='ocrx_word' id='word_1_71' title='bbox 804 1082 1096 1153; x_wconf 79' lang='lat' dir='ltr'><strong>collegium</strong></span> <span class='ocrx_word' id='word_1_72' title='bbox 1124 1092 1364 1139; x_wconf 89' lang='lat' dir='ltr'><strong>vestrum</strong></span> <span class='ocrx_word' id='word_1_73' title='bbox 1391 1083 1667 1155; x_wconf 82' lang='lat' dir='ltr'><strong>putaverit</strong></span> <span class='ocrx_word' id='word_1_74' title='bbox 1714 1083 1809 1137; x_wconf 90' lang='lat' dir='ltr'><strong>de-</strong></span> 
     </span>
    </p>
   </div>
   <div class='ocr_carea' id='block_1_13' title="bbox 201 1169 1813 1236">
    <p class='ocr_par' dir='ltr' id='par_1_13' title="bbox 201 1169 1813 1236">
     <span class='ocr_line' id='line_1_13' title="bbox 201 1169 1813 1236; baseline 0.001 -10"><span class='ocrx_word' id='word_1_75' title='bbox 201 1169 543 1236; x_wconf 88' lang='lat' dir='ltr'><strong>clinandum,</strong></span> <span class='ocrx_word' id='word_1_76' title='bbox 596 1170 991 1226; x_wconf 89' lang='lat' dir='ltr'><strong>communionis</strong></span> <span class='ocrx_word' id='word_1_77' title='bbox 1037 1180 1235 1227; x_wconf 69' lang='lat' dir='ltr'><strong>nostra:</strong></span> <span class='ocrx_word' id='word_1_78' title='bbox 1265 1188 1297 1226; x_wconf 90' lang='lat' dir='ltr'><strong>a</strong></span> <span class='ocrx_word' id='word_1_79' title='bbox 1329 1188 1388 1227; x_wconf 90' lang='lat' dir='ltr'><strong>se</strong></span> <span class='ocrx_word' id='word_1_80' title='bbox 1416 1171 1630 1227; x_wconf 88' lang='lat' dir='ltr'><strong>noverit</strong></span> <span class='ocrx_word' id='word_1_81' title='bbox 1683 1187 1813 1228; x_wconf 91' lang='lat' dir='ltr'><strong>con-</strong></span> 
     </span>
    </p>
   </div>
   <div class='ocr_carea' id='block_1_14' title="bbox 202 1259 1812 1332">
    <p class='ocr_par' dir='ltr' id='par_1_14' title="bbox 202 1259 1812 1332">
     <span class='ocr_line' id='line_1_14' title="bbox 202 1259 1812 1332; baseline 0.002 -18"><span class='ocrx_word' id='word_1_82' title='bbox 202 1259 434 1314; x_wconf 85' lang='lat' dir='ltr'><strong>sortium</strong></span> <span class='ocrx_word' id='word_1_83' title='bbox 466 1259 646 1313; x_wconf 90' lang='lat' dir='ltr'><strong>modis</strong></span> <span class='ocrx_word' id='word_1_84' title='bbox 684 1259 939 1314; x_wconf 90' lang='lat' dir='ltr'><strong>omnibus</strong></span> <span class='ocrx_word' id='word_1_85' title='bbox 983 1260 1365 1315; x_wconf 90' lang='lat' dir='ltr'><strong>adimendum:</strong></span> <span class='ocrx_word' id='word_1_86' title='bbox 1396 1261 1554 1316; x_wconf 90' lang='lat' dir='ltr'><strong>nobis</strong></span> <span class='ocrx_word' id='word_1_87' title='bbox 1620 1259 1812 1332; x_wconf 88' lang='lat' dir='ltr'><strong>procul</strong></span> 
     </span>
    </p>
   </div>
   <div class='ocr_carea' id='block_1_15' title="bbox 202 1347 1811 1420">
    <p class='ocr_par' dir='ltr' id='par_1_15' title="bbox 202 1347 1811 1420">
     <span class='ocr_line' id='line_1_15' title="bbox 202 1347 1811 1420; baseline 0.001 -19"><span class='ocrx_word' id='word_1_88' title='bbox 202 1348 397 1415; x_wconf 88' lang='lat' dir='ltr'><strong>dubio,</strong></span> <span class='ocrx_word' id='word_1_89' title='bbox 431 1347 737 1402; x_wconf 86' lang='lat' dir='ltr'><strong>secundum</strong></span> <span class='ocrx_word' id='word_1_90' title='bbox 765 1348 1083 1417; x_wconf 76' lang='lat' dir='ltr'><strong>Apostolum</strong></span> <span class='ocrx_word' id='word_1_91' title='bbox 1115 1350 1193 1419; x_wconf 89' lang='lat' dir='ltr'><strong>(II</strong></span> <span class='ocrx_word' id='word_1_92' title='bbox 1221 1350 1340 1405; x_wconf 82' lang='lat' dir='ltr'><strong>Car.</strong></span> <span class='ocrx_word' id='word_1_93' title='bbox 1371 1350 1453 1419; x_wconf 82' lang='lat' dir='ltr'><strong>x),</strong></span> <span class='ocrx_word' id='word_1_94' title='bbox 1486 1349 1542 1403; x_wconf 94' lang='lat' dir='ltr'><strong>in</strong></span> <span class='ocrx_word' id='word_1_95' title='bbox 1560 1357 1811 1420; x_wconf 92' lang='lat' dir='ltr'><strong>promptu</strong></span> 
     </span>
    </p>
   </div>
   <div class='ocr_carea' id='block_1_16' title="bbox 201 1435 1811 1494">
    <p class='ocr_par' dir='ltr' id='par_1_16' title="bbox 201 1435 1811 1494">
     <span class='ocr_line' id='line_1_16' title="bbox 201 1435 1811 1494; baseline 0.002 -5"><span class='ocrx_word' id='word_1_96' title='bbox 201 1435 537 1490; x_wconf 85' lang='lat' dir='ltr'><strong>habentibus</strong></span> <span class='ocrx_word' id='word_1_97' title='bbox 557 1436 747 1491; x_wconf 87' lang='lat' dir='ltr'><strong>ulcisci</strong></span> <span class='ocrx_word' id='word_1_98' title='bbox 775 1452 995 1493; x_wconf 88' lang='lat' dir='ltr'><strong>omnem</strong></span> <span class='ocrx_word' id='word_1_99' title='bbox 1023 1437 1464 1493; x_wconf 85' lang='lat' dir='ltr'><strong>inobedientiam.</strong></span> <span class='ocrx_word' id='word_1_100' title='bbox 1488 1439 1622 1493; x_wconf 88' lang='lat' dir='ltr'><strong>Data</strong></span> <span class='ocrx_word' id='word_1_101' title='bbox 1641 1442 1705 1494; x_wconf 80' lang='lat' dir='ltr'><strong>ut</strong></span> <span class='ocrx_word' id='word_1_102' title='bbox 1716 1455 1811 1493; x_wconf 80' lang='lat' dir='ltr'><strong>su-</strong></span> 
     </span>
    </p>
   </div>
   <div class='ocr_carea' id='block_1_17' title="bbox 201 1524 736 1597">
    <p class='ocr_par' dir='ltr' id='par_1_17' title="bbox 201 1524 736 1597">
     <span class='ocr_line' id='line_1_17' title="bbox 201 1524 736 1597; baseline -0.002 -17"><span class='ocrx_word' id='word_1_103' title='bbox 201 1541 332 1597; x_wconf 80' lang='lat' dir='ltr'><strong>pra,</strong></span> <span class='ocrx_word' id='word_1_104' title='bbox 357 1524 658 1581; x_wconf 81' lang='lat' dir='ltr'><strong>indictione</strong></span> <span class='ocrx_word' id='word_1_105' title='bbox 679 1541 736 1579; x_wconf 85' lang='lat' dir='ltr'><strong>x.</strong></span> 
     </span>
    </p>
   </div>
   <div class='ocr_carea' id='block_1_18' title="bbox 818 1640 1169 1696">
    <p class='ocr_par' dir='ltr' id='par_1_18' title="bbox 818 1640 1169 1696">
     <span class='ocr_line' id='line_1_18' title="bbox 818 1640 1169 1696; baseline -0.006 0"><span class='ocrx_word' id='word_1_106' title='bbox 818 1640 1169 1696; x_wconf 82' lang='lat' dir='ltr'><strong>LXXXVIII.</strong></span> 
     </span>
    </p>
   </div>
   <div class='ocr_carea' id='block_1_19' title="bbox 831 1744 1183 1785">
    <p class='ocr_par' dir='ltr' id='par_1_19' title="bbox 831 1744 1183 1785">
     <span class='ocr_line' id='line_1_19' title="bbox 831 1744 1183 1785; baseline 0 -2"><span class='ocrx_word' id='word_1_107' title='bbox 831 1744 905 1783; x_wconf 75' lang='lat' dir='ltr'><strong>AD</strong></span> <span class='ocrx_word' id='word_1_108' title='bbox 933 1744 1183 1785; x_wconf 65' lang='lat' dir='ltr'><strong>EUHDEI.</strong></span> 
     </span>
    </p>
   </div>
   <div class='ocr_carea' id='block_1_20' title="bbox 805 1824 1166 1894">
    <p class='ocr_par' dir='ltr' id='par_1_20' title="bbox 805 1824 1166 1894">
     <span class='ocr_line' id='line_1_20' title="bbox 805 1824 1166 1894; baseline 0 -16"><span class='ocrx_word' id='word_1_109' title='bbox 805 1824 987 1894; x_wconf 77' lang='lat' dir='ltr'><strong>(Anno</strong></span> <span class='ocrx_word' id='word_1_110' title='bbox 1017 1824 1166 1893; x_wconf 83' lang='lat'><strong>8’77.)</strong></span> 
     </span>
    </p>
   </div>
   <div class='ocr_carea' id='block_1_21' title="bbox 208 1912 1825 1986">
    <p class='ocr_par' dir='ltr' id='par_1_21' title="bbox 208 1912 1825 1986">
     <span class='ocr_line' id='line_1_21' title="bbox 208 1912 1825 1986; baseline 0 -17"><span class='ocrx_word' id='word_1_111' title='bbox 208 1912 421 1969; x_wconf 82' lang='lat' dir='ltr'><strong>Scribit</strong></span> <span class='ocrx_word' id='word_1_112' title='bbox 437 1928 510 1986; x_wconf 17' lang='lat' dir='ltr'><strong>ise</strong></span> <span class='ocrx_word' id='word_1_113' title='bbox 523 1912 762 1986; x_wconf 75' lang='lat' dir='ltr'><strong>jussissc</strong></span> <span class='ocrx_word' id='word_1_114' title='bbox 781 1917 1050 1986; x_wconf 73' lang='lat' dir='ltr'><strong>utomncs</strong></span> <span class='ocrx_word' id='word_1_115' title='bbox 1064 1914 1245 1986; x_wconf 74' lang='lat' dir='ltr'><strong>Italia:</strong></span> <span class='ocrx_word' id='word_1_116' title='bbox 1266 1916 1531 1986; x_wconf 77' lang='lat' dir='ltr'><strong>episcOpi,</strong></span> <span class='ocrx_word' id='word_1_117' title='bbox 1554 1918 1609 1969; x_wconf 81' lang='lat' dir='ltr'><strong>et</strong></span> <span class='ocrx_word' id='word_1_118' title='bbox 1632 1916 1825 1986; x_wconf 68' lang='lat' dir='ltr'><strong>praeci-</strong></span> 
     </span>
    </p>
   </div>
   <div class='ocr_carea' id='block_1_22' title="bbox 276 1984 1823 2055">
    <p class='ocr_par' dir='ltr' id='par_1_22' title="bbox 276 1984 1823 2055">
     <span class='ocr_line' id='line_1_22' title="bbox 276 1984 1823 2055; baseline 0.003 -19"><span class='ocrx_word' id='word_1_119' title='bbox 276 1998 394 2055; x_wconf 72' lang='lat' dir='ltr'><strong>pue</strong></span> <span class='ocrx_word' id='word_1_120' title='bbox 434 1984 814 2055; x_wconf 74' lang='lat' dir='ltr'><strong>Venetiarum,</strong></span> <span class='ocrx_word' id='word_1_121' title='bbox 837 1984 1193 2055; x_wconf 81' lang='lat' dir='ltr'><strong>adsynodum</strong></span> <span class='ocrx_word' id='word_1_122' title='bbox 1220 1984 1503 2041; x_wconf 62' lang='lat' dir='ltr'><strong>Ravennae</strong></span> <span class='ocrx_word' id='word_1_123' title='bbox 1532 1984 1823 2042; x_wconf 71' lang='lat' dir='ltr'><strong>celebran-</strong></span> 
     </span>
    </p>
   </div>
   <div class='ocr_carea' id='block_1_23' title="bbox 281 2053 752 2108">
    <p class='ocr_par' dir='ltr' id='par_1_23' title="bbox 281 2053 752 2108">
     <span class='ocr_line' id='line_1_23' title="bbox 281 2053 752 2108; baseline 0.002 -1"><span class='ocrx_word' id='word_1_124' title='bbox 281 2053 419 2108; x_wconf 74' lang='lat' dir='ltr'><strong>dam</strong></span> <span class='ocrx_word' id='word_1_125' title='bbox 458 2054 752 2108; x_wconf 85' lang='lat' dir='ltr'><strong>accedant.</strong></span> 
     </span>
    </p>
   </div>
   <div class='ocr_carea' id='block_1_24' title="bbox 276 2159 1319 2230">
    <p class='ocr_par' dir='ltr' id='par_1_24' title="bbox 276 2159 1319 2230">
     <span class='ocr_line' id='line_1_24' title="bbox 276 2159 1319 2230; baseline 0.003 -18"><span class='ocrx_word' id='word_1_126' title='bbox 276 2159 490 2212; x_wconf 73' lang='lat' dir='ltr'><strong>JOANNI</strong></span> <span class='ocrx_word' id='word_1_127' title='bbox 518 2166 543 2193; x_wconf 78' lang='grc'>⁸</span> <span class='ocrx_word' id='word_1_128' title='bbox 568 2159 981 2230; x_wconf 87' lang='lat' dir='ltr'><strong>archiepiscopo</strong></span> <span class='ocrx_word' id='word_1_129' title='bbox 1000 2160 1319 2216; x_wconf 81' lang='lat' dir='ltr'><strong>Ravennati.</strong></span> 
     </span>
    </p>
   </div>
   <div class='ocr_carea' id='block_1_25' title="bbox 267 2246 1818 2321">
    <p class='ocr_par' dir='ltr' id='par_1_25' title="bbox 267 2246 1818 2321">
     <span class='ocr_line' id='line_1_25' title="bbox 267 2246 1818 2321; baseline 0.001 -18"><span class='ocrx_word' id='word_1_130' title='bbox 267 2247 437 2303; x_wconf 90' lang='lat' dir='ltr'><strong>Scire’</strong></span> <span class='ocrx_word' id='word_1_131' title='bbox 456 2246 707 2302; x_wconf 88' lang='lat' dir='ltr'><strong>volumus</strong></span> <span class='ocrx_word' id='word_1_132' title='bbox 736 2248 965 2321; x_wconf 79' lang='lat' dir='ltr'><strong>gloriam</strong></span> <span class='ocrx_word' id='word_1_133' title='bbox 996 2257 1140 2303; x_wconf 81' lang='lat' dir='ltr'><strong>tuam</strong></span> <span class='ocrx_word' id='word_1_134' title='bbox 1170 2266 1272 2320; x_wconf 90' lang='lat' dir='ltr'><strong>pro</strong></span> <span class='ocrx_word' id='word_1_135' title='bbox 1301 2250 1483 2305; x_wconf 86' lang='lat' dir='ltr'><strong>multis</strong></span> <span class='ocrx_word' id='word_1_136' title='bbox 1517 2250 1818 2307; x_wconf 90' lang='lat' dir='ltr'><strong>necessita-</strong></span> 
     </span>
    </p>
   </div>
   <div class='ocr_carea' id='block_1_26' title="bbox 210 2334 1818 2407">
    <p class='ocr_par' dir='ltr' id='par_1_26' title="bbox 210 2334 1818 2407">
     <span class='ocr_line' id='line_1_26' title="bbox 210 2334 1818 2407; baseline 0.004 -19"><span class='ocrx_word' id='word_1_137' title='bbox 210 2334 361 2389; x_wconf 84' lang='lat' dir='ltr'><strong>tibus</strong></span> <span class='ocrx_word' id='word_1_138' title='bbox 393 2343 596 2391; x_wconf 68' lang='lat' dir='ltr'><strong>sanctaa</strong></span> <span class='ocrx_word' id='word_1_139' title='bbox 626 2336 726 2391; x_wconf 91' lang='lat' dir='ltr'><strong>Dei</strong></span> <span class='ocrx_word' id='word_1_140' title='bbox 752 2337 1032 2403; x_wconf 73' lang='lat' dir='ltr'><strong>Ecclesiae,</strong></span> <span class='ocrx_word' id='word_1_141' title='bbox 1088 2338 1226 2393; x_wconf 89' lang='lat' dir='ltr'><strong>sicut</strong></span> <span class='ocrx_word' id='word_1_142' title='bbox 1257 2339 1372 2407; x_wconf 90' lang='lat' dir='ltr'><strong>jam</strong></span> <span class='ocrx_word' id='word_1_143' title='bbox 1402 2347 1454 2394; x_wconf 91' lang='lat' dir='ltr'><strong>te</strong></span> <span class='ocrx_word' id='word_1_144' title='bbox 1485 2356 1593 2395; x_wconf 91' lang='lat' dir='ltr'><strong>non</strong></span> <span class='ocrx_word' id='word_1_145' title='bbox 1649 2340 1818 2395; x_wconf 85' lang='lat' dir='ltr'><strong>latere</strong></span> 
     </span>
    </p>
   </div>
   <div class='ocr_carea' id='block_1_27' title="bbox 212 2423 1818 2501">
    <p class='ocr_par' dir='ltr' id='par_1_27' title="bbox 212 2423 1818 2501">
     <span class='ocr_line' id='line_1_27' title="bbox 212 2423 1818 2501; baseline 0.003 -23"><span class='ocrx_word' id='word_1_146' title='bbox 212 2423 556 2479; x_wconf 87' lang='lat' dir='ltr'><strong>credendum</strong></span> <span class='ocrx_word' id='word_1_147' title='bbox 586 2432 686 2490; x_wconf 89' lang='lat' dir='ltr'><strong>est,</strong></span> <span class='ocrx_word' id='word_1_148' title='bbox 724 2426 1014 2481; x_wconf 91' lang='lat' dir='ltr'><strong>undecimo</strong></span> <span class='ocrx_word' id='word_1_149' title='bbox 1032 2427 1308 2482; x_wconf 86' lang='lat' dir='ltr'><strong>Kalendas</strong></span> <span class='ocrx_word' id='word_1_150' title='bbox 1336 2430 1609 2501; x_wconf 77' lang='lat' dir='ltr'><strong>Augustas</strong></span> <span class='ocrx_word' id='word_1_151' title='bbox 1662 2429 1818 2485; x_wconf 88' lang='lat' dir='ltr'><strong>istius</strong></span> 
     </span>
    </p>
   </div>
   <div class='ocr_carea' id='block_1_28' title="bbox 207 2510 1815 2589">
    <p class='ocr_par' dir='ltr' id='par_1_28' title="bbox 207 2510 1815 2589">
     <span class='ocr_line' id='line_1_28' title="bbox 207 2510 1815 2589; baseline 0.004 -23"><span class='ocrx_word' id='word_1_152' title='bbox 207 2510 442 2567; x_wconf 69' lang='lat' dir='ltr'><strong>decima:</strong></span> <span class='ocrx_word' id='word_1_153' title='bbox 471 2512 800 2579; x_wconf 91' lang='lat' dir='ltr'><strong>indictionis,</strong></span> <span class='ocrx_word' id='word_1_154' title='bbox 826 2515 1119 2582; x_wconf 67' lang='lat' dir='ltr'><strong>Ravennae,</strong></span> <span class='ocrx_word' id='word_1_155' title='bbox 1154 2516 1330 2589; x_wconf 86' lang='lat' dir='ltr'><strong>gratia</strong></span> <span class='ocrx_word' id='word_1_156' title='bbox 1361 2517 1537 2572; x_wconf 87' lang='lat' dir='ltr'><strong>sancti</strong></span> <span class='ocrx_word' id='word_1_157' title='bbox 1570 2517 1815 2589; x_wconf 83' lang='lat' dir='ltr'><strong>‘Spiritus</strong></span> 
     </span>
    </p>
   </div>
   <div class='ocr_carea' id='block_1_29' title="bbox 209 2598 1813 2673">
    <p class='ocr_par' dir='ltr' id='par_1_29' title="bbox 209 2598 1813 2673">
     <span class='ocr_line' id='line_1_29' title="bbox 209 2598 1813 2673; baseline 0.005 -20"><span class='ocrx_word' id='word_1_158' title='bbox 209 2598 573 2673; x_wconf 68' lang='lat' dir='ltr'><strong>suﬂ’ragante,</strong></span> <span class='ocrx_word' id='word_1_159' title='bbox 608 2602 880 2672; x_wconf 85' lang='lat' dir='ltr'><strong>synodum</strong></span> <span class='ocrx_word' id='word_1_160' title='bbox 907 2619 1007 2658; x_wconf 93' lang='lat' dir='ltr'><strong>nos</strong></span> <span class='ocrx_word' id='word_1_161' title='bbox 1038 2619 1164 2660; x_wconf 92' lang='lat' dir='ltr'><strong>cum</strong></span> <span class='ocrx_word' id='word_1_162' title='bbox 1210 2604 1576 2660; x_wconf 83' lang='lat' dir='ltr'><strong>confratribus</strong></span> <span class='ocrx_word' id='word_1_163' title='bbox 1633 2614 1687 2659; x_wconf 92' lang='lat' dir='ltr'><strong>et</strong></span> <span class='ocrx_word' id='word_1_164' title='bbox 1714 2622 1813 2661; x_wconf 92' lang='lat' dir='ltr'><strong>co-</strong></span> 
     </span>
    </p>
   </div>
   <div class='ocr_carea' id='block_1_30' title="bbox 208 2688 1816 2759">
    <p class='ocr_par' dir='ltr' id='par_1_30' title="bbox 208 2688 1816 2759">
     <span class='ocr_line' id='line_1_30' title="bbox 208 2688 1816 2759; baseline 0.005 -17"><span class='ocrx_word' id='word_1_165' title='bbox 208 2688 489 2759; x_wconf 89' lang='lat' dir='ltr'><strong>episcopis</strong></span> <span class='ocrx_word' id='word_1_166' title='bbox 518 2690 719 2744; x_wconf 91' lang='lat' dir='ltr'><strong>nostris</strong></span> <span class='ocrx_word' id='word_1_167' title='bbox 748 2690 1047 2747; x_wconf 85' lang='lat' dir='ltr'><strong>instituisse</strong></span> <span class='ocrx_word' id='word_1_168' title='bbox 1076 2692 1194 2748; x_wconf 90' lang='lat' dir='ltr'><strong>fore</strong></span> <span class='ocrx_word' id='word_1_169' title='bbox 1213 2694 1391 2749; x_wconf 88' lang='lat' dir='ltr'><strong>modis</strong></span> <span class='ocrx_word' id='word_1_170' title='bbox 1403 2695 1655 2749; x_wconf 89' lang='lat' dir='ltr'><strong>omnibus</strong></span> <span class='ocrx_word' id='word_1_171' title='bbox 1670 2695 1816 2750; x_wconf 92' lang='lat' dir='ltr'><strong>cele-</strong></span> 
     </span>
    </p>
   </div>
   <div class='ocr_carea' id='block_1_31' title="bbox 210 2775 1812 2850">
    <p class='ocr_par' dir='ltr' id='par_1_31' title="bbox 210 2775 1812 2850">
     <span class='ocr_line' id='line_1_31' title="bbox 210 2775 1812 2850; baseline 0.005 -21"><span class='ocrx_word' id='word_1_172' title='bbox 210 2775 501 2831; x_wconf 88' lang='lat' dir='ltr'><strong>brandam.</strong></span> <span class='ocrx_word' id='word_1_173' title='bbox 534 2780 613 2833; x_wconf 79' lang='lat' dir='ltr'><strong>Ac</strong></span> <span class='ocrx_word' id='word_1_174' title='bbox 663 2795 825 2850; x_wconf 91' lang='lat' dir='ltr'><strong>quam</strong></span> <span class='ocrx_word' id='word_1_175' title='bbox 888 2780 1027 2836; x_wconf 81' lang='lat' dir='ltr'><strong>sicut</strong></span> <span class='ocrx_word' id='word_1_176' title='bbox 1078 2797 1201 2849; x_wconf 90' lang='lat' dir='ltr'><strong>nos,</strong></span> <span class='ocrx_word' id='word_1_177' title='bbox 1255 2782 1439 2838; x_wconf 86' lang='lat' dir='ltr'><strong>multis</strong></span> <span class='ocrx_word' id='word_1_178' title='bbox 1494 2783 1812 2838; x_wconf 86' lang='lat' dir='ltr'><strong>utilitatibus</strong></span> 
     </span>
    </p>
   </div>
   <div class='ocr_carea' id='block_1_32' title="bbox 206 2864 1810 2943">
    <p class='ocr_par' dir='ltr' id='par_1_32' title="bbox 206 2864 1810 2943">
     <span class='ocr_line' id='line_1_32' title="bbox 206 2864 1810 2943; baseline 0.004 -23"><span class='ocrx_word' id='word_1_179' title='bbox 206 2864 453 2931; x_wconf 85' lang='lat' dir='ltr'><strong>omissis,</strong></span> <span class='ocrx_word' id='word_1_180' title='bbox 485 2880 588 2922; x_wconf 87' lang='lat' dir='ltr'><strong>nec</strong></span> <span class='ocrx_word' id='word_1_181' title='bbox 615 2865 859 2922; x_wconf 88' lang='lat' dir='ltr'><strong>laborem</strong></span> <span class='ocrx_word' id='word_1_182' title='bbox 887 2869 1108 2940; x_wconf 83' lang='lat' dir='ltr'><strong>quidem</strong></span> <span class='ocrx_word' id='word_1_183' title='bbox 1134 2870 1360 2939; x_wconf 86' lang='lat' dir='ltr'><strong>itineris,</strong></span> <span class='ocrx_word' id='word_1_184' title='bbox 1394 2886 1499 2926; x_wconf 91' lang='lat' dir='ltr'><strong>nec</strong></span> <span class='ocrx_word' id='word_1_185' title='bbox 1537 2871 1810 2943; x_wconf 91' lang='lat' dir='ltr'><strong>intempe-</strong></span> 
     </span>
    </p>
   </div>
   <div class='ocr_carea' id='block_1_33' title="bbox 207 2954 1805 3031">
    <p class='ocr_par' dir='ltr' id='par_1_33' title="bbox 207 2954 1805 3031">
     <span class='ocr_line' id='line_1_33' title="bbox 207 2954 1805 3031; baseline 0.006 -24"><span class='ocrx_word' id='word_1_186' title='bbox 207 2954 446 3008; x_wconf 87' lang='lat' dir='ltr'><strong>rantiam</strong></span> <span class='ocrx_word' id='word_1_187' title='bbox 474 2954 621 3009; x_wconf 89' lang='lat' dir='ltr'><strong>aeris</strong></span> <span class='ocrx_word' id='word_1_188' title='bbox 649 2964 984 3026; x_wconf 87' lang='lat' dir='ltr'><strong>recusantes,</strong></span> <span class='ocrx_word' id='word_1_189' title='bbox 1016 2973 1366 3014; x_wconf 88' lang='lat' dir='ltr'><strong>occurremus</strong></span> <span class='ocrx_word' id='word_1_190' title='bbox 1412 2958 1572 3031; x_wconf 57' lang='lat' dir='ltr'><strong>[edit</strong></span> <span class='ocrx_word' id='word_1_191' title='bbox 1612 2963 1767 3018; x_wconf 83' lang='lat' dir='ltr'><strong>Rom.</strong></span> <span class='ocrx_word' id='word_1_192' title='bbox 1788 3003 1805 3028; x_wconf 90' lang='lat'><strong>,</strong></span> 
     </span>
    </p>
   </div>
   <div class='ocr_carea' id='block_1_34' title="bbox 206 3042 1809 3115">
    <p class='ocr_par' dir='ltr' id='par_1_34' title="bbox 206 3042 1809 3115">
     <span class='ocr_line' id='line_1_34' title="bbox 206 3042 1809 3115; baseline 0.004 -18"><span class='ocrx_word' id='word_1_193' title='bbox 206 3042 573 3115; x_wconf 84' lang='lat' dir='ltr'><strong>occurimus];</strong></span> <span class='ocrx_word' id='word_1_194' title='bbox 603 3043 675 3098; x_wconf 88' lang='lat' dir='ltr'><strong>ita</strong></span> <span class='ocrx_word' id='word_1_195' title='bbox 704 3060 896 3100; x_wconf 90' lang='lat' dir='ltr'><strong>omnes</strong></span> <span class='ocrx_word' id='word_1_196' title='bbox 937 3045 1063 3102; x_wconf 90' lang='lat' dir='ltr'><strong>hinc</strong></span> <span class='ocrx_word' id='word_1_197' title='bbox 1113 3054 1167 3102; x_wconf 93' lang='lat' dir='ltr'><strong>et</strong></span> <span class='ocrx_word' id='word_1_198' title='bbox 1208 3047 1335 3102; x_wconf 91' lang='lat' dir='ltr'><strong>inde</strong></span> <span class='ocrx_word' id='word_1_199' title='bbox 1382 3047 1628 3105; x_wconf 89' lang='lat' dir='ltr'><strong>volumus</strong></span> <span class='ocrx_word' id='word_1_200' title='bbox 1665 3049 1809 3104; x_wconf 88' lang='lat' dir='ltr'><strong>anti-</strong></span> 
     </span>
    </p>
   </div>
   <div class='ocr_carea' id='block_1_35' title="bbox 210 3130 1813 3206">
    <p class='ocr_par' dir='ltr' id='par_1_35' title="bbox 210 3130 1813 3206">
     <span class='ocr_line' id='line_1_35' title="bbox 210 3130 1813 3206; baseline 0.006 -22"><span class='ocrx_word' id='word_1_201' title='bbox 210 3130 370 3186; x_wconf 87' lang='lat' dir='ltr'><strong>stites</strong></span> <span class='ocrx_word' id='word_1_202' title='bbox 424 3131 710 3199; x_wconf 83' lang='lat' dir='ltr'><strong>advenire,</strong></span> <span class='ocrx_word' id='word_1_203' title='bbox 744 3141 800 3187; x_wconf 92' lang='lat' dir='ltr'><strong>ut</strong></span> <span class='ocrx_word' id='word_1_204' title='bbox 830 3134 1092 3206; x_wconf 89' lang='lat' dir='ltr'><strong>quidquid</strong></span> <span class='ocrx_word' id='word_1_205' title='bbox 1136 3135 1193 3190; x_wconf 92' lang='lat' dir='ltr'><strong>in</strong></span> <span class='ocrx_word' id='word_1_206' title='bbox 1220 3144 1409 3192; x_wconf 89' lang='lat' dir='ltr'><strong>sancta</strong></span> <span class='ocrx_word' id='word_1_207' title='bbox 1436 3138 1536 3192; x_wconf 86' lang='lat' dir='ltr'><strong>Dei</strong></span> <span class='ocrx_word' id='word_1_208' title='bbox 1565 3138 1813 3195; x_wconf 85' lang='lat' dir='ltr'><strong>Ecclesia</strong></span> 
     </span>
    </p>
   </div>
   <div class='ocr_carea' id='block_1_36' title="bbox 207 3221 1813 3299">
    <p class='ocr_par' dir='ltr' id='par_1_36' title="bbox 207 3221 1813 3299">
     <span class='ocr_line' id='line_1_36' title="bbox 207 3221 1813 3299; baseline 0.007 -25"><span class='ocrx_word' id='word_1_209' title='bbox 207 3235 507 3291; x_wconf 84' lang='lat' dir='ltr'><strong>perperam</strong></span> <span class='ocrx_word' id='word_1_210' title='bbox 535 3237 637 3292; x_wconf 91' lang='lat' dir='ltr'><strong>per</strong></span> <span class='ocrx_word' id='word_1_211' title='bbox 663 3221 987 3278; x_wconf 86' lang='lat' dir='ltr'><strong>zizaniorum</strong></span> <span class='ocrx_word' id='word_1_212' title='bbox 1020 3231 1229 3279; x_wconf 89' lang='lat' dir='ltr'><strong>satores</strong></span> <span class='ocrx_word' id='word_1_213' title='bbox 1250 3225 1492 3281; x_wconf 83' lang='lat' dir='ltr'><strong>crevisse</strong></span> <span class='ocrx_word' id='word_1_214' title='bbox 1520 3226 1813 3299; x_wconf 86' lang='lat' dir='ltr'><strong>dignosce-</strong></span> 
     </span>
    </p>
   </div>
   <div class='ocr_carea' id='block_1_37' title="bbox 205 3303 1812 3378">
    <p class='ocr_par' dir='ltr' id='par_1_37' title="bbox 205 3303 1812 3378">
     <span class='ocr_line' id='line_1_37' title="bbox 205 3303 1812 3378; baseline 0.007 -22"><span class='ocrx_word' id='word_1_215' title='bbox 205 3306 322 3369; x_wconf 81' lang='lat' dir='ltr'><strong>tur,</strong></span> <span class='ocrx_word' id='word_1_216' title='bbox 356 3303 465 3359; x_wconf 88' lang='lat' dir='ltr'><strong>hoc</strong></span> <span class='ocrx_word' id='word_1_217' title='bbox 476 3305 750 3359; x_wconf 90' lang='lat' dir='ltr'><strong>communi</strong></span> <span class='ocrx_word' id='word_1_218' title='bbox 767 3312 994 3361; x_wconf 86' lang='lat' dir='ltr'><strong>tractatu</strong></span> <span class='ocrx_word' id='word_1_219' title='bbox 1005 3323 1105 3378; x_wconf 89' lang='lat' dir='ltr'><strong>per</strong></span> <span class='ocrx_word' id='word_1_220' title='bbox 1124 3315 1370 3362; x_wconf 88' lang='lat' dir='ltr'><strong>nostrum</strong></span> <span class='ocrx_word' id='word_1_221' title='bbox 1383 3324 1671 3365; x_wconf 88' lang='lat' dir='ltr'><strong>commune</strong></span> <span class='ocrx_word' id='word_1_222' title='bbox 1692 3320 1812 3367; x_wconf 86' lang='lat' dir='ltr'><strong>stu-</strong></span> 
     </span>
    </p>
   </div>
   <div class='ocr_carea' id='block_1_38' title="bbox 201 3390 1810 3466">
    <p class='ocr_par' dir='ltr' id='par_1_38' title="bbox 201 3390 1810 3466">
     <span class='ocr_line' id='line_1_38' title="bbox 201 3390 1810 3466; baseline 0.005 -19"><span class='ocrx_word' id='word_1_223' title='bbox 201 3390 355 3447; x_wconf 86' lang='lat' dir='ltr'><strong>dium</strong></span> <span class='ocrx_word' id='word_1_224' title='bbox 387 3392 649 3448; x_wconf 85' lang='lat' dir='ltr'><strong>radicitus</strong></span> <span class='ocrx_word' id='word_1_225' title='bbox 668 3394 1013 3466; x_wconf 79' lang='lat' dir='ltr'><strong>exstirpetur.</strong></span> <span class='ocrx_word' id='word_1_226' title='bbox 1047 3397 1256 3453; x_wconf 87' lang='lat' dir='ltr'><strong>Idcirco</strong></span> <span class='ocrx_word' id='word_1_227' title='bbox 1286 3404 1341 3451; x_wconf 91' lang='lat' dir='ltr'><strong>tu</strong></span> <span class='ocrx_word' id='word_1_228' title='bbox 1358 3412 1450 3453; x_wconf 86' lang='lat' dir='ltr'><strong>am</strong></span> <span class='ocrx_word' id='word_1_229' title='bbox 1478 3398 1810 3455; x_wconf 87' lang='lat' dir='ltr'><strong>nobilitatem</strong></span> 
     </span>
    </p>
   </div>
   <div class='ocr_carea' id='block_1_39' title="bbox 202 3478 1813 3557">
    <p class='ocr_par' dir='ltr' id='par_1_39' title="bbox 202 3478 1813 3557">
     <span class='ocr_line' id='line_1_39' title="bbox 202 3478 1813 3557; baseline 0.007 -24"><span class='ocrx_word' id='word_1_230' title='bbox 202 3478 468 3553; x_wconf 87' lang='lat' dir='ltr'><strong>ignorare</strong></span> <span class='ocrx_word' id='word_1_231' title='bbox 496 3497 607 3536; x_wconf 94' lang='lat' dir='ltr'><strong>non</strong></span> <span class='ocrx_word' id='word_1_232' title='bbox 635 3482 1023 3555; x_wconf 89' lang='lat' dir='ltr'><strong>patimurquod</strong></span> <span class='ocrx_word' id='word_1_233' title='bbox 1045 3484 1334 3557; x_wconf 91' lang='lat' dir='ltr'><strong>episcopos</strong></span> <span class='ocrx_word' id='word_1_234' title='bbox 1391 3486 1737 3543; x_wconf 82' lang='lat' dir='ltr'><strong>Venetiarum</strong></span> <span class='ocrx_word' id='word_1_235' title='bbox 1759 3496 1813 3544; x_wconf 90' lang='lat' dir='ltr'><strong>et</strong></span> 
     </span>
    </p>
   </div>
   <div class='ocr_carea' id='block_1_40' title="bbox 205 3568 1812 3643">
    <p class='ocr_par' dir='ltr' id='par_1_40' title="bbox 205 3568 1812 3643">
     <span class='ocr_line' id='line_1_40' title="bbox 205 3568 1812 3643; baseline 0.006 -20"><span class='ocrx_word' id='word_1_236' title='bbox 205 3568 416 3625; x_wconf 86' lang='lat' dir='ltr'><strong>electos</strong></span> <span class='ocrx_word' id='word_1_237' title='bbox 436 3579 771 3643; x_wconf 81' lang='lat' dir='ltr'><strong>vocatosque</strong></span> <span class='ocrx_word' id='word_1_238' title='bbox 798 3572 1089 3643; x_wconf 89' lang='lat' dir='ltr'><strong>episcopos</strong></span> <span class='ocrx_word' id='word_1_239' title='bbox 1127 3575 1433 3630; x_wconf 88' lang='lat' dir='ltr'><strong>vacantium</strong></span> <span class='ocrx_word' id='word_1_240' title='bbox 1490 3577 1699 3631; x_wconf 89' lang='lat' dir='ltr'><strong>sedium</strong></span> <span class='ocrx_word' id='word_1_241' title='bbox 1739 3577 1812 3632; x_wconf 89' lang='lat' dir='ltr'><strong>ad</strong></span> 
     </span>
    </p>
   </div>
   <div class='ocr_carea' id='block_1_41' title="bbox 203 3658 1811 3731">
    <p class='ocr_par' dir='ltr' id='par_1_41' title="bbox 203 3658 1811 3731">
     <span class='ocr_line' id='line_1_41' title="bbox 203 3658 1811 3731; baseline 0.006 -19"><span class='ocrx_word' id='word_1_242' title='bbox 203 3658 462 3713; x_wconf 83' lang='lat' dir='ltr'><strong>eamdem</strong></span> <span class='ocrx_word' id='word_1_243' title='bbox 489 3660 776 3730; x_wconf 80' lang='lat' dir='ltr'><strong>synodum,</strong></span> <span class='ocrx_word' id='word_1_244' title='bbox 809 3660 948 3717; x_wconf 91' lang='lat' dir='ltr'><strong>sicut</strong></span> <span class='ocrx_word' id='word_1_245' title='bbox 967 3662 1081 3731; x_wconf 90' lang='lat' dir='ltr'><strong>jam</strong></span> <span class='ocrx_word' id='word_1_246' title='bbox 1101 3678 1198 3718; x_wconf 89' lang='lat' dir='ltr'><strong>eos</strong></span> <span class='ocrx_word' id='word_1_247' title='bbox 1225 3663 1563 3731; x_wconf 86' lang='lat' dir='ltr'><strong>vocavimus,</strong></span> <span class='ocrx_word' id='word_1_248' title='bbox 1594 3666 1811 3722; x_wconf 87' lang='lat' dir='ltr'><strong>occurri</strong></span> 
     </span>
    </p>
   </div>
   <div class='ocr_carea' id='block_1_42' title="bbox 204 3746 1810 3825">
    <p class='ocr_par' dir='ltr' id='par_1_42' title="bbox 204 3746 1810 3825">
     <span class='ocr_line' id='line_1_42' title="bbox 204 3746 1810 3825; baseline 0.004 -23"><span class='ocrx_word' id='word_1_249' title='bbox 204 3753 259 3802; x_wconf 88' lang='lat' dir='ltr'><strong>et</strong></span> <span class='ocrx_word' id='word_1_250' title='bbox 286 3746 488 3803; x_wconf 87' lang='lat' dir='ltr'><strong>iterato</strong></span> <span class='ocrx_word' id='word_1_251' title='bbox 508 3748 933 3819; x_wconf 85' lang='lat' dir='ltr'><strong>decreverimus,</strong></span> <span class='ocrx_word' id='word_1_252' title='bbox 966 3758 1025 3805; x_wconf 91' lang='lat' dir='ltr'><strong>ut</strong></span> <span class='ocrx_word' id='word_1_253' title='bbox 1054 3751 1197 3806; x_wconf 90' lang='lat' dir='ltr'><strong>inter</strong></span> <span class='ocrx_word' id='word_1_254' title='bbox 1243 3753 1609 3808; x_wconf 89' lang='lat' dir='ltr'><strong>reverendum</strong></span> <span class='ocrx_word' id='word_1_255' title='bbox 1669 3770 1810 3825; x_wconf 89' lang='lat' dir='ltr'><strong>quo-</strong></span> 
     </span>
    </p>
   </div>
   <div class='ocr_carea' id='block_1_43' title="bbox 203 3836 1811 3907">
    <p class='ocr_par' dir='ltr' id='par_1_43' title="bbox 203 3836 1811 3907">
     <span class='ocr_line' id='line_1_43' title="bbox 203 3836 1811 3907; baseline 0.006 -17"><span class='ocrx_word' id='word_1_256' title='bbox 203 3851 310 3907; x_wconf 89' lang='lat' dir='ltr'><strong>que</strong></span> <span class='ocrx_word' id='word_1_257' title='bbox 338 3836 816 3907; x_wconf 87' lang='lat' dir='ltr'><strong>metropolitanum</strong></span> <span class='ocrx_word' id='word_1_258' title='bbox 846 3845 1087 3894; x_wconf 89' lang='lat' dir='ltr'><strong>vestrum</strong></span> <span class='ocrx_word' id='word_1_259' title='bbox 1117 3848 1171 3897; x_wconf 90' lang='lat' dir='ltr'><strong>et</strong></span> <span class='ocrx_word' id='word_1_260' title='bbox 1199 3856 1298 3897; x_wconf 90' lang='lat' dir='ltr'><strong>vos</strong></span> <span class='ocrx_word' id='word_1_261' title='bbox 1327 3841 1505 3897; x_wconf 92' lang='lat' dir='ltr'><strong>omnis</strong></span> <span class='ocrx_word' id='word_1_262' title='bbox 1528 3842 1811 3899; x_wconf 86' lang='lat' dir='ltr'><strong>altercatio</strong></span> 
     </span>
    </p>
   </div>
   <div class='ocr_carea' id='block_1_44' title="bbox 201 3923 1811 4002">
    <p class='ocr_par' dir='ltr' id='par_1_44' title="bbox 201 3923 1811 4002">
     <span class='ocr_line' id='line_1_44' title="bbox 201 3923 1811 4002; baseline 0.006 -23"><span class='ocrx_word' id='word_1_263' title='bbox 201 3923 530 3979; x_wconf 86' lang='lat' dir='ltr'><strong>discutiatur</strong></span> <span class='ocrx_word' id='word_1_264' title='bbox 555 3925 913 3997; x_wconf 80' lang='lat' dir='ltr'><strong>examinetur,</strong></span> <span class='ocrx_word' id='word_1_265' title='bbox 944 3935 997 3982; x_wconf 90' lang='lat' dir='ltr'><strong>et</strong></span> <span class='ocrx_word' id='word_1_266' title='bbox 1023 3942 1208 3984; x_wconf 88' lang='lat' dir='ltr'><strong>coram</strong></span> <span class='ocrx_word' id='word_1_267' title='bbox 1235 3938 1424 3986; x_wconf 86' lang='lat' dir='ltr'><strong>sancta</strong></span> <span class='ocrx_word' id='word_1_268' title='bbox 1457 3931 1667 4002; x_wconf 87' lang='lat' dir='ltr'><strong>synodo</strong></span> <span class='ocrx_word' id='word_1_269' title='bbox 1714 3947 1811 3987; x_wconf 89' lang='lat' dir='ltr'><strong>ca-</strong></span> 
     </span>
    </p>
   </div>
   <div class='ocr_carea' id='block_1_45' title="bbox 204 4013 1810 4091">
    <p class='ocr_par' dir='ltr' id='par_1_45' title="bbox 204 4013 1810 4091">
     <span class='ocr_line' id='line_1_45' title="bbox 204 4013 1810 4091; baseline 0.006 -24"><span class='ocrx_word' id='word_1_270' title='bbox 204 4013 405 4069; x_wconf 88' lang='lat' dir='ltr'><strong>nonice</strong></span> <span class='ocrx_word' id='word_1_271' title='bbox 433 4014 776 4070; x_wconf 90' lang='lat' dir='ltr'><strong>terminetur.</strong></span> <span class='ocrx_word' id='word_1_272' title='bbox 812 4016 1068 4089; x_wconf 78' lang='lat' dir='ltr'><strong>Alioquin</strong></span> <span class='ocrx_word' id='word_1_273' title='bbox 1100 4026 1210 4072; x_wconf 89' lang='lat' dir='ltr'><strong>tam</strong></span> <span class='ocrx_word' id='word_1_274' title='bbox 1236 4019 1438 4073; x_wconf 86' lang='lat' dir='ltr'><strong>anobis</strong></span> <span class='ocrx_word' id='word_1_275' title='bbox 1452 4035 1659 4091; x_wconf 89' lang='lat' dir='ltr'><strong>quama</strong></span> <span class='ocrx_word' id='word_1_276' title='bbox 1680 4037 1810 4075; x_wconf 86' lang='lat' dir='ltr'><strong>san-</strong></span> 
     </span>
    </p>
   </div>
   <div class='ocr_carea' id='block_1_46' title="bbox 204 4101 1811 4179">
    <p class='ocr_par' dir='ltr' id='par_1_46' title="bbox 204 4101 1811 4179">
     <span class='ocr_line' id='line_1_46' title="bbox 204 4101 1811 4179; baseline 0.005 -24"><span class='ocrx_word' id='word_1_277' title='bbox 204 4108 291 4156; x_wconf 88' lang='lat' dir='ltr'><strong>cta</strong></span> <span class='ocrx_word' id='word_1_278' title='bbox 321 4101 560 4173; x_wconf 83' lang='lat' dir='ltr'><strong>synodo,</strong></span> <span class='ocrx_word' id='word_1_279' title='bbox 594 4103 641 4157; x_wconf 90' lang='lat' dir='ltr'><strong>si</strong></span> <span class='ocrx_word' id='word_1_280' title='bbox 660 4103 1037 4161; x_wconf 89' lang='lat' dir='ltr'><strong>inobedientes</strong></span> <span class='ocrx_word' id='word_1_281' title='bbox 1059 4107 1178 4176; x_wconf 87' lang='lat' dir='ltr'><strong>jam</strong></span> <span class='ocrx_word' id='word_1_282' title='bbox 1205 4107 1366 4161; x_wconf 92' lang='lat' dir='ltr'><strong>toties</strong></span> <span class='ocrx_word' id='word_1_283' title='bbox 1380 4123 1482 4179; x_wconf 91' lang='lat' dir='ltr'><strong>per</strong></span> <span class='ocrx_word' id='word_1_284' title='bbox 1522 4108 1811 4179; x_wconf 90' lang='lat' dir='ltr'><strong>epistolam</strong></span> 
     </span>
    </p>
   </div>
   <div class='ocr_carea' id='block_1_47' title="bbox 203 4190 1812 4268">
    <p class='ocr_par' dir='ltr' id='par_1_47' title="bbox 203 4190 1812 4268">
     <span class='ocr_line' id='line_1_47' title="bbox 203 4190 1812 4268; baseline 0.006 -23"><span class='ocrx_word' id='word_1_285' title='bbox 203 4191 385 4246; x_wconf 80' lang='lat' dir='ltr'><strong>vocati</strong></span> <span class='ocrx_word' id='word_1_286' title='bbox 415 4190 742 4259; x_wconf 80' lang='lat' dir='ltr'><strong>exstiterint,</strong></span> <span class='ocrx_word' id='word_1_287' title='bbox 774 4201 1032 4266; x_wconf 87' lang='lat' dir='ltr'><strong>tanquam</strong></span> <span class='ocrx_word' id='word_1_288' title='bbox 1053 4203 1462 4267; x_wconf 89' lang='lat' dir='ltr'><strong>contemptores</strong></span> <span class='ocrx_word' id='word_1_289' title='bbox 1486 4197 1812 4268; x_wconf 89' lang='lat' dir='ltr'><strong>synodicam</strong></span> 
     </span>
    </p>
   </div>
   <div class='ocr_carea' id='block_1_48' title="bbox 208 4279 1811 4357">
    <p class='ocr_par' dir='ltr' id='par_1_48' title="bbox 208 4279 1811 4357">
     <span class='ocr_line' id='line_1_48' title="bbox 208 4279 1811 4357; baseline 0.005 -24"><span class='ocrx_word' id='word_1_290' title='bbox 208 4279 539 4334; x_wconf 86' lang='lat' dir='ltr'><strong>sententiam</strong></span> <span class='ocrx_word' id='word_1_291' title='bbox 570 4280 845 4337; x_wconf 87' lang='lat' dir='ltr'><strong>incurrere</strong></span> <span class='ocrx_word' id='word_1_292' title='bbox 876 4284 1235 4339; x_wconf 90' lang='lat' dir='ltr'><strong>merebuntur</strong></span> <span class='ocrx_word' id='word_1_293' title='bbox 1266 4302 1279 4339; x_wconf 91' lang='lat'><strong>:</strong></span> <span class='ocrx_word' id='word_1_294' title='bbox 1313 4285 1442 4357; x_wconf 86' lang='lat' dir='ltr'><strong>quia</strong></span> <span class='ocrx_word' id='word_1_295' title='bbox 1470 4301 1596 4341; x_wconf 91' lang='lat' dir='ltr'><strong>cum</strong></span> <span class='ocrx_word' id='word_1_296' title='bbox 1642 4286 1711 4341; x_wconf 90' lang='lat' dir='ltr'><strong>sit</strong></span> <span class='ocrx_word' id='word_1_297' title='bbox 1740 4286 1811 4343; x_wconf 92' lang='lat' dir='ltr'><strong>il-</strong></span> 
     </span>
    </p>
   </div>
   <div class='ocr_carea' id='block_1_49' title="bbox 200 4365 1810 4439">
    <p class='ocr_par' dir='ltr' id='par_1_49' title="bbox 200 4365 1810 4439">
     <span class='ocr_line' id='line_1_49' title="bbox 200 4365 1810 4439; baseline 0.006 -18"><span class='ocrx_word' id='word_1_298' title='bbox 200 4365 315 4424; x_wconf 90' lang='lat' dir='ltr'><strong>linc</strong></span> <span class='ocrx_word' id='word_1_299' title='bbox 341 4368 662 4424; x_wconf 83' lang='lat' dir='ltr'><strong>Ravennam</strong></span> <span class='ocrx_word' id='word_1_300' title='bbox 690 4370 908 4427; x_wconf 90' lang='lat' dir='ltr'><strong>brevior</strong></span> <span class='ocrx_word' id='word_1_301' title='bbox 934 4373 1042 4439; x_wconf 87' lang='lat' dir='ltr'><strong>via,</strong></span> <span class='ocrx_word' id='word_1_302' title='bbox 1075 4373 1144 4428; x_wconf 91' lang='lat' dir='ltr'><strong>de</strong></span> <span class='ocrx_word' id='word_1_303' title='bbox 1173 4373 1361 4429; x_wconf 88' lang='lat' dir='ltr'><strong>labore</strong></span> <span class='ocrx_word' id='word_1_304' title='bbox 1389 4374 1600 4430; x_wconf 89' lang='lat' dir='ltr'><strong>itineris</strong></span> <span class='ocrx_word' id='word_1_305' title='bbox 1640 4391 1810 4430; x_wconf 84' lang='lat' dir='ltr'><strong>excu-</strong></span> 
     </span>
    </p>
   </div>
   <div class='ocr_carea' id='block_1_50' title="bbox 1834 1732 1887 1792">
    <p class='ocr_par' dir='ltr' id='par_1_50' title="bbox 1834 1732 1887 1792">
     <span class='ocr_line' id='line_1_50' title="bbox 1834 1732 1887 1792; baseline 0 0"><span class='ocrx_word' id='word_1_306' title='bbox 1834 1732 1887 1792; x_wconf 94' lang='lat' dir='ltr'>B</span> 
     </span>
    </p>
   </div>
   <div class='ocr_carea' id='block_1_51' title="bbox 1911 461 3508 534">
    <p class='ocr_par' dir='ltr' id='par_1_51' title="bbox 1911 461 3508 534">
     <span class='ocr_line' id='line_1_51' title="bbox 1911 461 3508 534; baseline -0.003 -15"><span class='ocrx_word' id='word_1_307' title='bbox 1911 463 2186 534; x_wconf 57' lang='lat' dir='ltr'><strong>praecipue</strong></span> <span class='ocrx_word' id='word_1_308' title='bbox 2213 471 2397 518; x_wconf 91' lang='lat' dir='ltr'><strong>tamen</strong></span> <span class='ocrx_word' id='word_1_309' title='bbox 2424 461 2700 518; x_wconf 88' lang='lat' dir='ltr'><strong>devotioni</strong></span> <span class='ocrx_word' id='word_1_310' title='bbox 2733 470 2858 529; x_wconf 68' lang='lat' dir='ltr'><strong>tuae,</strong></span> <span class='ocrx_word' id='word_1_311' title='bbox 2901 461 3218 518; x_wconf 90' lang='lat' dir='ltr'><strong>dulcissima</strong></span> <span class='ocrx_word' id='word_1_312' title='bbox 3245 476 3312 518; x_wconf 87' lang='lat' dir='ltr'><strong>ac</strong></span> <span class='ocrx_word' id='word_1_313' title='bbox 3341 461 3508 532; x_wconf 91' lang='lat' dir='ltr'><strong>spiri-</strong></span> 
     </span>
    </p>
   </div>
   <div class='ocr_carea' id='block_1_52' title="bbox 1911 549 3507 623">
    <p class='ocr_par' dir='ltr' id='par_1_52' title="bbox 1911 549 3507 623">
     <span class='ocr_line' id='line_1_52' title="bbox 1911 549 3507 623; baseline 0 -18"><span class='ocrx_word' id='word_1_314' title='bbox 1911 552 2067 606; x_wconf 88' lang='lat' dir='ltr'><strong>tualis</strong></span> <span class='ocrx_word' id='word_1_315' title='bbox 2097 550 2206 606; x_wconf 82' lang='lat' dir='ltr'><strong>ﬁlia</strong></span> <span class='ocrx_word' id='word_1_316' title='bbox 2236 558 2424 607; x_wconf 90' lang='lat' dir='ltr'><strong>nostra</strong></span> <span class='ocrx_word' id='word_1_317' title='bbox 2450 551 2807 623; x_wconf 78' lang='lat' dir='ltr'><strong>Angilberga,</strong></span> <span class='ocrx_word' id='word_1_318' title='bbox 2859 550 2991 606; x_wconf 91' lang='lat' dir='ltr'><strong>olim</strong></span> <span class='ocrx_word' id='word_1_319' title='bbox 3050 549 3362 621; x_wconf 81' lang='lat' dir='ltr'><strong>imperatrix</strong></span> <span class='ocrx_word' id='word_1_320' title='bbox 3392 551 3507 605; x_wconf 77' lang='lat' dir='ltr'><strong>Au-</strong></span> 
     </span>
    </p>
   </div>
   <div class='ocr_carea' id='block_1_53' title="bbox 1912 639 3510 712">
    <p class='ocr_par' dir='ltr' id='par_1_53' title="bbox 1912 639 3510 712">
     <span class='ocr_line' id='line_1_53' title="bbox 1912 639 3510 712; baseline 0 -18"><span class='ocrx_word' id='word_1_321' title='bbox 1912 648 2087 710; x_wconf 87' lang='lat' dir='ltr'><strong>gusta,</strong></span> <span class='ocrx_word' id='word_1_322' title='bbox 2123 655 2285 712; x_wconf 90' lang='lat' dir='ltr'><strong>quam</strong></span> <span class='ocrx_word' id='word_1_323' title='bbox 2315 640 2510 695; x_wconf 91' lang='lat' dir='ltr'><strong>merito</strong></span> <span class='ocrx_word' id='word_1_324' title='bbox 2538 641 2717 695; x_wconf 86' lang='lat' dir='ltr'><strong>honor</strong></span> <span class='ocrx_word' id='word_1_325' title='bbox 2743 647 2907 711; x_wconf 88' lang='lat' dir='ltr'><strong>atque</strong></span> <span class='ocrx_word' id='word_1_326' title='bbox 2951 639 3259 695; x_wconf 90' lang='lat' dir='ltr'><strong>reverentia</strong></span> <span class='ocrx_word' id='word_1_327' title='bbox 3323 646 3510 695; x_wconf 89' lang='lat' dir='ltr'><strong>sancta</strong></span> 
     </span>
    </p>
   </div>
   <div class='ocr_carea' id='block_1_54' title="bbox 1912 726 3512 794">
    <p class='ocr_par' dir='ltr' id='par_1_54' title="bbox 1912 726 3512 794">
     <span class='ocr_line' id='line_1_54' title="bbox 1912 726 3512 794; baseline 0 -12"><span class='ocrx_word' id='word_1_328' title='bbox 1912 737 2086 784; x_wconf 89' lang='lat' dir='ltr'><strong>mater</strong></span> <span class='ocrx_word' id='word_1_329' title='bbox 2125 737 2310 783; x_wconf 91' lang='lat' dir='ltr'><strong>nostra</strong></span> <span class='ocrx_word' id='word_1_330' title='bbox 2356 729 2602 784; x_wconf 85' lang='lat' dir='ltr'><strong>Romana</strong></span> <span class='ocrx_word' id='word_1_331' title='bbox 2644 728 2908 794; x_wconf 83' lang='lat' dir='ltr'><strong>Ecclesia,</strong></span> <span class='ocrx_word' id='word_1_332' title='bbox 2956 735 3014 782; x_wconf 93' lang='lat' dir='ltr'><strong>ut</strong></span> <span class='ocrx_word' id='word_1_333' title='bbox 3060 726 3414 783; x_wconf 89' lang='lat' dir='ltr'><strong>dilectissima</strong></span> <span class='ocrx_word' id='word_1_334' title='bbox 3458 735 3512 782; x_wconf 90' lang='lat' dir='ltr'><strong>et</strong></span> 
     </span>
    </p>
   </div>
   <div class='ocr_carea' id='block_1_55' title="bbox 1910 814 3506 888">
    <p class='ocr_par' dir='ltr' id='par_1_55' title="bbox 1910 814 3506 888">
     <span class='ocr_line' id='line_1_55' title="bbox 1910 814 3506 888; baseline 0 -17"><span class='ocrx_word' id='word_1_335' title='bbox 1910 816 2270 888; x_wconf 87' lang='lat' dir='ltr'><strong>principalem</strong></span> <span class='ocrx_word' id='word_1_336' title='bbox 2300 818 2509 888; x_wconf 89' lang='lat' dir='ltr'><strong>prolem</strong></span> <span class='ocrx_word' id='word_1_337' title='bbox 2540 817 2880 888; x_wconf 88' lang='lat' dir='ltr'><strong>amplectitur</strong></span> <span class='ocrx_word' id='word_1_338' title='bbox 2918 831 3139 887; x_wconf 89' lang='lat' dir='ltr'><strong>semper</strong></span> <span class='ocrx_word' id='word_1_339' title='bbox 3181 824 3234 872; x_wconf 88' lang='lat' dir='ltr'><strong>et</strong></span> <span class='ocrx_word' id='word_1_340' title='bbox 3270 814 3506 872; x_wconf 82' lang='lat' dir='ltr'><strong>refovet.</strong></span> 
     </span>
    </p>
   </div>
   <div class='ocr_carea' id='block_1_56' title="bbox 1913 904 3514 976">
    <p class='ocr_par' dir='ltr' id='par_1_56' title="bbox 1913 904 3514 976">
     <span class='ocr_line' id='line_1_56' title="bbox 1913 904 3514 976; baseline -0.001 -15"><span class='ocrx_word' id='word_1_341' title='bbox 1913 904 2257 976; x_wconf 88' lang='lat' dir='ltr'><strong>Quapropter</strong></span> <span class='ocrx_word' id='word_1_342' title='bbox 2311 906 2716 972; x_wconf 89' lang='lat' dir='ltr'><strong>monasterium,</strong></span> <span class='ocrx_word' id='word_1_343' title='bbox 2774 904 3174 961; x_wconf 86' lang='lat' dir='ltr'><strong>xenodocbium</strong></span> <span class='ocrx_word' id='word_1_344' title='bbox 3233 905 3384 976; x_wconf 92' lang='lat' dir='ltr'><strong>quod</strong></span> <span class='ocrx_word' id='word_1_345' title='bbox 3445 904 3514 959; x_wconf 89' lang='lat' dir='ltr'><strong>ad</strong></span> 
     </span>
    </p>
   </div>
   <div class='ocr_carea' id='block_1_57' title="bbox 1913 993 3513 1064">
    <p class='ocr_par' dir='ltr' id='par_1_57' title="bbox 1913 993 3513 1064">
     <span class='ocr_line' id='line_1_57' title="bbox 1913 993 3513 1064; baseline 0.001 -16"><span class='ocrx_word' id='word_1_346' title='bbox 1913 995 2183 1050; x_wconf 86' lang='lat' dir='ltr'><strong>honorem</strong></span> <span class='ocrx_word' id='word_1_347' title='bbox 2227 994 2515 1050; x_wconf 66' lang='lat' dir='ltr'><strong>dominicae</strong></span> <span class='ocrx_word' id='word_1_348' title='bbox 2564 993 2994 1063; x_wconf 86' lang='lat' dir='ltr'><strong>resurrectionis,</strong></span> <span class='ocrx_word' id='word_1_349' title='bbox 3042 1001 3096 1049; x_wconf 91' lang='lat' dir='ltr'><strong>et</strong></span> <span class='ocrx_word' id='word_1_350' title='bbox 3125 993 3226 1048; x_wconf 91' lang='lat' dir='ltr'><strong>BB.</strong></span> <span class='ocrx_word' id='word_1_351' title='bbox 3288 999 3513 1064; x_wconf 82' lang='lat' dir='ltr'><strong>aposto-</strong></span> 
     </span>
    </p>
   </div>
   <div class='ocr_carea' id='block_1_58' title="bbox 1914 1081 3511 1155">
    <p class='ocr_par' dir='ltr' id='par_1_58' title="bbox 1914 1081 3511 1155">
     <span class='ocr_line' id='line_1_58' title="bbox 1914 1081 3511 1155; baseline -0.001 -18"><span class='ocrx_word' id='word_1_352' title='bbox 1914 1083 2112 1152; x_wconf 88' lang='lat' dir='ltr'><strong>lorum,</strong></span> <span class='ocrx_word' id='word_1_353' title='bbox 2139 1091 2192 1138; x_wconf 89' lang='lat' dir='ltr'><strong>et</strong></span> <span class='ocrx_word' id='word_1_354' title='bbox 2224 1091 2523 1155; x_wconf 88' lang='lat' dir='ltr'><strong>martyrum</strong></span> <span class='ocrx_word' id='word_1_355' title='bbox 2565 1082 2963 1151; x_wconf 78' lang='lat' dir='ltr'><strong>Bartholomasi,</strong></span> <span class='ocrx_word' id='word_1_356' title='bbox 3012 1082 3168 1148; x_wconf 86' lang='lat' dir='ltr'><strong>Sixti,</strong></span> <span class='ocrx_word' id='word_1_357' title='bbox 3200 1089 3254 1137; x_wconf 90' lang='lat' dir='ltr'><strong>et</strong></span> <span class='ocrx_word' id='word_1_358' title='bbox 3284 1081 3511 1137; x_wconf 87' lang='lat' dir='ltr'><strong>Fabiani</strong></span> 
     </span>
    </p>
   </div>
   <div class='ocr_carea' id='block_1_59' title="bbox 1914 1169 3513 1243">
    <p class='ocr_par' dir='ltr' id='par_1_59' title="bbox 1914 1169 3513 1243">
     <span class='ocr_line' id='line_1_59' title="bbox 1914 1169 3513 1243; baseline 0.001 -18"><span class='ocrx_word' id='word_1_359' title='bbox 1914 1172 2166 1242; x_wconf 88' lang='lat' dir='ltr'><strong>prudenti</strong></span> <span class='ocrx_word' id='word_1_360' title='bbox 2214 1171 2527 1243; x_wconf 87' lang='lat' dir='ltr'><strong>provisione</strong></span> <span class='ocrx_word' id='word_1_361' title='bbox 2571 1187 2603 1226; x_wconf 90' lang='lat' dir='ltr'><strong>a</strong></span> <span class='ocrx_word' id='word_1_362' title='bbox 2644 1170 2978 1226; x_wconf 83' lang='lat' dir='ltr'><strong>fundamenti</strong></span> <span class='ocrx_word' id='word_1_363' title='bbox 3006 1186 3182 1241; x_wconf 89' lang='lat' dir='ltr'><strong>nuper</strong></span> <span class='ocrx_word' id='word_1_364' title='bbox 3225 1169 3513 1226; x_wconf 75' lang='lat' dir='ltr'><strong>Placentiae</strong></span> 
     </span>
    </p>
   </div>
   <div class='ocr_carea' id='block_1_60' title="bbox 1915 1258 3507 1330">
    <p class='ocr_par' dir='ltr' id='par_1_60' title="bbox 1915 1258 3507 1330">
     <span class='ocr_line' id='line_1_60' title="bbox 1915 1258 3507 1330; baseline 0 -15"><span class='ocrx_word' id='word_1_365' title='bbox 1915 1259 2187 1316; x_wconf 67' lang='lat' dir='ltr'><strong>aediﬁcare</strong></span> <span class='ocrx_word' id='word_1_366' title='bbox 2216 1260 2452 1329; x_wconf 91' lang='lat' dir='ltr'><strong>voluisti,</strong></span> <span class='ocrx_word' id='word_1_367' title='bbox 2485 1260 2745 1316; x_wconf 89' lang='lat' dir='ltr'><strong>laudabili</strong></span> <span class='ocrx_word' id='word_1_368' title='bbox 2774 1259 3187 1330; x_wconf 89' lang='lat' dir='ltr'><strong>complectimur</strong></span> <span class='ocrx_word' id='word_1_369' title='bbox 3214 1258 3507 1328; x_wconf 87' lang='lat' dir='ltr'><strong>desiderio,</strong></span> 
     </span>
    </p>
   </div>
   <div class='ocr_carea' id='block_1_61' title="bbox 1914 1346 3513 1421">
    <p class='ocr_par' dir='ltr' id='par_1_61' title="bbox 1914 1346 3513 1421">
     <span class='ocr_line' id='line_1_61' title="bbox 1914 1346 3513 1421; baseline 0 -18"><span class='ocrx_word' id='word_1_370' title='bbox 1914 1358 2249 1421; x_wconf 88' lang='lat' dir='ltr'><strong>paternoque</strong></span> <span class='ocrx_word' id='word_1_371' title='bbox 2292 1348 2519 1404; x_wconf 80' lang='lat' dir='ltr'><strong>aﬂ‘ectu.</strong></span> <span class='ocrx_word' id='word_1_372' title='bbox 2549 1390 2562 1404; x_wconf 96' lang='lat'><strong>.</strong></span> <span class='ocrx_word' id='word_1_373' title='bbox 2586 1390 2600 1404; x_wconf 95' lang='lat'><strong>.</strong></span> <span class='ocrx_word' id='word_1_374' title='bbox 2654 1348 2968 1418; x_wconf 76' lang='lat' dir='ltr'><strong>Apostolica</strong></span> <span class='ocrx_word' id='word_1_375' title='bbox 3009 1346 3143 1401; x_wconf 92' lang='lat' dir='ltr'><strong>illud</strong></span> <span class='ocrx_word' id='word_1_376' title='bbox 3198 1347 3513 1404; x_wconf 90' lang='lat' dir='ltr'><strong>auctoritate</strong></span> 
     </span>
    </p>
   </div>
   <div class='ocr_carea' id='block_1_62' title="bbox 1915 1435 3513 1507">
    <p class='ocr_par' dir='ltr' id='par_1_62' title="bbox 1915 1435 3513 1507">
     <span class='ocr_line' id='line_1_62' title="bbox 1915 1435 3513 1507; baseline -0.001 -15"><span class='ocrx_word' id='word_1_377' title='bbox 1915 1446 2094 1492; x_wconf 88' lang='lat' dir='ltr'><strong>ratum</strong></span> <span class='ocrx_word' id='word_1_378' title='bbox 2122 1453 2187 1492; x_wconf 91' lang='lat' dir='ltr'><strong>ac</strong></span> <span class='ocrx_word' id='word_1_379' title='bbox 2218 1438 2514 1491; x_wconf 87' lang='lat' dir='ltr'><strong>stabilitum</strong></span> <span class='ocrx_word' id='word_1_380' title='bbox 2554 1436 2870 1507; x_wconf 90' lang='lat' dir='ltr'><strong>perenniter</strong></span> <span class='ocrx_word' id='word_1_381' title='bbox 2890 1435 3252 1503; x_wconf 90' lang='lat' dir='ltr'><strong>instituentes,</strong></span> <span class='ocrx_word' id='word_1_382' title='bbox 3284 1444 3336 1491; x_wconf 88' lang='lat' dir='ltr'><strong>et</strong></span> <span class='ocrx_word' id='word_1_383' title='bbox 3364 1444 3422 1490; x_wconf 91' lang='lat' dir='ltr'><strong>ut</strong></span> <span class='ocrx_word' id='word_1_384' title='bbox 3442 1436 3513 1491; x_wconf 86' lang='lat' dir='ltr'><strong>ab</strong></span> 
     </span>
    </p>
   </div>
   <div class='ocr_carea' id='block_1_63' title="bbox 1915 1524 3515 1597">
    <p class='ocr_par' dir='ltr' id='par_1_63' title="bbox 1915 1524 3515 1597">
     <span class='ocr_line' id='line_1_63' title="bbox 1915 1524 3515 1597; baseline -0.001 -16"><span class='ocrx_word' id='word_1_385' title='bbox 1915 1526 2063 1581; x_wconf 90' lang='lat' dir='ltr'><strong>omni</strong></span> <span class='ocrx_word' id='word_1_386' title='bbox 2112 1525 2458 1596; x_wconf 90' lang='lat' dir='ltr'><strong>impulsione,</strong></span> <span class='ocrx_word' id='word_1_387' title='bbox 2510 1533 2671 1597; x_wconf 89' lang='lat' dir='ltr'><strong>atque</strong></span> <span class='ocrx_word' id='word_1_388' title='bbox 2733 1524 3104 1595; x_wconf 88' lang='lat' dir='ltr'><strong>inquietudine</strong></span> <span class='ocrx_word' id='word_1_389' title='bbox 3154 1524 3515 1595; x_wconf 86' lang='lat' dir='ltr'><strong>quorumlibet</strong></span> 
     </span>
    </p>
   </div>
   <div class='ocr_carea' id='block_1_64' title="bbox 1916 1612 3515 1684">
    <p class='ocr_par' dir='ltr' id='par_1_64' title="bbox 1916 1612 3515 1684">
     <span class='ocr_line' id='line_1_64' title="bbox 1916 1612 3515 1684; baseline -0.001 -14"><span class='ocrx_word' id='word_1_390' title='bbox 1916 1614 2283 1670; x_wconf 82' lang='lat' dir='ltr'><strong>infestantium</strong></span> <span class='ocrx_word' id='word_1_391' title='bbox 2313 1613 2618 1669; x_wconf 89' lang='lat' dir='ltr'><strong>beatissimi</strong></span> <span class='ocrx_word' id='word_1_392' title='bbox 2647 1613 2792 1667; x_wconf 88' lang='lat' dir='ltr'><strong>Petri</strong></span> <span class='ocrx_word' id='word_1_393' title='bbox 2804 1613 3030 1668; x_wconf 90' lang='lat' dir='ltr'><strong>tuitione</strong></span> <span class='ocrx_word' id='word_1_394' title='bbox 3046 1612 3277 1668; x_wconf 66' lang='lat' dir='ltr'><strong>illaesum</strong></span> <span class='ocrx_word' id='word_1_395' title='bbox 3295 1629 3515 1684; x_wconf 90' lang='lat' dir='ltr'><strong>semper</strong></span> 
     </span>
    </p>
   </div>
   <div class='ocr_carea' id='block_1_65' title="bbox 1917 1703 3517 1773">
    <p class='ocr_par' dir='ltr' id='par_1_65' title="bbox 1917 1703 3517 1773">
     <span class='ocr_line' id='line_1_65' title="bbox 1917 1703 3517 1773; baseline 0.001 -15"><span class='ocrx_word' id='word_1_396' title='bbox 1917 1711 1971 1758; x_wconf 90' lang='lat' dir='ltr'><strong>et</strong></span> <span class='ocrx_word' id='word_1_397' title='bbox 1995 1704 2400 1771; x_wconf 90' lang='lat' dir='ltr'><strong>inconcussum,</strong></span> <span class='ocrx_word' id='word_1_398' title='bbox 2431 1703 2665 1758; x_wconf 89' lang='lat' dir='ltr'><strong>Domino</strong></span> <span class='ocrx_word' id='word_1_399' title='bbox 2676 1710 3020 1773; x_wconf 78' lang='lat' dir='ltr'><strong>protegente,</strong></span> <span class='ocrx_word' id='word_1_400' title='bbox 3040 1709 3359 1773; x_wconf 86' lang='lat' dir='ltr'><strong>permaneat</strong></span> <span class='ocrx_word' id='word_1_401' title='bbox 3378 1721 3394 1770; x_wconf 86' lang='lat'><strong>;</strong></span> <span class='ocrx_word' id='word_1_402' title='bbox 3410 1703 3517 1759; x_wconf 88' lang='lat' dir='ltr'><strong>hoc</strong></span> 
     </span>
    </p>
   </div>
   <div class='ocr_carea' id='block_1_66' title="bbox 1926 1790 3519 1863">
    <p class='ocr_par' dir='ltr' id='par_1_66' title="bbox 1926 1790 3519 1863">
     <span class='ocr_line' id='line_1_66' title="bbox 1926 1790 3519 1863; baseline -0.001 -16"><span class='ocrx_word' id='word_1_403' title='bbox 1926 1793 2090 1848; x_wconf 90' lang='lat' dir='ltr'><strong>etiam</strong></span> <span class='ocrx_word' id='word_1_404' title='bbox 2127 1792 2441 1847; x_wconf 90' lang='lat' dir='ltr'><strong>omnimodo</strong></span> <span class='ocrx_word' id='word_1_405' title='bbox 2469 1790 2822 1863; x_wconf 89' lang='lat' dir='ltr'><strong>providemus</strong></span> <span class='ocrx_word' id='word_1_406' title='bbox 2850 1799 2906 1846; x_wconf 89' lang='lat' dir='ltr'><strong>et</strong></span> <span class='ocrx_word' id='word_1_407' title='bbox 2949 1790 3213 1846; x_wconf 88' lang='lat' dir='ltr'><strong>stabiliter</strong></span> <span class='ocrx_word' id='word_1_408' title='bbox 3264 1791 3519 1847; x_wconf 91' lang='lat' dir='ltr'><strong>decerni-</strong></span> 
     </span>
    </p>
   </div>
   <div class='ocr_carea' id='block_1_67' title="bbox 1924 1879 3520 1952">
    <p class='ocr_par' dir='ltr' id='par_1_67' title="bbox 1924 1879 3520 1952">
     <span class='ocr_line' id='line_1_67' title="bbox 1924 1879 3520 1952; baseline 0 -17"><span class='ocrx_word' id='word_1_409' title='bbox 1924 1897 2046 1935; x_wconf 90' lang='lat' dir='ltr'><strong>mus</strong></span> <span class='ocrx_word' id='word_1_410' title='bbox 2076 1889 2133 1935; x_wconf 91' lang='lat' dir='ltr'><strong>ut</strong></span> <span class='ocrx_word' id='word_1_411' title='bbox 2158 1881 2411 1936; x_wconf 85' lang='lat' dir='ltr'><strong>universa</strong></span> <span class='ocrx_word' id='word_1_412' title='bbox 2438 1897 2561 1952; x_wconf 67' lang='lat' dir='ltr'><strong>qua:</strong></span> <span class='ocrx_word' id='word_1_413' title='bbox 2604 1879 2809 1934; x_wconf 88' lang='lat' dir='ltr'><strong>ibidem</strong></span> <span class='ocrx_word' id='word_1_414' title='bbox 2846 1879 2903 1934; x_wconf 91' lang='lat' dir='ltr'><strong>in</strong></span> <span class='ocrx_word' id='word_1_415' title='bbox 2933 1880 3098 1934; x_wconf 89' lang='lat' dir='ltr'><strong>rebus</strong></span> <span class='ocrx_word' id='word_1_416' title='bbox 3144 1880 3436 1935; x_wconf 90' lang='lat' dir='ltr'><strong>mobilibus</strong></span> <span class='ocrx_word' id='word_1_417' title='bbox 3466 1887 3520 1935; x_wconf 86' lang='lat' dir='ltr'><strong>et</strong></span> 
     </span>
    </p>
   </div>
   <div class='ocr_carea' id='block_1_68' title="bbox 1923 1966 3517 2040">
    <p class='ocr_par' dir='ltr' id='par_1_68' title="bbox 1923 1966 3517 2040">
     <span class='ocr_line' id='line_1_68' title="bbox 1923 1966 3517 2040; baseline 0.001 -17"><span class='ocrx_word' id='word_1_418' title='bbox 1923 1969 2314 2035; x_wconf 89' lang='lat' dir='ltr'><strong>immobilibus,</strong></span> <span class='ocrx_word' id='word_1_419' title='bbox 2371 1969 2516 2024; x_wconf 90' lang='lat' dir='ltr'><strong>intus</strong></span> <span class='ocrx_word' id='word_1_420' title='bbox 2572 1968 2817 2040; x_wconf 86' lang='lat' dir='ltr'><strong>forisque</strong></span> <span class='ocrx_word' id='word_1_421' title='bbox 2871 1968 2928 2022; x_wconf 94' lang='lat' dir='ltr'><strong>in</strong></span> <span class='ocrx_word' id='word_1_422' title='bbox 2974 1966 3189 2022; x_wconf 84' lang='lat' dir='ltr'><strong>familiis</strong></span> <span class='ocrx_word' id='word_1_423' title='bbox 3235 1968 3517 2040; x_wconf 88' lang='lat' dir='ltr'><strong>utriusque</strong></span> 
     </span>
    </p>
   </div>
   <div class='ocr_carea' id='block_1_69' title="bbox 1923 2056 3519 2129">
    <p class='ocr_par' dir='ltr' id='par_1_69' title="bbox 1923 2056 3519 2129">
     <span class='ocr_line' id='line_1_69' title="bbox 1923 2056 3519 2129; baseline -0.001 -16"><span class='ocrx_word' id='word_1_424' title='bbox 1923 2074 2103 2128; x_wconf 88' lang='lat' dir='ltr'><strong>sexus,</strong></span> <span class='ocrx_word' id='word_1_425' title='bbox 2135 2066 2438 2129; x_wconf 82' lang='lat' dir='ltr'><strong>cunctaque</strong></span> <span class='ocrx_word' id='word_1_426' title='bbox 2480 2065 2670 2113; x_wconf 88' lang='lat' dir='ltr'><strong>ornatu</strong></span> <span class='ocrx_word' id='word_1_427' title='bbox 2714 2056 3105 2121; x_wconf 89' lang='lat' dir='ltr'><strong>ecclesiastico,</strong></span> <span class='ocrx_word' id='word_1_428' title='bbox 3155 2064 3321 2128; x_wconf 89' lang='lat' dir='ltr'><strong>atque</strong></span> <span class='ocrx_word' id='word_1_429' title='bbox 3367 2056 3519 2112; x_wconf 89' lang='lat' dir='ltr'><strong>omni</strong></span> 
     </span>
    </p>
   </div>
   <div class='ocr_carea' id='block_1_70' title="bbox 1922 2144 3511 2218">
    <p class='ocr_par' dir='ltr' id='par_1_70' title="bbox 1922 2144 3511 2218">
     <span class='ocr_line' id='line_1_70' title="bbox 1922 2144 3511 2218; baseline -0.001 -17"><span class='ocrx_word' id='word_1_430' title='bbox 1922 2146 2284 2218; x_wconf 86' lang='lat' dir='ltr'><strong>suppellectili</strong></span> <span class='ocrx_word' id='word_1_431' title='bbox 2314 2148 2489 2203; x_wconf 89' lang='lat' dir='ltr'><strong>semel</strong></span> <span class='ocrx_word' id='word_1_432' title='bbox 2515 2146 2748 2202; x_wconf 91' lang='lat' dir='ltr'><strong>Domino</strong></span> <span class='ocrx_word' id='word_1_433' title='bbox 2778 2161 2811 2200; x_wconf 90' lang='lat' dir='ltr'><strong>a</strong></span> <span class='ocrx_word' id='word_1_434' title='bbox 2840 2145 2998 2201; x_wconf 86' lang='lat' dir='ltr'><strong>vobis</strong></span> <span class='ocrx_word' id='word_1_435' title='bbox 3028 2144 3335 2200; x_wconf 64' lang='lat' dir='ltr'><strong>distributae</strong></span> <span class='ocrx_word' id='word_1_436' title='bbox 3364 2152 3511 2212; x_wconf 85' lang='lat' dir='ltr'><strong>sunt,</strong></span> 
     </span>
    </p>
   </div>
   <div class='ocr_carea' id='block_1_71' title="bbox 1919 2233 3516 2307">
    <p class='ocr_par' dir='ltr' id='par_1_71' title="bbox 1919 2233 3516 2307">
     <span class='ocr_line' id='line_1_71' title="bbox 1919 2233 3516 2307; baseline -0.001 -16"><span class='ocrx_word' id='word_1_437' title='bbox 1919 2234 2116 2291; x_wconf 77' lang='lat' dir='ltr'><strong>tuturis</strong></span> <span class='ocrx_word' id='word_1_438' title='bbox 2135 2236 2472 2307; x_wconf 89' lang='lat' dir='ltr'><strong>temporibus</strong></span> <span class='ocrx_word' id='word_1_439' title='bbox 2500 2234 2822 2291; x_wconf 89' lang='lat' dir='ltr'><strong>inconvulsa</strong></span> <span class='ocrx_word' id='word_1_440' title='bbox 2848 2234 2903 2289; x_wconf 91' lang='lat' dir='ltr'><strong>in</strong></span> <span class='ocrx_word' id='word_1_441' title='bbox 2933 2234 3128 2290; x_wconf 90' lang='lat' dir='ltr'><strong>eodem</strong></span> <span class='ocrx_word' id='word_1_442' title='bbox 3142 2241 3364 2291; x_wconf 87' lang='lat' dir='ltr'><strong>sacrato</strong></span> <span class='ocrx_word' id='word_1_443' title='bbox 3393 2233 3516 2290; x_wconf 92' lang='lat' dir='ltr'><strong>loco</strong></span> 
     </span>
    </p>
   </div>
   <div class='ocr_carea' id='block_1_72' title="bbox 1918 2322 3516 2396">
    <p class='ocr_par' dir='ltr' id='par_1_72' title="bbox 1918 2322 3516 2396">
     <span class='ocr_line' id='line_1_72' title="bbox 1918 2322 3516 2396; baseline -0.001 -17"><span class='ocrx_word' id='word_1_444' title='bbox 1918 2325 2215 2396; x_wconf 91' lang='lat' dir='ltr'><strong>persistant</strong></span> <span class='ocrx_word' id='word_1_445' title='bbox 2243 2325 2484 2381; x_wconf 91' lang='lat' dir='ltr'><strong>omnium</strong></span> <span class='ocrx_word' id='word_1_446' title='bbox 2523 2325 2742 2396; x_wconf 89' lang='lat' dir='ltr'><strong>penitus</strong></span> <span class='ocrx_word' id='word_1_447' title='bbox 2787 2323 3171 2379; x_wconf 90' lang='lat' dir='ltr'><strong>diminutiones</strong></span> <span class='ocrx_word' id='word_1_448' title='bbox 3224 2323 3310 2379; x_wconf 74' lang='lat' dir='ltr'><strong>vel</strong></span> <span class='ocrx_word' id='word_1_449' title='bbox 3356 2322 3516 2380; x_wconf 85' lang='lat' dir='ltr'><strong>inva-</strong></span> 
     </span>
    </p>
   </div>
   <div class='ocr_carea' id='block_1_73' title="bbox 1919 2411 3517 2485">
    <p class='ocr_par' dir='ltr' id='par_1_73' title="bbox 1919 2411 3517 2485">
     <span class='ocr_line' id='line_1_73' title="bbox 1919 2411 3517 2485; baseline 0.001 -18"><span class='ocrx_word' id='word_1_450' title='bbox 1919 2412 2072 2468; x_wconf 91' lang='lat' dir='ltr'><strong>sione</strong></span> <span class='ocrx_word' id='word_1_451' title='bbox 2121 2414 2336 2485; x_wconf 82' lang='lat' dir='ltr'><strong>scpita;</strong></span> <span class='ocrx_word' id='word_1_452' title='bbox 2369 2413 2426 2468; x_wconf 93' lang='lat' dir='ltr'><strong>in</strong></span> <span class='ocrx_word' id='word_1_453' title='bbox 2455 2414 2535 2468; x_wconf 90' lang='lat' dir='ltr'><strong>eis</strong></span> <span class='ocrx_word' id='word_1_454' title='bbox 2571 2413 2735 2468; x_wconf 89' lang='lat' dir='ltr'><strong>etiam</strong></span> <span class='ocrx_word' id='word_1_455' title='bbox 2766 2411 3005 2478; x_wconf 79' lang='lat' dir='ltr'><strong>familiis,</strong></span> <span class='ocrx_word' id='word_1_456' title='bbox 3038 2426 3174 2483; x_wconf 88' lang='lat' dir='ltr'><strong>quas</strong></span> <span class='ocrx_word' id='word_1_457' title='bbox 3201 2411 3272 2467; x_wconf 91' lang='lat' dir='ltr'><strong>ob</strong></span> <span class='ocrx_word' id='word_1_458' title='bbox 3303 2411 3517 2468; x_wconf 91' lang='lat' dir='ltr'><strong>redem-</strong></span> 
     </span>
    </p>
   </div>
   <div class='ocr_carea' id='block_1_74' title="bbox 1916 2500 3513 2572">
    <p class='ocr_par' dir='ltr' id='par_1_74' title="bbox 1916 2500 3513 2572">
     <span class='ocr_line' id='line_1_74' title="bbox 1916 2500 3513 2572; baseline 0.001 -17"><span class='ocrx_word' id='word_1_459' title='bbox 1916 2502 2178 2572; x_wconf 90' lang='lat' dir='ltr'><strong>ptionem,</strong></span> <span class='ocrx_word' id='word_1_460' title='bbox 2231 2502 2426 2557; x_wconf 63' lang='lat' dir='ltr'><strong>animae</strong></span> <span class='ocrx_word' id='word_1_461' title='bbox 2472 2509 2672 2558; x_wconf 72' lang='lat' dir='ltr'><strong>vestra:</strong></span> <span class='ocrx_word' id='word_1_462' title='bbox 2726 2500 2985 2572; x_wconf 88' lang='lat' dir='ltr'><strong>prudenti</strong></span> <span class='ocrx_word' id='word_1_463' title='bbox 3039 2508 3290 2571; x_wconf 86' lang='lat' dir='ltr'><strong>respectu</strong></span> <span class='ocrx_word' id='word_1_464' title='bbox 3347 2500 3513 2557; x_wconf 85' lang='lat' dir='ltr'><strong>liber-</strong></span> 
     </span>
    </p>
   </div>
   <div class='ocr_carea' id='block_1_75' title="bbox 1916 2588 3517 2662">
    <p class='ocr_par' dir='ltr' id='par_1_75' title="bbox 1916 2588 3517 2662">
     <span class='ocr_line' id='line_1_75' title="bbox 1916 2588 3517 2662; baseline 0 -17"><span class='ocrx_word' id='word_1_465' title='bbox 1916 2598 2024 2646; x_wconf 89' lang='lat' dir='ltr'><strong>tate</strong></span> <span class='ocrx_word' id='word_1_466' title='bbox 2045 2590 2309 2655; x_wconf 90' lang='lat' dir='ltr'><strong>donastis,</strong></span> <span class='ocrx_word' id='word_1_467' title='bbox 2325 2590 2412 2645; x_wconf 88' lang='lat' dir='ltr'><strong>vel</strong></span> <span class='ocrx_word' id='word_1_468' title='bbox 2432 2591 2488 2645; x_wconf 93' lang='lat' dir='ltr'><strong>in</strong></span> <span class='ocrx_word' id='word_1_469' title='bbox 2515 2590 2785 2662; x_wconf 89' lang='lat' dir='ltr'><strong>reliquum</strong></span> <span class='ocrx_word' id='word_1_470' title='bbox 2797 2588 3145 2655; x_wconf 87' lang='lat' dir='ltr'><strong>donaveritis,</strong></span> <span class='ocrx_word' id='word_1_471' title='bbox 3169 2589 3331 2644; x_wconf 87' lang='lat' dir='ltr'><strong>simili</strong></span> <span class='ocrx_word' id='word_1_472' title='bbox 3351 2589 3517 2645; x_wconf 90' lang='lat' dir='ltr'><strong>modo</strong></span> 
     </span>
    </p>
   </div>
   <div class='ocr_carea' id='block_1_76' title="bbox 1914 2677 3515 2750">
    <p class='ocr_par' dir='ltr' id='par_1_76' title="bbox 1914 2677 3515 2750">
     <span class='ocr_line' id='line_1_76' title="bbox 1914 2677 3515 2750; baseline -0.001 -16"><span class='ocrx_word' id='word_1_473' title='bbox 1914 2694 2016 2734; x_wconf 90' lang='lat' dir='ltr'><strong>nos</strong></span> <span class='ocrx_word' id='word_1_474' title='bbox 2044 2679 2200 2734; x_wconf 90' lang='lat' dir='ltr'><strong>vobis</strong></span> <span class='ocrx_word' id='word_1_475' title='bbox 2228 2677 2493 2747; x_wconf 84' lang='lat' dir='ltr'><strong>favemus,</strong></span> <span class='ocrx_word' id='word_1_476' title='bbox 2527 2678 2850 2750; x_wconf 87' lang='lat' dir='ltr'><strong>aspiramus,</strong></span> <span class='ocrx_word' id='word_1_477' title='bbox 2893 2685 2947 2733; x_wconf 91' lang='lat' dir='ltr'><strong>et</strong></span> <span class='ocrx_word' id='word_1_478' title='bbox 2976 2677 3334 2749; x_wconf 90' lang='lat' dir='ltr'><strong>apostolicum</strong></span> <span class='ocrx_word' id='word_1_479' title='bbox 3373 2693 3515 2749; x_wconf 63' lang='lat' dir='ltr'><strong>pra;-</strong></span> 
     </span>
    </p>
   </div>
   <div class='ocr_carea' id='block_1_77' title="bbox 1913 2765 3514 2839">
    <p class='ocr_par' dir='ltr' id='par_1_77' title="bbox 1913 2765 3514 2839">
     <span class='ocr_line' id='line_1_77' title="bbox 1913 2765 3514 2839; baseline 0.001 -17"><span class='ocrx_word' id='word_1_480' title='bbox 1913 2767 2107 2823; x_wconf 91' lang='lat' dir='ltr'><strong>bemus</strong></span> <span class='ocrx_word' id='word_1_481' title='bbox 2135 2783 2443 2838; x_wconf 90' lang='lat' dir='ltr'><strong>assensum,</strong></span> <span class='ocrx_word' id='word_1_482' title='bbox 2489 2775 2757 2839; x_wconf 90' lang='lat' dir='ltr'><strong>quatenus</strong></span> <span class='ocrx_word' id='word_1_483' title='bbox 2801 2775 2856 2822; x_wconf 91' lang='lat' dir='ltr'><strong>et</strong></span> <span class='ocrx_word' id='word_1_484' title='bbox 2886 2765 2965 2821; x_wconf 91' lang='lat' dir='ltr'><strong>illi</strong></span> <span class='ocrx_word' id='word_1_485' title='bbox 3025 2782 3219 2823; x_wconf 87' lang='lat' dir='ltr'><strong>secura</strong></span> <span class='ocrx_word' id='word_1_486' title='bbox 3265 2766 3514 2824; x_wconf 85' lang='lat' dir='ltr'><strong>libertate</strong></span> 
     </span>
    </p>
   </div>
   <div class='ocr_carea' id='block_1_78' title="bbox 1913 2855 3517 2929">
    <p class='ocr_par' dir='ltr' id='par_1_78' title="bbox 1913 2855 3517 2929">
     <span class='ocr_line' id='line_1_78' title="bbox 1913 2855 3517 2929; baseline 0 -19"><span class='ocrx_word' id='word_1_487' title='bbox 1913 2856 2087 2928; x_wconf 90' lang='lat' dir='ltr'><strong>potiti,</strong></span> <span class='ocrx_word' id='word_1_488' title='bbox 2148 2864 2202 2913; x_wconf 92' lang='lat' dir='ltr'><strong>et</strong></span> <span class='ocrx_word' id='word_1_489' title='bbox 2244 2857 2423 2929; x_wconf 88' lang='lat' dir='ltr'><strong>gratia</strong></span> <span class='ocrx_word' id='word_1_490' title='bbox 2478 2856 2581 2911; x_wconf 89' lang='lat' dir='ltr'><strong>Dei</strong></span> <span class='ocrx_word' id='word_1_491' title='bbox 2636 2855 2776 2913; x_wconf 91' lang='lat' dir='ltr'><strong>duce</strong></span> <span class='ocrx_word' id='word_1_492' title='bbox 2835 2855 3165 2927; x_wconf 78' lang='lat' dir='ltr'><strong>sempiterna</strong></span> <span class='ocrx_word' id='word_1_493' title='bbox 3218 2855 3517 2927; x_wconf 83' lang='lat' dir='ltr'><strong>suscipiant</strong></span> 
     </span>
    </p>
   </div>
   <div class='ocr_carea' id='block_1_79' title="bbox 1913 2943 3515 3018">
    <p class='ocr_par' dir='ltr' id='par_1_79' title="bbox 1913 2943 3515 3018">
     <span class='ocr_line' id='line_1_79' title="bbox 1913 2943 3515 3018; baseline 0 -19"><span class='ocrx_word' id='word_1_494' title='bbox 1913 2945 2114 3018; x_wconf 91' lang='lat' dir='ltr'><strong>gaudia</strong></span> <span class='ocrx_word' id='word_1_495' title='bbox 2156 2944 2300 3002; x_wconf 70' lang='lat' dir='ltr'><strong>vitae.</strong></span> <span class='ocrx_word' id='word_1_496' title='bbox 2352 2944 2836 3002; x_wconf 86' lang='lat' dir='ltr'><strong>Consecrationem</strong></span> <span class='ocrx_word' id='word_1_497' title='bbox 2881 2960 3028 3016; x_wconf 91' lang='lat' dir='ltr'><strong>pono</strong></span> <span class='ocrx_word' id='word_1_498' title='bbox 3074 2944 3369 3000; x_wconf 67' lang='lat' dir='ltr'><strong>abbatissae</strong></span> <span class='ocrx_word' id='word_1_499' title='bbox 3407 2943 3515 3001; x_wconf 92' lang='lat' dir='ltr'><strong>loci</strong></span> 
     </span>
    </p>
   </div>
   <div class='ocr_carea' id='block_1_80' title="bbox 1912 3033 3515 3106">
    <p class='ocr_par' dir='ltr' id='par_1_80' title="bbox 1912 3033 3515 3106">
     <span class='ocr_line' id='line_1_80' title="bbox 1912 3033 3515 3106; baseline 0.001 -19"><span class='ocrx_word' id='word_1_500' title='bbox 1912 3033 2101 3105; x_wconf 91' lang='lat' dir='ltr'><strong>ipsius,</strong></span> <span class='ocrx_word' id='word_1_501' title='bbox 2135 3042 2195 3089; x_wconf 93' lang='lat' dir='ltr'><strong>ut</strong></span> <span class='ocrx_word' id='word_1_502' title='bbox 2220 3033 2332 3089; x_wconf 80' lang='lat' dir='ltr'><strong>filia</strong></span> <span class='ocrx_word' id='word_1_503' title='bbox 2388 3035 2586 3090; x_wconf 89' lang='lat' dir='ltr'><strong>devota</strong></span> <span class='ocrx_word' id='word_1_504' title='bbox 2629 3033 2835 3106; x_wconf 88' lang='lat' dir='ltr'><strong>petisti.</strong></span> <span class='ocrx_word' id='word_1_505' title='bbox 2896 3033 3383 3090; x_wconf 79' lang='lat' dir='ltr'><strong>Mediolanensium</strong></span> <span class='ocrx_word' id='word_1_506' title='bbox 3427 3050 3515 3089; x_wconf 67' lang='grc' dir='ltr'><strong>ει·-</strong></span> 
     </span>
    </p>
   </div>
   <div class='ocr_carea' id='block_1_81' title="bbox 1910 3122 3517 3195">
    <p class='ocr_par' dir='ltr' id='par_1_81' title="bbox 1910 3122 3517 3195">
     <span class='ocr_line' id='line_1_81' title="bbox 1910 3122 3517 3195; baseline -0.001 -15"><span class='ocrx_word' id='word_1_507' title='bbox 1910 3122 2263 3195; x_wconf 87' lang='lat' dir='ltr'><strong>chiepiscopo</strong></span> <span class='ocrx_word' id='word_1_508' title='bbox 2281 3124 2659 3191; x_wconf 90' lang='lat' dir='ltr'><strong>concedimus,</strong></span> <span class='ocrx_word' id='word_1_509' title='bbox 2692 3123 2778 3180; x_wconf 85' lang='lat' dir='ltr'><strong>vel</strong></span> <span class='ocrx_word' id='word_1_510' title='bbox 2819 3122 3159 3194; x_wconf 74' lang='lat' dir='ltr'><strong>Aquileiensi</strong></span> <span class='ocrx_word' id='word_1_511' title='bbox 3194 3124 3288 3194; x_wconf 90' lang='lat' dir='ltr'><strong>qui</strong></span> <span class='ocrx_word' id='word_1_512' title='bbox 3316 3139 3517 3180; x_wconf 85' lang='lat' dir='ltr'><strong>secun-</strong></span> 
     </span>
    </p>
   </div>
   <div class='ocr_carea' id='block_1_82' title="bbox 1910 3210 3512 3284">
    <p class='ocr_par' dir='ltr' id='par_1_82' title="bbox 1910 3210 3512 3284">
     <span class='ocr_line' id='line_1_82' title="bbox 1910 3210 3512 3284; baseline 0 -17"><span class='ocrx_word' id='word_1_513' title='bbox 1910 3211 2041 3267; x_wconf 89' lang='lat' dir='ltr'><strong>dum</strong></span> <span class='ocrx_word' id='word_1_514' title='bbox 2069 3228 2261 3268; x_wconf 89' lang='lat' dir='ltr'><strong>vocem</strong></span> <span class='ocrx_word' id='word_1_515' title='bbox 2299 3211 2583 3284; x_wconf 78' lang='lat' dir='ltr'><strong>Evangelii</strong></span> <span class='ocrx_word' id='word_1_516' title='bbox 2636 3227 2736 3283; x_wconf 91' lang='lat' dir='ltr'><strong>per</strong></span> <span class='ocrx_word' id='word_1_517' title='bbox 2770 3210 2992 3277; x_wconf 89' lang='lat' dir='ltr'><strong>ostium,</strong></span> <span class='ocrx_word' id='word_1_518' title='bbox 3039 3218 3092 3265; x_wconf 91' lang='lat' dir='ltr'><strong>et</strong></span> <span class='ocrx_word' id='word_1_519' title='bbox 3136 3211 3399 3268; x_wconf 90' lang='lat' dir='ltr'><strong>canonice</strong></span> <span class='ocrx_word' id='word_1_520' title='bbox 3427 3211 3512 3267; x_wconf 89' lang='lat' dir='ltr'><strong>in-</strong></span> 
     </span>
    </p>
   </div>
   <div class='ocr_carea' id='block_1_83' title="bbox 1911 3298 3513 3373">
    <p class='ocr_par' dir='ltr' id='par_1_83' title="bbox 1911 3298 3513 3373">
     <span class='ocr_line' id='line_1_83' title="bbox 1911 3298 3513 3373; baseline 0.001 -19"><span class='ocrx_word' id='word_1_521' title='bbox 1911 3316 2133 3373; x_wconf 86' lang='lat' dir='ltr'><strong>gressus</strong></span> <span class='ocrx_word' id='word_1_522' title='bbox 2193 3299 2371 3367; x_wconf 85' lang='lat' dir='ltr'><strong>fuerit,</strong></span> <span class='ocrx_word' id='word_1_523' title='bbox 2444 3299 2641 3371; x_wconf 88' lang='lat' dir='ltr'><strong>cuique</strong></span> <span class='ocrx_word' id='word_1_524' title='bbox 2709 3298 2872 3353; x_wconf 90' lang='lat' dir='ltr'><strong>etiam</strong></span> <span class='ocrx_word' id='word_1_525' title='bbox 2927 3298 3291 3354; x_wconf 69' lang='lat' dir='ltr'><strong>reformandas</strong></span> <span class='ocrx_word' id='word_1_526' title='bbox 3360 3299 3513 3370; x_wconf 86' lang='lat' dir='ltr'><strong>pacis</strong></span> 
     </span>
    </p>
   </div>
   <div class='ocr_carea' id='block_1_84' title="bbox 1911 3386 3508 3461">
    <p class='ocr_par' dir='ltr' id='par_1_84' title="bbox 1911 3386 3508 3461">
     <span class='ocr_line' id='line_1_84' title="bbox 1911 3386 3508 3461; baseline 0 -18"><span class='ocrx_word' id='word_1_527' title='bbox 1911 3388 2148 3443; x_wconf 90' lang='lat' dir='ltr'><strong>studium</strong></span> <span class='ocrx_word' id='word_1_528' title='bbox 2167 3387 2489 3461; x_wconf 83' lang='lat' dir='ltr'><strong>delegamus</strong></span> <span class='ocrx_word' id='word_1_529' title='bbox 2517 3403 2640 3442; x_wconf 89' lang='lat' dir='ltr'><strong>cum</strong></span> <span class='ocrx_word' id='word_1_530' title='bbox 2666 3386 3042 3442; x_wconf 89' lang='lat' dir='ltr'><strong>moderamine</strong></span> <span class='ocrx_word' id='word_1_531' title='bbox 3086 3386 3408 3458; x_wconf 69' lang='lat' dir='ltr'><strong>disciplinae,</strong></span> <span class='ocrx_word' id='word_1_532' title='bbox 3441 3387 3508 3454; x_wconf 92' lang='lat' dir='ltr'><strong>si,</strong></span> 
     </span>
    </p>
   </div>
   <div class='ocr_carea' id='block_1_85' title="bbox 1912 3474 3509 3549">
    <p class='ocr_par' dir='ltr' id='par_1_85' title="bbox 1912 3474 3509 3549">
     <span class='ocr_line' id='line_1_85' title="bbox 1912 3474 3509 3549; baseline 0.001 -18"><span class='ocrx_word' id='word_1_533' title='bbox 1912 3477 2081 3549; x_wconf 90' lang='lat' dir='ltr'><strong>quod,</strong></span> <span class='ocrx_word' id='word_1_534' title='bbox 2113 3476 2275 3546; x_wconf 86' lang='lat' dir='ltr'><strong>absit,</strong></span> <span class='ocrx_word' id='word_1_535' title='bbox 2307 3477 2548 3532; x_wconf 87' lang='lat' dir='ltr'><strong>humano</strong></span> <span class='ocrx_word' id='word_1_536' title='bbox 2576 3491 2730 3532; x_wconf 85' lang='lat' dir='ltr'><strong>more</strong></span> <span class='ocrx_word' id='word_1_537' title='bbox 2769 3475 3026 3531; x_wconf 89' lang='lat' dir='ltr'><strong>obortum</strong></span> <span class='ocrx_word' id='word_1_538' title='bbox 3083 3474 3245 3530; x_wconf 82' lang='lat' dir='ltr'><strong>fuerit</strong></span> <span class='ocrx_word' id='word_1_539' title='bbox 3303 3475 3509 3533; x_wconf 87' lang='lat' dir='ltr'><strong>ibidem</strong></span> 
     </span>
    </p>
   </div>
   <div class='ocr_carea' id='block_1_86' title="bbox 1911 3572 3507 3644">
    <p class='ocr_par' dir='ltr' id='par_1_86' title="bbox 1911 3572 3507 3644">
     <span class='ocr_line' id='line_1_86' title="bbox 1911 3572 3507 3644; baseline 0.001 -16"><span class='ocrx_word' id='word_1_540' title='bbox 1911 3572 2199 3629; x_wconf 65' lang='lat' dir='ltr'><strong>discordiae</strong></span> <span class='ocrx_word' id='word_1_541' title='bbox 2226 3572 2447 3628; x_wconf 90' lang='lat' dir='ltr'><strong>malum.</strong></span> <span class='ocrx_word' id='word_1_542' title='bbox 2481 3572 2598 3627; x_wconf 88' lang='lat' dir='ltr'><strong>Etsi</strong></span> <span class='ocrx_word' id='word_1_543' title='bbox 2635 3572 2819 3644; x_wconf 89' lang='lat' dir='ltr'><strong>aliqua</strong></span> <span class='ocrx_word' id='word_1_544' title='bbox 2858 3587 2957 3643; x_wconf 90' lang='lat' dir='ltr'><strong>pro</strong></span> <span class='ocrx_word' id='word_1_545' title='bbox 2981 3580 3228 3643; x_wconf 90' lang='lat' dir='ltr'><strong>tempore</strong></span> <span class='ocrx_word' id='word_1_546' title='bbox 3259 3573 3507 3629; x_wconf 83' lang='lat' dir='ltr'><strong>necessi-</strong></span> 
     </span>
    </p>
   </div>
   <div class='ocr_carea' id='block_1_87' title="bbox 1911 3655 3513 3730">
    <p class='ocr_par' dir='ltr' id='par_1_87' title="bbox 1911 3655 3513 3730">
     <span class='ocr_line' id='line_1_87' title="bbox 1911 3655 3513 3730; baseline 0.001 -17"><span class='ocrx_word' id='word_1_547' title='bbox 1911 3666 2022 3713; x_wconf 92' lang='lat' dir='ltr'><strong>tate</strong></span> <span class='ocrx_word' id='word_1_548' title='bbox 2051 3657 2470 3730; x_wconf 84' lang='lat' dir='ltr'><strong>malignantium</strong></span> <span class='ocrx_word' id='word_1_549' title='bbox 2501 3656 2747 3730; x_wconf 81' lang='lat' dir='ltr'><strong>gravedo</strong></span> <span class='ocrx_word' id='word_1_550' title='bbox 2781 3655 3073 3727; x_wconf 88' lang='lat' dir='ltr'><strong>impulerit,</strong></span> <span class='ocrx_word' id='word_1_551' title='bbox 3136 3656 3365 3713; x_wconf 90' lang='lat' dir='ltr'><strong>licenter</strong></span> <span class='ocrx_word' id='word_1_552' title='bbox 3405 3658 3513 3715; x_wconf 82' lang='lat' dir='ltr'><strong>hoc</strong></span> 
     </span>
    </p>
   </div>
   <div class='ocr_carea' id='block_1_88' title="bbox 1910 3744 3511 3818">
    <p class='ocr_par' dir='ltr' id='par_1_88' title="bbox 1910 3744 3511 3818">
     <span class='ocr_line' id='line_1_88' title="bbox 1910 3744 3511 3818; baseline 0.001 -17"><span class='ocrx_word' id='word_1_553' title='bbox 1910 3747 1977 3801; x_wconf 90' lang='lat' dir='ltr'><strong>ad</strong></span> <span class='ocrx_word' id='word_1_554' title='bbox 2011 3746 2197 3802; x_wconf 90' lang='lat' dir='ltr'><strong>sedem</strong></span> <span class='ocrx_word' id='word_1_555' title='bbox 2234 3746 2586 3818; x_wconf 89' lang='lat' dir='ltr'><strong>apostolicam</strong></span> <span class='ocrx_word' id='word_1_556' title='bbox 2656 3744 2853 3801; x_wconf 84' lang='lat' dir='ltr'><strong>referre</strong></span> <span class='ocrx_word' id='word_1_557' title='bbox 2880 3744 3225 3816; x_wconf 86' lang='lat' dir='ltr'><strong>mandamus,</strong></span> <span class='ocrx_word' id='word_1_558' title='bbox 3258 3754 3317 3801; x_wconf 91' lang='lat' dir='ltr'><strong>ut</strong></span> <span class='ocrx_word' id='word_1_559' title='bbox 3364 3745 3511 3818; x_wconf 91' lang='lat' dir='ltr'><strong>quod</strong></span> 
     </span>
    </p>
   </div>
   <div class='ocr_carea' id='block_1_89' title="bbox 1911 3832 3511 3906">
    <p class='ocr_par' dir='ltr' id='par_1_89' title="bbox 1911 3832 3511 3906">
     <span class='ocr_line' id='line_1_89' title="bbox 1911 3832 3511 3906; baseline 0.001 -16"><span class='ocrx_word' id='word_1_560' title='bbox 1911 3833 2133 3903; x_wconf 90' lang='lat' dir='ltr'><strong>rectius,</strong></span> <span class='ocrx_word' id='word_1_561' title='bbox 2171 3842 2226 3892; x_wconf 90' lang='lat' dir='ltr'><strong>et</strong></span> <span class='ocrx_word' id='word_1_562' title='bbox 2264 3834 2606 3906; x_wconf 63' lang='lat' dir='ltr'><strong>praestantius</strong></span> <span class='ocrx_word' id='word_1_563' title='bbox 2645 3832 2810 3890; x_wconf 82' lang='lat' dir='ltr'><strong>fuerit</strong></span> <span class='ocrx_word' id='word_1_564' title='bbox 2852 3834 3043 3904; x_wconf 91' lang='lat' dir='ltr'><strong>judicii</strong></span> <span class='ocrx_word' id='word_1_565' title='bbox 3086 3834 3170 3889; x_wconf 91' lang='lat' dir='ltr'><strong>sui</strong></span> <span class='ocrx_word' id='word_1_566' title='bbox 3227 3834 3511 3892; x_wconf 90' lang='lat' dir='ltr'><strong>libramine</strong></span> 
     </span>
    </p>
   </div>
   <div class='ocr_carea' id='block_1_90' title="bbox 1911 3922 3510 3995">
    <p class='ocr_par' dir='ltr' id='par_1_90' title="bbox 1911 3922 3510 3995">
     <span class='ocr_line' id='line_1_90' title="bbox 1911 3922 3510 3995; baseline 0.001 -17"><span class='ocrx_word' id='word_1_567' title='bbox 1911 3923 2160 3989; x_wconf 74' lang='lat' dir='ltr'><strong>diﬁiniat,</strong></span> <span class='ocrx_word' id='word_1_568' title='bbox 2192 3923 2480 3995; x_wconf 83' lang='lat' dir='ltr'><strong>sapiatque</strong></span> <span class='ocrx_word' id='word_1_569' title='bbox 2531 3924 2844 3995; x_wconf 89' lang='lat' dir='ltr'><strong>opprimere</strong></span> <span class='ocrx_word' id='word_1_570' title='bbox 2888 3922 3229 3994; x_wconf 88' lang='lat' dir='ltr'><strong>suprafatum</strong></span> <span class='ocrx_word' id='word_1_571' title='bbox 3274 3940 3510 3980; x_wconf 86' lang='lat' dir='ltr'><strong>venera-</strong></span> 
     </span>
    </p>
   </div>
   <div class='ocr_carea' id='block_1_91' title="bbox 1913 4011 3511 4086">
    <p class='ocr_par' dir='ltr' id='par_1_91' title="bbox 1913 4011 3511 4086">
     <span class='ocr_line' id='line_1_91' title="bbox 1913 4011 3511 4086; baseline 0.003 -20"><span class='ocrx_word' id='word_1_572' title='bbox 1913 4012 2079 4068; x_wconf 90' lang='lat' dir='ltr'><strong>bilem</strong></span> <span class='ocrx_word' id='word_1_573' title='bbox 2128 4011 2327 4068; x_wconf 90' lang='lat' dir='ltr'><strong>locum.</strong></span> <span class='ocrx_word' id='word_1_574' title='bbox 2374 4013 2522 4068; x_wconf 89' lang='lat' dir='ltr'><strong>Inter</strong></span> <span class='ocrx_word' id='word_1_575' title='bbox 2550 4012 2669 4069; x_wconf 57' lang='lat' dir='ltr'><strong>haec</strong></span> <span class='ocrx_word' id='word_1_576' title='bbox 2688 4011 2855 4068; x_wconf 89' lang='lat' dir='ltr'><strong>Paulo</strong></span> <span class='ocrx_word' id='word_1_577' title='bbox 2899 4012 3199 4068; x_wconf 90' lang='lat' dir='ltr'><strong>venerabili</strong></span> <span class='ocrx_word' id='word_1_578' title='bbox 3229 4011 3511 4086; x_wconf 90' lang='lat' dir='ltr'><strong>episcopo,</strong></span> 
     </span>
    </p>
   </div>
   <div class='ocr_carea' id='block_1_92' title="bbox 1914 4100 3510 4174">
    <p class='ocr_par' dir='ltr' id='par_1_92' title="bbox 1914 4100 3510 4174">
     <span class='ocr_line' id='line_1_92' title="bbox 1914 4100 3510 4174; baseline 0.003 -20"><span class='ocrx_word' id='word_1_579' title='bbox 1914 4101 2005 4172; x_wconf 91' lang='lat' dir='ltr'><strong>qui</strong></span> <span class='ocrx_word' id='word_1_580' title='bbox 2051 4101 2299 4171; x_wconf 86' lang='lat' dir='ltr'><strong>ejusdem</strong></span> <span class='ocrx_word' id='word_1_581' title='bbox 2343 4100 2495 4156; x_wconf 91' lang='lat' dir='ltr'><strong>urbis</strong></span> <span class='ocrx_word' id='word_1_582' title='bbox 2549 4100 2874 4173; x_wconf 71' lang='lat' dir='ltr'><strong>placentina:</strong></span> <span class='ocrx_word' id='word_1_583' title='bbox 2930 4101 3281 4172; x_wconf 66' lang='lat' dir='ltr'><strong>praesulatum</strong></span> <span class='ocrx_word' id='word_1_584' title='bbox 3335 4102 3510 4174; x_wconf 90' lang='lat' dir='ltr'><strong>gerit,</strong></span> 
     </span>
    </p>
   </div>
   <div class='ocr_carea' id='block_1_93' title="bbox 1911 4188 3508 4261">
    <p class='ocr_par' dir='ltr' id='par_1_93' title="bbox 1911 4188 3508 4261">
     <span class='ocr_line' id='line_1_93' title="bbox 1911 4188 3508 4261; baseline 0.002 -18"><span class='ocrx_word' id='word_1_585' title='bbox 1911 4189 2195 4261; x_wconf 71' lang='lat' dir='ltr'><strong>praebente</strong></span> <span class='ocrx_word' id='word_1_586' title='bbox 2216 4204 2567 4255; x_wconf 90' lang='lat' dir='ltr'><strong>consensum,</strong></span> <span class='ocrx_word' id='word_1_587' title='bbox 2597 4197 2655 4244; x_wconf 91' lang='lat' dir='ltr'><strong>ut</strong></span> <span class='ocrx_word' id='word_1_588' title='bbox 2683 4188 2868 4245; x_wconf 87' lang='lat' dir='ltr'><strong>clerici</strong></span> <span class='ocrx_word' id='word_1_589' title='bbox 2897 4190 3265 4261; x_wconf 88' lang='lat' dir='ltr'><strong>cujuscunque</strong></span> <span class='ocrx_word' id='word_1_590' title='bbox 3300 4191 3508 4246; x_wconf 88' lang='lat' dir='ltr'><strong>ordinis</strong></span> 
     </span>
    </p>
   </div>
   <div class='ocr_carea' id='block_1_94' title="bbox 1913 4276 3510 4349">
    <p class='ocr_par' dir='ltr' id='par_1_94' title="bbox 1913 4276 3510 4349">
     <span class='ocr_line' id='line_1_94' title="bbox 1913 4276 3510 4349; baseline 0.001 -17"><span class='ocrx_word' id='word_1_591' title='bbox 1913 4278 1984 4332; x_wconf 89' lang='lat' dir='ltr'><strong>ad</strong></span> <span class='ocrx_word' id='word_1_592' title='bbox 2004 4293 2293 4333; x_wconf 89' lang='lat' dir='ltr'><strong>numerum</strong></span> <span class='ocrx_word' id='word_1_593' title='bbox 2312 4276 2603 4332; x_wconf 90' lang='lat' dir='ltr'><strong>duodecim</strong></span> <span class='ocrx_word' id='word_1_594' title='bbox 2630 4277 2686 4330; x_wconf 92' lang='lat' dir='ltr'><strong>in</strong></span> <span class='ocrx_word' id='word_1_595' title='bbox 2716 4278 2911 4332; x_wconf 88' lang='lat' dir='ltr'><strong>eodem</strong></span> <span class='ocrx_word' id='word_1_596' title='bbox 2936 4285 3126 4332; x_wconf 89' lang='lat' dir='ltr'><strong>sancto</strong></span> <span class='ocrx_word' id='word_1_597' title='bbox 3158 4277 3281 4333; x_wconf 92' lang='lat' dir='ltr'><strong>loco</strong></span> <span class='ocrx_word' id='word_1_598' title='bbox 3303 4277 3510 4349; x_wconf 88' lang='lat' dir='ltr'><strong>jugiter</strong></span> 
     </span>
    </p>
   </div>
   <div class='ocr_carea' id='block_1_95' title="bbox 1911 4363 3509 4430">
    <p class='ocr_par' dir='ltr' id='par_1_95' title="bbox 1911 4363 3509 4430">
     <span class='ocr_line' id='line_1_95' title="bbox 1911 4363 3509 4430; baseline 0.001 -11"><span class='ocrx_word' id='word_1_599' title='bbox 1911 4365 2239 4430; x_wconf 87' lang='lat' dir='ltr'><strong>deserviant,</strong></span> <span class='ocrx_word' id='word_1_600' title='bbox 2276 4363 2564 4419; x_wconf 89' lang='lat' dir='ltr'><strong>missarum</strong></span> <span class='ocrx_word' id='word_1_601' title='bbox 2594 4363 2861 4419; x_wconf 90' lang='lat' dir='ltr'><strong>solemnia</strong></span> <span class='ocrx_word' id='word_1_602' title='bbox 2889 4363 3252 4429; x_wconf 89' lang='lat' dir='ltr'><strong>celebrantes,</strong></span> <span class='ocrx_word' id='word_1_603' title='bbox 3287 4374 3509 4421; x_wconf 90' lang='lat' dir='ltr'><strong>servato</strong></span> 
     </span>
    </p>
   </div>
   <div class='ocr_carea' id='block_1_96' title="bbox 203 4446 1812 4531">
    <p class='ocr_par' dir='ltr' id='par_1_96' title="bbox 203 4455 1812 4531">
     <span class='ocr_line' id='line_1_96' title="bbox 203 4455 1812 4531; baseline 0.005 -21"><span class='ocrx_word' id='word_1_604' title='bbox 203 4455 478 4511; x_wconf 85' lang='lat' dir='ltr'><strong>sationem</strong></span> <span class='ocrx_word' id='word_1_605' title='bbox 505 4458 708 4514; x_wconf 84' lang='lat' dir='ltr'><strong>habere</strong></span> <span class='ocrx_word' id='word_1_606' title='bbox 738 4476 846 4515; x_wconf 92' lang='lat' dir='ltr'><strong>non</strong></span> <span class='ocrx_word' id='word_1_607' title='bbox 878 4469 1152 4531; x_wconf 92' lang='lat' dir='ltr'><strong>poterunt.</strong></span> <span class='ocrx_word' id='word_1_608' title='bbox 1206 4463 1343 4518; x_wconf 88' lang='lat' dir='ltr'><strong>Data</strong></span> <span class='ocrx_word' id='word_1_609' title='bbox 1387 4477 1487 4518; x_wconf 76' lang='lat' dir='ltr'><strong>xxv</strong></span> <span class='ocrx_word' id='word_1_610' title='bbox 1536 4462 1812 4519; x_wconf 84' lang='lat' dir='ltr'><strong>Kalendas</strong></span> 
     </span>
    </p>
   </div>
   <div class='ocr_carea' id='block_1_97' title="bbox 1914 4446 3506 4531">
    <p class='ocr_par' dir='ltr' id='par_1_97' title="bbox 1914 4451 3506 4524">
     <span class='ocr_line' id='line_1_97' title="bbox 1914 4451 3506 4524; baseline 0.001 -17"><span class='ocrx_word' id='word_1_611' title='bbox 1914 4454 2170 4508; x_wconf 89' lang='lat' dir='ltr'><strong>duntaxat</strong></span> <span class='ocrx_word' id='word_1_612' title='bbox 2198 4452 2254 4507; x_wconf 93' lang='lat' dir='ltr'><strong>in</strong></span> <span class='ocrx_word' id='word_1_613' title='bbox 2281 4467 2378 4507; x_wconf 92' lang='lat' dir='ltr'><strong>eos</strong></span> <span class='ocrx_word' id='word_1_614' title='bbox 2406 4452 2650 4523; x_wconf 90' lang='lat' dir='ltr'><strong>episcopi</strong></span> <span class='ocrx_word' id='word_1_615' title='bbox 2697 4451 2900 4523; x_wconf 90' lang='lat' dir='ltr'><strong>proprii</strong></span> <span class='ocrx_word' id='word_1_616' title='bbox 2940 4451 3180 4523; x_wconf 86' lang='lat' dir='ltr'><strong>regulari</strong></span> <span class='ocrx_word' id='word_1_617' title='bbox 3235 4462 3506 4524; x_wconf 90' lang='lat' dir='ltr'><strong>respectu,</strong></span> 
     </span>
    </p>
   </div>
   <div class='ocr_carea' id='block_1_98' title="bbox 202 4545 1075 4617">
    <p class='ocr_par' dir='ltr' id='par_1_98' title="bbox 202 4545 1075 4617">
     <span class='ocr_line' id='line_1_98' title="bbox 202 4545 1075 4617; baseline 0.008 -18"><span class='ocrx_word' id='word_1_618' title='bbox 202 4545 466 4617; x_wconf 75' lang='lat' dir='ltr'><strong>Augusti,</strong></span> <span class='ocrx_word' id='word_1_619' title='bbox 499 4545 795 4604; x_wconf 90' lang='lat' dir='ltr'><strong>indictione</strong></span> <span class='ocrx_word' id='word_1_620' title='bbox 843 4549 1075 4606; x_wconf 87' lang='lat' dir='ltr'><strong>decima.</strong></span> 
     </span>
    </p>
   </div>
   <div class='ocr_carea' id='block_1_99' title="bbox 202 4775 1812 4821">
    <p class='ocr_par' dir='ltr' id='par_1_99' title="bbox 202 4775 1812 4821">
     <span class='ocr_line' id='line_1_99' title="bbox 202 4775 1812 4821; baseline 0.003 -6"><span class='ocrx_word' id='word_1_621' title='bbox 202 4775 577 4818; x_wconf 67' lang='lat' dir='ltr'><strong>PRIVILBGIUI</strong></span> <span class='ocrx_word' id='word_1_622' title='bbox 605 4775 962 4818; x_wconf 60' lang='lat' dir='ltr'><strong>NONASTERIO</strong></span> <span class='ocrx_word' id='word_1_623' title='bbox 990 4779 1061 4818; x_wconf 80' lang='lat' dir='ltr'><strong>ET</strong></span> <span class='ocrx_word' id='word_1_624' title='bbox 1083 4778 1443 4820; x_wconf 75' lang='lat' dir='ltr'><strong>XENODOCBIO</strong></span> <span class='ocrx_word' id='word_1_625' title='bbox 1462 4778 1812 4821; x_wconf 76' lang='lat' dir='ltr'><strong>PLACEN’I‘INO</strong></span> 
     </span>
    </p>
   </div>
   <div class='ocr_carea' id='block_1_100' title="bbox 858 4868 1203 4909">
    <p class='ocr_par' dir='ltr' id='par_1_100' title="bbox 858 4868 1203 4909">
     <span class='ocr_line' id='line_1_100' title="bbox 858 4868 1203 4909; baseline 0.012 -4"><span class='ocrx_word' id='word_1_626' title='bbox 858 4868 1203 4909; x_wconf 71' lang='lat' dir='ltr'><strong>CONCESSUM.</strong></span> 
     </span>
    </p>
   </div>
   <div class='ocr_carea' id='block_1_101' title="bbox 842 4941 1200 5012">
    <p class='ocr_par' dir='ltr' id='par_1_101' title="bbox 842 4941 1200 5012">
     <span class='ocr_line' id='line_1_101' title="bbox 842 4941 1200 5012; baseline 0.006 -17"><span class='ocrx_word' id='word_1_627' title='bbox 842 4941 1022 5012; x_wconf 81' lang='lat' dir='ltr'><strong>(Anno</strong></span> <span class='ocrx_word' id='word_1_628' title='bbox 1053 4944 1200 5011; x_wconf 82' lang='lat'><strong>877.)</strong></span> 
     </span>
    </p>
   </div>
   <div class='ocr_carea' id='block_1_102' title="bbox 201 5024 1816 5105">
    <p class='ocr_par' dir='ltr' id='par_1_102' title="bbox 201 5024 1816 5105">
     <span class='ocr_line' id='line_1_102' title="bbox 201 5024 1816 5105; baseline 0.001 -20"><span class='ocrx_word' id='word_1_629' title='bbox 201 5024 395 5100; x_wconf 82' lang='lat' dir='ltr'><strong>[Apud</strong></span> <span class='ocrx_word' id='word_1_630' title='bbox 424 5025 637 5098; x_wconf 88' lang='lat' dir='ltr'><strong>Campi,</strong></span> <span class='ocrx_word' id='word_1_631' title='bbox 659 5027 789 5084; x_wconf 79' lang='lat' dir='ltr'><strong>dell&#39;</strong></span> <span class='ocrx_word' id='word_1_632' title='bbox 820 5031 962 5086; x_wconf 73' lang='lat' dir='ltr'><strong>Hist.</strong></span> <span class='ocrx_word' id='word_1_633' title='bbox 983 5032 1119 5087; x_wconf 83' lang='lat' dir='ltr'><strong>cccl.</strong></span> <span class='ocrx_word' id='word_1_634' title='bbox 1152 5032 1211 5086; x_wconf 84' lang='lat' dir='ltr'><strong>di</strong></span> <span class='ocrx_word' id='word_1_635' title='bbox 1238 5032 1534 5099; x_wconf 75' lang='lat' dir='ltr'><strong>Piacenza,</strong></span> <span class='ocrx_word' id='word_1_636' title='bbox 1567 5047 1622 5104; x_wconf 93' lang='lat' dir='ltr'><strong>p.</strong></span> <span class='ocrx_word' id='word_1_637' title='bbox 1666 5031 1816 5105; x_wconf 65' lang='lat'><strong>463.]</strong></span> 
     </span>
    </p>
   </div>
   <div class='ocr_carea' id='block_1_103' title="bbox 272 5126 1816 5198">
    <p class='ocr_par' dir='ltr' id='par_1_103' title="bbox 272 5126 1816 5198">
     <span class='ocr_line' id='line_1_103' title="bbox 272 5126 1816 5198; baseline 0.003 -19"><span class='ocrx_word' id='word_1_638' title='bbox 272 5127 542 5181; x_wconf 61' lang='lat' dir='ltr'><strong>Joaxams</strong></span> <span class='ocrx_word' id='word_1_639' title='bbox 571 5126 886 5198; x_wconf 90' lang='lat' dir='ltr'><strong>episcopus,</strong></span> <span class='ocrx_word' id='word_1_640' title='bbox 914 5144 1107 5184; x_wconf 82' lang='lat' dir='ltr'><strong>servus</strong></span> <span class='ocrx_word' id='word_1_641' title='bbox 1135 5145 1421 5185; x_wconf 87' lang='lat' dir='ltr'><strong>servorum</strong></span> <span class='ocrx_word' id='word_1_642' title='bbox 1462 5128 1585 5196; x_wconf 91' lang='lat' dir='ltr'><strong>Dei,</strong></span> <span class='ocrx_word' id='word_1_643' title='bbox 1603 5131 1816 5184; x_wconf 79' lang='lat' dir='ltr'><strong>ANGIL-</strong></span> 
     </span>
    </p>
   </div>
   <div class='ocr_carea' id='block_1_104' title="bbox 197 5214 1819 5291">
    <p class='ocr_par' dir='ltr' id='par_1_104' title="bbox 197 5214 1819 5291">
     <span class='ocr_line' id='line_1_104' title="bbox 197 5214 1819 5291; baseline 0.002 -22"><span class='ocrx_word' id='word_1_644' title='bbox 197 5228 409 5269; x_wconf 55' lang='lat' dir='ltr'><strong>unum</strong></span> <span class='ocrx_word' id='word_1_645' title='bbox 439 5214 656 5270; x_wconf 69' lang='lat' dir='ltr'><strong>dilectae</strong></span> <span class='ocrx_word' id='word_1_646' title='bbox 684 5214 808 5270; x_wconf 70' lang='lat' dir='ltr'><strong>tilias</strong></span> <span class='ocrx_word' id='word_1_647' title='bbox 850 5216 1210 5287; x_wconf 88' lang='lat' dir='ltr'><strong>imperatricis</strong></span> <span class='ocrx_word' id='word_1_648' title='bbox 1240 5220 1518 5291; x_wconf 66' lang='lat' dir='ltr'><strong>Augustae,</strong></span> <span class='ocrx_word' id='word_1_649' title='bbox 1554 5226 1608 5273; x_wconf 91' lang='lat' dir='ltr'><strong>et</strong></span> <span class='ocrx_word' id='word_1_650' title='bbox 1634 5234 1735 5289; x_wconf 90' lang='lat' dir='ltr'><strong>per</strong></span> <span class='ocrx_word' id='word_1_651' title='bbox 1764 5226 1819 5273; x_wconf 90' lang='lat' dir='ltr'><strong>te</strong></span> 
     </span>
    </p>
   </div>
   <div class='ocr_carea' id='block_1_105' title="bbox 198 5303 1816 5362">
    <p class='ocr_par' dir='ltr' id='par_1_105' title="bbox 198 5303 1816 5362">
     <span class='ocr_line' id='line_1_105' title="bbox 198 5303 1816 5362; baseline 0.001 -4"><span class='ocrx_word' id='word_1_652' title='bbox 198 5311 300 5359; x_wconf 86' lang='lat' dir='ltr'><strong>tuo</strong></span> <span class='ocrx_word' id='word_1_653' title='bbox 343 5303 651 5358; x_wconf 87' lang='lat' dir='ltr'><strong>venerabili</strong></span> <span class='ocrx_word' id='word_1_654' title='bbox 689 5305 1025 5362; x_wconf 90' lang='lat' dir='ltr'><strong>monasterio</strong></span> <span class='ocrx_word' id='word_1_655' title='bbox 1074 5305 1365 5362; x_wconf 67' lang='lat' dir='ltr'><strong>Placentiae</strong></span> <span class='ocrx_word' id='word_1_656' title='bbox 1420 5305 1633 5361; x_wconf 89' lang='lat' dir='ltr'><strong>noviter</strong></span> <span class='ocrx_word' id='word_1_657' title='bbox 1678 5321 1816 5362; x_wconf 93' lang='lat' dir='ltr'><strong>con-</strong></span> 
     </span>
    </p>
   </div>
   <div class='ocr_carea' id='block_1_106' title="bbox 195 5391 866 5463">
    <p class='ocr_par' dir='ltr' id='par_1_106' title="bbox 195 5391 866 5463">
     <span class='ocr_line' id='line_1_106' title="bbox 195 5391 866 5463; baseline 0.004 -18"><span class='ocrx_word' id='word_1_658' title='bbox 195 5399 420 5447; x_wconf 89' lang='lat' dir='ltr'><strong>structo</strong></span> <span class='ocrx_word' id='word_1_659' title='bbox 441 5391 498 5445; x_wconf 93' lang='lat' dir='ltr'><strong>in</strong></span> <span class='ocrx_word' id='word_1_660' title='bbox 527 5401 866 5463; x_wconf 89' lang='lat' dir='ltr'><strong>perpetuum.</strong></span> 
     </span>
    </p>
   </div>
   <div class='ocr_carea' id='block_1_107' title="bbox 273 5479 1813 5556">
    <p class='ocr_par' dir='ltr' id='par_1_107' title="bbox 273 5479 1813 5556">
     <span class='ocr_line' id='line_1_107' title="bbox 273 5479 1813 5556; baseline 0.001 -21"><span class='ocrx_word' id='word_1_661' title='bbox 273 5479 553 5535; x_wconf 88' lang='lat' dir='ltr'><strong>Omnibus</strong></span> <span class='ocrx_word' id='word_1_662' title='bbox 583 5481 803 5551; x_wconf 88' lang='lat' dir='ltr'><strong>quidem</strong></span> <span class='ocrx_word' id='word_1_663' title='bbox 826 5483 983 5551; x_wconf 88' lang='lat' dir='ltr'><strong>juxta</strong></span> <span class='ocrx_word' id='word_1_664' title='bbox 1026 5483 1334 5555; x_wconf 89' lang='lat' dir='ltr'><strong>petentibus</strong></span> <span class='ocrx_word' id='word_1_665' title='bbox 1364 5482 1666 5556; x_wconf 90' lang='lat' dir='ltr'><strong>apostolica</strong></span> <span class='ocrx_word' id='word_1_666' title='bbox 1696 5482 1813 5538; x_wconf 83' lang='lat' dir='ltr'><strong>sol-</strong></span> 
     </span>
    </p>
   </div>
   <div class='ocr_carea' id='block_1_108' title="bbox 1912 4539 3509 4612">
    <p class='ocr_par' dir='ltr' id='par_1_108' title="bbox 1912 4539 3509 4612">
     <span class='ocr_line' id='line_1_108' title="bbox 1912 4539 3509 4612; baseline 0 -15"><span class='ocrx_word' id='word_1_667' title='bbox 1912 4541 2194 4597; x_wconf 89' lang='lat' dir='ltr'><strong>vocatione</strong></span> <span class='ocrx_word' id='word_1_668' title='bbox 2224 4540 2434 4597; x_wconf 90' lang='lat' dir='ltr'><strong>scilicet</strong></span> <span class='ocrx_word' id='word_1_669' title='bbox 2462 4540 2727 4612; x_wconf 83' lang='lat' dir='ltr'><strong>synodica</strong></span> <span class='ocrx_word' id='word_1_670' title='bbox 2762 4548 2817 4595; x_wconf 90' lang='lat' dir='ltr'><strong>et</strong></span> <span class='ocrx_word' id='word_1_671' title='bbox 2845 4539 3187 4597; x_wconf 88' lang='lat' dir='ltr'><strong>ordinatione</strong></span> <span class='ocrx_word' id='word_1_672' title='bbox 3208 4555 3509 4597; x_wconf 89' lang='lat' dir='ltr'><strong>consecra-</strong></span> 
     </span>
    </p>
   </div>
   <div class='ocr_carea' id='block_1_109' title="bbox 1913 4628 3509 4696">
    <p class='ocr_par' dir='ltr' id='par_1_109' title="bbox 1913 4628 3509 4696">
     <span class='ocr_line' id='line_1_109' title="bbox 1913 4628 3509 4696; baseline 0.001 -12"><span class='ocrx_word' id='word_1_673' title='bbox 1913 4629 2094 4696; x_wconf 90' lang='lat' dir='ltr'><strong>tionis,</strong></span> <span class='ocrx_word' id='word_1_674' title='bbox 2118 4629 2190 4684; x_wconf 90' lang='lat' dir='ltr'><strong>ita</strong></span> <span class='ocrx_word' id='word_1_675' title='bbox 2218 4636 2420 4695; x_wconf 90' lang='lat' dir='ltr'><strong>tamen,</strong></span> <span class='ocrx_word' id='word_1_676' title='bbox 2449 4637 2507 4683; x_wconf 90' lang='lat' dir='ltr'><strong>ut</strong></span> <span class='ocrx_word' id='word_1_677' title='bbox 2536 4629 2592 4683; x_wconf 92' lang='lat' dir='ltr'><strong>in</strong></span> <span class='ocrx_word' id='word_1_678' title='bbox 2611 4628 2756 4686; x_wconf 90' lang='lat' dir='ltr'><strong>dicto</strong></span> <span class='ocrx_word' id='word_1_679' title='bbox 2787 4628 3037 4685; x_wconf 87' lang='lat' dir='ltr'><strong>ccenobio</strong></span> <span class='ocrx_word' id='word_1_680' title='bbox 3068 4636 3121 4685; x_wconf 93' lang='lat' dir='ltr'><strong>et</strong></span> <span class='ocrx_word' id='word_1_681' title='bbox 3168 4629 3509 4686; x_wconf 87' lang='lat' dir='ltr'><strong>xenodochio</strong></span> 
     </span>
    </p>
   </div>
   <div class='ocr_carea' id='block_1_110' title="bbox 1914 4717 3513 4791">
    <p class='ocr_par' dir='ltr' id='par_1_110' title="bbox 1914 4717 3513 4791">
     <span class='ocr_line' id='line_1_110' title="bbox 1914 4717 3513 4791; baseline 0.001 -17"><span class='ocrx_word' id='word_1_682' title='bbox 1914 4719 2187 4791; x_wconf 90' lang='lat' dir='ltr'><strong>rebusque</strong></span> <span class='ocrx_word' id='word_1_683' title='bbox 2241 4719 2485 4790; x_wconf 89' lang='lat' dir='ltr'><strong>ipsorum</strong></span> <span class='ocrx_word' id='word_1_684' title='bbox 2530 4718 2740 4774; x_wconf 90' lang='lat' dir='ltr'><strong>nullum</strong></span> <span class='ocrx_word' id='word_1_685' title='bbox 2795 4735 2855 4773; x_wconf 91' lang='lat' dir='ltr'><strong>se</strong></span> <span class='ocrx_word' id='word_1_686' title='bbox 2902 4717 3116 4774; x_wconf 90' lang='lat' dir='ltr'><strong>noverit</strong></span> <span class='ocrx_word' id='word_1_687' title='bbox 3159 4733 3195 4772; x_wconf 93' lang='lat' dir='ltr'><strong>a</strong></span> <span class='ocrx_word' id='word_1_688' title='bbox 3244 4717 3410 4774; x_wconf 89' lang='lat' dir='ltr'><strong>modo</strong></span> <span class='ocrx_word' id='word_1_689' title='bbox 3456 4727 3513 4775; x_wconf 94' lang='lat' dir='ltr'><strong>et</strong></span> 
     </span>
    </p>
   </div>
   <div class='ocr_carea' id='block_1_111' title="bbox 1913 4806 3511 4881">
    <p class='ocr_par' dir='ltr' id='par_1_111' title="bbox 1913 4806 3511 4881">
     <span class='ocr_line' id='line_1_111' title="bbox 1913 4806 3511 4881; baseline 0.001 -17"><span class='ocrx_word' id='word_1_690' title='bbox 1913 4808 2176 4881; x_wconf 92' lang='lat' dir='ltr'><strong>deinceps</strong></span> <span class='ocrx_word' id='word_1_691' title='bbox 2216 4809 2307 4879; x_wconf 89' lang='lat' dir='ltr'><strong>jus</strong></span> <span class='ocrx_word' id='word_1_692' title='bbox 2344 4808 2626 4879; x_wconf 89' lang='lat' dir='ltr'><strong>potestatis</strong></span> <span class='ocrx_word' id='word_1_693' title='bbox 2691 4807 2944 4874; x_wconf 87' lang='lat' dir='ltr'><strong>habere;</strong></span> <span class='ocrx_word' id='word_1_694' title='bbox 2994 4822 3172 4878; x_wconf 89' lang='lat' dir='ltr'><strong>neque</strong></span> <span class='ocrx_word' id='word_1_695' title='bbox 3233 4806 3391 4861; x_wconf 89' lang='lat' dir='ltr'><strong>etiam</strong></span> <span class='ocrx_word' id='word_1_696' title='bbox 3439 4808 3511 4865; x_wconf 89' lang='lat' dir='ltr'><strong>ad</strong></span> 
     </span>
    </p>
   </div>
   <div class='ocr_carea' id='block_1_112' title="bbox 1913 4894 3515 4967">
    <p class='ocr_par' dir='ltr' id='par_1_112' title="bbox 1913 4894 3515 4967">
     <span class='ocr_line' id='line_1_112' title="bbox 1913 4894 3515 4967; baseline -0.001 -14"><span class='ocrx_word' id='word_1_697' title='bbox 1913 4898 2113 4954; x_wconf 90' lang='lat' dir='ltr'><strong>missas</strong></span> <span class='ocrx_word' id='word_1_698' title='bbox 2170 4898 2526 4955; x_wconf 89' lang='lat' dir='ltr'><strong>celebrandas</strong></span> <span class='ocrx_word' id='word_1_699' title='bbox 2596 4898 2742 4967; x_wconf 85' lang='lat' dir='ltr'><strong>juxta</strong></span> <span class='ocrx_word' id='word_1_700' title='bbox 2798 4897 3017 4951; x_wconf 88' lang='lat' dir='ltr'><strong>Patrum</strong></span> <span class='ocrx_word' id='word_1_701' title='bbox 3077 4894 3339 4963; x_wconf 91' lang='lat' dir='ltr'><strong>instituta,</strong></span> <span class='ocrx_word' id='word_1_702' title='bbox 3408 4896 3515 4953; x_wconf 90' lang='lat' dir='ltr'><strong>nisi</strong></span> 
     </span>
    </p>
   </div>
   <div class='ocr_carea' id='block_1_113' title="bbox 1915 4993 3513 5067">
    <p class='ocr_par' dir='ltr' id='par_1_113' title="bbox 1915 4993 3513 5067">
     <span class='ocr_line' id='line_1_113' title="bbox 1915 4993 3513 5067; baseline 0 -16"><span class='ocrx_word' id='word_1_703' title='bbox 1915 4997 2193 5063; x_wconf 90' lang='lat' dir='ltr'><strong>invitatus,</strong></span> <span class='ocrx_word' id='word_1_704' title='bbox 2232 4996 2506 5051; x_wconf 89' lang='lat' dir='ltr'><strong>adveniat.</strong></span> <span class='ocrx_word' id='word_1_705' title='bbox 2555 4995 2812 5052; x_wconf 90' lang='lat' dir='ltr'><strong>Decimus</strong></span> <span class='ocrx_word' id='word_1_706' title='bbox 2830 5010 2962 5051; x_wconf 91' lang='lat' dir='ltr'><strong>vero</strong></span> <span class='ocrx_word' id='word_1_707' title='bbox 2977 4993 3137 5064; x_wconf 90' lang='lat' dir='ltr'><strong>juris,</strong></span> <span class='ocrx_word' id='word_1_708' title='bbox 3158 4993 3347 5061; x_wconf 91' lang='lat' dir='ltr'><strong>vestri,</strong></span> <span class='ocrx_word' id='word_1_709' title='bbox 3373 5010 3513 5067; x_wconf 89' lang='lat' dir='ltr'><strong>quas</strong></span> 
     </span>
    </p>
   </div>
   <div class='ocr_carea' id='block_1_114' title="bbox 1917 5088 3514 5165">
    <p class='ocr_par' dir='ltr' id='par_1_114' title="bbox 1917 5088 3514 5165">
     <span class='ocr_line' id='line_1_114' title="bbox 1917 5088 3514 5165; baseline -0.001 -16"><span class='ocrx_word' id='word_1_710' title='bbox 1917 5102 2145 5165; x_wconf 90' lang='lat' dir='ltr'><strong>propter</strong></span> <span class='ocrx_word' id='word_1_711' title='bbox 2174 5093 2272 5148; x_wconf 91' lang='lat' dir='ltr'><strong>Dei</strong></span> <span class='ocrx_word' id='word_1_712' title='bbox 2291 5108 2535 5147; x_wconf 89' lang='lat' dir='ltr'><strong>amorem</strong></span> <span class='ocrx_word' id='word_1_713' title='bbox 2561 5099 2980 5163; x_wconf 88' lang='lat' dir='ltr'><strong>vestrorumque</strong></span> <span class='ocrx_word' id='word_1_714' title='bbox 3018 5088 3289 5147; x_wconf 81' lang='lat' dir='ltr'><strong>bonorum</strong></span> <span class='ocrx_word' id='word_1_715' title='bbox 3328 5108 3514 5148; x_wconf 86' lang='lat' dir='ltr'><strong>recor-</strong></span> 
     </span>
    </p>
   </div>
   <div class='ocr_carea' id='block_1_115' title="bbox 1920 5187 3512 5261">
    <p class='ocr_par' dir='ltr' id='par_1_115' title="bbox 1920 5187 3512 5261">
     <span class='ocr_line' id='line_1_115' title="bbox 1920 5187 3512 5261; baseline 0 -16"><span class='ocrx_word' id='word_1_716' title='bbox 1920 5190 2197 5245; x_wconf 89' lang='lat' dir='ltr'><strong>dationem</strong></span> <span class='ocrx_word' id='word_1_717' title='bbox 2228 5188 2422 5244; x_wconf 87' lang='lat' dir='ltr'><strong>devote</strong></span> <span class='ocrx_word' id='word_1_718' title='bbox 2443 5196 2606 5260; x_wconf 89' lang='lat' dir='ltr'><strong>atque</strong></span> <span class='ocrx_word' id='word_1_719' title='bbox 2635 5188 2871 5244; x_wconf 91' lang='lat' dir='ltr'><strong>libenter</strong></span> <span class='ocrx_word' id='word_1_720' title='bbox 2891 5188 3008 5257; x_wconf 92' lang='lat' dir='ltr'><strong>jam</strong></span> <span class='ocrx_word' id='word_1_721' title='bbox 3022 5187 3201 5243; x_wconf 90' lang='lat' dir='ltr'><strong>dictus</strong></span> <span class='ocrx_word' id='word_1_722' title='bbox 3221 5188 3512 5261; x_wconf 90' lang='lat' dir='ltr'><strong>episcopus</strong></span> 
     </span>
    </p>
   </div>
   <div class='ocr_carea' id='block_1_116' title="bbox 1920 5285 3516 5359">
    <p class='ocr_par' dir='ltr' id='par_1_116' title="bbox 1920 5285 3516 5359">
     <span class='ocr_line' id='line_1_116' title="bbox 1920 5285 3516 5359; baseline 0 -17"><span class='ocrx_word' id='word_1_723' title='bbox 1920 5295 2270 5359; x_wconf 85' lang='lat' dir='ltr'><strong>suprataxato</strong></span> <span class='ocrx_word' id='word_1_724' title='bbox 2297 5285 2596 5343; x_wconf 89' lang='lat' dir='ltr'><strong>venerabili</strong></span> <span class='ocrx_word' id='word_1_725' title='bbox 2636 5286 2759 5343; x_wconf 92' lang='lat' dir='ltr'><strong>loco</strong></span> <span class='ocrx_word' id='word_1_726' title='bbox 2798 5285 3027 5357; x_wconf 87' lang='lat' dir='ltr'><strong>largitus</strong></span> <span class='ocrx_word' id='word_1_727' title='bbox 3056 5294 3140 5341; x_wconf 85' lang='lat' dir='ltr'><strong>est</strong></span> <span class='ocrx_word' id='word_1_728' title='bbox 3188 5286 3438 5343; x_wconf 89' lang='lat' dir='ltr'><strong>volumus</strong></span> <span class='ocrx_word' id='word_1_729' title='bbox 3455 5295 3516 5343; x_wconf 91' lang='lat' dir='ltr'><strong>ut</strong></span> 
     </span>
    </p>
   </div>
   <div class='ocr_carea' id='block_1_117' title="bbox 1918 5380 3516 5454">
    <p class='ocr_par' dir='ltr' id='par_1_117' title="bbox 1918 5380 3516 5454">
     <span class='ocr_line' id='line_1_117' title="bbox 1918 5380 3516 5454; baseline 0.003 -17"><span class='ocrx_word' id='word_1_730' title='bbox 1918 5383 2127 5453; x_wconf 90' lang='lat' dir='ltr'><strong>absque</strong></span> <span class='ocrx_word' id='word_1_731' title='bbox 2149 5380 2513 5453; x_wconf 87' lang='lat' dir='ltr'><strong>refragatione</strong></span> <span class='ocrx_word' id='word_1_732' title='bbox 2542 5389 2654 5437; x_wconf 90' lang='lat' dir='ltr'><strong>tam</strong></span> <span class='ocrx_word' id='word_1_733' title='bbox 2688 5381 2859 5453; x_wconf 91' lang='lat' dir='ltr'><strong>ipsius</strong></span> <span class='ocrx_word' id='word_1_734' title='bbox 2899 5397 3062 5454; x_wconf 89' lang='lat' dir='ltr'><strong>quam</strong></span> <span class='ocrx_word' id='word_1_735' title='bbox 3092 5391 3144 5438; x_wconf 92' lang='lat' dir='ltr'><strong>et</strong></span> <span class='ocrx_word' id='word_1_736' title='bbox 3164 5399 3516 5440; x_wconf 89' lang='lat' dir='ltr'><strong>sucessorum</strong></span> 
     </span>
    </p>
   </div>
   <div class='ocr_carea' id='block_1_118' title="bbox 1918 5480 3516 5562">
    <p class='ocr_par' dir='ltr' id='par_1_118' title="bbox 1918 5480 3516 5562">
     <span class='ocr_line' id='line_1_118' title="bbox 1918 5480 3516 5562; baseline 0.001 -25"><span class='ocrx_word' id='word_1_737' title='bbox 1918 5483 2056 5551; x_wconf 90' lang='lat' dir='ltr'><strong>ejus,</strong></span> <span class='ocrx_word' id='word_1_738' title='bbox 2083 5480 2229 5538; x_wconf 91' lang='lat' dir='ltr'><strong>velut</strong></span> <span class='ocrx_word' id='word_1_739' title='bbox 2258 5481 2378 5551; x_wconf 91' lang='lat' dir='ltr'><strong>ipsa</strong></span> <span class='ocrx_word' id='word_1_740' title='bbox 2408 5480 2688 5562; x_wconf 86' lang='lat' dir='ltr'><strong>instituisti</strong></span> <span class='ocrx_word' id='word_1_741' title='bbox 2747 5494 2909 5536; x_wconf 89' lang='lat' dir='ltr'><strong>sacro</strong></span> <span class='ocrx_word' id='word_1_742' title='bbox 2939 5481 3283 5538; x_wconf 84' lang='lat' dir='ltr'><strong>xenodochio</strong></span> <span class='ocrx_word' id='word_1_743' title='bbox 3310 5497 3516 5554; x_wconf 88' lang='lat' dir='ltr'><strong>perpe-</strong></span> 
     </span>
    </p>
   </div>
   <div class='ocr_carea' id='block_1_119' title="bbox 265 5631 3145 5703">
    <p class='ocr_par' dir='ltr' id='par_1_119' title="bbox 265 5631 3145 5703">
     <span class='ocr_line' id='line_1_119' title="bbox 265 5631 3145 5703; baseline 0 -18"><span class='ocrx_word' id='word_1_744' title='bbox 265 5643 295 5671; x_wconf 81' lang='grc' dir='ltr'>ι</span> <span class='ocrx_word' id='word_1_745' title='bbox 320 5633 493 5697; x_wconf 78' lang='lat' dir='ltr'><strong>Forte,</strong></span> <span class='ocrx_word' id='word_1_746' title='bbox 517 5631 731 5686; x_wconf 66' lang='lat' dir='ltr'><strong>Joannes</strong></span> <span class='ocrx_word' id='word_1_747' title='bbox 768 5633 891 5693; x_wconf 74' lang='lat' dir='ltr'><strong>Ursa</strong></span> <span class='ocrx_word' id='word_1_748' title='bbox 921 5633 1231 5690; x_wconf 79' lang='lat' dir='ltr'><strong>Venetian</strong></span> <span class='ocrx_word' id='word_1_749' title='bbox 1254 5638 1387 5701; x_wconf 82' lang='lat' dir='ltr'><strong>duci,</strong></span> <span class='ocrx_word' id='word_1_750' title='bbox 1414 5640 1469 5689; x_wconf 90' lang='lat' dir='ltr'><strong>ut</strong></span> <span class='ocrx_word' id='word_1_751' title='bbox 1490 5636 1737 5703; x_wconf 83' lang='lat' dir='ltr'><strong>signiﬁcat</strong></span> <span class='ocrx_word' id='word_1_752' title='bbox 1761 5646 1857 5689; x_wconf 80' lang='lat' dir='ltr'><strong>vox</strong></span> <span class='ocrx_word' id='word_1_753' title='bbox 1883 5633 1967 5686; x_wconf 87' lang='lat' dir='ltr'><strong>illa</strong></span> <span class='ocrx_word' id='word_1_754' title='bbox 1990 5634 2201 5698; x_wconf 81' lang='lat' dir='ltr'><strong>gloriam</strong></span> <span class='ocrx_word' id='word_1_755' title='bbox 2230 5637 2383 5700; x_wconf 73' lang='lat' dir='ltr'><strong>tum,</strong></span> <span class='ocrx_word' id='word_1_756' title='bbox 2411 5647 2558 5700; x_wconf 86' lang='lat' dir='ltr'><strong>quam</strong></span> <span class='ocrx_word' id='word_1_757' title='bbox 2583 5636 2633 5687; x_wconf 84' lang='lat' dir='ltr'><strong>et</strong></span> <span class='ocrx_word' id='word_1_758' title='bbox 2656 5634 2707 5686; x_wconf 88' lang='lat' dir='ltr'><strong>in</strong></span> <span class='ocrx_word' id='word_1_759' title='bbox 2733 5633 2959 5698; x_wconf 86' lang='lat' dir='ltr'><strong>epistola.</strong></span> <span class='ocrx_word' id='word_1_760' title='bbox 2983 5634 3145 5687; x_wconf 60' lang='lat' dir='ltr'><strong>Hann.</strong></span> 
     </span>
    </p>
   </div>
  </div>
