4072 6186
507 139 610 194 739
1783 135 2078 194 JOANNIS

2135 135 2326 192 PAPE
2385 139 2527 196 VIII.
3699 145 3801 200 ’740

505 262 721 318 tualiter
749 261 1066 317 habeantur.
1099 261 1328 332 Insuper
1347 261 1630 316 statuimus
1646 260 1820 328 vobis,
1841 269 1895 317 et
1910 267 2094 316 aucto—
2124 260 2180 320 A
2201 269 2309 318 tem
2339 273 2390 320 et
2421 266 2490 320 ad
2517 265 2824 337 profectum
2867 267 3087 324 honoris
3137 275 3336 324 sanctae
3379 275 3483 323 tuae
3527 267 3799 338 pertinere

505 353 658 406 ritate
701 350 1003 421 apostolica
1045 350 1368 416 stabilimus,
1427 358 1483 404 ut
1525 351 1673 419 juxta
1731 350 1876 421 quod
1928 349 2102 404 nostri

503 455 867 512 precessores
895 439 1006 493 suis
1033 437 1132 492 tibi
1161 438 1462 511 privilegiis
1493 439 1835 494 concessisse
1866 445 1918 493 et
1947 439 2102 493 robo-

504 545 660 584 rasse
689 529 958 596 videntur,
1005 527 1255 582 universa
1299 542 1418 597 quae
1461 527 1590 581 olim
1637 527 1777 582 divae
1819 527 2100 582 memoriae

504 617 808 672 Ludovicus
857 615 1242 670 serenissimus
1293 614 1587 684 imperator
1617 623 1670 669 et
1698 615 1782 670 vir
1825 622 1947 670 tuus
2003 631 2102 684 per

503 723 659 762 suam
688 703 1109 760 muniﬁcentiam
1139 703 1514 774 augustalibus
1545 703 1788 774 apicibus
1833 703 1926 758 tibi
1969 703 2098 757 dum

425 859 428 868 ί
503 797 800 860 adviveret,
850 792 1144 848 contulisse
1183 793 1463 862 probatur,
1515 809 1611 846 seu
1658 792 1822 846 etiam
1871 808 1934 846 ea
1978 808 2100 863 qua:

502 885 622 956 ipsa
651 881 1000 954 postmodum
1023 881 1396 951 imperialibus
1417 881 1818 951 largitionibus,
1839 880 2099 935 veletiam

501 971 828 1046 quibuslibet
877 970 1036 1039 justis
1079 970 1545 1041 acquisitionibus,
1606 969 1970 1039 emptionibus
2009 968 2096 1022 vel

501 1059 1010 1120 commutationibus
1039 1059 1092 1112 in
1121 1059 1394 1130 proprios,
1429 1059 1544 1113 sive
1568 1059 1680 1126 jam
1727 1058 1854 1112 dicti
1901 1073 2096 1113 mona-

501 1152 650 1208 sterii
676 1151 750 1204 tui
779 1165 910 1203 usus
929 1148 1229 1219 acquisisti,
1265 1164 1360 1202 seu
1393 1147 1446 1200 in
1467 1154 1748 1217 posterum
1764 1146 2098 1217 acquisitura

502 1259 596 1308 es;
629 1237 894 1310 simulque
943 1245 994 1291 et
1037 1252 1104 1291 ea
1132 1253 1254 1307 qum
1284 1236 1353 1290 ad
1384 1235 1822 1305 supplementum
1852 1235 2096 1304 ejusdem

499 1330 696 1386 sacrati
729 1328 853 1392 loci,
890 1335 941 1380 et
991 1334 1100 1380 tam
1145 1341 1336 1395 regum
1377 1340 1536 1395 quam
1575 1324 1802 1378 aliorum
1834 1339 2094 1394 quorum-

499 1419 629 1474 libet
673 1417 912 1470 ﬁdelium
957 1413 1250 1468 donatione
1287 1412 1374 1467 vel
1415 1411 1756 1476 liberalitate,
1806 1428 1952 1468 nunc
2007 1412 2094 1468 vel

496 1507 724 1578 posthac
764 1504 946 1558 addita
1000 1501 1168 1556 fuisse
1210 1501 1631 1572 comprobatur;
1661 1501 1856 1556 eodem
1899 1508 2092 1556 tenore

2200 361 2496 408 noscuntur
2523 355 2806 426 Ecclesiae,
2833 356 2920 412 cui
2949 373 3018 411 ex
3049 355 3229 411 divina
3280 355 3530 427 largitate
3559 372 3798 426 praeesse

2201 440 2563 512 dignosceris,
2597 445 2945 514 eunucleanler
2971 443 3234 515 perﬁcere
3264 445 3599 510 studeamus,
3649 444 3804 500 incli-

2200 530 2310 583 nati
2355 531 2612 600 precibus
2655 533 2760 586 tuis
2809 549 2910 604 per
2937 535 3042 590 hoc
3070 539 3314 587 nostrum
3343 532 3658 602 apostolicae
3700 548 3800 587 au-

2200 618 2462 672 ctaritatis
2510 620 2854 692 privilegium
2895 619 3278 676 conﬁrmamus
3307 619 3404 674 tibi
3461 621 3802 675 successori-

2200 706 2409 778 busque
2429 707 2536 762 tuis
2567 709 2752 764 omnia
2779 709 3067 780 privilegia
3095 717 3207 764 tam
3239 724 3520 764 sacrorum
3577 707 3804 779 pontiﬁ-

2199 811 2322 850 cum
2349 813 2509 867 quam
2539 797 2900 868 gloriosorum
2943 801 3314 868 Augustorum
3343 805 3636 868 praecepta,
3683 812 3800 868 qua

2197 899 2298 954 pro
2318 885 2525 940 honore
2557 894 2761 941 sanctae
2804 895 2909 941 tuae
2957 887 3238 952 Ecclesiae,
3273 891 3324 940 et
3351 902 3532 941 rerum
3559 885 3800 940 omnium

2197 973 2478 1027 mobilium
2520 981 2570 1028 et
2618 975 2974 1029 immobilium
3025 973 3315 1029 stabilitate
3376 974 3578 1029 collata
3635 984 3800 1040 sunt;

2195 1077 2298 1116 nec
2327 1077 2438 1116 non
2465 1069 2517 1116 et
2544 1063 2842 1133 apostolica
2868 1079 3098 1118 censura
3119 1061 3402 1116 statuimus
3421 1071 3478 1116 ut
3493 1061 3799 1117 secundum

2195 1165 2384 1205 sacros
2427 1167 2682 1216 canones,
2748 1151 2946 1222 Spiritu
2993 1151 3094 1206 Dei
3147 1151 3412 1217 conditas,
3475 1150 3666 1206 clerici
3715 1149 3800 1205 vel

2195 1239 2649 1306 sanctimoniales,
2683 1247 2776 1294 aut
2804 1239 2982 1295 viduae
3011 1239 3112 1295 sub
3141 1247 3234 1294 tua
3281 1247 3492 1310 tuaeque
3530 1238 3802 1294 Ecclesia

2193 1342 2326 1381 cura
2356 1335 2410 1382 et
2435 1328 2796 1383 sollicitudine
2841 1335 2984 1382 stare
3033 1327 3286 1393 debeant,
3335 1327 3626 1398 nullusque
3683 1334 3795 1381 tam

2193 1415 2336 1470 sacri
2366 1416 2574 1470 ordinis
2602 1417 2864 1486 praeditus
2897 1417 3104 1471 honore
3145 1431 3309 1486 quam
3356 1415 3520 1470 etiam
3569 1415 3796 1470 sacula-

2191 1503 2332 1557 rium
2389 1504 2637 1558 minister
2711 1504 3048 1576 dignitatum,
3104 1519 3427 1574 quocunque
3473 1503 3641 1558 modo
3701 1519 3796 1558 eos

499 1603 550 1650 et
583 1593 772 1648 ordine
821 1607 927 1662 quo
975 1591 1070 1644 tibi
1116 1590 1202 1646 vel
1255 1598 1346 1644 tuo
1392 1589 1780 1660 praenominato
1839 1589 2089 1645 cmnobio
2117 1611 2172 1672 Ι)
2192 1608 2392 1663 easque
2422 1593 2490 1646 ad
2519 1592 2790 1662 publicum
2819 1593 3137 1663 pertrahere
3161 1592 3443 1660 judicium,
3477 1599 3570 1646 aut
3601 1591 3676 1646 ob
3697 1592 3798 1646 hoc

496 1683 851 1746 advenerunt,
899 1679 1107 1734 illibata
1145 1687 1196 1733 et
1246 1678 1500 1733 inviolata
1545 1685 1705 1748 atque
1762 1677 2090 1733 inconcussa

495 1776 848 1843 permaneant
878 1777 929 1823 et
979 1767 1278 1823 secundum
1327 1774 1430 1821 tua;
1475 1766 1832 1820 ordinationis
1891 1775 2088 1820 statuta

495 1859 806 1930 persistant.
839 1858 906 1911 Et
937 1857 982 1911 si
1013 1857 1152 1927 quis,
1185 1856 1332 1926 quod
1351 1871 1458 1909 non
1471 1863 1738 1925 Optamus,
1760 1861 1951 1909 contra
1971 1855 2088 1909 haec

497 1955 694 2002 statuta
750 1945 806 2000 in
859 1945 960 2000 Dei
1006 1944 1388 2015 omnipotentis
1443 1943 1625 1998 oblata
1681 1943 1768 1997 vel
1823 1957 2089 1998 concessa

494 2035 772 2092 servitium
826 2047 994 2106 agere
1045 2033 1352 2102 tentaverit,
1413 2033 1500 2088 vel
1561 2032 1838 2102 quippiam
1895 2032 2088 2086 horum

492 2124 794 2197 infringere
839 2121 1128 2178 temerario
1163 2137 1294 2176 ausu
1337 2121 1585 2186 voluerit,
1644 2121 2086 2176 excommunica-

493 2214 624 2270 tioni
655 2212 958 2267 submissus
987 2210 1134 2266 omni
1165 2209 1537 2266 ecclesiastico
1577 2209 1853 2264 consortio
1883 2217 2118 2278 careat,.

495 2311 549 2358 et
597 2301 702 2356 nisi
733 2317 791 2355 se
840 2299 1094 2356 continuo
1123 2313 1156 2353 a
1185 2299 1278 2352 tali
1307 2297 1545 2368 nequitia
1575 2298 1836 2370 corrigat,
1871 2306 1924 2353 et
1956 2297 2089 2352 resi-

493 2390 684 2462 piscat,
730 2388 900 2444 sancti
944 2387 1086 2442 Petri
1127 2386 1408 2456 nostrique
1451 2386 1788 2456 apostolatus
1846 2385 2088 2441 auctori-

497 2487 606 2535 tate
645 2477 1004 2533 anathematis
1043 2475 1261 2532 vinculo
1305 2474 1594 2529 innodatus
1641 2491 1768 2529 reus
1814 2474 1868 2528 in
1911 2474 2088 2528 futuro

487 2568 691 2638 judicio
719 2574 1058 2639 permaneat,
1093 2573 1146 2620 et
1170 2581 1268 2636 pro
1299 2579 1528 2620 excessu
1559 2580 1670 2618 suae
1699 2571 1859 2619 tanta:
1905 2571 2088 2618 trans-

492 2657 796 2730 gressionis
827 2672 949 2712 cum
978 2655 1114 2709 Iuda
1143 2654 1404 2709 traditore
1449 2652 1757 2720 infrunitus,
1809 2662 1968 2724 atque
1997 2669 2090 2708 re-

493 2747 651 2801 bellis
681 2745 850 2800 sancti
879 2744 1100 2815 spiritus
1129 2743 1414 2812 sententia,
1447 2742 1539 2814 qui
1570 2758 1790 2814 semper
1818 2740 2003 2798 ﬁctum
2037 2749 2092 2796 et

491 2835 812 2890 mendacem
833 2831 1041 2904 eﬁ‘ugit,
1076 2831 1287 2888 noverit
1329 2847 1388 2885 se
1428 2831 1739 2885 habiturum
1783 2830 2090 2900 portionem

491 2923 810 2995 ingehenna
838 2921 982 2992 ignis
1012 2919 1219 2975 aeterni.
1247 2919 1514 2988 Scriptum
1543 2935 1640 2989 per
1657 2933 1872 2972 manum
1891 2917 2088 2972 Leonis

490 3010 688 3066 notarii
743 3008 1052 3080 regionarii,
1115 3016 1167 3063 et
1240 3007 1512 3062 scriniarii
1570 3014 1774 3062 sanctae
1827 3007 2087 3062 Romanae

491 3098 773 3165 Ecclesiae,
804 3097 860 3152 in
875 3113 1064 3152 mense
1084 3099 1350 3167 Augusto,
1371 3095 1665 3150 indictione
1688 3094 1918 3150 decima.
1941 3095 2086 3150 Bene

489 3188 686 3246 valete.
709 3185 970 3242 Kalendis
985 3185 1216 3257 Augusti
1235 3200 1335 3255 per
1345 3199 1568 3238 manum
1585 3183 1807 3239 Joannis
1819 3182 2082 3255 episcOpi,

487 3276 642 3332 missi
679 3283 730 3330 et
765 3273 1100 3346 apocrisiarii
1149 3281 1351 3329 sanctae
1399 3272 1546 3328 sedis
1587 3272 1922 3344 apostolicae,
1977 3271 2085 3326 im-

488 3372 716 3438 perante
766 3364 968 3419 domno
1031 3371 1218 3419 nostro
1277 3362 1488 3428 Carolo,
1538 3377 1572 3416 a
1632 3362 1748 3416 Deo
1797 3369 2082 3427 coronato,

487 3470 687 3526 magno
706 3453 1032 3524 imperatore
1061 3451 1324 3518 secundo,
1357 3459 1410 3506 et
1436 3458 1559 3522 post
1587 3449 1926 3507 consulatum
1970 3449 2085 3518 ejus

488 3559 634 3599 anno
661 3541 922 3609 secundo,
951 3540 1248 3597 indictione
1277 3557 1329 3596 x.

1237 3647 1354 3702 XC.

886 3771 959 3811 AD
988 3768 1327 3811 TICINENSEM
1355 3767 1664 3808 EPISCOPUM
1673 3793 1685 3804 .

1091 3845 1269 3914 (Anno
1301 3841 1449 3910 877.)

488 3934 1008 4008 Archiepiscopalia
1061 3930 1314 4008 ipsiggtia
1371 3928 1582 3984 utenda
1621 3925 1885 4008 concedit
1912 3998 1922 4008 l
1949 3941 2080 4008 cum

561 3998 1113 4078 facultate-vocandi
1161 3998 1232 4056 (id
1271 3998 1734 4078 suurnjygzodum
1763 3998 2078 4068 archiepis-

559 4069 718 4148 copo:
750 4077 1240 4130 Ravennatensem
1255 4074 1314 4125 et
1343 4069 1836 4125 Mediolane-nsem.

555 4182 809 4236 JOANNES
830 4178 1138 4250 episcopus,
1160 4191 1352 4232 servus
1373 4190 1658 4230 servorum
1679 4171 1799 4239 Dei,
1823 4188 2081 4245 reveren-

489 4271 714 4326 dissimo
741 4267 946 4324 JOANNi
975 4267 1030 4322 S.
1062 4264 1366 4323 Ticinensis
1393 4263 1678 4330 Ecclesiae,
1713 4269 1841 4329 etc.,
1875 4261 1930 4316 in
1959 4277 2078 4333 per-

486 4368 729 4432 petuum.

557 4450 820 4520 Supernae
867 4445 1234 4501 miserationis
1281 4444 1350 4500 ad
1405 4445 1512 4499 hoc
1557 4439 1834 4514 regiminis
1891 4453 2082 4496 curam

487 4537 850 4609 suscepimus,
906 4543 959 4590 et
997 4533 1306 4605 apostolica
1353 4531 1720 4587 miserationis
1765 4528 2082 4585 sollicitudi-

485 4643 612 4683 nem
642 4626 901 4700 gerimus,
934 4631 990 4678 ut
1012 4623 1158 4692 juste
1187 4621 1529 4692 precantium
1541 4620 1680 4676 votis
1697 4617 1886 4674 libenti
1901 4617 2082 4672 animo

483 4716 802 4784 habeamus,
836 4721 890 4768 et
921 4710 1204 4767 libramine
1224 4709 1491 4781 aequitatis
1519 4707 1727 4765 cunctis
1747 4707 1800 4762 in
1835 4706 2082 4762 necessi-

487 4803 688 4859 tatibus
731 4803 926 4874 positis
973 4799 1263 4856 subvenire
1310 4799 1627 4854 debeamus.
1677 4797 1816 4851 Nam
1857 4812 2084 4851 summa;

487 4891 634 4947 sedis
647 4899 902 4964 gerentes
921 4889 1311 4954 auctoritatem,
1335 4887 1403 4942 de
1423 4885 1816 4943 venerabilium
1839 4885 2085 4940 locorum

487 4979 797 5046 stabilitate,
845 4986 1106 5050 quantum
1137 4994 1203 5034 ex
1233 4977 1416 5032 divino
1455 4974 1720 5044 adjutorio
1749 4973 2085 5046 possibilitas

485 5070 665 5136 datur,
702 5075 952 5141 satagere
983 5067 1245 5123 debemus
1269 5085 1284 5133 ;
1316 5067 1422 5121 hoc
1437 5079 1670 5136 namque
1693 5062 1871 5118 studio
1888 5070 1941 5118 et
1957 5061 2088 5116 divi-

485 5175 556 5213 na
601 5159 844 5229 placatur
886 5155 1192 5223 clementia,
1238 5162 1292 5210 et
1319 5155 1440 5209 laus
1470 5161 1634 5226 atque
1663 5152 1862 5208 utilitas
1892 5150 2089 5206 Christi

487 5247 752 5304 Ecclesiae
789 5252 1132 5317 procuratur.
1181 5243 1355 5316 Igitur
1399 5243 1708 5314 postulante
1748 5257 1780 5296 a
1809 5239 1968 5295 nobis
1997 5247 2090 5294 tua

489 5335 816 5402 reverentia,
843 5343 1102 5406 quantum
1131 5348 1198 5388 ea
1227 5349 1346 5405 quae
1375 5331 1444 5386 ad
1473 5331 1780 5388 stabilitatis
1811 5328 2088 5400 integrita-

608 5511 766 5561 Locus
792 5515 1068 5576 corruptus.

2193 1697 2281 1735 res
2297 1680 2514 1735 illorum
2531 1681 2849 1752 illarumque
2862 1681 2916 1734 in
2939 1681 3180 1734 bannum
3203 1695 3404 1751 ponere
3425 1687 3792 1749 praesumant;

2190 1770 2287 1824 sed
2319 1786 2476 1840 aequo
2502 1769 2706 1838 judicio
2737 1769 3069 1840 specialique
3097 1768 3386 1839 praesentia
3408 1775 3498 1822 tua
3515 1783 3802 1823 successo-

2189 1875 2417 1928 rumque
2446 1866 2660 1912 tuorum
2689 1857 2758 1912 de
2789 1857 3202 1928 quibuscunque
3232 1857 3409 1912 causis
3442 1855 3528 1910 vel
3559 1855 3802 1926 negotiis

2191 1961 2310 2018 quae
2339 1947 2638 2002 secundum
2679 1946 2941 2017 temporis
2987 1946 3293 2017 qualitatem
3338 1944 3662 2010 acciderint,
3711 1946 3798 2012 ju-

2190 2034 2382 2088 stitiam
2434 2035 2804 2106 judiciumque
2864 2034 3079 2088 faciant.
3156 2033 3442 2088 Sancimus
3513 2033 3684 2086 etiam
3741 2039 3799 2086 ut

2187 2123 2510 2178 monasteria
2540 2141 2660 2194 qua:
2687 2123 2826 2178 intra
2857 2131 2962 2178 tuae
2991 2122 3244 2178 dioecesis
3289 2120 3426 2176 ﬁnes
3463 2121 3794 2188 consistunt,

2191 2211 2288 2266 sub
2319 2219 2411 2267 tuo
2442 2220 2494 2266 et
2523 2227 2710 2266 eorum
2758 2210 2848 2282 qui
2877 2211 2972 2264 tibi
3002 2211 3364 2266 successerint
3385 2211 3510 2278 jure
3524 2209 3797 2265 canonico

2189 2307 2547 2371 permaneant
2573 2300 2628 2353 in
2649 2307 2966 2370 perpetuum
2999 2299 3264 2365 videlicet,
3301 2306 3354 2353 ct
3379 2297 3802 2354 consecratione

2191 2389 2448 2443 abbatum
2477 2388 2562 2444 vel
2591 2388 3008 2454 abbatissarum,
3057 2395 3110 2442 et
3153 2388 3210 2442 in
3257 2403 3446 2442 eorum
3495 2401 3800 2457 earumque

2192 2477 2477 2532 criminum
2498 2477 2869 2542 discussione;
2903 2476 2974 2529 ita
3021 2491 3153 2530 sane
3199 2483 3256 2530 ut
3299 2475 3432 2529 nulli
3477 2473 3534 2528 in
3583 2474 3800 2529 eisdem

2191 2566 2589 2621 venerabilibus
2613 2565 2767 2632 locis,
2801 2565 3011 2635 quoties
3056 2572 3420 2634 opportunum
3449 2562 3631 2630 fuerit,
3679 2562 3802 2616 sine

2191 2662 2280 2709 tua
2311 2661 2631 2725 tuorumque
2655 2669 3034 2710 successorum
3075 2652 3414 2723 providentia
3457 2660 3620 2722 atque
3659 2667 3799 2706 con-

2193 2759 2358 2798 sensu
2399 2743 2492 2797 fiat
2540 2743 2753 2809 electio,
2795 2741 2934 2798 sicut
2975 2742 3236 2797 canonica
3271 2741 3426 2809 jubet
3471 2739 3797 2804 auctoritas,

2194 2833 2342 2888 salvo
2371 2831 2580 2888 scilicet
2609 2831 2662 2884 in
2692 2831 2943 2886 omnibus
2973 2830 3119 2884 sedis
3149 2829 3461 2900 apostolicae
3501 2827 3802 2899 privilegio

2193 2921 2414 2992 speciali
2438 2939 2452 2988 ;
2485 2921 2787 2991 harumque
2810 2927 2998 2974 tenore
3017 2917 3396 2989 praecipientes
3425 2925 3482 2971 ut
3511 2924 3798 2971 monaste-

2189 3009 2328 3064 rium
2373 3009 2430 3064 S.
2479 3009 2697 3077 Donati,
2749 3007 3030 3063 fundatum
3059 3023 3092 3062 a
3121 3006 3455 3077 Luitprando
3503 3005 3798 3075 episcopo,

2188 3098 2480 3154 decessore
2525 3105 2636 3163 tuo,
2680 3097 2735 3151 in
2777 3096 2900 3152 loco
2949 3096 3042 3167 qui
3091 3095 3290 3150 dicitur
3341 3093 3614 3167 Scogialo,
3665 3109 3803 3148 cum

2186 3187 2438 3242 omnibus
2465 3185 2632 3241 rebus
2662 3185 2953 3240 mobilibus
2985 3192 3038 3239 et
3081 3182 3448 3239 immobilibus
3487 3181 3804 3238 secundum

2185 3275 2496 3332 testamenti
2524 3275 2608 3329 sui
2639 3274 2838 3330 seriem
2863 3273 3088 3343 collatis,
3123 3280 3176 3328 et
3203 3271 3348 3326 aliud
3392 3271 3804 3326 monasterium

2187 3364 2244 3422 S.
2277 3364 2461 3420 Mariae
2489 3364 2726 3435 positum
2755 3363 2808 3416 in
2841 3362 3075 3429 Cariata,
3109 3377 3231 3432 qua:
3255 3360 3366 3429 juri
3393 3358 3657 3416 Ecclesiae
3679 3367 3798 3415 tua:

2183 3453 2372 3524 procul
2401 3453 2564 3508 dubio
2595 3461 2647 3508 et
2676 3451 2948 3523 pertinere
2977 3449 3247 3514 videntur,
3281 3457 3332 3504 te
3363 3463 3802 3519 sucessoresque

2185 3551 2306 3598 tuos
2373 3541 2651 3614 perpetuis
2722 3540 3052 3611 temporibus
3128 3537 3534 3607 juridictionem
3597 3544 3800 3592 tenere

2181 3631 2492 3702 habereque
2522 3629 2888 3694 decernimus,
2923 3637 2977 3684 et
3008 3626 3270 3700 quamvis,
3297 3627 3352 3681 in
3395 3625 3584 3681 alienis
3631 3639 3810 3696 paro-

2184 3719 2320 3774 chiis
2367 3718 2686 3784 consistant,
2733 3717 3028 3790 apostolica
3069 3716 3324 3784 jubemus
3365 3713 3687 3770 auctaritate
3745 3713 3806 3767 in

2181 3808 2434 3863 omnibus
2464 3824 2586 3879 quae
2605 3806 2904 3878 ibiagenda
2923 3805 3012 3860 vel
3025 3803 3326 3860 ordinanda
3350 3809 3528 3868 erunt,
3551 3801 3796 3857 liberam

2182 3897 2300 3952 sine
2327 3896 2554 3966 alicujus
2573 3894 3000 3952 contradictione
3015 3894 3221 3949 habeas
3254 3899 3578 3964 potestatem
3607 3909 3622 3956 ;
3654 3907 3806 3962 pre-

2181 3985 2432 4057 sbyteros
2480 4001 2614 4041 vero
2673 3992 2725 4039 et
2763 3984 3062 4039 monachos
3117 3981 3504 4052 praedictorum
3551 3979 3811 4035 omnium

2180 4073 2554 4130 coenobiorum
2575 4073 2645 4128 ad
2673 4080 2822 4128 tuum
2855 4071 3194 4140 canonicum,
3223 4077 3382 4141 prout
3411 4068 3798 4126 ecclesiastica
3855 4113 3864 4121 .

2177 4162 2476 4218 necessitas
2506 4162 2768 4235 exegerit,
2802 4161 2920 4217 sine
2941 4159 3170 4228 alicujus
3200 4157 3624 4215 cantradictione
3665 4165 3799 4212 sta-

2177 4251 2376 4306 tuimus
2431 4251 2616 4306 venire
2644 4249 2955 4306 concilium.
2989 4248 3148 4317 Quod
3177 4247 3225 4302 si
3252 4247 3433 4318 aliqua
3471 4247 3528 4300 in
3575 4245 3808 4301 eisdem

2119 2963 2167 3027 Ο

2107 4323 2160 4385 D
2180 4339 2522 4395 monasteriis
2553 4346 2842 4410 praecepta,
2875 4354 2993 4410 quae
3014 4335 3288 4392 canonicis
3309 4335 3364 4388 in
3393 4335 3578 4406 aliquo
3623 4350 3812 4405 regu-

2183 4427 2252 4482 lis
2271 4427 2495 4484 obviare
2517 4427 2787 4492 videntur,
2819 4426 3018 4482 fuerint
3047 4432 3287 4496 reperta,
3310 4423 3481 4492 major
3501 4423 3608 4477 hoc
3625 4437 3810 4477 cano—

2182 4517 2304 4573 nice
2334 4515 2567 4572 factuma
2581 4517 2650 4570 ab
2667 4517 2772 4571 illis
2788 4515 2993 4570 habere
3015 4513 3388 4570 auctoritatem
3413 4511 3802 4567 decernimus.

2185 4607 2261 4661 Ita
2291 4606 2451 4661 etiam
2479 4605 2548 4660 de
2568 4605 2896 4661 coemeteriis
2928 4619 3050 4675 quae
3095 4603 3234 4658 intra
3269 4601 3358 4656 vel
3402 4608 3554 4655 extra
3592 4599 3808 4654 civita—

2183 4703 2292 4749 tem
2324 4694 2666 4750 Ticincnsem
2695 4692 3014 4756 consistunt,
3061 4690 3407 4762 praecipimus
3449 4697 3508 4743 ut
3555 4688 3658 4741 sub
3690 4695 3819 4744 tum

2183 4782 2443 4838 Ecclesiae
2473 4798 2598 4838 cura
2627 4791 2678 4836 et
2708 4788 2976 4853 potestate
3005 4779 3280 4848 antistitis,
3314 4779 3523 4848 absque
3560 4777 3812 4845 alicujus

2186 4871 2550 4928 controversia
2579 4877 2957 4942 permaneant.
3001 4868 3284 4923 Sancimus
3313 4867 3476 4921 etiam
3493 4864 3817 4936 apostolica

2187 4960 2504 5017 auctoritate
2533 4959 2815 5030 largiendo
2844 4957 2940 5013 tibi
2971 4957 3184 5028 tuisque
3229 4953 3641 5011 successoribus
3670 4967 3816 5008 cru-

2187 5065 2306 5105 cem
2325 5049 2527 5102 habere
2555 5061 2878 5118 quocunque
2907 5045 3142 5100 volueris
3171 5043 3338 5108 ferre,
3373 5041 3600 5113 pallium
3645 5057 3808 5112 quo-

2190 5154 2294 5208 que
2339 5135 2587 5191 similiter
2625 5134 2996 5195 concedimus.
3049 5147 3151 5189 nec
3192 5147 3302 5186 non
3352 5131 3534 5184 album
3585 5145 3812 5200 equum

2187 5233 2504 5296 coopertum
2544 5225 2788 5296 equitare
2817 5223 2872 5277 in
2901 5222 3065 5276 ramis
3097 5221 3415 5293 palmarum,
3449 5225 3502 5273 et
3547 5219 3818 5274 secunda

2191 5313 2323 5369 feria
2373 5323 2495 5386 post
2541 5315 2774 5370 Pascha.
2836 5312 3123 5368 Sancimus
3171 5310 3330 5365 etiam
3383 5316 3439 5362 ut
3489 5305 3820 5362 secundum
