  <div class='ocr_page' id='page_1' title='image "/cluster/home/n/w/nwhite01/storage/ocr_20150623/126/hvd.32044052819513/376.png"; bbox 0 0 4028 6180; ppageno 0'>
   <div class='ocr_carea' id='block_1_1' title="bbox 195 232 287 287">
    <p class='ocr_par' dir='ltr' id='par_1_1' title="bbox 195 232 287 287">
     <span class='ocr_line' id='line_1_1' title="bbox 195 232 287 287; baseline -0.022 0"><span class='ocrx_word' id='word_1_1' title='bbox 195 232 287 287; x_wconf 70' lang='grc'>741</span> 
     </span>
    </p>
   </div>
   <div class='ocr_carea' id='block_1_2' title="bbox 1367 223 2279 284">
    <p class='ocr_par' dir='ltr' id='par_1_2' title="bbox 1367 223 2279 284">
     <span class='ocr_line' id='line_1_2' title="bbox 1367 223 2279 284; baseline 0.003 -3"><span class='ocrx_word' id='word_1_2' title='bbox 1367 223 1724 283; x_wconf 71' lang='lat' dir='ltr'>EPISTOLE</span> <span class='ocrx_word' id='word_1_3' title='bbox 1780 226 1873 281; x_wconf 87' lang='grc' dir='ltr'><strong>ΕΤ</strong></span> <span class='ocrx_word' id='word_1_4' title='bbox 1925 226 2279 284; x_wconf 81' lang='lat' dir='ltr'>DECRETA.</span> 
     </span>
    </p>
   </div>
   <div class='ocr_carea' id='block_1_3' title="bbox 3406 238 3512 296">
    <p class='ocr_par' dir='ltr' id='par_1_3' title="bbox 3406 238 3512 296">
     <span class='ocr_line' id='line_1_3' title="bbox 3406 238 3512 296; baseline 0.047 -6"><span class='ocrx_word' id='word_1_5' title='bbox 3406 238 3512 296; x_wconf 71' lang='grc'>742</span> 
     </span>
    </p>
   </div>
   <div class='ocr_carea' id='block_1_4' title="bbox 191 336 3515 429">
    <p class='ocr_par' dir='ltr' id='par_1_4' title="bbox 191 336 3515 429">
     <span class='ocr_line' id='line_1_4' title="bbox 191 336 3515 429; baseline 0.002 -19"><span class='ocrx_word' id='word_1_6' title='bbox 191 362 440 410; x_wconf 88' lang='lat' dir='ltr'>tenorem</span> <span class='ocrx_word' id='word_1_7' title='bbox 498 351 720 423; x_wconf 89' lang='lat' dir='ltr'>capituli</span> <span class='ocrx_word' id='word_1_8' title='bbox 808 349 1031 418; x_wconf 86' lang='lat' dir='ltr'>decimi,</span> <span class='ocrx_word' id='word_1_9' title='bbox 1082 349 1228 422; x_wconf 90' lang='lat' dir='ltr'>quod</span> <span class='ocrx_word' id='word_1_10' title='bbox 1286 349 1534 422; x_wconf 84' lang='lat' dir='ltr'>synodali</span> <span class='ocrx_word' id='word_1_11' title='bbox 1584 350 1809 406; x_wconf 90' lang='lat' dir='ltr'>decreto</span> <span class='ocrx_word' id='word_1_12' title='bbox 1837 352 2109 413; x_wconf 85' lang='lat' dir='ltr'>ALeonis</span> <span class='ocrx_word' id='word_1_13' title='bbox 2156 351 2428 409; x_wconf 88' lang='lat' dir='ltr'>scriniarii</span> <span class='ocrx_word' id='word_1_14' title='bbox 2471 352 2530 409; x_wconf 91' lang='lat' dir='ltr'>S.</span> <span class='ocrx_word' id='word_1_15' title='bbox 2578 353 2643 408; x_wconf 83' lang='grc' dir='ltr'><strong>Β.</strong></span> <span class='ocrx_word' id='word_1_16' title='bbox 2686 353 2753 409; x_wconf 90' lang='grc' dir='ltr'>Ε.</span> <span class='ocrx_word' id='word_1_17' title='bbox 2803 353 2860 408; x_wconf 93' lang='lat' dir='ltr'>in</span> <span class='ocrx_word' id='word_1_18' title='bbox 2915 371 3103 411; x_wconf 86' lang='lat' dir='ltr'>mense</span> <span class='ocrx_word' id='word_1_19' title='bbox 3152 336 3515 429; x_wconf 84' lang='lat' dir='ltr'>Septembris.</span> 
     </span>
    </p>
   </div>
   <div class='ocr_carea' id='block_1_5' title="bbox 191 437 1811 510">
    <p class='ocr_par' dir='ltr' id='par_1_5' title="bbox 191 437 1811 510">
     <span class='ocr_line' id='line_1_5' title="bbox 191 437 1811 510; baseline -0.004 -13"><span class='ocrx_word' id='word_1_20' title='bbox 191 443 473 498; x_wconf 83' lang='lat' dir='ltr'>Ravenna</span> <span class='ocrx_word' id='word_1_21' title='bbox 503 440 791 495; x_wconf 88' lang='lat' dir='ltr'>statuimus</span> <span class='ocrx_word' id='word_1_22' title='bbox 817 456 918 510; x_wconf 90' lang='lat' dir='ltr'>per</span> <span class='ocrx_word' id='word_1_23' title='bbox 935 438 1292 494; x_wconf 89' lang='lat' dir='ltr'>indictionem</span> <span class='ocrx_word' id='word_1_24' title='bbox 1315 438 1609 505; x_wconf 85' lang='lat' dir='ltr'>decimam,</span> <span class='ocrx_word' id='word_1_25' title='bbox 1627 437 1811 492; x_wconf 90' lang='lat' dir='ltr'>nullus</span> 
     </span>
    </p>
   </div>
   <div class='ocr_carea' id='block_1_6' title="bbox 196 525 1810 601">
    <p class='ocr_par' dir='ltr' id='par_1_6' title="bbox 196 525 1810 601">
     <span class='ocr_line' id='line_1_6' title="bbox 196 525 1810 601; baseline -0.002 -17"><span class='ocrx_word' id='word_1_26' title='bbox 196 545 465 601; x_wconf 85' lang='lat' dir='ltr'>unquam,</span> <span class='ocrx_word' id='word_1_27' title='bbox 518 528 778 599; x_wconf 87' lang='lat' dir='ltr'>cujusque</span> <span class='ocrx_word' id='word_1_28' title='bbox 822 526 1100 599; x_wconf 73' lang='lat' dir='ltr'>dignitatis</span> <span class='ocrx_word' id='word_1_29' title='bbox 1143 534 1235 581; x_wconf 92' lang='lat' dir='ltr'>aut</span> <span class='ocrx_word' id='word_1_30' title='bbox 1286 525 1566 597; x_wconf 86' lang='lat' dir='ltr'>potentia,</span> <span class='ocrx_word' id='word_1_31' title='bbox 1624 526 1810 591; x_wconf 92' lang='lat' dir='ltr'>homo,</span> 
     </span>
    </p>
   </div>
   <div class='ocr_carea' id='block_1_7' title="bbox 192 612 1814 690">
    <p class='ocr_par' dir='ltr' id='par_1_7' title="bbox 192 612 1814 690">
     <span class='ocr_line' id='line_1_7' title="bbox 192 612 1814 690; baseline -0.003 -18"><span class='ocrx_word' id='word_1_32' title='bbox 192 618 350 690; x_wconf 90' lang='lat' dir='ltr'>quasi</span> <span class='ocrx_word' id='word_1_33' title='bbox 399 618 505 671; x_wconf 89' lang='lat' dir='ltr'>sub</span> <span class='ocrx_word' id='word_1_34' title='bbox 550 617 774 672; x_wconf 89' lang='lat' dir='ltr'>obtentu</span> <span class='ocrx_word' id='word_1_35' title='bbox 824 615 1226 687; x_wconf 77' lang='lat' dir='ltr'>hospitalitatis,</span> <span class='ocrx_word' id='word_1_36' title='bbox 1274 614 1330 668; x_wconf 92' lang='lat' dir='ltr'>in</span> <span class='ocrx_word' id='word_1_37' title='bbox 1374 622 1465 669; x_wconf 92' lang='lat' dir='ltr'>tuo</span> <span class='ocrx_word' id='word_1_38' title='bbox 1513 612 1814 669; x_wconf 84' lang='lat' dir='ltr'>venerabili</span> 
     </span>
    </p>
   </div>
   <div class='ocr_carea' id='block_1_8' title="bbox 195 702 1814 777">
    <p class='ocr_par' dir='ltr' id='par_1_8' title="bbox 195 702 1814 777">
     <span class='ocr_line' id='line_1_8' title="bbox 195 702 1814 777; baseline -0.004 -16"><span class='ocrx_word' id='word_1_39' title='bbox 195 706 506 777; x_wconf 90' lang='lat' dir='ltr'>episcopio,</span> <span class='ocrx_word' id='word_1_40' title='bbox 558 705 735 760; x_wconf 90' lang='lat' dir='ltr'>autin</span> <span class='ocrx_word' id='word_1_41' title='bbox 771 704 1024 760; x_wconf 86' lang='lat' dir='ltr'>domibus</span> <span class='ocrx_word' id='word_1_42' title='bbox 1073 702 1421 758; x_wconf 84' lang='lat' dir='ltr'>sacerdotum</span> <span class='ocrx_word' id='word_1_43' title='bbox 1476 709 1714 767; x_wconf 91' lang='lat' dir='ltr'>tuorum,</span> <span class='ocrx_word' id='word_1_44' title='bbox 1762 708 1814 755; x_wconf 90' lang='lat' dir='ltr'>et</span> 
     </span>
    </p>
   </div>
   <div class='ocr_carea' id='block_1_9' title="bbox 196 792 1810 862">
    <p class='ocr_par' dir='ltr' id='par_1_9' title="bbox 196 792 1810 862">
     <span class='ocr_line' id='line_1_9' title="bbox 196 792 1810 862; baseline -0.004 -12"><span class='ocrx_word' id='word_1_45' title='bbox 196 795 447 850; x_wconf 86' lang='lat' dir='ltr'>omnium</span> <span class='ocrx_word' id='word_1_46' title='bbox 481 792 807 849; x_wconf 89' lang='lat' dir='ltr'>clericorum</span> <span class='ocrx_word' id='word_1_47' title='bbox 852 793 970 847; x_wconf 89' lang='lat' dir='ltr'>sine</span> <span class='ocrx_word' id='word_1_48' title='bbox 1014 800 1106 847; x_wconf 89' lang='lat' dir='ltr'>tua</span> <span class='ocrx_word' id='word_1_49' title='bbox 1142 799 1472 862; x_wconf 89' lang='lat' dir='ltr'>tuorumque</span> <span class='ocrx_word' id='word_1_50' title='bbox 1523 803 1810 845; x_wconf 90' lang='lat' dir='ltr'>successo-</span> 
     </span>
    </p>
   </div>
   <div class='ocr_carea' id='block_1_10' title="bbox 194 876 1815 953">
    <p class='ocr_par' dir='ltr' id='par_1_10' title="bbox 194 876 1815 953">
     <span class='ocr_line' id='line_1_10' title="bbox 194 876 1815 953; baseline -0.005 -16"><span class='ocrx_word' id='word_1_51' title='bbox 194 899 321 937; x_wconf 85' lang='lat' dir='ltr'>rum</span> <span class='ocrx_word' id='word_1_52' title='bbox 352 882 636 938; x_wconf 85' lang='lat' dir='ltr'>voluntate</span> <span class='ocrx_word' id='word_1_53' title='bbox 665 881 941 953; x_wconf 84' lang='lat' dir='ltr'>applicare</span> <span class='ocrx_word' id='word_1_54' title='bbox 970 888 1284 951; x_wconf 91' lang='lat' dir='ltr'>prasumat.</span> <span class='ocrx_word' id='word_1_55' title='bbox 1310 879 1406 932; x_wconf 85' lang='lat' dir='ltr'>His</span> <span class='ocrx_word' id='word_1_56' title='bbox 1426 878 1497 931; x_wconf 93' lang='lat' dir='ltr'>ita</span> <span class='ocrx_word' id='word_1_57' title='bbox 1517 876 1815 948; x_wconf 87' lang='lat' dir='ltr'>pralibatis</span> 
     </span>
    </p>
   </div>
   <div class='ocr_carea' id='block_1_11' title="bbox 197 964 1815 1027">
    <p class='ocr_par' dir='ltr' id='par_1_11' title="bbox 197 964 1815 1027">
     <span class='ocr_line' id='line_1_11' title="bbox 197 964 1815 1027; baseline -0.006 0"><span class='ocrx_word' id='word_1_58' title='bbox 197 970 550 1027; x_wconf 87' lang='lat' dir='ltr'>decernimus</span> <span class='ocrx_word' id='word_1_59' title='bbox 597 978 653 1024; x_wconf 88' lang='lat' dir='ltr'>ut</span> <span class='ocrx_word' id='word_1_60' title='bbox 702 970 748 1024; x_wconf 92' lang='lat' dir='ltr'>si</span> <span class='ocrx_word' id='word_1_61' title='bbox 795 970 1033 1024; x_wconf 89' lang='lat' dir='ltr'>humana</span> <span class='ocrx_word' id='word_1_62' title='bbox 1064 966 1487 1025; x_wconf 84' lang='lat' dir='ltr'>contradictione</span> <span class='ocrx_word' id='word_1_63' title='bbox 1519 975 1622 1021; x_wconf 87' lang='lat' dir='ltr'>tua</span> <span class='ocrx_word' id='word_1_64' title='bbox 1669 964 1815 1019; x_wconf 91' lang='lat' dir='ltr'>sedis</span> 
     </span>
    </p>
   </div>
   <div class='ocr_carea' id='block_1_12' title="bbox 199 1053 1816 1131">
    <p class='ocr_par' dir='ltr' id='par_1_12' title="bbox 199 1053 1816 1131">
     <span class='ocr_line' id='line_1_12' title="bbox 199 1053 1816 1131; baseline -0.005 -16"><span class='ocrx_word' id='word_1_65' title='bbox 199 1060 501 1131; x_wconf 90' lang='lat' dir='ltr'>episcopus</span> <span class='ocrx_word' id='word_1_66' title='bbox 528 1075 594 1113; x_wconf 85' lang='lat' dir='ltr'>ex</span> <span class='ocrx_word' id='word_1_67' title='bbox 627 1059 729 1113; x_wconf 89' lang='lat' dir='ltr'>hoc</span> <span class='ocrx_word' id='word_1_68' title='bbox 759 1056 963 1112; x_wconf 93' lang='lat' dir='ltr'>mundo</span> <span class='ocrx_word' id='word_1_69' title='bbox 979 1055 1310 1127; x_wconf 81' lang='lat' dir='ltr'>migraverit,</span> <span class='ocrx_word' id='word_1_70' title='bbox 1335 1055 1403 1110; x_wconf 93' lang='lat' dir='ltr'>de</span> <span class='ocrx_word' id='word_1_71' title='bbox 1426 1053 1648 1125; x_wconf 90' lang='lat' dir='ltr'>proprio</span> <span class='ocrx_word' id='word_1_72' title='bbox 1669 1053 1816 1109; x_wconf 90' lang='lat' dir='ltr'>clero</span> 
     </span>
    </p>
   </div>
   <div class='ocr_carea' id='block_1_13' title="bbox 200 1136 1815 1219">
    <p class='ocr_par' dir='ltr' id='par_1_13' title="bbox 200 1136 1815 1219">
     <span class='ocr_line' id='line_1_13' title="bbox 200 1136 1815 1219; baseline -0.005 -16"><span class='ocrx_word' id='word_1_73' title='bbox 200 1164 369 1219; x_wconf 84' lang='lat' dir='ltr'>quem</span> <span class='ocrx_word' id='word_1_74' title='bbox 397 1147 659 1201; x_wconf 91' lang='lat' dir='ltr'>idoneum</span> <span class='ocrx_word' id='word_1_75' title='bbox 687 1162 803 1217; x_wconf 86' lang='lat' dir='ltr'>pra</span> <span class='ocrx_word' id='word_1_76' title='bbox 834 1144 1048 1200; x_wconf 87' lang='lat' dir='ltr'>cateris</span> <span class='ocrx_word' id='word_1_77' title='bbox 1079 1144 1261 1199; x_wconf 92' lang='lat' dir='ltr'>clerus</span> <span class='ocrx_word' id='word_1_78' title='bbox 1305 1151 1358 1197; x_wconf 92' lang='lat' dir='ltr'>et</span> <span class='ocrx_word' id='word_1_79' title='bbox 1385 1142 1617 1213; x_wconf 84' lang='lat' dir='ltr'>pOpulus</span> <span class='ocrx_word' id='word_1_80' title='bbox 1649 1136 1815 1212; x_wconf 87' lang='lat' dir='ltr'>repe-</span> 
     </span>
    </p>
   </div>
   <div class='ocr_carea' id='block_1_14' title="bbox 198 1233 1814 1305">
    <p class='ocr_par' dir='ltr' id='par_1_14' title="bbox 198 1233 1814 1305">
     <span class='ocr_line' id='line_1_14' title="bbox 198 1233 1814 1305; baseline -0.004 -15"><span class='ocrx_word' id='word_1_81' title='bbox 198 1235 356 1300; x_wconf 89' lang='lat' dir='ltr'>rerit,</span> <span class='ocrx_word' id='word_1_82' title='bbox 392 1242 720 1305; x_wconf 88' lang='lat' dir='ltr'>potestatem</span> <span class='ocrx_word' id='word_1_83' title='bbox 748 1234 940 1287; x_wconf 86' lang='lat' dir='ltr'>habeat</span> <span class='ocrx_word' id='word_1_84' title='bbox 988 1233 1285 1288; x_wconf 90' lang='lat' dir='ltr'>secundum</span> <span class='ocrx_word' id='word_1_85' title='bbox 1331 1238 1531 1285; x_wconf 89' lang='lat' dir='ltr'>statuta</span> <span class='ocrx_word' id='word_1_86' title='bbox 1576 1245 1814 1284; x_wconf 89' lang='lat' dir='ltr'>venera-</span> 
     </span>
    </p>
   </div>
   <div class='ocr_carea' id='block_1_15' title="bbox 200 1316 1816 1391">
    <p class='ocr_par' dir='ltr' id='par_1_15' title="bbox 200 1316 1816 1391">
     <span class='ocr_line' id='line_1_15' title="bbox 200 1316 1816 1391; baseline -0.004 -14"><span class='ocrx_word' id='word_1_87' title='bbox 200 1324 394 1377; x_wconf 88' lang='lat' dir='ltr'>bilium</span> <span class='ocrx_word' id='word_1_88' title='bbox 444 1324 685 1391; x_wconf 87' lang='lat' dir='ltr'>Patrum,</span> <span class='ocrx_word' id='word_1_89' title='bbox 728 1330 780 1377; x_wconf 89' lang='lat' dir='ltr'>et</span> <span class='ocrx_word' id='word_1_90' title='bbox 828 1322 1085 1377; x_wconf 87' lang='lat' dir='ltr'>Romana</span> <span class='ocrx_word' id='word_1_91' title='bbox 1128 1321 1275 1375; x_wconf 86' lang='lat' dir='ltr'>sedis</span> <span class='ocrx_word' id='word_1_92' title='bbox 1314 1319 1630 1386; x_wconf 90' lang='lat' dir='ltr'>antistitum,</span> <span class='ocrx_word' id='word_1_93' title='bbox 1665 1316 1816 1371; x_wconf 85' lang='lat' dir='ltr'>nulla</span> 
     </span>
    </p>
   </div>
   <div class='ocr_carea' id='block_1_16' title="bbox 201 1407 1811 1481">
    <p class='ocr_par' dir='ltr' id='par_1_16' title="bbox 201 1407 1811 1481">
     <span class='ocr_line' id='line_1_16' title="bbox 201 1407 1811 1481; baseline -0.006 -13"><span class='ocrx_word' id='word_1_94' title='bbox 201 1412 438 1468; x_wconf 86' lang='lat' dir='ltr'>seculari</span> <span class='ocrx_word' id='word_1_95' title='bbox 471 1410 874 1466; x_wconf 88' lang='lat' dir='ltr'>contradicente</span> <span class='ocrx_word' id='word_1_96' title='bbox 911 1410 1172 1481; x_wconf 89' lang='lat' dir='ltr'>potentia,</span> <span class='ocrx_word' id='word_1_97' title='bbox 1207 1407 1446 1479; x_wconf 81' lang='lat' dir='ltr'>eligendi</span> <span class='ocrx_word' id='word_1_98' title='bbox 1475 1407 1811 1478; x_wconf 89' lang='lat' dir='ltr'>episcopum.</span> 
     </span>
    </p>
   </div>
   <div class='ocr_carea' id='block_1_17' title="bbox 200 1495 1814 1569">
    <p class='ocr_par' dir='ltr' id='par_1_17' title="bbox 200 1495 1814 1569">
     <span class='ocr_line' id='line_1_17' title="bbox 200 1495 1814 1569; baseline -0.004 -15"><span class='ocrx_word' id='word_1_99' title='bbox 200 1500 366 1569; x_wconf 90' lang='lat' dir='ltr'>Quod</span> <span class='ocrx_word' id='word_1_100' title='bbox 395 1500 441 1555; x_wconf 90' lang='lat' dir='ltr'>si</span> <span class='ocrx_word' id='word_1_101' title='bbox 471 1499 703 1555; x_wconf 86' lang='lat' dir='ltr'>fortasse</span> <span class='ocrx_word' id='word_1_102' title='bbox 733 1499 787 1552; x_wconf 90' lang='lat' dir='ltr'>in</span> <span class='ocrx_word' id='word_1_103' title='bbox 818 1499 1007 1553; x_wconf 89' lang='lat' dir='ltr'>eadem</span> <span class='ocrx_word' id='word_1_104' title='bbox 1037 1498 1197 1568; x_wconf 90' lang='lat' dir='ltr'>plebe</span> <span class='ocrx_word' id='word_1_105' title='bbox 1216 1540 1228 1564; x_wconf 91' lang='lat'>,</span> <span class='ocrx_word' id='word_1_106' title='bbox 1265 1497 1410 1567; x_wconf 91' lang='lat' dir='ltr'>quod</span> <span class='ocrx_word' id='word_1_107' title='bbox 1439 1495 1659 1551; x_wconf 86' lang='lat' dir='ltr'>minime</span> <span class='ocrx_word' id='word_1_108' title='bbox 1687 1509 1814 1550; x_wconf 90' lang='lat' dir='ltr'>cre-</span> 
     </span>
    </p>
   </div>
   <div class='ocr_carea' id='block_1_18' title="bbox 198 1581 1814 1658">
    <p class='ocr_par' dir='ltr' id='par_1_18' title="bbox 198 1581 1814 1658">
     <span class='ocr_line' id='line_1_18' title="bbox 198 1581 1814 1658; baseline -0.004 -15"><span class='ocrx_word' id='word_1_109' title='bbox 198 1588 400 1653; x_wconf 90' lang='lat' dir='ltr'>dimus,</span> <span class='ocrx_word' id='word_1_110' title='bbox 435 1596 597 1643; x_wconf 86' lang='lat' dir='ltr'>tanta</span> <span class='ocrx_word' id='word_1_111' title='bbox 626 1587 776 1642; x_wconf 83' lang='lat' dir='ltr'>sedis</span> <span class='ocrx_word' id='word_1_112' title='bbox 806 1588 1014 1642; x_wconf 91' lang='lat' dir='ltr'>honore</span> <span class='ocrx_word' id='word_1_113' title='bbox 1042 1587 1241 1658; x_wconf 86' lang='lat' dir='ltr'>dignus</span> <span class='ocrx_word' id='word_1_114' title='bbox 1272 1592 1521 1656; x_wconf 90' lang='lat' dir='ltr'>repertus</span> <span class='ocrx_word' id='word_1_115' title='bbox 1558 1599 1668 1639; x_wconf 90' lang='lat' dir='ltr'>non</span> <span class='ocrx_word' id='word_1_116' title='bbox 1698 1581 1814 1637; x_wconf 88' lang='lat' dir='ltr'>fue-</span> 
     </span>
    </p>
   </div>
   <div class='ocr_carea' id='block_1_19' title="bbox 1911 441 3515 518">
    <p class='ocr_par' dir='ltr' id='par_1_19' title="bbox 1911 441 3515 518">
     <span class='ocr_line' id='line_1_19' title="bbox 1911 441 3515 518; baseline 0.006 -24"><span class='ocrx_word' id='word_1_117' title='bbox 1911 441 2056 496; x_wconf 88' lang='lat' dir='ltr'>Bene</span> <span class='ocrx_word' id='word_1_118' title='bbox 2083 441 2291 497; x_wconf 87' lang='lat' dir='ltr'>Valete.</span> <span class='ocrx_word' id='word_1_119' title='bbox 2325 443 2521 497; x_wconf 88' lang='lat' dir='ltr'>Datum</span> <span class='ocrx_word' id='word_1_120' title='bbox 2552 449 2635 498; x_wconf 89' lang='lat' dir='ltr'>est</span> <span class='ocrx_word' id='word_1_121' title='bbox 2664 443 2767 499; x_wconf 90' lang='lat' dir='ltr'>hoc</span> <span class='ocrx_word' id='word_1_122' title='bbox 2796 459 2941 499; x_wconf 92' lang='lat' dir='ltr'>nono</span> <span class='ocrx_word' id='word_1_123' title='bbox 2980 444 3101 500; x_wconf 85' lang='lat' dir='ltr'>Kal.</span> <span class='ocrx_word' id='word_1_124' title='bbox 3154 445 3515 518; x_wconf 87' lang='lat' dir='ltr'>Septembris,</span> 
     </span>
    </p>
   </div>
   <div class='ocr_carea' id='block_1_20' title="bbox 1914 530 3515 605">
    <p class='ocr_par' dir='ltr' id='par_1_20' title="bbox 1914 530 3515 605">
     <span class='ocr_line' id='line_1_20' title="bbox 1914 530 3515 605; baseline 0.004 -21"><span class='ocrx_word' id='word_1_125' title='bbox 1914 545 2010 599; x_wconf 91' lang='lat' dir='ltr'>per</span> <span class='ocrx_word' id='word_1_126' title='bbox 2039 545 2262 584; x_wconf 91' lang='lat' dir='ltr'>manum</span> <span class='ocrx_word' id='word_1_127' title='bbox 2292 530 2490 586; x_wconf 88' lang='lat' dir='ltr'>Leonis</span> <span class='ocrx_word' id='word_1_128' title='bbox 2519 531 2764 602; x_wconf 90' lang='lat' dir='ltr'>episcopi</span> <span class='ocrx_word' id='word_1_129' title='bbox 2793 531 2945 587; x_wconf 89' lang='lat' dir='ltr'>missi</span> <span class='ocrx_word' id='word_1_130' title='bbox 2991 541 3044 588; x_wconf 91' lang='lat' dir='ltr'>et</span> <span class='ocrx_word' id='word_1_131' title='bbox 3087 533 3426 605; x_wconf 88' lang='lat' dir='ltr'>apocrisiarii</span> <span class='ocrx_word' id='word_1_132' title='bbox 3458 536 3515 591; x_wconf 93' lang='lat' dir='ltr'>S.</span> 
     </span>
    </p>
   </div>
   <div class='ocr_carea' id='block_1_21' title="bbox 1914 617 3522 690">
    <p class='ocr_par' dir='ltr' id='par_1_21' title="bbox 1914 617 3522 690">
     <span class='ocr_line' id='line_1_21' title="bbox 1914 617 3522 690; baseline 0.004 -19"><span class='ocrx_word' id='word_1_133' title='bbox 1914 617 2060 672; x_wconf 90' lang='lat' dir='ltr'>sedis</span> <span class='ocrx_word' id='word_1_134' title='bbox 2089 617 2421 689; x_wconf 89' lang='lat' dir='ltr'>apostolica,</span> <span class='ocrx_word' id='word_1_135' title='bbox 2454 619 2758 690; x_wconf 85' lang='lat' dir='ltr'>imperante</span> <span class='ocrx_word' id='word_1_136' title='bbox 2787 620 2988 676; x_wconf 92' lang='lat' dir='ltr'>domno</span> <span class='ocrx_word' id='word_1_137' title='bbox 3020 621 3216 677; x_wconf 87' lang='lat' dir='ltr'>Carolo</span> <span class='ocrx_word' id='word_1_138' title='bbox 3259 630 3522 679; x_wconf 88' lang='lat' dir='ltr'>coronato</span> 
     </span>
    </p>
   </div>
   <div class='ocr_carea' id='block_1_22' title="bbox 1912 706 3525 780">
    <p class='ocr_par' dir='ltr' id='par_1_22' title="bbox 1912 706 3525 780">
     <span class='ocr_line' id='line_1_22' title="bbox 1912 706 3525 780; baseline 0.006 -22"><span class='ocrx_word' id='word_1_139' title='bbox 1912 720 2113 777; x_wconf 85' lang='lat' dir='ltr'>magno</span> <span class='ocrx_word' id='word_1_140' title='bbox 2142 706 2494 777; x_wconf 88' lang='lat' dir='ltr'>imperatore.</span> <span class='ocrx_word' id='word_1_141' title='bbox 2546 708 2613 762; x_wconf 89' lang='lat' dir='ltr'>Et</span> <span class='ocrx_word' id='word_1_142' title='bbox 2642 715 2699 762; x_wconf 93' lang='lat' dir='ltr'>ut</span> <span class='ocrx_word' id='word_1_143' title='bbox 2741 708 2940 764; x_wconf 89' lang='lat' dir='ltr'>certius</span> <span class='ocrx_word' id='word_1_144' title='bbox 2986 717 3247 780; x_wconf 86' lang='lat' dir='ltr'>appareat</span> <span class='ocrx_word' id='word_1_145' title='bbox 3290 711 3396 767; x_wconf 90' lang='lat' dir='ltr'>hoc</span> <span class='ocrx_word' id='word_1_146' title='bbox 3424 726 3525 767; x_wconf 90' lang='lat' dir='ltr'>no-</span> 
     </span>
    </p>
   </div>
   <div class='ocr_carea' id='block_1_23' title="bbox 1915 794 3523 870">
    <p class='ocr_par' dir='ltr' id='par_1_23' title="bbox 1915 794 3523 870">
     <span class='ocr_line' id='line_1_23' title="bbox 1915 794 3523 870; baseline 0.005 -24"><span class='ocrx_word' id='word_1_147' title='bbox 1915 800 2088 847; x_wconf 89' lang='lat' dir='ltr'>strum</span> <span class='ocrx_word' id='word_1_148' title='bbox 2119 794 2480 866; x_wconf 81' lang='lat' dir='ltr'>privilegium,</span> <span class='ocrx_word' id='word_1_149' title='bbox 2504 802 2557 850; x_wconf 92' lang='lat' dir='ltr'>et</span> <span class='ocrx_word' id='word_1_150' title='bbox 2582 796 2962 852; x_wconf 90' lang='lat' dir='ltr'>inconcussum</span> <span class='ocrx_word' id='word_1_151' title='bbox 2978 807 3315 868; x_wconf 88' lang='lat' dir='ltr'>permaneat,</span> <span class='ocrx_word' id='word_1_152' title='bbox 3341 799 3523 870; x_wconf 87' lang='lat' dir='ltr'>sigillo</span> 
     </span>
    </p>
   </div>
   <div class='ocr_carea' id='block_1_24' title="bbox 1915 882 3523 957">
    <p class='ocr_par' dir='ltr' id='par_1_24' title="bbox 1915 882 3523 957">
     <span class='ocr_line' id='line_1_24' title="bbox 1915 882 3523 957; baseline 0.006 -22"><span class='ocrx_word' id='word_1_153' title='bbox 1915 889 2103 937; x_wconf 91' lang='lat' dir='ltr'>nostro</span> <span class='ocrx_word' id='word_1_154' title='bbox 2126 882 2387 950; x_wconf 90' lang='lat' dir='ltr'>jussimus</span> <span class='ocrx_word' id='word_1_155' title='bbox 2416 883 2686 957; x_wconf 78' lang='lat' dir='ltr'>insigniri.</span> <span class='ocrx_word' id='word_1_156' title='bbox 2721 887 2877 941; x_wconf 82' lang='lat' dir='ltr'>Anno</span> <span class='ocrx_word' id='word_1_157' title='bbox 2907 901 2966 940; x_wconf 88' lang='lat' dir='ltr'>n.</span> <span class='ocrx_word' id='word_1_158' title='bbox 3012 886 3141 942; x_wconf 87' lang='lat' dir='ltr'>Post</span> <span class='ocrx_word' id='word_1_159' title='bbox 3179 887 3523 944; x_wconf 88' lang='lat' dir='ltr'>consulatum</span> 
     </span>
    </p>
   </div>
   <div class='ocr_carea' id='block_1_25' title="bbox 1916 969 3107 1038">
    <p class='ocr_par' dir='ltr' id='par_1_25' title="bbox 1916 969 3107 1038">
     <span class='ocr_line' id='line_1_25' title="bbox 1916 969 3107 1038; baseline 0.005 -15"><span class='ocrx_word' id='word_1_160' title='bbox 1916 969 2034 1038; x_wconf 90' lang='lat' dir='ltr'>ejus</span> <span class='ocrx_word' id='word_1_161' title='bbox 2064 985 2209 1025; x_wconf 88' lang='lat' dir='ltr'>anno</span> <span class='ocrx_word' id='word_1_162' title='bbox 2238 986 2297 1037; x_wconf 80' lang='grc' dir='ltr'>ιι,</span> <span class='ocrx_word' id='word_1_163' title='bbox 2330 971 2521 1027; x_wconf 92' lang='lat' dir='ltr'>indict.</span> <span class='ocrx_word' id='word_1_164' title='bbox 2560 988 2641 1027; x_wconf 68' lang='grc' dir='ltr'>χι.</span> <span class='ocrx_word' id='word_1_165' title='bbox 3090 1026 3107 1037; x_wconf 68' lang='grc'><em>,</em></span> 
     </span>
    </p>
   </div>
   <div class='ocr_carea' id='block_1_26' title="bbox 1987 1058 3528 1132">
    <p class='ocr_par' dir='ltr' id='par_1_26' title="bbox 1987 1058 3528 1132">
     <span class='ocr_line' id='line_1_26' title="bbox 1987 1058 3528 1132; baseline 0.006 -20"><span class='ocrx_word' id='word_1_166' title='bbox 1987 1058 2274 1114; x_wconf 86' lang='lat' dir='ltr'>Zacharias</span> <span class='ocrx_word' id='word_1_167' title='bbox 2302 1060 2522 1114; x_wconf 88' lang='lat' dir='ltr'>humilis</span> <span class='ocrx_word' id='word_1_168' title='bbox 2552 1060 2841 1132; x_wconf 90' lang='lat' dir='ltr'>episcopus</span> <span class='ocrx_word' id='word_1_169' title='bbox 2871 1070 3072 1118; x_wconf 85' lang='lat' dir='ltr'>sancta</span> <span class='ocrx_word' id='word_1_170' title='bbox 3102 1063 3366 1121; x_wconf 90' lang='lat' dir='ltr'>Ecclesia</span> <span class='ocrx_word' id='word_1_171' title='bbox 3385 1067 3528 1121; x_wconf 82' lang='lat' dir='ltr'>Ana-</span> 
     </span>
    </p>
   </div>
   <div class='ocr_carea' id='block_1_27' title="bbox 1916 1145 3304 1223">
    <p class='ocr_par' dir='ltr' id='par_1_27' title="bbox 1916 1145 3304 1223">
     <span class='ocr_line' id='line_1_27' title="bbox 1916 1145 3304 1223; baseline 0.006 -25"><span class='ocrx_word' id='word_1_172' title='bbox 1916 1145 2161 1217; x_wconf 88' lang='lat' dir='ltr'>gniensis</span> <span class='ocrx_word' id='word_1_173' title='bbox 2189 1146 2244 1201; x_wconf 93' lang='lat' dir='ltr'>in</span> <span class='ocrx_word' id='word_1_174' title='bbox 2274 1149 2378 1203; x_wconf 92' lang='lat' dir='ltr'>hoc</span> <span class='ocrx_word' id='word_1_175' title='bbox 2407 1148 2694 1221; x_wconf 88' lang='lat' dir='ltr'>privilegio</span> <span class='ocrx_word' id='word_1_176' title='bbox 2724 1151 2975 1205; x_wconf 91' lang='lat' dir='ltr'>consensi</span> <span class='ocrx_word' id='word_1_177' title='bbox 3006 1160 3059 1206; x_wconf 90' lang='lat' dir='ltr'>et</span> <span class='ocrx_word' id='word_1_178' title='bbox 3091 1152 3304 1223; x_wconf 89' lang='lat' dir='ltr'>scripsi.</span> 
     </span>
    </p>
   </div>
   <div class='ocr_carea' id='block_1_28' title="bbox 1985 1235 3524 1309">
    <p class='ocr_par' dir='ltr' id='par_1_28' title="bbox 1985 1235 3524 1309">
     <span class='ocr_line' id='line_1_28' title="bbox 1985 1235 3524 1309; baseline 0.006 -22"><span class='ocrx_word' id='word_1_179' title='bbox 1985 1235 2175 1289; x_wconf 84' lang='lat' dir='ltr'>Petrus</span> <span class='ocrx_word' id='word_1_180' title='bbox 2205 1235 2496 1307; x_wconf 89' lang='lat' dir='ltr'>episcopus</span> <span class='ocrx_word' id='word_1_181' title='bbox 2542 1238 3113 1309; x_wconf 88' lang='lat' dir='ltr'>Forosempronieusis</span> <span class='ocrx_word' id='word_1_182' title='bbox 3166 1241 3427 1298; x_wconf 89' lang='lat' dir='ltr'>Ecclesia</span> <span class='ocrx_word' id='word_1_183' title='bbox 3465 1241 3524 1297; x_wconf 90' lang='lat' dir='ltr'>in</span> 
     </span>
    </p>
   </div>
   <div class='ocr_carea' id='block_1_29' title="bbox 1916 1322 2950 1397">
    <p class='ocr_par' dir='ltr' id='par_1_29' title="bbox 1916 1322 2950 1397">
     <span class='ocr_line' id='line_1_29' title="bbox 1916 1322 2950 1397; baseline 0.006 -21"><span class='ocrx_word' id='word_1_184' title='bbox 1916 1322 2021 1378; x_wconf 90' lang='lat' dir='ltr'>hoc</span> <span class='ocrx_word' id='word_1_185' title='bbox 2048 1323 2336 1395; x_wconf 89' lang='lat' dir='ltr'>privilegio</span> <span class='ocrx_word' id='word_1_186' title='bbox 2365 1325 2620 1380; x_wconf 89' lang='lat' dir='ltr'>consensi</span> <span class='ocrx_word' id='word_1_187' title='bbox 2649 1334 2703 1380; x_wconf 92' lang='lat' dir='ltr'>et</span> <span class='ocrx_word' id='word_1_188' title='bbox 2731 1326 2950 1397; x_wconf 89' lang='lat' dir='ltr'>scripsi.</span> 
     </span>
    </p>
   </div>
   <div class='ocr_carea' id='block_1_30' title="bbox 1987 1412 3521 1488">
    <p class='ocr_par' dir='ltr' id='par_1_30' title="bbox 1987 1412 3521 1488">
     <span class='ocr_line' id='line_1_30' title="bbox 1987 1412 3521 1488; baseline 0.008 -24"><span class='ocrx_word' id='word_1_189' title='bbox 1987 1412 2307 1466; x_wconf 88' lang='lat' dir='ltr'>Laurentius</span> <span class='ocrx_word' id='word_1_190' title='bbox 2337 1414 2555 1467; x_wconf 90' lang='lat' dir='ltr'>humilis</span> <span class='ocrx_word' id='word_1_191' title='bbox 2585 1414 2874 1485; x_wconf 91' lang='lat' dir='ltr'>episcopus</span> <span class='ocrx_word' id='word_1_192' title='bbox 2914 1416 3224 1488; x_wconf 86' lang='lat' dir='ltr'>Campania</span> <span class='ocrx_word' id='word_1_193' title='bbox 3255 1418 3521 1476; x_wconf 83' lang='lat' dir='ltr'>Ecclesia</span> 
     </span>
    </p>
   </div>
   <div class='ocr_carea' id='block_1_31' title="bbox 1916 1500 2489 1572">
    <p class='ocr_par' dir='ltr' id='par_1_31' title="bbox 1916 1500 2489 1572">
     <span class='ocr_line' id='line_1_31' title="bbox 1916 1500 2489 1572; baseline 0.002 -18"><span class='ocrx_word' id='word_1_194' title='bbox 1916 1500 2168 1554; x_wconf 87' lang='lat' dir='ltr'>consensi</span> <span class='ocrx_word' id='word_1_195' title='bbox 2198 1508 2250 1554; x_wconf 91' lang='lat' dir='ltr'>et</span> <span class='ocrx_word' id='word_1_196' title='bbox 2276 1501 2489 1572; x_wconf 91' lang='lat' dir='ltr'>scripsi.</span> 
     </span>
    </p>
   </div>
   <div class='ocr_carea' id='block_1_32' title="bbox 1986 1588 3529 1652">
    <p class='ocr_par' dir='ltr' id='par_1_32' title="bbox 1986 1588 3529 1652">
     <span class='ocr_line' id='line_1_32' title="bbox 1986 1588 3529 1652; baseline 0.005 -9"><span class='ocrx_word' id='word_1_197' title='bbox 1986 1588 2095 1643; x_wconf 89' lang='lat' dir='ltr'>Leo</span> <span class='ocrx_word' id='word_1_198' title='bbox 2139 1589 2355 1643; x_wconf 87' lang='lat' dir='ltr'>humilis</span> <span class='ocrx_word' id='word_1_199' title='bbox 2407 1590 2718 1646; x_wconf 88' lang='lat' dir='ltr'>scriniarius</span> <span class='ocrx_word' id='word_1_200' title='bbox 2768 1600 2819 1648; x_wconf 91' lang='lat' dir='ltr'>et</span> <span class='ocrx_word' id='word_1_201' title='bbox 2863 1593 3107 1648; x_wconf 91' lang='lat' dir='ltr'>notarius</span> <span class='ocrx_word' id='word_1_202' title='bbox 3156 1594 3212 1650; x_wconf 93' lang='lat' dir='ltr'>S.</span> <span class='ocrx_word' id='word_1_203' title='bbox 3269 1594 3335 1651; x_wconf 86' lang='lat' dir='ltr'>R.</span> <span class='ocrx_word' id='word_1_204' title='bbox 3377 1597 3441 1650; x_wconf 90' lang='grc' dir='ltr'><strong>Ε.</strong></span> <span class='ocrx_word' id='word_1_205' title='bbox 3477 1604 3529 1652; x_wconf 91' lang='lat' dir='ltr'>et</span> 
     </span>
    </p>
   </div>
   <div class='ocr_carea' id='block_1_33' title="bbox 202 1670 3514 1768">
    <p class='ocr_par' dir='ltr' id='par_1_33' title="bbox 202 1670 3514 1768">
     <span class='ocr_line' id='line_1_33' title="bbox 202 1670 3514 1768; baseline 0.002 -37"><span class='ocrx_word' id='word_1_206' title='bbox 202 1678 288 1739; x_wconf 87' lang='lat' dir='ltr'>rit,</span> <span class='ocrx_word' id='word_1_207' title='bbox 322 1686 454 1732; x_wconf 90' lang='lat' dir='ltr'>tunc</span> <span class='ocrx_word' id='word_1_208' title='bbox 485 1676 531 1730; x_wconf 90' lang='lat' dir='ltr'>si</span> <span class='ocrx_word' id='word_1_209' title='bbox 560 1675 698 1730; x_wconf 87' lang='lat' dir='ltr'>alter</span> <span class='ocrx_word' id='word_1_210' title='bbox 725 1676 793 1731; x_wconf 92' lang='lat' dir='ltr'>de</span> <span class='ocrx_word' id='word_1_211' title='bbox 824 1675 997 1730; x_wconf 90' lang='lat' dir='ltr'>altera</span> <span class='ocrx_word' id='word_1_212' title='bbox 1038 1674 1289 1731; x_wconf 84' lang='lat' dir='ltr'>Ecclesia</span> <span class='ocrx_word' id='word_1_213' title='bbox 1320 1672 1583 1729; x_wconf 88' lang='lat' dir='ltr'>canonice</span> <span class='ocrx_word' id='word_1_214' title='bbox 1622 1670 1814 1742; x_wconf 86' lang='lat' dir='ltr'>provi-</span> <span class='ocrx_word' id='word_1_215' title='bbox 1842 1709 1895 1768; x_wconf 84' lang='lat' dir='ltr'><strong>B</strong></span> <span class='ocrx_word' id='word_1_216' title='bbox 1917 1691 2039 1731; x_wconf 91' lang='lat' dir='ltr'>cum</span> <span class='ocrx_word' id='word_1_217' title='bbox 2060 1677 2306 1745; x_wconf 89' lang='lat' dir='ltr'>jussione</span> <span class='ocrx_word' id='word_1_218' title='bbox 2330 1680 2767 1735; x_wconf 89' lang='lat' dir='ltr'>reverendissimi</span> <span class='ocrx_word' id='word_1_219' title='bbox 2788 1682 2855 1737; x_wconf 94' lang='lat' dir='ltr'>D.</span> <span class='ocrx_word' id='word_1_220' title='bbox 2875 1682 3100 1737; x_wconf 86' lang='lat' dir='ltr'>Joannis</span> <span class='ocrx_word' id='word_1_221' title='bbox 3122 1699 3277 1754; x_wconf 86' lang='lat' dir='ltr'>papa</span> <span class='ocrx_word' id='word_1_222' title='bbox 3299 1684 3514 1756; x_wconf 87' lang='lat' dir='ltr'>scripsi,</span> 
     </span>
    </p>
   </div>
   <div class='ocr_carea' id='block_1_34' title="bbox 205 1759 1812 1832">
    <p class='ocr_par' dir='ltr' id='par_1_34' title="bbox 205 1759 1812 1832">
     <span class='ocr_line' id='line_1_34' title="bbox 205 1759 1812 1832; baseline -0.005 -12"><span class='ocrx_word' id='word_1_223' title='bbox 205 1766 424 1820; x_wconf 89' lang='lat' dir='ltr'>dendus</span> <span class='ocrx_word' id='word_1_224' title='bbox 456 1773 559 1832; x_wconf 87' lang='lat' dir='ltr'>est,</span> <span class='ocrx_word' id='word_1_225' title='bbox 592 1780 863 1820; x_wconf 90' lang='lat' dir='ltr'>consensu</span> <span class='ocrx_word' id='word_1_226' title='bbox 894 1771 1075 1818; x_wconf 89' lang='lat' dir='ltr'>tamen</span> <span class='ocrx_word' id='word_1_227' title='bbox 1105 1772 1157 1817; x_wconf 93' lang='lat' dir='ltr'>et</span> <span class='ocrx_word' id='word_1_228' title='bbox 1188 1762 1460 1817; x_wconf 86' lang='lat' dir='ltr'>voluntate</span> <span class='ocrx_word' id='word_1_229' title='bbox 1490 1760 1661 1831; x_wconf 88' lang='lat' dir='ltr'>ipsius</span> <span class='ocrx_word' id='word_1_230' title='bbox 1689 1759 1812 1829; x_wconf 90' lang='lat' dir='ltr'>ple-</span> 
     </span>
    </p>
   </div>
   <div class='ocr_carea' id='block_1_35' title="bbox 208 1850 1824 1919">
    <p class='ocr_par' dir='ltr' id='par_1_35' title="bbox 208 1850 1824 1919">
     <span class='ocr_line' id='line_1_35' title="bbox 208 1850 1824 1919; baseline -0.002 -12"><span class='ocrx_word' id='word_1_231' title='bbox 208 1853 292 1908; x_wconf 90' lang='lat' dir='ltr'>bis</span> <span class='ocrx_word' id='word_1_232' title='bbox 324 1854 548 1908; x_wconf 89' lang='lat' dir='ltr'>nonnisi</span> <span class='ocrx_word' id='word_1_233' title='bbox 587 1861 751 1908; x_wconf 89' lang='lat' dir='ltr'>antea</span> <span class='ocrx_word' id='word_1_234' title='bbox 796 1852 1005 1907; x_wconf 90' lang='lat' dir='ltr'>electus</span> <span class='ocrx_word' id='word_1_235' title='bbox 1051 1852 1330 1906; x_wconf 89' lang='lat' dir='ltr'>ordinetur</span> <span class='ocrx_word' id='word_1_236' title='bbox 1373 1850 1617 1905; x_wconf 89' lang='lat' dir='ltr'>antistes.</span> <span class='ocrx_word' id='word_1_237' title='bbox 1648 1850 1824 1919; x_wconf 77' lang='lat' dir='ltr'>Atque</span> 
     </span>
    </p>
   </div>
   <div class='ocr_carea' id='block_1_36' title="bbox 208 1936 1822 2013">
    <p class='ocr_par' dir='ltr' id='par_1_36' title="bbox 208 1936 1822 2013">
     <span class='ocr_line' id='line_1_36' title="bbox 208 1936 1822 2013; baseline -0.004 -18"><span class='ocrx_word' id='word_1_238' title='bbox 208 1942 263 1996; x_wconf 91' lang='lat' dir='ltr'>in</span> <span class='ocrx_word' id='word_1_239' title='bbox 293 1942 381 1995; x_wconf 91' lang='lat' dir='ltr'>his</span> <span class='ocrx_word' id='word_1_240' title='bbox 410 1941 662 2013; x_wconf 90' lang='lat' dir='ltr'>partibus</span> <span class='ocrx_word' id='word_1_241' title='bbox 691 1941 835 1995; x_wconf 90' lang='lat' dir='ltr'>mala</span> <span class='ocrx_word' id='word_1_242' title='bbox 862 1940 1198 2011; x_wconf 89' lang='lat' dir='ltr'>molestaque</span> <span class='ocrx_word' id='word_1_243' title='bbox 1229 1937 1602 1994; x_wconf 88' lang='lat' dir='ltr'>consuetidine</span> <span class='ocrx_word' id='word_1_244' title='bbox 1632 1952 1665 1990; x_wconf 88' lang='lat' dir='ltr'>a</span> <span class='ocrx_word' id='word_1_245' title='bbox 1696 1936 1822 2007; x_wconf 90' lang='lat' dir='ltr'>qui-</span> 
     </span>
    </p>
   </div>
   <div class='ocr_carea' id='block_1_37' title="bbox 206 2024 1817 2101">
    <p class='ocr_par' dir='ltr' id='par_1_37' title="bbox 206 2024 1817 2101">
     <span class='ocr_line' id='line_1_37' title="bbox 206 2024 1817 2101; baseline -0.004 -17"><span class='ocrx_word' id='word_1_246' title='bbox 206 2030 440 2085; x_wconf 91' lang='lat' dir='ltr'>busdam</span> <span class='ocrx_word' id='word_1_247' title='bbox 472 2045 661 2084; x_wconf 87' lang='lat' dir='ltr'>sacras</span> <span class='ocrx_word' id='word_1_248' title='bbox 690 2029 843 2101; x_wconf 89' lang='lat' dir='ltr'>leges</span> <span class='ocrx_word' id='word_1_249' title='bbox 873 2029 1253 2101; x_wconf 76' lang='lat' dir='ltr'>ignorantibus</span> <span class='ocrx_word' id='word_1_250' title='bbox 1298 2025 1566 2082; x_wconf 83' lang='lat' dir='ltr'>clericalis</span> <span class='ocrx_word' id='word_1_251' title='bbox 1606 2024 1817 2079; x_wconf 88' lang='lat' dir='ltr'>ordinis</span> 
     </span>
    </p>
   </div>
   <div class='ocr_carea' id='block_1_38' title="bbox 208 2112 1818 2191">
    <p class='ocr_par' dir='ltr' id='par_1_38' title="bbox 208 2112 1818 2191">
     <span class='ocr_line' id='line_1_38' title="bbox 208 2112 1818 2191; baseline -0.005 -18"><span class='ocrx_word' id='word_1_252' title='bbox 208 2119 355 2173; x_wconf 89' lang='lat' dir='ltr'>viros</span> <span class='ocrx_word' id='word_1_253' title='bbox 389 2119 493 2172; x_wconf 90' lang='lat' dir='ltr'>sub</span> <span class='ocrx_word' id='word_1_254' title='bbox 515 2118 652 2191; x_wconf 88' lang='lat' dir='ltr'>jugo</span> <span class='ocrx_word' id='word_1_255' title='bbox 682 2117 959 2172; x_wconf 84' lang='lat' dir='ltr'>servitutis</span> <span class='ocrx_word' id='word_1_256' title='bbox 988 2125 1111 2187; x_wconf 89' lang='lat' dir='ltr'>post</span> <span class='ocrx_word' id='word_1_257' title='bbox 1138 2115 1605 2172; x_wconf 88' lang='lat' dir='ltr'>consecrationem</span> <span class='ocrx_word' id='word_1_258' title='bbox 1623 2112 1818 2179; x_wconf 86' lang='lat' dir='ltr'>teneri,</span> 
     </span>
    </p>
   </div>
   <div class='ocr_carea' id='block_1_39' title="bbox 207 2199 1821 2278">
    <p class='ocr_par' dir='ltr' id='par_1_39' title="bbox 207 2199 1821 2278">
     <span class='ocr_line' id='line_1_39' title="bbox 207 2199 1821 2278; baseline -0.003 -18"><span class='ocrx_word' id='word_1_259' title='bbox 207 2205 553 2278; x_wconf 87' lang='lat' dir='ltr'>famulosque</span> <span class='ocrx_word' id='word_1_260' title='bbox 584 2206 723 2261; x_wconf 85' lang='lat' dir='ltr'>velle</span> <span class='ocrx_word' id='word_1_261' title='bbox 752 2205 936 2262; x_wconf 89' lang='lat' dir='ltr'>vocari</span> <span class='ocrx_word' id='word_1_262' title='bbox 964 2206 1288 2275; x_wconf 89' lang='lat' dir='ltr'>audivimus,</span> <span class='ocrx_word' id='word_1_263' title='bbox 1322 2203 1467 2276; x_wconf 90' lang='lat' dir='ltr'>quod</span> <span class='ocrx_word' id='word_1_264' title='bbox 1518 2201 1625 2257; x_wconf 91' lang='lat' dir='ltr'>dici</span> <span class='ocrx_word' id='word_1_265' title='bbox 1666 2199 1821 2256; x_wconf 83' lang='lat' dir='ltr'>nefas</span> 
     </span>
    </p>
   </div>
   <div class='ocr_carea' id='block_1_40' title="bbox 205 2289 1822 2366">
    <p class='ocr_par' dir='ltr' id='par_1_40' title="bbox 205 2289 1822 2366">
     <span class='ocr_line' id='line_1_40' title="bbox 205 2289 1822 2366; baseline -0.002 -15"><span class='ocrx_word' id='word_1_266' title='bbox 205 2304 307 2351; x_wconf 90' lang='lat' dir='ltr'>est.</span> <span class='ocrx_word' id='word_1_267' title='bbox 348 2295 610 2350; x_wconf 79' lang='lat' dir='ltr'>Volumus</span> <span class='ocrx_word' id='word_1_268' title='bbox 639 2302 803 2366; x_wconf 87' lang='lat' dir='ltr'>atque</span> <span class='ocrx_word' id='word_1_269' title='bbox 833 2310 1092 2365; x_wconf 84' lang='lat' dir='ltr'>expresse</span> <span class='ocrx_word' id='word_1_270' title='bbox 1115 2294 1369 2363; x_wconf 89' lang='lat' dir='ltr'>jubemus</span> <span class='ocrx_word' id='word_1_271' title='bbox 1398 2299 1457 2346; x_wconf 93' lang='lat' dir='ltr'>ut</span> <span class='ocrx_word' id='word_1_272' title='bbox 1487 2291 1623 2346; x_wconf 91' lang='lat' dir='ltr'>sicut</span> <span class='ocrx_word' id='word_1_273' title='bbox 1653 2289 1699 2344; x_wconf 92' lang='lat' dir='ltr'>is</span> <span class='ocrx_word' id='word_1_274' title='bbox 1729 2292 1822 2360; x_wconf 89' lang='lat' dir='ltr'>qui</span> 
     </span>
    </p>
   </div>
   <div class='ocr_carea' id='block_1_41' title="bbox 203 2372 1821 2455">
    <p class='ocr_par' dir='ltr' id='par_1_41' title="bbox 203 2372 1821 2455">
     <span class='ocr_line' id='line_1_41' title="bbox 203 2372 1821 2455; baseline -0.008 -17"><span class='ocrx_word' id='word_1_275' title='bbox 203 2383 411 2438; x_wconf 89' lang='lat' dir='ltr'>nullius</span> <span class='ocrx_word' id='word_1_276' title='bbox 440 2398 681 2455; x_wconf 87' lang='lat' dir='ltr'>unquam</span> <span class='ocrx_word' id='word_1_277' title='bbox 710 2382 1038 2438; x_wconf 90' lang='lat' dir='ltr'>conditionis</span> <span class='ocrx_word' id='word_1_278' title='bbox 1068 2381 1186 2447; x_wconf 89' lang='lat' dir='ltr'>fuit,</span> <span class='ocrx_word' id='word_1_279' title='bbox 1218 2382 1291 2436; x_wconf 89' lang='lat' dir='ltr'>ita</span> <span class='ocrx_word' id='word_1_280' title='bbox 1331 2381 1495 2435; x_wconf 90' lang='lat' dir='ltr'>etiam</span> <span class='ocrx_word' id='word_1_281' title='bbox 1525 2386 1577 2433; x_wconf 90' lang='lat' dir='ltr'>et</span> <span class='ocrx_word' id='word_1_282' title='bbox 1606 2376 1697 2431; x_wconf 90' lang='lat' dir='ltr'>ille</span> <span class='ocrx_word' id='word_1_283' title='bbox 1728 2372 1821 2431; x_wconf 89' lang='lat' dir='ltr'>cui</span> 
     </span>
    </p>
   </div>
   <div class='ocr_carea' id='block_1_42' title="bbox 206 2462 1820 2541">
    <p class='ocr_par' dir='ltr' id='par_1_42' title="bbox 206 2462 1820 2541">
     <span class='ocr_line' id='line_1_42' title="bbox 206 2462 1820 2541; baseline -0.007 -13"><span class='ocrx_word' id='word_1_284' title='bbox 206 2473 276 2528; x_wconf 84' lang='lat' dir='ltr'>ad</span> <span class='ocrx_word' id='word_1_285' title='bbox 306 2474 416 2528; x_wconf 89' lang='lat' dir='ltr'>hoc</span> <span class='ocrx_word' id='word_1_286' title='bbox 443 2471 682 2527; x_wconf 77' lang='lat' dir='ltr'>officium</span> <span class='ocrx_word' id='word_1_287' title='bbox 712 2471 1118 2541; x_wconf 89' lang='lat' dir='ltr'>suscipiendum</span> <span class='ocrx_word' id='word_1_288' title='bbox 1138 2486 1352 2525; x_wconf 92' lang='lat' dir='ltr'>morum</span> <span class='ocrx_word' id='word_1_289' title='bbox 1367 2467 1606 2539; x_wconf 82' lang='lat' dir='ltr'>dignitas</span> <span class='ocrx_word' id='word_1_290' title='bbox 1625 2462 1820 2519; x_wconf 72' lang='lat' dir='ltr'>suffra-</span> 
     </span>
    </p>
   </div>
   <div class='ocr_carea' id='block_1_43' title="bbox 210 2558 1820 2634">
    <p class='ocr_par' dir='ltr' id='par_1_43' title="bbox 210 2558 1820 2634">
     <span class='ocr_line' id='line_1_43' title="bbox 210 2558 1820 2634; baseline -0.006 -19"><span class='ocrx_word' id='word_1_291' title='bbox 210 2561 447 2634; x_wconf 85' lang='lat' dir='ltr'>gaverit,</span> <span class='ocrx_word' id='word_1_292' title='bbox 505 2560 702 2615; x_wconf 92' lang='lat' dir='ltr'>nullius</span> <span class='ocrx_word' id='word_1_293' title='bbox 740 2559 844 2615; x_wconf 88' lang='lat' dir='ltr'>viri</span> <span class='ocrx_word' id='word_1_294' title='bbox 899 2559 1116 2615; x_wconf 90' lang='lat' dir='ltr'>vinculo</span> <span class='ocrx_word' id='word_1_295' title='bbox 1166 2558 1512 2629; x_wconf 90' lang='lat' dir='ltr'>postmodum</span> <span class='ocrx_word' id='word_1_296' title='bbox 1565 2560 1820 2610; x_wconf 86' lang='lat' dir='ltr'>teneatur</span> 
     </span>
    </p>
   </div>
   <div class='ocr_carea' id='block_1_44' title="bbox 205 2643 1818 2720">
    <p class='ocr_par' dir='ltr' id='par_1_44' title="bbox 205 2643 1818 2720">
     <span class='ocr_line' id='line_1_44' title="bbox 205 2643 1818 2720; baseline -0.006 -16"><span class='ocrx_word' id='word_1_297' title='bbox 205 2649 488 2704; x_wconf 89' lang='lat' dir='ltr'>astrictus.</span> <span class='ocrx_word' id='word_1_298' title='bbox 520 2647 664 2716; x_wconf 87' lang='lat' dir='ltr'>Quia</span> <span class='ocrx_word' id='word_1_299' title='bbox 690 2648 926 2703; x_wconf 89' lang='lat' dir='ltr'>humana</span> <span class='ocrx_word' id='word_1_300' title='bbox 956 2648 1079 2720; x_wconf 88' lang='lat' dir='ltr'>lege</span> <span class='ocrx_word' id='word_1_301' title='bbox 1099 2663 1209 2702; x_wconf 91' lang='lat' dir='ltr'>non</span> <span class='ocrx_word' id='word_1_302' title='bbox 1239 2647 1399 2702; x_wconf 90' lang='lat' dir='ltr'>debet</span> <span class='ocrx_word' id='word_1_303' title='bbox 1414 2643 1630 2709; x_wconf 89' lang='lat' dir='ltr'>arctari,</span> <span class='ocrx_word' id='word_1_304' title='bbox 1655 2656 1818 2714; x_wconf 88' lang='lat' dir='ltr'>quem</span> 
     </span>
    </p>
   </div>
   <div class='ocr_carea' id='block_1_45' title="bbox 207 2728 1818 2810">
    <p class='ocr_par' dir='ltr' id='par_1_45' title="bbox 207 2728 1818 2810">
     <span class='ocr_line' id='line_1_45' title="bbox 207 2728 1818 2810; baseline -0.007 -17"><span class='ocrx_word' id='word_1_305' title='bbox 207 2728 612 2810; x_wconf 49' lang='lat' dir='ltr'>divina&#39;gratia</span> <span class='ocrx_word' id='word_1_306' title='bbox 652 2737 721 2791; x_wconf 90' lang='lat' dir='ltr'>ad</span> <span class='ocrx_word' id='word_1_307' title='bbox 777 2743 981 2792; x_wconf 90' lang='lat' dir='ltr'>tantam</span> <span class='ocrx_word' id='word_1_308' title='bbox 1037 2736 1179 2792; x_wconf 90' lang='lat' dir='ltr'>sacri</span> <span class='ocrx_word' id='word_1_309' title='bbox 1235 2734 1441 2791; x_wconf 88' lang='lat' dir='ltr'>ordinis</span> <span class='ocrx_word' id='word_1_310' title='bbox 1496 2731 1818 2805; x_wconf 87' lang='lat' dir='ltr'>dignitatem</span> 
     </span>
    </p>
   </div>
   <div class='ocr_carea' id='block_1_46' title="bbox 203 2819 1817 2897">
    <p class='ocr_par' dir='ltr' id='par_1_46' title="bbox 203 2819 1817 2897">
     <span class='ocr_line' id='line_1_46' title="bbox 203 2819 1817 2897; baseline -0.007 -16"><span class='ocrx_word' id='word_1_311' title='bbox 203 2825 514 2897; x_wconf 84' lang='lat' dir='ltr'>provehere</span> <span class='ocrx_word' id='word_1_312' title='bbox 545 2825 754 2897; x_wconf 90' lang='lat' dir='ltr'>dignita</span> <span class='ocrx_word' id='word_1_313' title='bbox 784 2832 887 2880; x_wconf 90' lang='lat' dir='ltr'>est.</span> <span class='ocrx_word' id='word_1_314' title='bbox 919 2824 1272 2895; x_wconf 90' lang='lat' dir='ltr'>Pracipimus</span> <span class='ocrx_word' id='word_1_315' title='bbox 1313 2823 1477 2878; x_wconf 89' lang='lat' dir='ltr'>etiam</span> <span class='ocrx_word' id='word_1_316' title='bbox 1505 2830 1563 2876; x_wconf 89' lang='lat' dir='ltr'>ut</span> <span class='ocrx_word' id='word_1_317' title='bbox 1605 2819 1664 2873; x_wconf 89' lang='lat' dir='ltr'>in</span> <span class='ocrx_word' id='word_1_318' title='bbox 1693 2832 1817 2872; x_wconf 88' lang='lat' dir='ltr'>om-</span> 
     </span>
    </p>
   </div>
   <div class='ocr_carea' id='block_1_47' title="bbox 207 2912 1814 2983">
    <p class='ocr_par' dir='ltr' id='par_1_47' title="bbox 207 2912 1814 2983">
     <span class='ocr_line' id='line_1_47' title="bbox 207 2912 1814 2983; baseline -0.005 -14"><span class='ocrx_word' id='word_1_319' title='bbox 207 2914 372 2969; x_wconf 89' lang='lat' dir='ltr'>nibus</span> <span class='ocrx_word' id='word_1_320' title='bbox 403 2913 695 2968; x_wconf 89' lang='lat' dir='ltr'>mobilibus</span> <span class='ocrx_word' id='word_1_321' title='bbox 743 2922 797 2968; x_wconf 91' lang='lat' dir='ltr'>et</span> <span class='ocrx_word' id='word_1_322' title='bbox 853 2912 1243 2979; x_wconf 90' lang='lat' dir='ltr'>immobilibus,</span> <span class='ocrx_word' id='word_1_323' title='bbox 1291 2912 1565 2983; x_wconf 89' lang='lat' dir='ltr'>rebusque</span> <span class='ocrx_word' id='word_1_324' title='bbox 1613 2912 1814 2961; x_wconf 83' lang='lat' dir='ltr'>sancta</span> 
     </span>
    </p>
   </div>
   <div class='ocr_carea' id='block_1_48' title="bbox 207 3000 1815 3073">
    <p class='ocr_par' dir='ltr' id='par_1_48' title="bbox 207 3000 1815 3073">
     <span class='ocr_line' id='line_1_48' title="bbox 207 3000 1815 3073; baseline -0.006 -17"><span class='ocrx_word' id='word_1_325' title='bbox 207 3010 316 3057; x_wconf 86' lang='lat' dir='ltr'>tua</span> <span class='ocrx_word' id='word_1_326' title='bbox 373 3001 639 3057; x_wconf 82' lang='lat' dir='ltr'>Ecclesiae</span> <span class='ocrx_word' id='word_1_327' title='bbox 709 3001 1104 3073; x_wconf 87' lang='lat' dir='ltr'>pertinentibus</span> <span class='ocrx_word' id='word_1_328' title='bbox 1128 3044 1142 3069; x_wconf 92' lang='lat'>,</span> <span class='ocrx_word' id='word_1_329' title='bbox 1213 3000 1525 3055; x_wconf 89' lang='lat' dir='ltr'>hominibus</span> <span class='ocrx_word' id='word_1_330' title='bbox 1597 3008 1815 3069; x_wconf 89' lang='lat' dir='ltr'>quoque</span> 
     </span>
    </p>
   </div>
   <div class='ocr_carea' id='block_1_49' title="bbox 1922 1764 3521 1845">
    <p class='ocr_par' dir='ltr' id='par_1_49' title="bbox 1922 1764 3521 1845">
     <span class='ocr_line' id='line_1_49' title="bbox 1922 1764 3521 1845; baseline 0.006 -27"><span class='ocrx_word' id='word_1_331' title='bbox 1922 1772 1975 1818; x_wconf 91' lang='lat' dir='ltr'>et</span> <span class='ocrx_word' id='word_1_332' title='bbox 2001 1764 2121 1819; x_wconf 89' lang='lat' dir='ltr'>aliis</span> <span class='ocrx_word' id='word_1_333' title='bbox 2150 1766 2518 1822; x_wconf 86' lang='lat' dir='ltr'>roborandam</span> <span class='ocrx_word' id='word_1_334' title='bbox 2547 1770 2765 1839; x_wconf 90' lang='lat' dir='ltr'>protuli,</span> <span class='ocrx_word' id='word_1_335' title='bbox 2799 1778 2851 1825; x_wconf 92' lang='lat' dir='ltr'>et</span> <span class='ocrx_word' id='word_1_336' title='bbox 2892 1779 2973 1825; x_wconf 91' lang='lat' dir='ltr'>est</span> <span class='ocrx_word' id='word_1_337' title='bbox 3004 1771 3302 1844; x_wconf 82' lang='lat' dir='ltr'>sigillatum</span> <span class='ocrx_word' id='word_1_338' title='bbox 3333 1772 3521 1845; x_wconf 87' lang='lat' dir='ltr'>sigillo</span> 
     </span>
    </p>
   </div>
   <div class='ocr_carea' id='block_1_50' title="bbox 1919 1852 3526 1931">
    <p class='ocr_par' dir='ltr' id='par_1_50' title="bbox 1919 1852 3526 1931">
     <span class='ocr_line' id='line_1_50' title="bbox 1919 1852 3526 1931; baseline 0.006 -25"><span class='ocrx_word' id='word_1_339' title='bbox 1919 1852 2174 1923; x_wconf 90' lang='lat' dir='ltr'>plumbeo</span> <span class='ocrx_word' id='word_1_340' title='bbox 2191 1855 2693 1928; x_wconf 89' lang='lat' dir='ltr'>magnoimpresso,</span> <span class='ocrx_word' id='word_1_341' title='bbox 2710 1858 2945 1913; x_wconf 91' lang='lat' dir='ltr'>habente</span> <span class='ocrx_word' id='word_1_342' title='bbox 2977 1859 3274 1931; x_wconf 81' lang='lat' dir='ltr'>imaginem</span> <span class='ocrx_word' id='word_1_343' title='bbox 3297 1861 3526 1917; x_wconf 88' lang='lat' dir='ltr'>sanctis-</span> 
     </span>
    </p>
   </div>
   <div class='ocr_carea' id='block_1_51' title="bbox 1922 1940 3527 2022">
    <p class='ocr_par' dir='ltr' id='par_1_51' title="bbox 1922 1940 3527 2022">
     <span class='ocr_line' id='line_1_51' title="bbox 1922 1940 3527 2022; baseline 0.009 -29"><span class='ocrx_word' id='word_1_344' title='bbox 1922 1940 2044 1994; x_wconf 91' lang='lat' dir='ltr'>simi</span> <span class='ocrx_word' id='word_1_345' title='bbox 2090 1941 2220 1996; x_wconf 87' lang='lat' dir='ltr'>olim</span> <span class='ocrx_word' id='word_1_346' title='bbox 2268 1959 2424 2015; x_wconf 88' lang='lat' dir='ltr'>papa</span> <span class='ocrx_word' id='word_1_347' title='bbox 2465 1946 2706 2016; x_wconf 83' lang='lat' dir='ltr'>Joannis,</span> <span class='ocrx_word' id='word_1_348' title='bbox 2759 1963 2882 2003; x_wconf 91' lang='lat' dir='ltr'>cum</span> <span class='ocrx_word' id='word_1_349' title='bbox 2925 1948 3121 2003; x_wconf 90' lang='lat' dir='ltr'>litteris</span> <span class='ocrx_word' id='word_1_350' title='bbox 3166 1948 3527 2022; x_wconf 86' lang='lat' dir='ltr'>infrascriptis</span> 
     </span>
    </p>
   </div>
   <div class='ocr_carea' id='block_1_52' title="bbox 1922 2029 2997 2107">
    <p class='ocr_par' dir='ltr' id='par_1_52' title="bbox 1922 2029 2997 2107">
     <span class='ocr_line' id='line_1_52' title="bbox 1922 2029 2997 2107; baseline 0.008 -25"><span class='ocrx_word' id='word_1_351' title='bbox 1922 2029 2207 2097; x_wconf 89' lang='lat' dir='ltr'>similibus,</span> <span class='ocrx_word' id='word_1_352' title='bbox 2242 2031 2494 2097; x_wconf 88' lang='lat' dir='ltr'>videlicet</span> <span class='ocrx_word' id='word_1_353' title='bbox 2528 2051 2541 2089; x_wconf 92' lang='lat'>:</span> <span class='ocrx_word' id='word_1_354' title='bbox 2572 2034 2811 2091; x_wconf 88' lang='lat' dir='ltr'>Joannes</span> <span class='ocrx_word' id='word_1_355' title='bbox 2839 2051 2997 2107; x_wconf 89' lang='lat' dir='ltr'>papa.</span> 
     </span>
    </p>
   </div>
   <div class='ocr_carea' id='block_1_53' title="bbox 2643 2142 2785 2196">
    <p class='ocr_par' dir='ltr' id='par_1_53' title="bbox 2643 2142 2785 2196">
     <span class='ocr_line' id='line_1_53' title="bbox 2643 2142 2785 2196; baseline 0 0"><span class='ocrx_word' id='word_1_356' title='bbox 2643 2142 2785 2196; x_wconf 82' lang='lat' dir='ltr'>XCI.</span> 
     </span>
    </p>
   </div>
   <div class='ocr_carea' id='block_1_54' title="bbox 2168 2142 3274 2307">
    <p class='ocr_par' dir='ltr' id='par_1_54' title="bbox 2168 2142 3274 2307">
     <span class='ocr_line' id='line_1_54' title="bbox 2643 2142 2785 2198; baseline 0 -2"><span class='ocrx_word' id='word_1_357' title='bbox 2643 2142 2785 2198; x_wconf 82' lang='lat' dir='ltr'>XCI.</span> 
     </span>
     <span class='ocr_line' id='line_1_55' title="bbox 2168 2239 3274 2307; baseline 0.007 -28"><span class='ocrx_word' id='word_1_358' title='bbox 2168 2239 2241 2280; x_wconf 80' lang='lat' dir='ltr'>AD</span> <span class='ocrx_word' id='word_1_359' title='bbox 2280 2240 2616 2285; x_wconf 65' lang='lat' dir='ltr'>LAHBEBTUM</span> <span class='ocrx_word' id='word_1_360' title='bbox 2653 2246 2970 2287; x_wconf 64' lang='lat' dir='ltr'>GLORIOSUM</span> <span class='ocrx_word' id='word_1_361' title='bbox 3007 2247 3274 2307; x_wconf 67' lang='lat' dir='ltr'>COHITEH.</span> 
     </span>
    </p>
   </div>
   <div class='ocr_carea' id='block_1_55' title="bbox 2525 2319 2922 2390">
    <p class='ocr_par' dir='ltr' id='par_1_55' title="bbox 2525 2319 2922 2390">
     <span class='ocr_line' id='line_1_56' title="bbox 2525 2319 2922 2390; baseline 0 -17"><span class='ocrx_word' id='word_1_362' title='bbox 2525 2319 2707 2390; x_wconf 82' lang='lat' dir='ltr'>(Anno</span> <span class='ocrx_word' id='word_1_363' title='bbox 2748 2321 2922 2389; x_wconf 83' lang='lat'>(877.)</span> 
     </span>
    </p>
   </div>
   <div class='ocr_carea' id='block_1_56' title="bbox 1925 2401 3529 2477">
    <p class='ocr_par' dir='ltr' id='par_1_56' title="bbox 1925 2401 3529 2477">
     <span class='ocr_line' id='line_1_57' title="bbox 1925 2401 3529 2477; baseline 0.006 -21"><span class='ocrx_word' id='word_1_364' title='bbox 1925 2401 2219 2472; x_wconf 81' lang='lat' dir='ltr'>Signiﬁcat</span> <span class='ocrx_word' id='word_1_365' title='bbox 2248 2407 2629 2463; x_wconf 83' lang='lat' dir='ltr'>Romanorum</span> <span class='ocrx_word' id='word_1_366' title='bbox 2656 2422 2956 2477; x_wconf 82' lang='lat' dir='ltr'>procerum</span> <span class='ocrx_word' id='word_1_367' title='bbox 2989 2409 3200 2465; x_wconf 81' lang='lat' dir='ltr'>obsides</span> <span class='ocrx_word' id='word_1_368' title='bbox 3236 2410 3366 2466; x_wconf 76' lang='lat' dir='ltr'>dari</span> <span class='ocrx_word' id='word_1_369' title='bbox 3410 2427 3529 2467; x_wconf 79' lang='lat' dir='ltr'>non</span> 
     </span>
    </p>
   </div>
   <div class='ocr_carea' id='block_1_57' title="bbox 1987 2478 3529 2556">
    <p class='ocr_par' dir='ltr' id='par_1_57' title="bbox 1987 2478 3529 2556">
     <span class='ocr_line' id='line_1_58' title="bbox 1987 2478 3529 2556; baseline 0.008 -29"><span class='ocrx_word' id='word_1_370' title='bbox 1987 2489 2176 2556; x_wconf 72' lang='lat' dir='ltr'>posse;</span> <span class='ocrx_word' id='word_1_371' title='bbox 2207 2480 2400 2531; x_wconf 86' lang='lat' dir='ltr'>monet</span> <span class='ocrx_word' id='word_1_372' title='bbox 2419 2493 2490 2531; x_wconf 83' lang='lat' dir='ltr'>ne</span> <span class='ocrx_word' id='word_1_373' title='bbox 2511 2478 2583 2556; x_wconf 85' lang='lat' dir='ltr'>ad</span> <span class='ocrx_word' id='word_1_374' title='bbox 2609 2478 2813 2556; x_wconf 78' lang='lat' dir='ltr'>Urbem</span> <span class='ocrx_word' id='word_1_375' title='bbox 2842 2481 3053 2547; x_wconf 80' lang='lat' dir='ltr'>veniat,</span> <span class='ocrx_word' id='word_1_376' title='bbox 3089 2482 3221 2552; x_wconf 82' lang='lat' dir='ltr'>quia</span> <span class='ocrx_word' id='word_1_377' title='bbox 3249 2483 3367 2553; x_wconf 81' lang='lat' dir='ltr'>ipse</span> <span class='ocrx_word' id='word_1_378' title='bbox 3398 2498 3529 2539; x_wconf 87' lang='lat' dir='ltr'>eum</span> 
     </span>
    </p>
   </div>
   <div class='ocr_carea' id='block_1_58' title="bbox 1996 2552 2635 2620">
    <p class='ocr_par' dir='ltr' id='par_1_58' title="bbox 1996 2552 2635 2620">
     <span class='ocr_line' id='line_1_59' title="bbox 1996 2552 2635 2620; baseline 0.013 -24"><span class='ocrx_word' id='word_1_379' title='bbox 1996 2552 2260 2615; x_wconf 76' lang='lat' dir='ltr'>excipere</span> <span class='ocrx_word' id='word_1_380' title='bbox 2288 2563 2404 2602; x_wconf 85' lang='lat' dir='ltr'>non</span> <span class='ocrx_word' id='word_1_381' title='bbox 2431 2552 2635 2620; x_wconf 80' lang='lat' dir='ltr'>potest.</span> 
     </span>
    </p>
   </div>
   <div class='ocr_carea' id='block_1_59' title="bbox 1989 2639 3422 2719">
    <p class='ocr_par' dir='ltr' id='par_1_59' title="bbox 1989 2639 3422 2719">
     <span class='ocr_line' id='line_1_60' title="bbox 1989 2639 3422 2719; baseline 0.008 -27"><span class='ocrx_word' id='word_1_382' title='bbox 1989 2639 2245 2696; x_wconf 72' lang='lat' dir='ltr'>JOANNEs</span> <span class='ocrx_word' id='word_1_383' title='bbox 2276 2643 2565 2715; x_wconf 87' lang='lat' dir='ltr'>episcopus</span> <span class='ocrx_word' id='word_1_384' title='bbox 2598 2646 2901 2702; x_wconf 78' lang='lat' dir='ltr'>LAMBERTO</span> <span class='ocrx_word' id='word_1_385' title='bbox 2941 2646 3186 2719; x_wconf 91' lang='lat' dir='ltr'>glorioso</span> <span class='ocrx_word' id='word_1_386' title='bbox 3218 2648 3422 2704; x_wconf 93' lang='lat' dir='ltr'>comiti.</span> 
     </span>
    </p>
   </div>
   <div class='ocr_carea' id='block_1_60' title="bbox 1989 2726 3529 2806">
    <p class='ocr_par' dir='ltr' id='par_1_60' title="bbox 1989 2726 3529 2806">
     <span class='ocr_line' id='line_1_61' title="bbox 1989 2726 3529 2806; baseline 0.008 -24"><span class='ocrx_word' id='word_1_387' title='bbox 1989 2726 2374 2785; x_wconf 82' lang='lat' dir='ltr'>Remeantibus</span> <span class='ocrx_word' id='word_1_388' title='bbox 2402 2733 2581 2801; x_wconf 90' lang='lat' dir='ltr'>nobis,</span> <span class='ocrx_word' id='word_1_389' title='bbox 2616 2735 2733 2790; x_wconf 92' lang='lat' dir='ltr'>Deo</span> <span class='ocrx_word' id='word_1_390' title='bbox 2751 2735 3027 2806; x_wconf 89' lang='lat' dir='ltr'>praduce,</span> <span class='ocrx_word' id='word_1_391' title='bbox 3048 2737 3299 2804; x_wconf 86' lang='lat' dir='ltr'>Romam,</span> <span class='ocrx_word' id='word_1_392' title='bbox 3324 2752 3529 2794; x_wconf 90' lang='lat' dir='ltr'>convo-</span> 
     </span>
    </p>
   </div>
   <div class='ocr_carea' id='block_1_61' title="bbox 1917 2815 3529 2896">
    <p class='ocr_par' dir='ltr' id='par_1_61' title="bbox 1917 2815 3529 2896">
     <span class='ocr_line' id='line_1_62' title="bbox 1917 2815 3529 2896; baseline 0.008 -27"><span class='ocrx_word' id='word_1_393' title='bbox 1917 2815 2161 2872; x_wconf 89' lang='lat' dir='ltr'>cavimus</span> <span class='ocrx_word' id='word_1_394' title='bbox 2191 2826 2358 2874; x_wconf 86' lang='lat' dir='ltr'>totam</span> <span class='ocrx_word' id='word_1_395' title='bbox 2390 2821 2717 2893; x_wconf 88' lang='lat' dir='ltr'>Ecclesiam,</span> <span class='ocrx_word' id='word_1_396' title='bbox 2750 2831 2803 2878; x_wconf 92' lang='lat' dir='ltr'>et</span> <span class='ocrx_word' id='word_1_397' title='bbox 2832 2823 2969 2879; x_wconf 92' lang='lat' dir='ltr'>illud</span> <span class='ocrx_word' id='word_1_398' title='bbox 3000 2825 3148 2896; x_wconf 93' lang='lat' dir='ltr'>quod</span> <span class='ocrx_word' id='word_1_399' title='bbox 3167 2825 3326 2880; x_wconf 89' lang='lat' dir='ltr'>nobis</span> <span class='ocrx_word' id='word_1_400' title='bbox 3346 2825 3415 2881; x_wconf 90' lang='lat' dir='ltr'>de</span> <span class='ocrx_word' id='word_1_401' title='bbox 3435 2825 3529 2882; x_wconf 46' lang='lat' dir='ltr'>ob.</span> 
     </span>
    </p>
   </div>
   <div class='ocr_carea' id='block_1_62' title="bbox 1917 2903 3530 2982">
    <p class='ocr_par' dir='ltr' id='par_1_62' title="bbox 1917 2903 3530 2982">
     <span class='ocr_line' id='line_1_63' title="bbox 1917 2903 3530 2982; baseline 0.008 -26"><span class='ocrx_word' id='word_1_402' title='bbox 1917 2903 2126 2959; x_wconf 91' lang='lat' dir='ltr'>sidibus</span> <span class='ocrx_word' id='word_1_403' title='bbox 2155 2906 2527 2964; x_wconf 86' lang='lat' dir='ltr'>Romanorum</span> <span class='ocrx_word' id='word_1_404' title='bbox 2568 2926 2866 2982; x_wconf 90' lang='lat' dir='ltr'>procerum</span> <span class='ocrx_word' id='word_1_405' title='bbox 2914 2912 3112 2968; x_wconf 89' lang='lat' dir='ltr'>dandis</span> <span class='ocrx_word' id='word_1_406' title='bbox 3154 2912 3423 2981; x_wconf 86' lang='lat' dir='ltr'>edixeras,</span> <span class='ocrx_word' id='word_1_407' title='bbox 3473 2914 3530 2969; x_wconf 90' lang='lat' dir='ltr'>in</span> 
     </span>
    </p>
   </div>
   <div class='ocr_carea' id='block_1_63' title="bbox 1932 2994 3533 3060">
    <p class='ocr_par' dir='ltr' id='par_1_63' title="bbox 1932 2994 3533 3060">
     <span class='ocr_line' id='line_1_64' title="bbox 1932 2994 3533 3060; baseline 0.008 -13"><span class='ocrx_word' id='word_1_408' title='bbox 1932 3003 2202 3051; x_wconf 89' lang='lat' dir='ltr'>conventu</span> <span class='ocrx_word' id='word_1_409' title='bbox 2249 2994 2491 3053; x_wconf 88' lang='lat' dir='ltr'>fidelium</span> <span class='ocrx_word' id='word_1_410' title='bbox 2530 3008 2728 3056; x_wconf 89' lang='lat' dir='ltr'>sancta</span> <span class='ocrx_word' id='word_1_411' title='bbox 2763 3000 2864 3056; x_wconf 86' lang='lat' dir='ltr'>Dei</span> <span class='ocrx_word' id='word_1_412' title='bbox 2908 3001 3172 3059; x_wconf 88' lang='lat' dir='ltr'>Ecclesia</span> <span class='ocrx_word' id='word_1_413' title='bbox 3217 3002 3533 3060; x_wconf 90' lang='lat' dir='ltr'>necessario</span> 
     </span>
    </p>
   </div>
   <div class='ocr_carea' id='block_1_64' title="bbox 207 3059 3528 3162">
    <p class='ocr_par' dir='ltr' id='par_1_64' title="bbox 207 3059 3528 3162">
     <span class='ocr_line' id='line_1_65' title="bbox 207 3059 3528 3162; baseline 0 -15"><span class='ocrx_word' id='word_1_414' title='bbox 207 3091 498 3162; x_wconf 88' lang='lat' dir='ltr'>utriusque</span> <span class='ocrx_word' id='word_1_415' title='bbox 528 3059 728 3159; x_wconf 60' lang='lat' dir='ltr'>sexus;</span> <span class='ocrx_word' id='word_1_416' title='bbox 745 3098 857 3146; x_wconf 85' lang='lat' dir='ltr'>tam</span> <span class='ocrx_word' id='word_1_417' title='bbox 903 3090 1089 3145; x_wconf 92' lang='lat' dir='ltr'>liberis</span> <span class='ocrx_word' id='word_1_418' title='bbox 1128 3059 1290 3161; x_wconf 83' lang='lat' dir='ltr'>quam</span> <span class='ocrx_word' id='word_1_419' title='bbox 1320 3089 1514 3156; x_wconf 88' lang='lat' dir='ltr'>servis,</span> <span class='ocrx_word' id='word_1_420' title='bbox 1560 3059 1764 3143; x_wconf 76' lang='lat' dir='ltr'>nullam</span> <span class='ocrx_word' id='word_1_421' title='bbox 1793 3096 1828 3138; x_wconf 70' lang='grc' dir='ltr'>α</span> <span class='ocrx_word' id='word_1_422' title='bbox 1862 3059 2245 3141; x_wconf 80' lang='lat' dir='ltr'>Ccontulimus</span> <span class='ocrx_word' id='word_1_423' title='bbox 2278 3103 2292 3142; x_wconf 90' lang='lat'><strong>:</strong></span> <span class='ocrx_word' id='word_1_424' title='bbox 2327 3087 2443 3142; x_wconf 92' lang='lat' dir='ltr'>sed.</span> <span class='ocrx_word' id='word_1_425' title='bbox 2477 3087 2615 3143; x_wconf 86' lang='lat' dir='ltr'>heu!</span> <span class='ocrx_word' id='word_1_426' title='bbox 2649 3089 2778 3160; x_wconf 90' lang='lat' dir='ltr'>quid</span> <span class='ocrx_word' id='word_1_427' title='bbox 2807 3089 3033 3146; x_wconf 79' lang='lat' dir='ltr'>dicam?</span> <span class='ocrx_word' id='word_1_428' title='bbox 3062 3107 3183 3146; x_wconf 90' lang='lat' dir='ltr'>cum</span> <span class='ocrx_word' id='word_1_429' title='bbox 3215 3099 3424 3147; x_wconf 89' lang='lat' dir='ltr'>tantum</span> <span class='ocrx_word' id='word_1_430' title='bbox 3444 3099 3528 3148; x_wconf 89' lang='lat' dir='ltr'>to-</span> 
     </span>
    </p>
   </div>
   <div class='ocr_carea' id='block_1_65' title="bbox 206 3176 1821 3252">
    <p class='ocr_par' dir='ltr' id='par_1_65' title="bbox 206 3176 1821 3252">
     <span class='ocr_line' id='line_1_66' title="bbox 206 3176 1821 3252; baseline -0.002 -17"><span class='ocrx_word' id='word_1_431' title='bbox 206 3194 493 3252; x_wconf 87' lang='lat' dir='ltr'>quoquam</span> <span class='ocrx_word' id='word_1_432' title='bbox 545 3179 984 3235; x_wconf 90' lang='lat' dir='ltr'>contrarietatem</span> <span class='ocrx_word' id='word_1_433' title='bbox 1039 3186 1130 3232; x_wconf 88' lang='lat' dir='ltr'>aut</span> <span class='ocrx_word' id='word_1_434' title='bbox 1173 3178 1392 3233; x_wconf 87' lang='lat' dir='ltr'>fortiam</span> <span class='ocrx_word' id='word_1_435' title='bbox 1436 3177 1642 3233; x_wconf 89' lang='lat' dir='ltr'>nullam</span> <span class='ocrx_word' id='word_1_436' title='bbox 1697 3176 1821 3232; x_wconf 92' lang='lat' dir='ltr'>vio-</span> 
     </span>
    </p>
   </div>
   <div class='ocr_carea' id='block_1_66' title="bbox 205 3266 1818 3339">
    <p class='ocr_par' dir='ltr' id='par_1_66' title="bbox 205 3266 1818 3339">
     <span class='ocr_line' id='line_1_67' title="bbox 205 3266 1818 3339; baseline -0.003 -15"><span class='ocrx_word' id='word_1_437' title='bbox 205 3268 435 3324; x_wconf 89' lang='lat' dir='ltr'>lentiam</span> <span class='ocrx_word' id='word_1_438' title='bbox 464 3275 558 3324; x_wconf 90' lang='lat' dir='ltr'>aut</span> <span class='ocrx_word' id='word_1_439' title='bbox 576 3266 911 3323; x_wconf 89' lang='lat' dir='ltr'>invasionem</span> <span class='ocrx_word' id='word_1_440' title='bbox 933 3267 1141 3339; x_wconf 90' lang='lat' dir='ltr'>absque</span> <span class='ocrx_word' id='word_1_441' title='bbox 1173 3266 1339 3339; x_wconf 89' lang='lat' dir='ltr'>legali</span> <span class='ocrx_word' id='word_1_442' title='bbox 1377 3266 1588 3322; x_wconf 89' lang='lat' dir='ltr'>calculo</span> <span class='ocrx_word' id='word_1_443' title='bbox 1617 3266 1818 3338; x_wconf 86' lang='lat' dir='ltr'>aliqui-</span> 
     </span>
    </p>
   </div>
   <div class='ocr_carea' id='block_1_67' title="bbox 206 3355 1819 3415">
    <p class='ocr_par' dir='ltr' id='par_1_67' title="bbox 206 3355 1819 3415">
     <span class='ocr_line' id='line_1_68' title="bbox 206 3355 1819 3415; baseline -0.001 -3"><span class='ocrx_word' id='word_1_444' title='bbox 206 3358 307 3412; x_wconf 91' lang='lat' dir='ltr'>bus</span> <span class='ocrx_word' id='word_1_445' title='bbox 334 3355 485 3415; x_wconf 86' lang='lat' dir='ltr'>ﬁeri.</span> <span class='ocrx_word' id='word_1_446' title='bbox 525 3355 921 3412; x_wconf 85' lang='lat' dir='ltr'>Conﬁrmamus</span> <span class='ocrx_word' id='word_1_447' title='bbox 951 3357 1115 3412; x_wconf 91' lang='lat' dir='ltr'>etiam</span> <span class='ocrx_word' id='word_1_448' title='bbox 1161 3363 1362 3412; x_wconf 89' lang='lat' dir='ltr'>sancta</span> <span class='ocrx_word' id='word_1_449' title='bbox 1405 3355 1670 3412; x_wconf 88' lang='lat' dir='ltr'>Ecclesia</span> <span class='ocrx_word' id='word_1_450' title='bbox 1713 3362 1819 3411; x_wconf 87' lang='lat' dir='ltr'>tua</span> 
     </span>
    </p>
   </div>
   <div class='ocr_carea' id='block_1_68' title="bbox 203 3443 1817 3501">
    <p class='ocr_par' dir='ltr' id='par_1_68' title="bbox 203 3443 1817 3501">
     <span class='ocr_line' id='line_1_69' title="bbox 203 3443 1817 3501; baseline -0.002 0"><span class='ocrx_word' id='word_1_451' title='bbox 203 3445 613 3501; x_wconf 83' lang='lat' dir='ltr'>xenodochium</span> <span class='ocrx_word' id='word_1_452' title='bbox 660 3443 939 3500; x_wconf 86' lang='lat' dir='ltr'>fundatum</span> <span class='ocrx_word' id='word_1_453' title='bbox 982 3445 1119 3500; x_wconf 92' lang='lat' dir='ltr'>intra</span> <span class='ocrx_word' id='word_1_454' title='bbox 1165 3444 1508 3500; x_wconf 90' lang='lat' dir='ltr'>Ticinensem</span> <span class='ocrx_word' id='word_1_455' title='bbox 1542 3443 1817 3500; x_wconf 88' lang='lat' dir='ltr'>civitatem</span> 
     </span>
    </p>
   </div>
   <div class='ocr_carea' id='block_1_69' title="bbox 199 3532 1817 3607">
    <p class='ocr_par' dir='ltr' id='par_1_69' title="bbox 199 3532 1817 3607">
     <span class='ocr_line' id='line_1_70' title="bbox 199 3532 1817 3607; baseline -0.001 -18"><span class='ocrx_word' id='word_1_456' title='bbox 199 3535 360 3603; x_wconf 85' lang='lat' dir='ltr'>juxta</span> <span class='ocrx_word' id='word_1_457' title='bbox 390 3532 682 3590; x_wconf 87' lang='lat' dir='ltr'>ecclesiam</span> <span class='ocrx_word' id='word_1_458' title='bbox 713 3534 769 3589; x_wconf 91' lang='lat' dir='ltr'>S.</span> <span class='ocrx_word' id='word_1_459' title='bbox 812 3534 993 3589; x_wconf 84' lang='lat' dir='ltr'>Maria</span> <span class='ocrx_word' id='word_1_460' title='bbox 1040 3551 1163 3607; x_wconf 91' lang='lat' dir='ltr'>qua</span> <span class='ocrx_word' id='word_1_461' title='bbox 1210 3534 1401 3589; x_wconf 90' lang='lat' dir='ltr'>dicitur</span> <span class='ocrx_word' id='word_1_462' title='bbox 1443 3532 1638 3600; x_wconf 87' lang='lat' dir='ltr'>Minor,</span> <span class='ocrx_word' id='word_1_463' title='bbox 1672 3533 1817 3604; x_wconf 92' lang='lat' dir='ltr'>quod</span> 
     </span>
    </p>
   </div>
   <div class='ocr_carea' id='block_1_70' title="bbox 204 3621 1816 3693">
    <p class='ocr_par' dir='ltr' id='par_1_70' title="bbox 204 3621 1816 3693">
     <span class='ocr_line' id='line_1_71' title="bbox 204 3621 1816 3693; baseline -0.001 -16"><span class='ocrx_word' id='word_1_464' title='bbox 204 3621 357 3677; x_wconf 85' lang='lat' dir='ltr'>ﬁlius</span> <span class='ocrx_word' id='word_1_465' title='bbox 385 3630 577 3678; x_wconf 89' lang='lat' dir='ltr'>noster</span> <span class='ocrx_word' id='word_1_466' title='bbox 619 3621 871 3677; x_wconf 89' lang='lat' dir='ltr'>dominus</span> <span class='ocrx_word' id='word_1_467' title='bbox 918 3623 1145 3679; x_wconf 91' lang='lat' dir='ltr'>Carolus</span> <span class='ocrx_word' id='word_1_468' title='bbox 1190 3622 1490 3693; x_wconf 90' lang='lat' dir='ltr'>imperator</span> <span class='ocrx_word' id='word_1_469' title='bbox 1536 3624 1816 3693; x_wconf 79' lang='lat' dir='ltr'>Augustus</span> 
     </span>
    </p>
   </div>
   <div class='ocr_carea' id='block_1_71' title="bbox 204 3708 1813 3783">
    <p class='ocr_par' dir='ltr' id='par_1_71' title="bbox 204 3708 1813 3783">
     <span class='ocr_line' id='line_1_72' title="bbox 204 3708 1813 3783; baseline -0.002 -15"><span class='ocrx_word' id='word_1_470' title='bbox 204 3711 392 3768; x_wconf 88' lang='lat' dir='ltr'>eidem</span> <span class='ocrx_word' id='word_1_471' title='bbox 436 3710 718 3779; x_wconf 89' lang='lat' dir='ltr'>Ecclesia,</span> <span class='ocrx_word' id='word_1_472' title='bbox 762 3725 797 3766; x_wconf 90' lang='lat' dir='ltr'>a</span> <span class='ocrx_word' id='word_1_473' title='bbox 841 3727 947 3783; x_wconf 92' lang='lat' dir='ltr'>qua</span> <span class='ocrx_word' id='word_1_474' title='bbox 993 3711 1190 3780; x_wconf 90' lang='lat' dir='ltr'>injuste</span> <span class='ocrx_word' id='word_1_475' title='bbox 1238 3712 1573 3766; x_wconf 89' lang='lat' dir='ltr'>subtractum</span> <span class='ocrx_word' id='word_1_476' title='bbox 1615 3708 1813 3777; x_wconf 86' lang='lat' dir='ltr'>fuerat,</span> 
     </span>
    </p>
   </div>
   <div class='ocr_carea' id='block_1_72' title="bbox 201 3799 1814 3873">
    <p class='ocr_par' dir='ltr' id='par_1_72' title="bbox 201 3799 1814 3873">
     <span class='ocr_line' id='line_1_73' title="bbox 201 3799 1814 3873; baseline -0.002 -18"><span class='ocrx_word' id='word_1_477' title='bbox 201 3800 465 3873; x_wconf 88' lang='lat' dir='ltr'>legaliter</span> <span class='ocrx_word' id='word_1_478' title='bbox 490 3815 592 3870; x_wconf 83' lang='lat' dir='ltr'>per</span> <span class='ocrx_word' id='word_1_479' title='bbox 619 3800 878 3870; x_wconf 86' lang='lat' dir='ltr'>praccpti</span> <span class='ocrx_word' id='word_1_480' title='bbox 908 3799 989 3855; x_wconf 83' lang='lat' dir='ltr'>sui</span> <span class='ocrx_word' id='word_1_481' title='bbox 1035 3800 1290 3871; x_wconf 85' lang='lat' dir='ltr'>paginam</span> <span class='ocrx_word' id='word_1_482' title='bbox 1337 3799 1623 3855; x_wconf 88' lang='lat' dir='ltr'>restituere</span> <span class='ocrx_word' id='word_1_483' title='bbox 1652 3814 1814 3854; x_wconf 90' lang='lat' dir='ltr'>cura-</span> 
     </span>
    </p>
   </div>
   <div class='ocr_carea' id='block_1_73' title="bbox 201 3888 1816 3961">
    <p class='ocr_par' dir='ltr' id='par_1_73' title="bbox 201 3888 1816 3961">
     <span class='ocr_line' id='line_1_74' title="bbox 201 3888 1816 3961; baseline -0.001 -16"><span class='ocrx_word' id='word_1_484' title='bbox 201 3890 305 3961; x_wconf 77' lang='lat' dir='ltr'>vit,</span> <span class='ocrx_word' id='word_1_485' title='bbox 339 3895 402 3944; x_wconf 85' lang='lat' dir='ltr'>ut</span> <span class='ocrx_word' id='word_1_486' title='bbox 431 3888 537 3942; x_wconf 89' lang='lat' dir='ltr'>sibi</span> <span class='ocrx_word' id='word_1_487' title='bbox 559 3888 683 3957; x_wconf 90' lang='lat' dir='ltr'>jure</span> <span class='ocrx_word' id='word_1_488' title='bbox 711 3903 777 3944; x_wconf 90' lang='lat' dir='ltr'>ac</span> <span class='ocrx_word' id='word_1_489' title='bbox 806 3888 1044 3944; x_wconf 90' lang='lat' dir='ltr'>dictione</span> <span class='ocrx_word' id='word_1_490' title='bbox 1071 3897 1165 3944; x_wconf 85' lang='lat' dir='ltr'>tua</span> <span class='ocrx_word' id='word_1_491' title='bbox 1185 3897 1507 3959; x_wconf 91' lang='lat' dir='ltr'>tuorumque</span> <span class='ocrx_word' id='word_1_492' title='bbox 1529 3902 1816 3945; x_wconf 89' lang='lat' dir='ltr'>successo-</span> 
     </span>
    </p>
   </div>
   <div class='ocr_carea' id='block_1_74' title="bbox 201 3976 1813 4050">
    <p class='ocr_par' dir='ltr' id='par_1_74' title="bbox 201 3976 1813 4050">
     <span class='ocr_line' id='line_1_75' title="bbox 201 3976 1813 4050; baseline -0.001 -17"><span class='ocrx_word' id='word_1_493' title='bbox 201 3994 327 4033; x_wconf 92' lang='lat' dir='ltr'>rum</span> <span class='ocrx_word' id='word_1_494' title='bbox 361 3976 482 4032; x_wconf 87' lang='lat' dir='ltr'>sine</span> <span class='ocrx_word' id='word_1_495' title='bbox 512 3976 695 4049; x_wconf 88' lang='lat' dir='ltr'>aliqua</span> <span class='ocrx_word' id='word_1_496' title='bbox 723 3976 1084 4050; x_wconf 87' lang='lat' dir='ltr'>refragatione</span> <span class='ocrx_word' id='word_1_497' title='bbox 1130 3978 1514 4049; x_wconf 88' lang='lat' dir='ltr'>perpetualiter</span> <span class='ocrx_word' id='word_1_498' title='bbox 1555 3985 1813 4045; x_wconf 87' lang='lat' dir='ltr'>maneat;</span> 
     </span>
    </p>
   </div>
   <div class='ocr_carea' id='block_1_75' title="bbox 203 4065 1815 4137">
    <p class='ocr_par' dir='ltr' id='par_1_75' title="bbox 203 4065 1815 4137">
     <span class='ocr_line' id='line_1_76' title="bbox 203 4065 1815 4137; baseline -0.001 -14"><span class='ocrx_word' id='word_1_499' title='bbox 203 4065 610 4123; x_wconf 85' lang='lat' dir='ltr'>immunitatem</span> <span class='ocrx_word' id='word_1_500' title='bbox 636 4065 800 4121; x_wconf 91' lang='lat' dir='ltr'>etiam</span> <span class='ocrx_word' id='word_1_501' title='bbox 829 4065 1000 4137; x_wconf 90' lang='lat' dir='ltr'>ipsius</span> <span class='ocrx_word' id='word_1_502' title='bbox 1031 4065 1278 4122; x_wconf 88' lang='lat' dir='ltr'>ecclesia</span> <span class='ocrx_word' id='word_1_503' title='bbox 1307 4066 1605 4122; x_wconf 91' lang='lat' dir='ltr'>secundum</span> <span class='ocrx_word' id='word_1_504' title='bbox 1635 4066 1815 4137; x_wconf 91' lang='lat' dir='ltr'>impe-</span> 
     </span>
    </p>
   </div>
   <div class='ocr_carea' id='block_1_76' title="bbox 201 4154 1815 4226">
    <p class='ocr_par' dir='ltr' id='par_1_76' title="bbox 201 4154 1815 4226">
     <span class='ocr_line' id='line_1_77' title="bbox 201 4154 1815 4226; baseline -0.002 -14"><span class='ocrx_word' id='word_1_505' title='bbox 201 4156 365 4212; x_wconf 88' lang='lat' dir='ltr'>rialia</span> <span class='ocrx_word' id='word_1_506' title='bbox 392 4162 668 4226; x_wconf 89' lang='lat' dir='ltr'>pracepta</span> <span class='ocrx_word' id='word_1_507' title='bbox 705 4154 1007 4222; x_wconf 90' lang='lat' dir='ltr'>statuimus,</span> <span class='ocrx_word' id='word_1_508' title='bbox 1040 4162 1093 4209; x_wconf 88' lang='lat' dir='ltr'>et</span> <span class='ocrx_word' id='word_1_509' title='bbox 1130 4155 1237 4211; x_wconf 89' lang='lat' dir='ltr'>hoc</span> <span class='ocrx_word' id='word_1_510' title='bbox 1284 4162 1470 4210; x_wconf 90' lang='lat' dir='ltr'>nostro</span> <span class='ocrx_word' id='word_1_511' title='bbox 1514 4154 1815 4225; x_wconf 89' lang='lat' dir='ltr'>apostolico</span> 
     </span>
    </p>
   </div>
   <div class='ocr_carea' id='block_1_77' title="bbox 198 4241 1812 4316">
    <p class='ocr_par' dir='ltr' id='par_1_77' title="bbox 198 4241 1812 4316">
     <span class='ocr_line' id='line_1_78' title="bbox 198 4241 1812 4316; baseline -0.002 -16"><span class='ocrx_word' id='word_1_512' title='bbox 198 4243 499 4316; x_wconf 86' lang='lat' dir='ltr'>privilegio</span> <span class='ocrx_word' id='word_1_513' title='bbox 529 4242 912 4300; x_wconf 90' lang='lat' dir='ltr'>inconcussam</span> <span class='ocrx_word' id='word_1_514' title='bbox 935 4241 1292 4315; x_wconf 91' lang='lat' dir='ltr'>stabilemque</span> <span class='ocrx_word' id='word_1_515' title='bbox 1313 4258 1532 4299; x_wconf 91' lang='lat' dir='ltr'>manere</span> <span class='ocrx_word' id='word_1_516' title='bbox 1537 4243 1812 4312; x_wconf 90' lang='lat' dir='ltr'>jubemus.</span> 
     </span>
    </p>
   </div>
   <div class='ocr_carea' id='block_1_78' title="bbox 198 4330 1814 4403">
    <p class='ocr_par' dir='ltr' id='par_1_78' title="bbox 198 4330 1814 4403">
     <span class='ocr_line' id='line_1_79' title="bbox 198 4330 1814 4403; baseline -0.001 -16"><span class='ocrx_word' id='word_1_517' title='bbox 198 4332 258 4387; x_wconf 88' lang='lat' dir='ltr'>Si</span> <span class='ocrx_word' id='word_1_518' title='bbox 291 4332 422 4403; x_wconf 89' lang='lat' dir='ltr'>quis</span> <span class='ocrx_word' id='word_1_519' title='bbox 451 4339 634 4387; x_wconf 90' lang='lat' dir='ltr'>autem</span> <span class='ocrx_word' id='word_1_520' title='bbox 677 4330 969 4387; x_wconf 89' lang='lat' dir='ltr'>temerario</span> <span class='ocrx_word' id='word_1_521' title='bbox 1005 4348 1140 4386; x_wconf 88' lang='lat' dir='ltr'>ausu</span> <span class='ocrx_word' id='word_1_522' title='bbox 1185 4338 1371 4387; x_wconf 89' lang='lat' dir='ltr'>contra</span> <span class='ocrx_word' id='word_1_523' title='bbox 1413 4332 1571 4401; x_wconf 90' lang='lat' dir='ltr'>hujus</span> <span class='ocrx_word' id='word_1_524' title='bbox 1617 4338 1814 4387; x_wconf 85' lang='lat' dir='ltr'>nostra</span> 
     </span>
    </p>
   </div>
   <div class='ocr_carea' id='block_1_79' title="bbox 1921 3174 3528 3246">
    <p class='ocr_par' dir='ltr' id='par_1_79' title="bbox 1921 3174 3528 3246">
     <span class='ocr_line' id='line_1_80' title="bbox 1921 3174 3528 3246; baseline 0.007 -20"><span class='ocrx_word' id='word_1_525' title='bbox 1921 3180 2030 3227; x_wconf 91' lang='lat' dir='ltr'>tam</span> <span class='ocrx_word' id='word_1_526' title='bbox 2060 3174 2310 3230; x_wconf 91' lang='lat' dir='ltr'>eamdem</span> <span class='ocrx_word' id='word_1_527' title='bbox 2337 3176 2640 3233; x_wconf 88' lang='lat' dir='ltr'>Ecclesiam</span> <span class='ocrx_word' id='word_1_528' title='bbox 2671 3186 2860 3233; x_wconf 88' lang='lat' dir='ltr'>contra</span> <span class='ocrx_word' id='word_1_529' title='bbox 2879 3194 2981 3234; x_wconf 92' lang='lat' dir='ltr'>nos</span> <span class='ocrx_word' id='word_1_530' title='bbox 3001 3177 3432 3246; x_wconf 87' lang='lat' dir='ltr'>incitaverimus,</span> <span class='ocrx_word' id='word_1_531' title='bbox 3460 3195 3528 3237; x_wconf 90' lang='lat' dir='ltr'>ac</span> 
     </span>
    </p>
   </div>
   <div class='ocr_carea' id='block_1_80' title="bbox 1920 3261 3525 3335">
    <p class='ocr_par' dir='ltr' id='par_1_80' title="bbox 1920 3261 3525 3335">
     <span class='ocr_line' id='line_1_81' title="bbox 1920 3261 3525 3335; baseline 0.004 -19"><span class='ocrx_word' id='word_1_532' title='bbox 1920 3261 1967 3316; x_wconf 89' lang='lat' dir='ltr'>si</span> <span class='ocrx_word' id='word_1_533' title='bbox 1994 3278 2095 3332; x_wconf 89' lang='lat' dir='ltr'>pro</span> <span class='ocrx_word' id='word_1_534' title='bbox 2124 3263 2286 3318; x_wconf 90' lang='lat' dir='ltr'>melle</span> <span class='ocrx_word' id='word_1_535' title='bbox 2315 3280 2433 3319; x_wconf 90' lang='lat' dir='ltr'>eam</span> <span class='ocrx_word' id='word_1_536' title='bbox 2462 3263 2585 3319; x_wconf 88' lang='lat' dir='ltr'>felle</span> <span class='ocrx_word' id='word_1_537' title='bbox 2612 3273 2830 3335; x_wconf 80' lang='lat' dir='ltr'>potasse</span> <span class='ocrx_word' id='word_1_538' title='bbox 2875 3265 3208 3323; x_wconf 88' lang='lat' dir='ltr'>videremur.</span> <span class='ocrx_word' id='word_1_539' title='bbox 3242 3268 3525 3323; x_wconf 85' lang='lat' dir='ltr'>Romano-</span> 
     </span>
    </p>
   </div>
   <div class='ocr_carea' id='block_1_81' title="bbox 1920 3348 3527 3427">
    <p class='ocr_par' dir='ltr' id='par_1_81' title="bbox 1920 3348 3527 3427">
     <span class='ocr_line' id='line_1_82' title="bbox 1920 3348 3527 3427; baseline 0.005 -24"><span class='ocrx_word' id='word_1_540' title='bbox 1920 3366 2041 3404; x_wconf 93' lang='lat' dir='ltr'>rum</span> <span class='ocrx_word' id='word_1_541' title='bbox 2071 3348 2210 3406; x_wconf 85' lang='lat' dir='ltr'>ﬁlios</span> <span class='ocrx_word' id='word_1_542' title='bbox 2241 3351 2343 3406; x_wconf 90' lang='lat' dir='ltr'>sub</span> <span class='ocrx_word' id='word_1_543' title='bbox 2369 3353 2472 3407; x_wconf 90' lang='lat' dir='ltr'>isto</span> <span class='ocrx_word' id='word_1_544' title='bbox 2521 3352 2661 3408; x_wconf 80' lang='lat' dir='ltr'>calo</span> <span class='ocrx_word' id='word_1_545' title='bbox 2707 3369 2819 3408; x_wconf 89' lang='lat' dir='ltr'>non</span> <span class='ocrx_word' id='word_1_546' title='bbox 2863 3353 3063 3427; x_wconf 83' lang='lat' dir='ltr'>legitur</span> <span class='ocrx_word' id='word_1_547' title='bbox 3103 3353 3270 3411; x_wconf 89' lang='lat' dir='ltr'>fuisse</span> <span class='ocrx_word' id='word_1_548' title='bbox 3304 3355 3527 3412; x_wconf 90' lang='lat' dir='ltr'>obsides</span> 
     </span>
    </p>
   </div>
   <div class='ocr_carea' id='block_1_82' title="bbox 1917 3438 3522 3516">
    <p class='ocr_par' dir='ltr' id='par_1_82' title="bbox 1917 3438 3522 3516">
     <span class='ocr_line' id='line_1_83' title="bbox 1917 3438 3522 3516; baseline 0.004 -24"><span class='ocrx_word' id='word_1_549' title='bbox 1917 3438 2091 3507; x_wconf 92' lang='lat' dir='ltr'>datos,</span> <span class='ocrx_word' id='word_1_550' title='bbox 2127 3448 2327 3512; x_wconf 90' lang='lat' dir='ltr'>quanto</span> <span class='ocrx_word' id='word_1_551' title='bbox 2356 3440 2533 3496; x_wconf 90' lang='lat' dir='ltr'>minus</span> <span class='ocrx_word' id='word_1_552' title='bbox 2571 3441 2798 3497; x_wconf 90' lang='lat' dir='ltr'>istorum</span> <span class='ocrx_word' id='word_1_553' title='bbox 2844 3443 2935 3514; x_wconf 90' lang='lat' dir='ltr'>qui</span> <span class='ocrx_word' id='word_1_554' title='bbox 2981 3440 3299 3500; x_wconf 87' lang='lat' dir='ltr'>ﬁdelitatem</span> <span class='ocrx_word' id='word_1_555' title='bbox 3343 3458 3522 3516; x_wconf 89' lang='lat' dir='ltr'>augu-</span> 
     </span>
    </p>
   </div>
   <div class='ocr_carea' id='block_1_83' title="bbox 1917 3527 3519 3602">
    <p class='ocr_par' dir='ltr' id='par_1_83' title="bbox 1917 3527 3519 3602">
     <span class='ocr_line' id='line_1_84' title="bbox 1917 3527 3519 3602; baseline 0.004 -20"><span class='ocrx_word' id='word_1_556' title='bbox 1917 3527 2108 3583; x_wconf 91' lang='lat' dir='ltr'>stalem</span> <span class='ocrx_word' id='word_1_557' title='bbox 2139 3536 2190 3583; x_wconf 90' lang='lat' dir='ltr'>et</span> <span class='ocrx_word' id='word_1_558' title='bbox 2216 3537 2397 3585; x_wconf 90' lang='lat' dir='ltr'>mente</span> <span class='ocrx_word' id='word_1_559' title='bbox 2426 3529 2736 3586; x_wconf 88' lang='lat' dir='ltr'>custodiunt</span> <span class='ocrx_word' id='word_1_560' title='bbox 2781 3538 2835 3586; x_wconf 90' lang='lat' dir='ltr'>et</span> <span class='ocrx_word' id='word_1_561' title='bbox 2877 3547 3060 3602; x_wconf 90' lang='lat' dir='ltr'>opere,</span> <span class='ocrx_word' id='word_1_562' title='bbox 3109 3533 3227 3587; x_wconf 92' lang='lat' dir='ltr'>Deo</span> <span class='ocrx_word' id='word_1_563' title='bbox 3267 3532 3519 3601; x_wconf 89' lang='lat' dir='ltr'>juvante,</span> 
     </span>
    </p>
   </div>
   <div class='ocr_carea' id='block_1_84' title="bbox 1917 3615 3519 3693">
    <p class='ocr_par' dir='ltr' id='par_1_84' title="bbox 1917 3615 3519 3693">
     <span class='ocr_line' id='line_1_85' title="bbox 1917 3615 3519 3693; baseline 0.004 -23"><span class='ocrx_word' id='word_1_564' title='bbox 1917 3615 2243 3688; x_wconf 79' lang='lat' dir='ltr'>perficiunt?</span> <span class='ocrx_word' id='word_1_565' title='bbox 2274 3619 2549 3690; x_wconf 88' lang='lat' dir='ltr'>Pracipue</span> <span class='ocrx_word' id='word_1_566' title='bbox 2598 3634 2722 3676; x_wconf 91' lang='lat' dir='ltr'>cum</span> <span class='ocrx_word' id='word_1_567' title='bbox 2766 3634 2867 3675; x_wconf 90' lang='lat' dir='ltr'>nos</span> <span class='ocrx_word' id='word_1_568' title='bbox 2905 3619 3230 3675; x_wconf 90' lang='lat' dir='ltr'>miseremur</span> <span class='ocrx_word' id='word_1_569' title='bbox 3258 3620 3323 3693; x_wconf 85' lang='lat' dir='ltr'>[f.</span> <span class='ocrx_word' id='word_1_570' title='bbox 3354 3620 3519 3676; x_wconf 90' lang='lat' dir='ltr'>dubi-</span> 
     </span>
    </p>
   </div>
   <div class='ocr_carea' id='block_1_85' title="bbox 1914 3704 3521 3781">
    <p class='ocr_par' dir='ltr' id='par_1_85' title="bbox 1914 3704 3521 3781">
     <span class='ocr_line' id='line_1_86' title="bbox 1914 3704 3521 3781; baseline 0.002 -20"><span class='ocrx_word' id='word_1_571' title='bbox 1914 3704 2111 3778; x_wconf 89' lang='lat' dir='ltr'>temus]</span> <span class='ocrx_word' id='word_1_572' title='bbox 2142 3706 2187 3760; x_wconf 91' lang='lat' dir='ltr'>si</span> <span class='ocrx_word' id='word_1_573' title='bbox 2219 3707 2321 3762; x_wconf 89' lang='lat' dir='ltr'>hoc</span> <span class='ocrx_word' id='word_1_574' title='bbox 2342 3723 2409 3762; x_wconf 82' lang='lat' dir='ltr'>ex</span> <span class='ocrx_word' id='word_1_575' title='bbox 2428 3707 2701 3781; x_wconf 87' lang='lat' dir='ltr'>augustali</span> <span class='ocrx_word' id='word_1_576' title='bbox 2714 3708 2873 3778; x_wconf 88' lang='lat' dir='ltr'>jussu</span> <span class='ocrx_word' id='word_1_577' title='bbox 2891 3709 3245 3779; x_wconf 90' lang='lat' dir='ltr'>processerit,</span> <span class='ocrx_word' id='word_1_578' title='bbox 3270 3717 3323 3764; x_wconf 92' lang='lat' dir='ltr'>et</span> <span class='ocrx_word' id='word_1_579' title='bbox 3341 3708 3521 3780; x_wconf 89' lang='lat' dir='ltr'>ipsum</span> 
     </span>
    </p>
   </div>
   <div class='ocr_carea' id='block_1_86' title="bbox 1913 3796 3514 3865">
    <p class='ocr_par' dir='ltr' id='par_1_86' title="bbox 1913 3796 3514 3865">
     <span class='ocr_line' id='line_1_87' title="bbox 1913 3796 3514 3865; baseline 0 -11"><span class='ocrx_word' id='word_1_580' title='bbox 1913 3799 2296 3865; x_wconf 88' lang='lat' dir='ltr'>imperatorem</span> <span class='ocrx_word' id='word_1_581' title='bbox 2319 3811 2430 3851; x_wconf 91' lang='lat' dir='ltr'>non</span> <span class='ocrx_word' id='word_1_582' title='bbox 2456 3796 2741 3853; x_wconf 90' lang='lat' dir='ltr'>credamus</span> <span class='ocrx_word' id='word_1_583' title='bbox 2770 3813 2927 3852; x_wconf 91' lang='lat' dir='ltr'>suum</span> <span class='ocrx_word' id='word_1_584' title='bbox 2955 3813 3056 3853; x_wconf 91' lang='lat' dir='ltr'>nos</span> <span class='ocrx_word' id='word_1_585' title='bbox 3078 3797 3219 3853; x_wconf 86' lang='lat' dir='ltr'>velle</span> <span class='ocrx_word' id='word_1_586' title='bbox 3240 3805 3514 3854; x_wconf 91' lang='lat' dir='ltr'>secretum</span> 
     </span>
    </p>
   </div>
   <div class='ocr_carea' id='block_1_87' title="bbox 1913 3875 3515 3956">
    <p class='ocr_par' dir='ltr' id='par_1_87' title="bbox 1913 3875 3515 3956">
     <span class='ocr_line' id='line_1_88' title="bbox 1913 3875 3515 3956; baseline 0.002 -19"><span class='ocrx_word' id='word_1_587' title='bbox 1913 3875 2156 3938; x_wconf 89' lang='lat' dir='ltr'>latuisse.</span> <span class='ocrx_word' id='word_1_588' title='bbox 2188 3883 2319 3939; x_wconf 91' lang='lat' dir='ltr'>Tale</span> <span class='ocrx_word' id='word_1_589' title='bbox 2348 3884 2548 3956; x_wconf 89' lang='lat' dir='ltr'>quippe</span> <span class='ocrx_word' id='word_1_590' title='bbox 2578 3884 2867 3942; x_wconf 91' lang='lat' dir='ltr'>consilium</span> <span class='ocrx_word' id='word_1_591' title='bbox 2894 3901 3006 3941; x_wconf 90' lang='lat' dir='ltr'>non</span> <span class='ocrx_word' id='word_1_592' title='bbox 3031 3885 3170 3941; x_wconf 89' lang='lat' dir='ltr'>alius</span> <span class='ocrx_word' id='word_1_593' title='bbox 3214 3886 3515 3955; x_wconf 86' lang='lat' dir='ltr'>adinvenit,</span> 
     </span>
    </p>
   </div>
   <div class='ocr_carea' id='block_1_88' title="bbox 1913 3980 3520 4053">
    <p class='ocr_par' dir='ltr' id='par_1_88' title="bbox 1913 3980 3520 4053">
     <span class='ocr_line' id='line_1_89' title="bbox 1913 3980 3520 4053; baseline 0.003 -19"><span class='ocrx_word' id='word_1_594' title='bbox 1913 3980 2018 4035; x_wconf 92' lang='lat' dir='ltr'>nisi</span> <span class='ocrx_word' id='word_1_595' title='bbox 2063 3980 2156 4036; x_wconf 90' lang='lat' dir='ltr'>ille</span> <span class='ocrx_word' id='word_1_596' title='bbox 2210 3980 2303 4053; x_wconf 89' lang='lat' dir='ltr'>qui</span> <span class='ocrx_word' id='word_1_597' title='bbox 2355 3981 2499 4037; x_wconf 90' lang='lat' dir='ltr'>hanc</span> <span class='ocrx_word' id='word_1_598' title='bbox 2553 3990 2756 4038; x_wconf 89' lang='lat' dir='ltr'>terram</span> <span class='ocrx_word' id='word_1_599' title='bbox 2812 3982 3137 4039; x_wconf 87' lang='lat' dir='ltr'>conturbare</span> <span class='ocrx_word' id='word_1_600' title='bbox 3180 3983 3422 4052; x_wconf 80' lang='lat' dir='ltr'>molitur,</span> <span class='ocrx_word' id='word_1_601' title='bbox 3464 3991 3520 4041; x_wconf 89' lang='lat' dir='ltr'>et</span> 
     </span>
    </p>
   </div>
   <div class='ocr_carea' id='block_1_89' title="bbox 1913 4068 3521 4144">
    <p class='ocr_par' dir='ltr' id='par_1_89' title="bbox 1913 4068 3521 4144">
     <span class='ocr_line' id='line_1_90' title="bbox 1913 4068 3521 4144; baseline 0.004 -21"><span class='ocrx_word' id='word_1_602' title='bbox 1913 4068 2188 4124; x_wconf 79' lang='lat' dir='ltr'>ineffabile</span> <span class='ocrx_word' id='word_1_603' title='bbox 2241 4069 2497 4125; x_wconf 89' lang='lat' dir='ltr'>damnum</span> <span class='ocrx_word' id='word_1_604' title='bbox 2553 4071 2754 4143; x_wconf 90' lang='lat' dir='ltr'>populo</span> <span class='ocrx_word' id='word_1_605' title='bbox 2812 4071 2913 4128; x_wconf 90' lang='lat' dir='ltr'>Dei</span> <span class='ocrx_word' id='word_1_606' title='bbox 2966 4088 3238 4144; x_wconf 88' lang='lat' dir='ltr'>generare</span> <span class='ocrx_word' id='word_1_607' title='bbox 3282 4072 3521 4129; x_wconf 86' lang='lat' dir='ltr'>versutis</span> 
     </span>
    </p>
   </div>
   <div class='ocr_carea' id='block_1_90' title="bbox 1913 4158 3522 4233">
    <p class='ocr_par' dir='ltr' id='par_1_90' title="bbox 1913 4158 3522 4233">
     <span class='ocr_line' id='line_1_91' title="bbox 1913 4158 3522 4233; baseline 0.001 -17"><span class='ocrx_word' id='word_1_608' title='bbox 1913 4158 2195 4216; x_wconf 88' lang='lat' dir='ltr'>fraudibus</span> <span class='ocrx_word' id='word_1_609' title='bbox 2224 4159 2598 4227; x_wconf 87' lang='lat' dir='ltr'>machinatur;</span> <span class='ocrx_word' id='word_1_610' title='bbox 2632 4160 2723 4232; x_wconf 91' lang='lat' dir='ltr'>qui</span> <span class='ocrx_word' id='word_1_611' title='bbox 2767 4176 2963 4231; x_wconf 88' lang='lat' dir='ltr'>pacem</span> <span class='ocrx_word' id='word_1_612' title='bbox 3007 4169 3060 4216; x_wconf 91' lang='lat' dir='ltr'>et</span> <span class='ocrx_word' id='word_1_613' title='bbox 3105 4161 3346 4233; x_wconf 88' lang='lat' dir='ltr'>quietem</span> <span class='ocrx_word' id='word_1_614' title='bbox 3395 4162 3522 4218; x_wconf 91' lang='lat' dir='ltr'>odio</span> 
     </span>
    </p>
   </div>
   <div class='ocr_carea' id='block_1_91' title="bbox 1912 4246 3521 4320">
    <p class='ocr_par' dir='ltr' id='par_1_91' title="bbox 1912 4246 3521 4320">
     <span class='ocr_line' id='line_1_92' title="bbox 1912 4246 3521 4320; baseline 0.004 -20"><span class='ocrx_word' id='word_1_615' title='bbox 1912 4246 2094 4313; x_wconf 89' lang='lat' dir='ltr'>habet,</span> <span class='ocrx_word' id='word_1_616' title='bbox 2144 4254 2196 4301; x_wconf 91' lang='lat' dir='ltr'>et</span> <span class='ocrx_word' id='word_1_617' title='bbox 2251 4247 2684 4302; x_wconf 91' lang='lat' dir='ltr'>dissensionibus</span> <span class='ocrx_word' id='word_1_618' title='bbox 2733 4248 2919 4319; x_wconf 90' lang='lat' dir='ltr'>utique</span> <span class='ocrx_word' id='word_1_619' title='bbox 2974 4250 3197 4320; x_wconf 86' lang='lat' dir='ltr'>gaudet.</span> <span class='ocrx_word' id='word_1_620' title='bbox 3257 4249 3521 4318; x_wconf 87' lang='lat' dir='ltr'>Quamvis</span> 
     </span>
    </p>
   </div>
   <div class='ocr_carea' id='block_1_92' title="bbox 1914 4334 3519 4409">
    <p class='ocr_par' dir='ltr' id='par_1_92' title="bbox 1914 4334 3519 4409">
     <span class='ocr_line' id='line_1_93' title="bbox 1914 4334 3519 4409; baseline 0.004 -22"><span class='ocrx_word' id='word_1_621' title='bbox 1914 4342 2074 4389; x_wconf 87' lang='lat' dir='ltr'>antea</span> <span class='ocrx_word' id='word_1_622' title='bbox 2101 4334 2330 4389; x_wconf 83' lang='lat' dir='ltr'>Romani</span> <span class='ocrx_word' id='word_1_623' title='bbox 2359 4334 2515 4389; x_wconf 88' lang='lat' dir='ltr'>ovilis</span> <span class='ocrx_word' id='word_1_624' title='bbox 2545 4343 2765 4390; x_wconf 90' lang='lat' dir='ltr'>senatus</span> <span class='ocrx_word' id='word_1_625' title='bbox 2809 4344 3043 4391; x_wconf 92' lang='lat' dir='ltr'>mortem</span> <span class='ocrx_word' id='word_1_626' title='bbox 3086 4337 3312 4409; x_wconf 84' lang='lat' dir='ltr'>eligant,</span> <span class='ocrx_word' id='word_1_627' title='bbox 3357 4354 3519 4409; x_wconf 89' lang='lat' dir='ltr'>quam</span> 
     </span>
    </p>
   </div>
   <div class='ocr_carea' id='block_1_93' title="bbox 198 4414 3523 4498">
    <p class='ocr_par' dir='ltr' id='par_1_93' title="bbox 198 4414 3523 4498">
     <span class='ocr_line' id='line_1_94' title="bbox 198 4414 3523 4498; baseline 0.002 -22"><span class='ocrx_word' id='word_1_628' title='bbox 198 4419 530 4492; x_wconf 87' lang='lat' dir='ltr'>apostolica</span> <span class='ocrx_word' id='word_1_629' title='bbox 558 4418 939 4490; x_wconf 87' lang='lat' dir='ltr'>praceptionis</span> <span class='ocrx_word' id='word_1_630' title='bbox 967 4419 1165 4475; x_wconf 89' lang='lat' dir='ltr'>seriem</span> <span class='ocrx_word' id='word_1_631' title='bbox 1196 4419 1283 4491; x_wconf 89' lang='lat' dir='ltr'>pie</span> <span class='ocrx_word' id='word_1_632' title='bbox 1314 4436 1347 4474; x_wconf 90' lang='lat' dir='ltr'>a</span> <span class='ocrx_word' id='word_1_633' title='bbox 1375 4420 1534 4475; x_wconf 90' lang='lat' dir='ltr'>nobis</span> <span class='ocrx_word' id='word_1_634' title='bbox 1563 4428 1617 4475; x_wconf 92' lang='lat' dir='ltr'>et</span> <span class='ocrx_word' id='word_1_635' title='bbox 1644 4435 1815 4476; x_wconf 90' lang='lat' dir='ltr'>cano-</span> <span class='ocrx_word' id='word_1_636' title='bbox 1840 4414 1897 4479; x_wconf 91' lang='lat' dir='ltr'>D</span> <span class='ocrx_word' id='word_1_637' title='bbox 1916 4422 2058 4478; x_wconf 90' lang='lat' dir='ltr'>hanc</span> <span class='ocrx_word' id='word_1_638' title='bbox 2104 4422 2401 4477; x_wconf 88' lang='lat' dir='ltr'>inauditam</span> <span class='ocrx_word' id='word_1_639' title='bbox 2443 4430 2497 4477; x_wconf 92' lang='lat' dir='ltr'>et</span> <span class='ocrx_word' id='word_1_640' title='bbox 2535 4423 2828 4494; x_wconf 90' lang='lat' dir='ltr'>pessimam</span> <span class='ocrx_word' id='word_1_641' title='bbox 2879 4440 2994 4479; x_wconf 89' lang='lat' dir='ltr'>rem</span> <span class='ocrx_word' id='word_1_642' title='bbox 3033 4423 3149 4479; x_wconf 83' lang='lat' dir='ltr'>fieri</span> <span class='ocrx_word' id='word_1_643' title='bbox 3197 4441 3523 4498; x_wconf 88' lang='lat' dir='ltr'>quocunque</span> 
     </span>
    </p>
   </div>
   <div class='ocr_carea' id='block_1_94' title="bbox 198 4507 1819 4582">
    <p class='ocr_par' dir='ltr' id='par_1_94' title="bbox 198 4507 1819 4582">
     <span class='ocr_line' id='line_1_95' title="bbox 198 4507 1819 4582; baseline 0.001 -19"><span class='ocrx_word' id='word_1_644' title='bbox 198 4507 329 4565; x_wconf 90' lang='lat' dir='ltr'>nice</span> <span class='ocrx_word' id='word_1_645' title='bbox 389 4507 793 4581; x_wconf 84' lang='lat' dir='ltr'>promulgatam</span> <span class='ocrx_word' id='word_1_646' title='bbox 835 4508 1019 4564; x_wconf 90' lang='lat' dir='ltr'>venire</span> <span class='ocrx_word' id='word_1_647' title='bbox 1077 4524 1352 4582; x_wconf 88' lang='lat' dir='ltr'>agereque</span> <span class='ocrx_word' id='word_1_648' title='bbox 1408 4509 1712 4575; x_wconf 86' lang='lat' dir='ltr'>tentaverit,</span> <span class='ocrx_word' id='word_1_649' title='bbox 1764 4517 1819 4564; x_wconf 91' lang='lat' dir='ltr'>et</span> 
     </span>
    </p>
   </div>
   <div class='ocr_carea' id='block_1_95' title="bbox 197 4596 1816 4669">
    <p class='ocr_par' dir='ltr' id='par_1_95' title="bbox 197 4596 1816 4669">
     <span class='ocr_line' id='line_1_96' title="bbox 197 4596 1816 4669; baseline -0.001 -15"><span class='ocrx_word' id='word_1_650' title='bbox 197 4596 398 4654; x_wconf 83' lang='lat' dir='ltr'>omnia</span> <span class='ocrx_word' id='word_1_651' title='bbox 428 4613 550 4669; x_wconf 90' lang='lat' dir='ltr'>qua</span> <span class='ocrx_word' id='word_1_652' title='bbox 578 4596 832 4667; x_wconf 91' lang='lat' dir='ltr'>superius</span> <span class='ocrx_word' id='word_1_653' title='bbox 863 4604 1057 4652; x_wconf 90' lang='lat' dir='ltr'>statuta</span> <span class='ocrx_word' id='word_1_654' title='bbox 1086 4604 1231 4665; x_wconf 89' lang='lat' dir='ltr'>sunt,</span> <span class='ocrx_word' id='word_1_655' title='bbox 1264 4606 1370 4653; x_wconf 86' lang='lat' dir='ltr'>tua</span> <span class='ocrx_word' id='word_1_656' title='bbox 1401 4605 1604 4654; x_wconf 91' lang='lat' dir='ltr'>sancta</span> <span class='ocrx_word' id='word_1_657' title='bbox 1633 4597 1816 4653; x_wconf 89' lang='lat' dir='ltr'>eccle-</span> 
     </span>
    </p>
   </div>
   <div class='ocr_carea' id='block_1_96' title="bbox 199 4683 1820 4755">
    <p class='ocr_par' dir='ltr' id='par_1_96' title="bbox 199 4683 1820 4755">
     <span class='ocr_line' id='line_1_97' title="bbox 199 4683 1820 4755; baseline 0 -14"><span class='ocrx_word' id='word_1_658' title='bbox 199 4686 304 4742; x_wconf 85' lang='lat' dir='ltr'>sia</span> <span class='ocrx_word' id='word_1_659' title='bbox 353 4683 465 4740; x_wconf 85' lang='lat' dir='ltr'>ﬁne</span> <span class='ocrx_word' id='word_1_660' title='bbox 511 4692 669 4739; x_wconf 87' lang='lat' dir='ltr'>tenus</span> <span class='ocrx_word' id='word_1_661' title='bbox 722 4700 833 4740; x_wconf 89' lang='lat' dir='ltr'>non</span> <span class='ocrx_word' id='word_1_662' title='bbox 889 4685 1283 4755; x_wconf 89' lang='lat' dir='ltr'>observaverit,</span> <span class='ocrx_word' id='word_1_663' title='bbox 1324 4685 1460 4742; x_wconf 91' lang='lat' dir='ltr'>sciat</span> <span class='ocrx_word' id='word_1_664' title='bbox 1508 4702 1567 4741; x_wconf 91' lang='lat' dir='ltr'>se</span> <span class='ocrx_word' id='word_1_665' title='bbox 1613 4685 1820 4741; x_wconf 89' lang='lat' dir='ltr'>domini</span> 
     </span>
    </p>
   </div>
   <div class='ocr_carea' id='block_1_97' title="bbox 191 4772 1837 4853">
    <p class='ocr_par' dir='ltr' id='par_1_97' title="bbox 191 4772 1837 4853">
     <span class='ocr_line' id='line_1_98' title="bbox 191 4772 1837 4853; baseline 0 -24"><span class='ocrx_word' id='word_1_666' title='bbox 191 4773 385 4830; x_wconf 87' lang='lat' dir='ltr'>nostri</span> <span class='ocrx_word' id='word_1_667' title='bbox 459 4772 834 4844; x_wconf 86' lang='lat' dir='ltr'>apostolorum</span> <span class='ocrx_word' id='word_1_668' title='bbox 911 4773 1171 4845; x_wconf 89' lang='lat' dir='ltr'>principis</span> <span class='ocrx_word' id='word_1_669' title='bbox 1239 4774 1387 4830; x_wconf 89' lang='lat' dir='ltr'>Petri</span> <span class='ocrx_word' id='word_1_670' title='bbox 1461 4773 1837 4853; x_wconf 24' lang='lat' dir='ltr'>anathematis‘</span> 
     </span>
    </p>
   </div>
   <div class='ocr_carea' id='block_1_98' title="bbox 192 4861 1819 4932">
    <p class='ocr_par' dir='ltr' id='par_1_98' title="bbox 192 4861 1819 4932">
     <span class='ocr_line' id='line_1_99' title="bbox 192 4861 1819 4932; baseline -0.001 -13"><span class='ocrx_word' id='word_1_671' title='bbox 192 4861 428 4919; x_wconf 83' lang='lat' dir='ltr'>vinculo</span> <span class='ocrx_word' id='word_1_672' title='bbox 449 4861 783 4928; x_wconf 91' lang='lat' dir='ltr'>innodatum,</span> <span class='ocrx_word' id='word_1_673' title='bbox 818 4868 871 4917; x_wconf 90' lang='lat' dir='ltr'>et</span> <span class='ocrx_word' id='word_1_674' title='bbox 901 4876 1026 4918; x_wconf 90' lang='lat' dir='ltr'>cum</span> <span class='ocrx_word' id='word_1_675' title='bbox 1056 4862 1276 4918; x_wconf 89' lang='lat' dir='ltr'>diabolo</span> <span class='ocrx_word' id='word_1_676' title='bbox 1306 4871 1360 4918; x_wconf 92' lang='lat' dir='ltr'>et</span> <span class='ocrx_word' id='word_1_677' title='bbox 1389 4863 1504 4932; x_wconf 90' lang='lat' dir='ltr'>ejus</span> <span class='ocrx_word' id='word_1_678' title='bbox 1534 4863 1819 4920; x_wconf 90' lang='lat' dir='ltr'>atrocissi-</span> 
     </span>
    </p>
   </div>
   <div class='ocr_carea' id='block_1_99' title="bbox 194 4949 1822 5022">
    <p class='ocr_par' dir='ltr' id='par_1_99' title="bbox 194 4949 1822 5022">
     <span class='ocr_line' id='line_1_100' title="bbox 194 4949 1822 5022; baseline 0.001 -16"><span class='ocrx_word' id='word_1_679' title='bbox 194 4951 311 5007; x_wconf 88' lang='lat' dir='ltr'>mis</span> <span class='ocrx_word' id='word_1_680' title='bbox 340 4949 581 5021; x_wconf 90' lang='lat' dir='ltr'>pompis,</span> <span class='ocrx_word' id='word_1_681' title='bbox 614 4958 777 5022; x_wconf 88' lang='lat' dir='ltr'>atque</span> <span class='ocrx_word' id='word_1_682' title='bbox 818 4965 943 5007; x_wconf 91' lang='lat' dir='ltr'>cum</span> <span class='ocrx_word' id='word_1_683' title='bbox 981 4951 1119 5006; x_wconf 84' lang='lat' dir='ltr'>Juda</span> <span class='ocrx_word' id='word_1_684' title='bbox 1165 4951 1423 5007; x_wconf 88' lang='lat' dir='ltr'>traditore</span> <span class='ocrx_word' id='word_1_685' title='bbox 1461 4952 1679 5008; x_wconf 91' lang='lat' dir='ltr'>Domini</span> <span class='ocrx_word' id='word_1_686' title='bbox 1719 4952 1822 5008; x_wconf 92' lang='lat' dir='ltr'>Dei</span> 
     </span>
    </p>
   </div>
   <div class='ocr_carea' id='block_1_100' title="bbox 195 5038 1822 5108">
    <p class='ocr_par' dir='ltr' id='par_1_100' title="bbox 195 5038 1822 5108">
     <span class='ocr_line' id='line_1_101' title="bbox 195 5038 1822 5108; baseline 0.001 -12"><span class='ocrx_word' id='word_1_687' title='bbox 195 5049 258 5096; x_wconf 87' lang='lat' dir='ltr'>et</span> <span class='ocrx_word' id='word_1_688' title='bbox 289 5038 603 5095; x_wconf 84' lang='lat' dir='ltr'>Salvatoris</span> <span class='ocrx_word' id='word_1_689' title='bbox 648 5038 822 5094; x_wconf 90' lang='lat' dir='ltr'>nostri</span> <span class='ocrx_word' id='word_1_690' title='bbox 871 5040 1002 5094; x_wconf 87' lang='lat' dir='ltr'>Jesu</span> <span class='ocrx_word' id='word_1_691' title='bbox 1049 5040 1266 5108; x_wconf 89' lang='lat' dir='ltr'>Christi,</span> <span class='ocrx_word' id='word_1_692' title='bbox 1316 5048 1521 5097; x_wconf 88' lang='lat' dir='ltr'>aterno</span> <span class='ocrx_word' id='word_1_693' title='bbox 1566 5041 1822 5097; x_wconf 89' lang='lat' dir='ltr'>incendio</span> 
     </span>
    </p>
   </div>
   <div class='ocr_carea' id='block_1_101' title="bbox 191 5127 1823 5200">
    <p class='ocr_par' dir='ltr' id='par_1_101' title="bbox 191 5127 1823 5200">
     <span class='ocr_line' id='line_1_102' title="bbox 191 5127 1823 5200; baseline 0 -15"><span class='ocrx_word' id='word_1_694' title='bbox 191 5127 710 5194; x_wconf 85' lang='lat' dir='ltr'>concremandum;</span> <span class='ocrx_word' id='word_1_695' title='bbox 740 5136 795 5184; x_wconf 88' lang='lat' dir='ltr'>et</span> <span class='ocrx_word' id='word_1_696' title='bbox 823 5127 916 5199; x_wconf 89' lang='lat' dir='ltr'>qui</span> <span class='ocrx_word' id='word_1_697' title='bbox 946 5143 1049 5199; x_wconf 89' lang='lat' dir='ltr'>pro</span> <span class='ocrx_word' id='word_1_698' title='bbox 1078 5128 1274 5184; x_wconf 90' lang='lat' dir='ltr'>intuitu</span> <span class='ocrx_word' id='word_1_699' title='bbox 1318 5138 1522 5200; x_wconf 88' lang='lat' dir='ltr'>custos,</span> <span class='ocrx_word' id='word_1_700' title='bbox 1557 5130 1823 5186; x_wconf 88' lang='lat' dir='ltr'>obediens</span> 
     </span>
    </p>
   </div>
   <div class='ocr_carea' id='block_1_102' title="bbox 190 5216 1825 5290">
    <p class='ocr_par' dir='ltr' id='par_1_102' title="bbox 190 5216 1825 5290">
     <span class='ocr_line' id='line_1_103' title="bbox 190 5216 1825 5290; baseline 0.001 -17"><span class='ocrx_word' id='word_1_701' title='bbox 190 5226 377 5290; x_wconf 73' lang='lat' dir='ltr'>atqve</span> <span class='ocrx_word' id='word_1_702' title='bbox 404 5216 736 5271; x_wconf 83' lang='lat' dir='ltr'>observator</span> <span class='ocrx_word' id='word_1_703' title='bbox 768 5216 938 5286; x_wconf 89' lang='lat' dir='ltr'>hujus</span> <span class='ocrx_word' id='word_1_704' title='bbox 966 5224 1170 5273; x_wconf 90' lang='lat' dir='ltr'>nostra</span> <span class='ocrx_word' id='word_1_705' title='bbox 1191 5217 1481 5273; x_wconf 88' lang='lat' dir='ltr'>salutifera</span> <span class='ocrx_word' id='word_1_706' title='bbox 1509 5218 1825 5289; x_wconf 84' lang='lat' dir='ltr'>praceptio-</span> 
     </span>
    </p>
   </div>
   <div class='ocr_carea' id='block_1_103' title="bbox 191 5304 1826 5379">
    <p class='ocr_par' dir='ltr' id='par_1_103' title="bbox 191 5304 1826 5379">
     <span class='ocr_line' id='line_1_104' title="bbox 191 5304 1826 5379; baseline 0.001 -19"><span class='ocrx_word' id='word_1_707' title='bbox 191 5306 290 5360; x_wconf 86' lang='lat' dir='ltr'>nis</span> <span class='ocrx_word' id='word_1_708' title='bbox 324 5304 619 5371; x_wconf 85' lang='lat' dir='ltr'>exstiterit,</span> <span class='ocrx_word' id='word_1_709' title='bbox 654 5304 1050 5361; x_wconf 90' lang='lat' dir='ltr'>benedictionis</span> <span class='ocrx_word' id='word_1_710' title='bbox 1076 5306 1312 5379; x_wconf 87' lang='lat' dir='ltr'>gratiam</span> <span class='ocrx_word' id='word_1_711' title='bbox 1342 5314 1395 5362; x_wconf 92' lang='lat' dir='ltr'>et</span> <span class='ocrx_word' id='word_1_712' title='bbox 1417 5306 1826 5363; x_wconf 81' lang='lat' dir='ltr'>coelestisretri-</span> 
     </span>
    </p>
   </div>
   <div class='ocr_carea' id='block_1_104' title="bbox 188 5393 1825 5466">
    <p class='ocr_par' dir='ltr' id='par_1_104' title="bbox 188 5393 1825 5466">
     <span class='ocr_line' id='line_1_105' title="bbox 188 5393 1825 5466; baseline 0.001 -17"><span class='ocrx_word' id='word_1_713' title='bbox 188 5393 455 5449; x_wconf 89' lang='lat' dir='ltr'>butionis</span> <span class='ocrx_word' id='word_1_714' title='bbox 487 5400 691 5449; x_wconf 90' lang='lat' dir='ltr'>aterna</span> <span class='ocrx_word' id='word_1_715' title='bbox 721 5394 917 5466; x_wconf 88' lang='lat' dir='ltr'>gaudia</span> <span class='ocrx_word' id='word_1_716' title='bbox 968 5409 1000 5449; x_wconf 87' lang='lat' dir='ltr'>a</span> <span class='ocrx_word' id='word_1_717' title='bbox 1036 5394 1182 5463; x_wconf 91' lang='lat' dir='ltr'>justo</span> <span class='ocrx_word' id='word_1_718' title='bbox 1221 5395 1405 5464; x_wconf 90' lang='lat' dir='ltr'>judice</span> <span class='ocrx_word' id='word_1_719' title='bbox 1447 5395 1679 5450; x_wconf 91' lang='lat' dir='ltr'>Domino</span> <span class='ocrx_word' id='word_1_720' title='bbox 1709 5396 1825 5458; x_wconf 90' lang='lat' dir='ltr'>Deo</span> 
     </span>
    </p>
   </div>
   <div class='ocr_carea' id='block_1_105' title="bbox 184 5491 1810 5565">
    <p class='ocr_par' dir='ltr' id='par_1_105' title="bbox 184 5491 1810 5565">
     <span class='ocr_line' id='line_1_106' title="bbox 184 5491 1810 5565; baseline 0 -19"><span class='ocrx_word' id='word_1_721' title='bbox 184 5498 398 5547; x_wconf 86' lang='lat' dir='ltr'>nostro</span> <span class='ocrx_word' id='word_1_722' title='bbox 446 5491 712 5561; x_wconf 89' lang='lat' dir='ltr'>consequi</span> <span class='ocrx_word' id='word_1_723' title='bbox 758 5499 1059 5547; x_wconf 88' lang='lat' dir='ltr'>mereatur.</span> <span class='ocrx_word' id='word_1_724' title='bbox 1115 5491 1390 5564; x_wconf 90' lang='lat' dir='ltr'>Scriptum</span> <span class='ocrx_word' id='word_1_725' title='bbox 1438 5508 1538 5565; x_wconf 86' lang='lat' dir='ltr'>per</span> <span class='ocrx_word' id='word_1_726' title='bbox 1586 5507 1810 5547; x_wconf 87' lang='lat' dir='ltr'>manum</span> 
     </span>
    </p>
   </div>
   <div class='ocr_carea' id='block_1_106' title="bbox 1915 4510 3519 4584">
    <p class='ocr_par' dir='ltr' id='par_1_106' title="bbox 1915 4510 3519 4584">
     <span class='ocr_line' id='line_1_107' title="bbox 1915 4510 3519 4584; baseline 0.001 -18"><span class='ocrx_word' id='word_1_727' title='bbox 1915 4511 2076 4566; x_wconf 89' lang='lat' dir='ltr'>modo</span> <span class='ocrx_word' id='word_1_728' title='bbox 2106 4511 2465 4567; x_wconf 89' lang='lat' dir='ltr'>consentiant.</span> <span class='ocrx_word' id='word_1_729' title='bbox 2499 4510 2859 4583; x_wconf 89' lang='lat' dir='ltr'>Quapropter,</span> <span class='ocrx_word' id='word_1_730' title='bbox 2892 4512 3019 4584; x_wconf 82' lang='lat' dir='ltr'>quia</span> <span class='ocrx_word' id='word_1_731' title='bbox 3047 4511 3268 4568; x_wconf 91' lang='lat' dir='ltr'>omnino</span> <span class='ocrx_word' id='word_1_732' title='bbox 3299 4521 3382 4568; x_wconf 90' lang='lat' dir='ltr'>est</span> <span class='ocrx_word' id='word_1_733' title='bbox 3410 4513 3519 4568; x_wconf 92' lang='lat' dir='ltr'>im-</span> 
     </span>
    </p>
   </div>
   <div class='ocr_carea' id='block_1_107' title="bbox 1916 4598 3523 4673">
    <p class='ocr_par' dir='ltr' id='par_1_107' title="bbox 1916 4598 3523 4673">
     <span class='ocr_line' id='line_1_108' title="bbox 1916 4598 3523 4673; baseline 0.001 -18"><span class='ocrx_word' id='word_1_734' title='bbox 1916 4600 2197 4671; x_wconf 90' lang='lat' dir='ltr'>possibile,</span> <span class='ocrx_word' id='word_1_735' title='bbox 2230 4607 2283 4655; x_wconf 90' lang='lat' dir='ltr'>et</span> <span class='ocrx_word' id='word_1_736' title='bbox 2302 4599 2410 4654; x_wconf 90' lang='lat' dir='ltr'>tale</span> <span class='ocrx_word' id='word_1_737' title='bbox 2440 4599 2570 4671; x_wconf 91' lang='lat' dir='ltr'>quid</span> <span class='ocrx_word' id='word_1_738' title='bbox 2597 4600 2775 4656; x_wconf 90' lang='lat' dir='ltr'>omnis</span> <span class='ocrx_word' id='word_1_739' title='bbox 2802 4601 3035 4673; x_wconf 87' lang='lat' dir='ltr'>inclytus</span> <span class='ocrx_word' id='word_1_740' title='bbox 3066 4600 3297 4657; x_wconf 90' lang='lat' dir='ltr'>audiens</span> <span class='ocrx_word' id='word_1_741' title='bbox 3328 4598 3385 4656; x_wconf 84' lang='lat' dir='ltr'>in</span> <span class='ocrx_word' id='word_1_742' title='bbox 3413 4617 3523 4656; x_wconf 89' lang='lat' dir='ltr'>ma-</span> 
     </span>
    </p>
   </div>
   <div class='ocr_carea' id='block_1_108' title="bbox 1917 4688 3523 4762">
    <p class='ocr_par' dir='ltr' id='par_1_108' title="bbox 1917 4688 3523 4762">
     <span class='ocr_line' id='line_1_109' title="bbox 1917 4688 3523 4762; baseline 0.002 -19"><span class='ocrx_word' id='word_1_743' title='bbox 1917 4688 2119 4744; x_wconf 85' lang='lat' dir='ltr'>ximam</span> <span class='ocrx_word' id='word_1_744' title='bbox 2146 4688 2517 4760; x_wconf 90' lang='lat' dir='ltr'>suspicionem</span> <span class='ocrx_word' id='word_1_745' title='bbox 2559 4690 2822 4762; x_wconf 90' lang='lat' dir='ltr'>prorupit,</span> <span class='ocrx_word' id='word_1_746' title='bbox 2855 4698 3013 4762; x_wconf 93' lang='lat' dir='ltr'>atque</span> <span class='ocrx_word' id='word_1_747' title='bbox 3051 4689 3369 4761; x_wconf 89' lang='lat' dir='ltr'>simpliciter</span> <span class='ocrx_word' id='word_1_748' title='bbox 3411 4705 3523 4747; x_wconf 88' lang='lat' dir='ltr'>non</span> 
     </span>
    </p>
   </div>
   <div class='ocr_carea' id='block_1_109' title="bbox 1919 4776 3518 4835">
    <p class='ocr_par' dir='ltr' id='par_1_109' title="bbox 1919 4776 3518 4835">
     <span class='ocr_line' id='line_1_110' title="bbox 1919 4776 3518 4835; baseline 0.002 -3"><span class='ocrx_word' id='word_1_749' title='bbox 1919 4776 2086 4834; x_wconf 90' lang='lat' dir='ltr'>fuisse</span> <span class='ocrx_word' id='word_1_750' title='bbox 2113 4778 2317 4834; x_wconf 91' lang='lat' dir='ltr'>dictum</span> <span class='ocrx_word' id='word_1_751' title='bbox 2344 4778 2522 4834; x_wconf 91' lang='lat' dir='ltr'>modis</span> <span class='ocrx_word' id='word_1_752' title='bbox 2552 4779 2801 4834; x_wconf 91' lang='lat' dir='ltr'>omnibus</span> <span class='ocrx_word' id='word_1_753' title='bbox 2829 4778 3117 4835; x_wconf 85' lang='lat' dir='ltr'>astimavit</span> <span class='ocrx_word' id='word_1_754' title='bbox 3148 4796 3161 4833; x_wconf 90' lang='lat'><strong>:</strong></span> <span class='ocrx_word' id='word_1_755' title='bbox 3194 4778 3518 4835; x_wconf 88' lang='lat' dir='ltr'>mandamus</span> 
     </span>
    </p>
   </div>
   <div class='ocr_carea' id='block_1_110' title="bbox 1920 4866 3525 4941">
    <p class='ocr_par' dir='ltr' id='par_1_110' title="bbox 1920 4866 3525 4941">
     <span class='ocr_line' id='line_1_111' title="bbox 1920 4866 3525 4941; baseline 0.002 -20"><span class='ocrx_word' id='word_1_756' title='bbox 1920 4866 2199 4924; x_wconf 87' lang='lat' dir='ltr'>dilectioni</span> <span class='ocrx_word' id='word_1_757' title='bbox 2227 4876 2350 4939; x_wconf 89' lang='lat' dir='ltr'>tua,</span> <span class='ocrx_word' id='word_1_758' title='bbox 2384 4884 2545 4941; x_wconf 91' lang='lat' dir='ltr'>quam</span> <span class='ocrx_word' id='word_1_759' title='bbox 2560 4868 2853 4923; x_wconf 75' lang='lat' dir='ltr'>absentem</span> <span class='ocrx_word' id='word_1_760' title='bbox 2883 4868 3020 4923; x_wconf 88' lang='lat' dir='ltr'>sicut</span> <span class='ocrx_word' id='word_1_761' title='bbox 3046 4875 3371 4939; x_wconf 89' lang='lat' dir='ltr'>prasentem</span> <span class='ocrx_word' id='word_1_762' title='bbox 3403 4886 3525 4924; x_wconf 91' lang='lat' dir='ltr'>am-</span> 
     </span>
    </p>
   </div>
   <div class='ocr_carea' id='block_1_111' title="bbox 1919 4955 3525 5030">
    <p class='ocr_par' dir='ltr' id='par_1_111' title="bbox 1919 4955 3525 5030">
     <span class='ocr_line' id='line_1_112' title="bbox 1919 4955 3525 5030; baseline 0.002 -20"><span class='ocrx_word' id='word_1_763' title='bbox 1919 4955 2227 5028; x_wconf 90' lang='lat' dir='ltr'>plectimur,</span> <span class='ocrx_word' id='word_1_764' title='bbox 2259 4964 2318 5011; x_wconf 90' lang='lat' dir='ltr'>ut</span> <span class='ocrx_word' id='word_1_765' title='bbox 2346 4958 2451 5013; x_wconf 92' lang='lat' dir='ltr'>huc</span> <span class='ocrx_word' id='word_1_766' title='bbox 2495 4957 2644 5012; x_wconf 90' lang='lat' dir='ltr'>nullo</span> <span class='ocrx_word' id='word_1_767' title='bbox 2688 4956 2850 5012; x_wconf 94' lang='lat' dir='ltr'>modo</span> <span class='ocrx_word' id='word_1_768' title='bbox 2890 4955 3155 5030; x_wconf 87' lang='lat' dir='ltr'>fatigeris,</span> <span class='ocrx_word' id='word_1_769' title='bbox 3187 4957 3312 5030; x_wconf 88' lang='lat' dir='ltr'>quia</span> <span class='ocrx_word' id='word_1_770' title='bbox 3358 4958 3525 5014; x_wconf 92' lang='lat' dir='ltr'>modo</span> 
     </span>
    </p>
   </div>
   <div class='ocr_carea' id='block_1_112' title="bbox 1921 5045 3527 5119">
    <p class='ocr_par' dir='ltr' id='par_1_112' title="bbox 1921 5045 3527 5119">
     <span class='ocr_line' id='line_1_113' title="bbox 1921 5045 3527 5119; baseline 0 -18"><span class='ocrx_word' id='word_1_771' title='bbox 1921 5053 1974 5102; x_wconf 90' lang='lat' dir='ltr'>te</span> <span class='ocrx_word' id='word_1_772' title='bbox 2003 5047 2308 5102; x_wconf 88' lang='lat' dir='ltr'>nullatenus</span> <span class='ocrx_word' id='word_1_773' title='bbox 2337 5045 2579 5117; x_wconf 90' lang='lat' dir='ltr'>recipere</span> <span class='ocrx_word' id='word_1_774' title='bbox 2609 5060 2918 5116; x_wconf 90' lang='lat' dir='ltr'>possumus,</span> <span class='ocrx_word' id='word_1_775' title='bbox 2952 5061 3052 5101; x_wconf 90' lang='lat' dir='ltr'>nec</span> <span class='ocrx_word' id='word_1_776' title='bbox 3090 5054 3292 5102; x_wconf 90' lang='lat' dir='ltr'>tectum</span> <span class='ocrx_word' id='word_1_777' title='bbox 3322 5046 3527 5119; x_wconf 89' lang='lat' dir='ltr'>aliquid</span> 
     </span>
    </p>
   </div>
   <div class='ocr_carea' id='block_1_113' title="bbox 1922 5133 3524 5208">
    <p class='ocr_par' dir='ltr' id='par_1_113' title="bbox 1922 5133 3524 5208">
     <span class='ocr_line' id='line_1_114' title="bbox 1922 5133 3524 5208; baseline -0.001 -18"><span class='ocrx_word' id='word_1_778' title='bbox 1922 5151 2068 5191; x_wconf 89' lang='lat' dir='ltr'>nunc</span> <span class='ocrx_word' id='word_1_779' title='bbox 2097 5135 2370 5208; x_wconf 85' lang='lat' dir='ltr'>agendum</span> <span class='ocrx_word' id='word_1_780' title='bbox 2399 5133 2516 5190; x_wconf 93' lang='lat' dir='ltr'>fore</span> <span class='ocrx_word' id='word_1_781' title='bbox 2544 5149 2775 5190; x_wconf 91' lang='lat' dir='ltr'>necesse</span> <span class='ocrx_word' id='word_1_782' title='bbox 2819 5141 3091 5205; x_wconf 90' lang='lat' dir='ltr'>putamus.</span> <span class='ocrx_word' id='word_1_783' title='bbox 3142 5135 3279 5191; x_wconf 92' lang='lat' dir='ltr'>Cum</span> <span class='ocrx_word' id='word_1_784' title='bbox 3322 5142 3524 5206; x_wconf 89' lang='lat' dir='ltr'>autem,</span> 
     </span>
    </p>
   </div>
   <div class='ocr_carea' id='block_1_114' title="bbox 1924 5223 3528 5295">
    <p class='ocr_par' dir='ltr' id='par_1_114' title="bbox 1924 5223 3528 5295">
     <span class='ocr_line' id='line_1_115' title="bbox 1924 5223 3528 5295; baseline 0.001 -17"><span class='ocrx_word' id='word_1_785' title='bbox 1924 5224 2041 5278; x_wconf 93' lang='lat' dir='ltr'>Deo</span> <span class='ocrx_word' id='word_1_786' title='bbox 2064 5225 2303 5293; x_wconf 88' lang='lat' dir='ltr'>juvante,</span> <span class='ocrx_word' id='word_1_787' title='bbox 2335 5224 2404 5278; x_wconf 88' lang='lat' dir='ltr'>ad</span> <span class='ocrx_word' id='word_1_788' title='bbox 2434 5238 2599 5277; x_wconf 89' lang='lat' dir='ltr'>unam</span> <span class='ocrx_word' id='word_1_789' title='bbox 2629 5223 2977 5279; x_wconf 89' lang='lat' dir='ltr'>concordiam</span> <span class='ocrx_word' id='word_1_790' title='bbox 3018 5231 3070 5279; x_wconf 90' lang='lat' dir='ltr'>et</span> <span class='ocrx_word' id='word_1_791' title='bbox 3097 5240 3259 5279; x_wconf 90' lang='lat' dir='ltr'>unam</span> <span class='ocrx_word' id='word_1_792' title='bbox 3287 5223 3528 5295; x_wconf 89' lang='lat' dir='ltr'>quietem</span> 
     </span>
    </p>
   </div>
   <div class='ocr_carea' id='block_1_115' title="bbox 1923 5311 3529 5386">
    <p class='ocr_par' dir='ltr' id='par_1_115' title="bbox 1923 5311 3529 5386">
     <span class='ocr_line' id='line_1_116' title="bbox 1923 5311 3529 5386; baseline 0.002 -21"><span class='ocrx_word' id='word_1_793' title='bbox 1923 5312 2235 5383; x_wconf 89' lang='lat' dir='ltr'>reipublica</span> <span class='ocrx_word' id='word_1_794' title='bbox 2264 5327 2428 5369; x_wconf 89' lang='lat' dir='ltr'>causa</span> <span class='ocrx_word' id='word_1_795' title='bbox 2457 5311 2696 5381; x_wconf 87' lang='lat' dir='ltr'>redierit,</span> <span class='ocrx_word' id='word_1_796' title='bbox 2727 5320 2781 5368; x_wconf 90' lang='lat' dir='ltr'>et</span> <span class='ocrx_word' id='word_1_797' title='bbox 2807 5312 2917 5367; x_wconf 89' lang='lat' dir='ltr'>litis</span> <span class='ocrx_word' id='word_1_798' title='bbox 2946 5311 3227 5386; x_wconf 84' lang='lat' dir='ltr'>ﬁgmenta,</span> <span class='ocrx_word' id='word_1_799' title='bbox 3258 5329 3380 5385; x_wconf 88' lang='lat' dir='ltr'>qua</span> <span class='ocrx_word' id='word_1_800' title='bbox 3400 5320 3529 5369; x_wconf 87' lang='lat' dir='ltr'>tan-</span> 
     </span>
    </p>
   </div>
   <div class='ocr_carea' id='block_1_116' title="bbox 1926 5400 3531 5476">
    <p class='ocr_par' dir='ltr' id='par_1_116' title="bbox 1926 5400 3531 5476">
     <span class='ocr_line' id='line_1_117' title="bbox 1926 5400 3531 5476; baseline 0.002 -22"><span class='ocrx_word' id='word_1_801' title='bbox 1926 5417 2087 5472; x_wconf 88' lang='lat' dir='ltr'>quam</span> <span class='ocrx_word' id='word_1_802' title='bbox 2119 5400 2255 5455; x_wconf 89' lang='lat' dir='ltr'>telas</span> <span class='ocrx_word' id='word_1_803' title='bbox 2283 5416 2605 5456; x_wconf 89' lang='lat' dir='ltr'>aranearum</span> <span class='ocrx_word' id='word_1_804' title='bbox 2643 5409 2895 5473; x_wconf 89' lang='lat' dir='ltr'>putamus</span> <span class='ocrx_word' id='word_1_805' title='bbox 2938 5409 3127 5458; x_wconf 89' lang='lat' dir='ltr'>contra</span> <span class='ocrx_word' id='word_1_806' title='bbox 3170 5402 3531 5476; x_wconf 87' lang='lat' dir='ltr'>Augustalem</span> 
     </span>
    </p>
   </div>
   <div class='ocr_carea' id='block_1_117' title="bbox 1925 5488 3528 5561">
    <p class='ocr_par' dir='ltr' id='par_1_117' title="bbox 1925 5488 3528 5561">
     <span class='ocr_line' id='line_1_118' title="bbox 1925 5488 3528 5561; baseline 0.001 -18"><span class='ocrx_word' id='word_1_807' title='bbox 1925 5488 2260 5558; x_wconf 88' lang='lat' dir='ltr'>majestatem</span> <span class='ocrx_word' id='word_1_808' title='bbox 2289 5489 2497 5560; x_wconf 89' lang='lat' dir='ltr'>oborta,</span> <span class='ocrx_word' id='word_1_809' title='bbox 2532 5489 2706 5561; x_wconf 90' lang='lat' dir='ltr'>sopita</span> <span class='ocrx_word' id='word_1_810' title='bbox 2736 5490 3056 5559; x_wconf 87' lang='lat' dir='ltr'>exstiterint,</span> <span class='ocrx_word' id='word_1_811' title='bbox 3091 5506 3191 5546; x_wconf 91' lang='lat' dir='ltr'>nos</span> <span class='ocrx_word' id='word_1_812' title='bbox 3233 5499 3284 5546; x_wconf 91' lang='lat' dir='ltr'>et</span> <span class='ocrx_word' id='word_1_813' title='bbox 3326 5491 3528 5547; x_wconf 89' lang='lat' dir='ltr'>nobili-</span> 
     </span>
    </p>
   </div>
  </div>
