4028 6180
211 307 316 362 ’745

934 432 1124 489 XCIV.

284 533 359 571 AD
391 532 774 574 ΤΗΕΟΤΜΑΚΠΜ
807 535 1286 578 ARCHIEPISCOPUM
1313 539 1738 580 ιυνΑΝΝεΝεειι.

841 610 1022 680 (Anno
1053 612 1204 680 επ.)

215 696 472 772 Pallium
484 697 801 772 eieoncedit
819 717 836 751 :
859 700 1092 772 mamlat
1114 704 1173 772 ut
1194 701 1409 755 reditus
1423 718 1554 772 quos
1572 703 1819 756 Romana

245 767 497 821 Ecclesia
526 769 677 836 apud
709 769 1036 836 Baqozri'wt
1067 771 1246 832 habet,
1287 767 1515 826 Rom’tm
1549 773 1768 826 mittat.

283 854 636 911 Tnaorusao
667 855 1082 926 archiepiscopo
1111 859 1426 912 Juvanensi.

286 941 499 998 Idcirco
547 948 692 996 tuam
753 941 1144 1000 fraternitatem
1205 954 1355 1000 tanto
1423 946 1574 1016 pallii
1622 948 1818 1002 decore

215 1029 526 1084 studuimus
555 1030 842 1096 decorare,
876 1039 952 1097 ut,
1006 1033 1219 1088 Christo
1253 1033 1574 1104 opitulante,
1608 1042 1662 1088 et
1690 1041 1816 1088 ante

213 1119 317 1172 Dei
339 1117 529 1174 oculos
552 1117 708 1173 bonis
729 1126 780 1174 et
813 1120 1016 1175 sanctis
1033 1121 1241 1175 actibus
1271 1122 1503 1191 polleas,
1534 1131 1585 1177 et
1614 1130 1816 1177 sanctae

216 1205 478 1260 Romana
509 1207 790 1270 Ecclesia,
825 1224 854 1259 a
886 1223 990 1278 qua
1022 1218 1178 1277 potus
1213 1209 1458 1278 praeclari
1498 1209 1679 1280 poculi
1730 1227 1821 1264 su-

214 1294 340 1359 mis,
377 1295 606 1349 devotus
637 1310 855 1364 semper
885 1293 1060 1349 fidelis
1084 1296 1306 1359 existas,
1355 1298 1472 1364 ejus
1505 1297 1560 1351 in
1581 1297 1819 1351 futurum

212 1379 440 1437 eﬁ'ectus
471 1381 766 1452 particeps,
799 1383 951 1450 cujus
982 1383 1154 1437 locata
1199 1385 1588 1454 perpetualiter
1617 1385 1819 1438 funda-

214 1470 416 1524 mentis
446 1469 711 1534 consistit,
747 1477 800 1524 et
831 1471 973 1539 apud
1015 1471 1475 1526 Carolomannum
1507 1489 1694 1545 regem
1738 1472 1820 1526 di-

221 1557 430 1614 lectum
466 1557 634 1612 ﬁlium
667 1566 912 1612 nostrum
953 1559 1300 1629 quotidianus
1347 1560 1682 1616 interventor
1719 1577 1820 1630 pro

227 1646 477 1701 Romana
525 1645 771 1701 Ecclesia
816 1647 1098 1701 hortamur
1133 1648 1351 1702 existas.
1399 1649 1545 1703 [nter
1593 1649 1709 1704 hac
1759 1664 1822 1703 ea

217 1751 340 1806 qua
369 1735 562 1789 beatus
591 1736 777 1789 Petrus
825 1735 1107 1804 apostolus
1137 1737 1281 1807 apud
1311 1737 1676 1805 Bajoariorum
1710 1745 1821 1791 ter-

216 1839 330 1877 ram
347 1824 468 1892 jure
499 1822 842 1893 proprietatis
882 1823 1144 1894 possidet,
1189 1833 1293 1880 tua
1339 1825 1616 1880 industria
1663 1841 1824 1897 saga-

219 1910 484 1983 citatique
497 1911 904 1974 committimus,
941 1919 1209 1982 quatenus
1240 1908 1439 1969 amocfo
1471 1921 1523 1968 et
1553 1913 1823 1983 deinceps

217 2014 430 2055 annuos
470 2015 660 2054 eorum
689 1999 891 2054 reditus
921 2000 1147 2055 Romam
1193 2001 1310 2056 sine
1349 2017 1506 2056 mora
1551 2000 1823 2055 transmit-

217 2097 321 2143 tas.
361 2089 496 2143 Data
527 2104 714 2144 mense
735 2088 1054 2153 Novembri,
1088 2089 1383 2145 indictione
1415 2105 1496 2145 χι.

937 2193 1104 2249 XCV.

389 2299 463 2338 AD
482 2298 786 2339 BDBREDU!
817 2297 1296 2338 ARCKIEPISCOPUM
1328 2299 1648 2339 ANGLORL'M.

847 2372 1027 2440 (Anno
1059 2373 1208 2438 877.)
1334 2371 1340 2377 ’

221 2461 444 2516 Laudat
459 2463 580 2531 ejus
598 2461 758 2531 pium
778 2477 910 2530 erga
931 2460 1116 2514 sedem
1139 2463 1506 2531 apostolicam
1537 2462 1819 2525 animum,

290 2532 446 2586 dolet
481 2532 548 2586 de
575 2531 858 2602 adversis:
893 2535 1082 2584 monet
1099 2535 1160 2585 ut
1170 2549 1272 2602 pro
1311 2533 1560 2586 Ecclesia
1595 2534 1826 2600 fortiter

289 2618 352 2657 se
379 2606 574 2672 gerat,-
596 2601 844 2672 ostendit
870 2616 1078 2656 uxores
1112 2601 1229 2656 non
1266 2618 1386 2656 esse
1422 2602 1827 2667 dimittendas;

293 2671 542 2729 nuntiat
574 2687 632 2726 se
671 2671 742 2725 ad
779 2687 964 2741 regem
986 2673 1324 2744 scripsisse,
1377 2677 1442 2726 ut
1478 2673 1660 2744 debito
1695 2689 1825 2744 eum

296 2745 550 2806 honore;
577 2743 1188 2814 prosequaturdemum
1219 2745 1340 2814 ejus
1358 2743 1620 2798 Ecclesia:
1645 2743 1826 2814 privi-

298 2815 447 2886 legia
465 2813 783 2881 conﬁrmat.

293 2899 779 2983 Revercnglissimo
831 2909 884 2956 et
928 2901 1272 2956 sanctissimo
1320 2899 1582 2955 confratri
1642 2907 1828 2956 nostro

225 2992 500 3046 Ευειιευο
528 2989 941 3059 archiepiscopo
971 2989 1148 3060 gentis
1180 2989 1502 3061 Anglorum.

311 3077 526 3133 Vestris
551 3077 769 3132 relectis
798 3077 1044 3148 apicibus
1091 3085 1294 3148 quanta
1341 3093 1484 3131 vera
1529 3075 1832 3131 dilectionis

223 3176 275 3224 et
304 3165 635 3222 sinceritatis
677 3163 830 3232 ﬁdes,
878 3182 982 3236 qua
1029 3165 1302 3220 Christum
1357 3165 1533 3219 Deum
1583 3172 1824 3218 vestrum

221 3255 648 3327 proximumque
699 3253 943 3325 diligitis,
1003 3253 1059 3306 in
1107 3253 1264 3307 vobis
1301 3253 1563 3307 consistat
1625 3261 1676 3307 et
1740 3252 1828 3322 pia

222 3344 520 3399 devotione
551 3341 695 3397 circa
726 3342 910 3397 sedem
942 3340 1296 3412 apostolicam
1328 3340 1557 3405 ferveat,
1591 3340 1827 3394 evidenti

223 3432 486 3486 duntaxat
514 3430 789 3485 intellectu
817 3429 1182 3501 perspicimus
1215 3448 1229 3494 ;
1263 3445 1387 3484 cum
1414 3445 1562 3484 more
1581 3436 1829 3483 anteces-

225 3537 414 3576 sorum
434 3527 759 3586 vestrorum,
794 3527 846 3573 et
876 3534 1072 3573 causas
1103 3527 1300 3572 vestra
1321 3517 1585 3572 Ecclesia
1629 3533 1827 3570 neces-

224 3609 405 3665 sarias
427 3616 613 3662 nostro
646 3606 977 3676 prasulatui,
1013 3606 1164 3677 quasi
1207 3622 1304 3660 suo
1334 3605 1545 3660 doctori
1599 3603 1824 3669 referre,

223 3706 276 3752 et
305 3713 338 3750 a
369 3696 504 3750 sede
527 3695 822 3765 apostolica
853 3711 1015 3764 super
1044 3693 1370 3764 quibusdam
1421 3693 1534 3746 suis
1562 3708 1698 3762 quas
1736 3707 1830 3761 pa-

223 3786 354 3840 titur
397 3783 822 3839 adversitatibus
863 3783 1190 3844 consultum,
1243 3790 1294 3836 et
1329 3779 1665 3836 auctoritatis
1697 3797 1832 3844 ,mu-

226 3873 414 3928 nimen
445 3871 700 3940 accipere
728 3871 998 3942 quasistis
1031 3890 1043 3934 ;
1075 3871 1129 3923 in
1159 3885 1264 3941 qua
1297 3870 1442 3923 Deus
1486 3869 1831 3937 omnipotens

228 3961 396 4016 totius
426 3958 690 4015 Ecclesia
720 3959 898 4029 posuit
930 3957 1356 4012 fundamentum.
1409 3959 1476 4011 Et
1523 3957 1650 4028 quia
1697 3955 1830 4010 dura

228 4049 485 4121 quadam
507 4048 561 4100 iu
592 4046 877 4117 praesentis
899 4046 1080 4101 saculi
1103 4047 1232 4108 vita,
1271 4062 1393 4115 qua
1422 4061 1552 4098 vere
1607 4043 1830 4099 tentatio

225 4147 308 4193 est
339 4151 510 4206 super
539 4144 757 4200 terram,
791 4135 951 4204 positi
981 4133 1218 4205 quotidie
1255 4132 1554 4194 sustinetis.
1588 4147 1695 4186 non
1743 4147 1832 4188 so-

229 4226 346 4280 lum
367 4225 566 4279 flemus
595 4232 796 4284 nostra,
823 4239 946 4294 qua
984 4222 1230 4276 similiter
1256 4221 1507 4291 patimur,
1552 4221 1650 4274 sed
1694 4236 1830 4275 con-

227 4314 486 4370 dolemus
532 4321 586 4367 et
628 4311 802 4376 vobis,
860 4311 1006 4374 talia,
1057 4311 1196 4380 proh
1243 4308 1434 4364 dolori
1485 4308 1828 4378 patientibus,

227 4401 491 4474 quoniam
519 4399 668 4454 omni
691 4399 806 4468 jam
834 4399 1036 4452 mundo
1065 4398 1121 4451 in
1152 4397 1391 4472 maligno
1419 4395 1616 4466 posito,
1651 4395 1833 4449 multis

1317 311 1672 368 EPISTOLE
1727 313 1816 368 ET
1869 313 2219 372 DECRETA.

1846 437 2051 499 Asicut
2079 438 2310 494 idoneus
2341 437 2441 495 Dei
2478 441 2723 496 minister
2765 456 3010 514 opponas
3051 453 3104 502 te
3152 461 3366 502 murum
3407 464 3510 520 pro

3402 323 3512 383 ’746

1918 527 2080 581 domo
2133 528 2344 582 Domini
2389 538 2441 583 et
2486 529 2600 585 zelo
2647 531 2793 584 illius
2842 549 3128 598 accensus,
3182 551 3292 590 non
3333 537 3511 592 solum

1920 617 2058 686 regi,
2083 617 2180 670 sed
2205 618 2458 670 omnibus
2472 619 2524 672 in
2538 635 2602 672 ea
2625 637 2884 688 perverse
2905 622 3107 692 aliquid
3132 640 3302 696 agere
3318 625 3512 680 volen-

1920 703 2082 768 tibus,
2126 712 2346 760 strenue
2392 707 2644 761 resistere
2684 723 2791 762 non
2836 711 3236 778 praetermittas,
3287 713 3514 768 honori-

1919 787 2088 844 ﬁcans
2142 791 2493 846 ministerium
2557 803 2726 856 tuum,
2775 797 3014 865 quandiu
3045 799 3229 853 divina
3284 800 3515 856 sinceris

1919 878 2192 932 voluntate
2223 896 2435 935 summo
2467 883 2771 937 sacerdotio
2804 882 2976 957 fungi,
3011 887 3379 958 populumque
3409 889 3516 944 Do-

1921 966 2050 1019 mini
2083 966 2178 1020 tibi
2223 969 2571 1023 commissum
2615 981 2816 1027 sancta
2863 971 3125 1028 doctrinae
3167 975 3369 1044 pabulo
3418 991 3520 1046 pa-

1921 1069 2097 1118 scere,
2132 1055 2447 1110 sacerdotes
2479 1058 2682 1112 scilicet
2723 1069 2776 1113 et
2812 1059 3211 1117 ecclesiasticos
3258 1061 3404 1117 viros
3451 1078 3520 1118 ac

1922 1141 2174 1210 feminas,
2231 1159 2330 1196 ne:
2363 1159 2469 1198 non
2517 1145 2710 1200 viduas
2757 1155 2808 1200 et
2855 1149 3320 1213 sanctimoniales,
3365 1150 3518 1218 juxta

1921 1229 2170 1284 ordinem
2193 1247 2350 1284 suum
2380 1247 2480 1301 pro
2493 1232 2698 1287 viribus
2731 1249 2925 1304 regere
2954 1237 3217 1306 tuerique,
3249 1247 3306 1291 ut
3335 1246 3521 1308 pastor

1920 1316 2153 1372 idoneus
2200 1335 2383 1373 coram
2431 1319 2661 1388 Domino
2699 1336 2959 1390 appareas
3016 1333 3268 1393 prompta
3336 1333 3518 1380 mente

1920 1420 2226 1474 procures:
2261 1406 2514 1477 quoniam
2564 1423 2664 1461 nos
2713 1409 3024 1477 apostolica
3081 1411 3226 1465 sedis
3273 1413 3521 1482 apicibus

1921 1493 2216 1547 admonere
2246 1494 2629 1564 exhortarique
2660 1497 2974 1550 curavimus
3016 1514 3207 1570 regem
3255 1509 3517 1566 vestrum,

1921 1589 1976 1633 ut
2005 1580 2099 1633 tibi
2125 1597 2226 1650 pro
2255 1581 2384 1635 Jesu
2414 1582 2613 1635 Christi
2637 1584 2850 1637 Domini
2883 1585 3050 1638 nostri
3082 1601 3266 1658 amore
3311 1587 3362 1640 in
3404 1603 3521 1642 om-

1922 1667 2082 1721 nibus
2103 1685 2224 1738 qua
2256 1677 2455 1724 sancta
2475 1670 2738 1725 Ecclesia
2769 1671 2864 1725 tibi
2887 1674 3194 1728 commissa
3243 1675 3390 1728 utilia
3403 1683 3528 1730 sunt

1849 1781 1902 1841 Β
1926 1755 2190 1811 obedieus
2221 1765 2273 1810 et
2301 1757 2516 1826 adjutor
2547 1759 2797 1823 devotus,
2827 1760 2965 1814 sicut
2991 1771 3368 1818 antecessores
3398 1779 3527 1819 suos

1926 1844 2200 1914 piissimos
2231 1862 2393 1915 reges
2424 1847 2745 1918 Anglorum,
2787 1857 3038 1904 narrante
3065 1851 3307 1916 historia,
3356 1851 3525 1906 fuisse

1922 1933 2238 1998 recolimus,
2274 1935 2506 1990 existere
2537 1951 2642 1990 non
2676 1937 3044 2005 pratermittat
3077 1957 3091 2002 ;
3129 1939 3174 1992 si
3209 1947 3260 1992 et
3293 1956 3525 2011 regnum

1921 2021 2026 2076 sibi
2054 2022 2425 2092 temporaliter
2454 2039 2776 2078 concessum
2808 2025 3041 2080 voluerit
3095 2027 3322 2082 retinere
3353 2044 3521 2083 secu-

1921 2127 2061 2174 rum,
2095 2118 2148 2164 et
2178 2111 2344 2165 vitam
2389 2112 2736 2180 postmodum
2781 2113 2933 2182 regni
2983 2113 3264 2183 percipere
3315 2115 3518 2186 sempi-

1921 2194 2080 2248 terni.
2115 2195 2208 2247 His
2237 2203 2418 2249 autem
2452 2212 2588 2265 quos
2617 2196 2820 2250 asseris
2858 2211 3057 2252 uxores
3087 2197 3337 2267 proprias
3385 2214 3524 2254 con-

1921 2290 2003 2336 tra
2031 2290 2363 2352 prae-cptum
2388 2282 2602 2337 Domini
2631 2283 2959 2354 relinquere,
2977 2285 3322 2355 pracipimus
3351 2302 3528 2358 neque

1921 2371 2097 2425 virum
2128 2371 2196 2424 ab
2228 2387 2394 2425 uxore
2425 2387 2602 2442 neque
2631 2387 2895 2426 uxorema
2914 2372 3054 2437 viro,
3093 2373 3196 2426 nisi
3227 2388 3389 2428 causa
3411 2375 3521 2429 for-

1921 2459 2210 2514 nicationis
2260 2459 2544 2514 discedere
2579 2478 2591 2513 :
2627 2460 2773 2530 quod
2832 2461 2878 2513 si
2921 2461 2992 2515 ob
3031 2463 3135 2517 hoc
3185 2461 3519 2530 discesserit,

1923 2562 2145 2601 manere
2175 2547 2456 2618 innuptum
2491 2548 2575 2602 vel
2607 2548 2904 2618 innuptam,
2938 2557 3030 2603 aut
3062 2549 3164 2603 sibi
3212 2559 3397 2605 mutuo
3428 2567 3521 2606 re-

1925 2634 2224 2698 conciliari,
2278 2636 2534 2705 quoniam
2585 2636 2800 2690 dicente
2863 2637 3095 2691 Domino
3129 2637 3309 2710 :quod
3372 2641 3518 2694 Deus

1922 2723 2252 2793 conjunxit,
2274 2723 2433 2778 homo
2461 2740 2573 2778 non
2602 2728 2825 2795 separet
2857 2725 3078 2792 (illatth.
3105 2731 3228 2793 xxx)
3253 2743 3267 2790 ;
3301 2735 3354 2780 et
3393 2726 3517 2782 ideo

1925 2827 2048 2866 cum
2079 2811 2312 2881 priorem
2343 2811 2584 2883 legitimo
2602 2811 2705 2865 sibi
2735 2813 3081 2867 matrimonio
3105 2813 3347 2881 junctam
3379 2814 3524 2884 quis-

1926 2916 2090 2970 quam
2132 2899 2387 2953 deserere
2432 2909 2662 2970 nequeat
2709 2901 2857 2954 nulla
2905 2901 3114 2955 ratione
3157 2901 3235 2955 illi
3293 2917 3524 2971 prorsus

1927 2987 2246 3043 conceditur
2273 2987 2456 3054 aliam,
2477 2987 2690 3042 vivente
2703 2988 2906 3057 priore,
2923 2989 3232 3044 conducere
3266 3008 3279 3053 ;
3313 2989 3458 3060 quod
3472 2989 3520 3045 si

1930 3075 2138 3139 fecerit,
2171 3083 2225 3128 et
2255 3091 2360 3130 non
2384 3076 2680 3130 emendare
2713 3075 2813 3129 sub
2843 3075 3213 3132 satisfactione
3230 3077 3520 3146 studuerit,

1930 3163 2001 3217 ab
2030 3163 2294 3218 Ecclesia
2321 3164 2593 3218 consortio
2612 3172 2827 3217 maneat
2857 3173 3158 3233 separatus.
3196 3165 3303 3219 Sed
3343 3181 3521 3236 neque

1928 3251 1996 3305 de
2027 3240 2249 3320 propria
2276 3251 2600 3322 cognatione
2631 3250 2926 3304 secundum
2963 3251 3133 3306 sancti
3165 3251 3520 3320 pracessoris

1929 3339 2099 3392 nostri
2131 3339 2378 3409 Gregorii
2401 3338 2640 3392 doctoris
2669 3338 2848 3408 gentis
2882 3347 3076 3392 vestra
3103 3338 3376 3392 decretale
3409 3346 3523 3392 sta-

1929 3429 2093 3474 tutum
2127 3421 2243 3487 (lib.
2265 3435 2406 3484 χχιι,
2433 3422 2596 3492 epist.
2631 3423 2722 3487 3t)
2753 3421 3008 3490 cuiquam
3040 3421 3238 3475 ducere
3286 3421 3520 3490 permit-

1928 3517 2029 3562 tas.
2060 3509 2173 3563 Nos
2203 3524 2438 3578 namque
2461 3508 2606 3562 sedis
2637 3517 2742 3562 tua
2790 3507 3154 3579 privilegium,
3203 3524 3365 3580 quam
3401 3508 3522 3563 vice

1930 3597 2072 3651 beati
2119 3596 2408 3666 Augustini
2451 3613 2483 3650 a
2527 3606 2715 3651 sancto
2760 3597 3028 3668 Gregorio
3075 3612 3178 3666 pro
3231 3597 3524 3651 multorum

1930 3681 2101 3735 salute
2149 3689 2200 3734 et
2243 3679 2601 3734 conversione
2647 3679 2774 3734 illuc
2817 3679 3011 3734 directi
3054 3681 3222 3752 regis,
3265 3679 3525 3734 illibatum

1929 3769 2022 3822 tibi
2053 3767 2300 3822 volumus
2316 3768 2503 3838 procul
2535 3767 2699 3822 dubio
2730 3783 3082 3831 conservare,
3116 3778 3169 3823 et
3211 3776 3267 3822 ut
3311 3768 3382 3822 ab
3402 3783 3521 3822 om-

1930 3857 2088 3910 nibus
2117 3856 2422 3920 ordinibus,
2455 3864 2559 3910 tam
2607 3855 2994 3911 ecclesiasticis
3044 3872 3206 3928 quam
3253 3855 3526 3911 saeculari-

1929 3945 2052 4010 bus,
2103 3945 2438 4000 custodiatur
2485 3943 2539 3998 in
2605 3953 2946 4015 perpetuum.
3005 3945 3306 4000 secundum
3353 3944 3526 4014 ipsius

1932 4033 2105 4089 sancti
2137 4032 2493 4103 praeessoris
2523 4033 2694 4087 nostri
2718 4033 2970 4104 Gregorii
3007 4032 3175 4106 [forte
3223 4034 3377 4089 deest
3411 4041 3525 4087 sta-

1931 4137 2124 4194 tutum,
2140 4130 2388 4202 autquid
2411 4128 2618 4201 simile]
2635 4129 2787 4194 cujus
2808 4129 3090 4200 sapientia
3124 4129 3305 4184 radius
3333 4129 3526 4185 Eccle-

1932 4218 2070 4272 siam
2101 4218 2296 4272 Christi
2327 4234 2424 4286 per
2447 4217 2638 4272 orbem
2669 4216 2920 4270 diffusam
2953 4217 3198 4284 irradiat,
3249 4218 3526 4272 sancimus

1932 4309 2094 4372 atque
2123 4301 2489 4371 praecipimus.
2513 4301 2581 4353 Et
2601 4300 2863 4370 quidquid
2892 4300 3108 4354 adversi
3142 4316 3172 4353 a
3202 4315 3527 4370 quocunque

1931 4388 2151 4443 homine
2172 4389 2240 4441 de
2273 4396 2420 4457 parte
2461 4395 2550 4440 tua
2589 4387 2747 4441 nobis
2778 4386 2932 4440 fuerit
2964 4387 3215 4452 relatum,
3261 4395 3386 4440 ante
3433 4402 3523 4441 ve-

221 4471 434 4560 ubique
458 4486 778 4544 adversariis
807 4486 1074 4541 adversus
1105 4471 1304 4540 Christi
1335 4483 1564 4538 famulos
1593 4483 1829 4538 existen-
1850 4471 1911 4534 D
1935 4493 2048 4531 ram
2077 4475 2446 4546 cognitionem
2476 4474 2784 4529 nullatenus
2814 4474 3087 4529 credimus
3120 4493 3133 4540 ;
3167 4474 3296 4546 quin
3343 4473 3523 4544 potius

229 4579 403 4646 tibus,
437 4584 641 4648 quanto
673 4576 931 4642 majores,
965 4582 1017 4628 et
1055 4589 1218 4644 supra
1263 4572 1482 4628 modum
1527 4570 1830 4626 crebriores

224 4666 562 4724 tentationes
605 4663 846 4734 quotidie
903 4661 1271 4716 imminuerint
1320 4660 1464 4718 circa
1531 4675 1652 4728 nos,
1687 4668 1830 4714 tanto

226 4754 435 4811 Christi
479 4752 804 4808 fretisolatio
835 4750 1164 4806 valentiores
1177 4766 1298 4805 esse
1329 4749 1612 4813 debemus;
1644 4755 1832 4804 nostra

223 4857 402 4900 sacra
429 4849 685 4896 narrante
703 4840 876 4895 serie:
905 4842 1108 4895 Beatus
1132 4841 1216 4894 vir
1227 4841 1323 4911 qui
1343 4838 1543 4908 suffert
1564 4838 1833 4893 lentatio-

227 4948 396 4992 nem.
419 4931 687 5001 quoniam
706 4943 838 4985 cum
870 4929 1136 4999 probatus
1173 4928 1374 4998 fuerit,
1400 4927 1642 4998 accipiet
1671 4942 1830 4982 coro-

219 5037 374 5076 nam
385 5021 535 5083 vitaz,
560 5036 728 5091 quam
742 5019 1002 5089 promisit
1018 5019 1163 5072 Deus
1179 5016 1541 5086 diligentibus
1557 5031 1616 5070 se
1638 5035 1656 5082 ;
1680 5017 1830 5086 ipse-

222 5125 340 5182 que
363 5109 512 5164 Deus
528 5106 848 5162 benedictus
870 5107 932 5159 in
954 5106 1179 5168 sweula,
1201 5106 1296 5175 qui
1315 5118 1428 5158 non
1457 5105 1713 5174 patietur
1732 5119 1832 5158 nos

226 5197 459 5253 tentari
479 5210 652 5264 supra
673 5195 728 5249 id
743 5194 886 5266 quod
899 5209 1194 5265 possumus
1215 5193 1358 5260 (Jac.
1385 5194 1442 5260 ι),
1465 5191 1681 5246 dicente
1696 5193 1833 5260 Apo-

227 5285 388 5341 stolo
407 5300 420 5338 :
437 5285 530 5338 sed
551 5283 724 5354 faciet
745 5299 874 5338 cum
893 5286 1052 5337 tenta
1063 5284 1210 5337 tione
1230 5285 1588 5352 proventum,
1621 5283 1688 5334 ut
1705 5296 1832 5351 pos-

221 5375 420 5431 simus
439 5372 720 5428 sustinere
757 5372 807 5441 (l
837 5373 956 5427 Cor.
983 5371 1064 5439 χ).
1097 5371 1212 5424 Nos
1241 5377 1424 5424 tamen
1454 5384 1555 5438 pro
1585 5367 1832 5422 instantis

225 5459 502 5530 temporis
527 5459 847 5514 necessitate
874 5459 1155 5514 hortamur
1201 5465 1254 5512 et
1298 5472 1582 5512 monemus
1631 5455 1832 5511 frater-

221 5551 470 5606 nitatem
497 5555 738 5604 vestram
755 5555 832 5616 ιιι,
864 5546 1011 5603 omni
1043 5545 1228 5602 saculi
1267 5546 1461 5602 timore
1508 5545 1829 5616 postposito,

467 5662 704 5716 ΡΑτιιοιι.
736 5659 979 5716 CXXVI.

1929 4565 2094 4620 etiam
2124 4580 2312 4634 rcgem
2339 4571 2580 4626 vestrum
2624 4563 3026 4629 admonuimus,
3060 4571 3114 4616 ut
3169 4561 3392 4634 dignum
3425 4561 3523 4616 ho-

1930 4669 2117 4707 norem
2161 4652 2252 4705 tibi
2298 4668 2396 4722 pro
2438 4667 2624 4706 amore
2666 4653 2796 4706 Jesu
2843 4651 3040 4706 Christi
3087 4649 3304 4705 Domini
3349 4647 3524 4703 nostri

1929 4741 2228 4811 impendat,
2271 4749 2324 4794 et
2353 4740 2535 4795 omnia
2556 4739 2827 4812 privilegii
2860 4739 2934 4793 tui
2957 4739 3084 4807 jura
3130 4745 3388 4808 perpetua
3419 4744 3527 4790 sta-

1931 4829 2137 4884 bilitate
2169 4837 2218 4884 et
2250 4844 2580 4884 conservare
2607 4844 2670 4884 ac
2699 4827 3018 4882 indimiunm
3082 4825 3359 4882 custodire
3402 4839 3528 4895 pro-

1930 4927 2101 4984 curet,
2138 4918 2182 4971 si
2211 4919 2436 4988 gratiam
2469 4925 2519 4972 et
2550 4916 2982 4971 benedictionem
3013 4914 3161 4968 sedis
3191 4912 3526 4984 apostolicae,

1932 5006 2072 5062 sicut
2117 5015 2496 5062 antecessores
2535 5005 2650 5072 ejus
2697 5004 2837 5058 bene
2876 5002 3121 5058 faciendo
3166 5002 3367 5056 habere
3405 5016 3526 5056 me-

1931 5105 2177 5160 ruerunt,
2211 5095 2326 5166 pari
2357 5094 2522 5149 modo
2571 5093 2800 5147 voluerit
2856 5093 2958 5146 iste
2988 5092 3213 5146 habere.
3269 5093 3410 5146 Data
3454 5092 3521 5144 ut

1931 5200 2124 5256 supra.

2627 5285 2818 5341 XCVI.

2093 5391 2166 5431 AD
2186 5389 2544 5431 ATHANASIUM
2575 5391 2883 5431 EPISCOPUM
2913 5389 3365 5432 NEAPOLITANUM.

2547 5466 2728 5533 (Anno
2760 5465 2911 5534 877.)

1935 5554 2301 5612 Commendat
2332 5555 2517 5610 selum
2557 5535 2690 5622 ﬁdei
2719 5570 2882 5626 quem
2907 5553 3228 5611 ostenderat
3259 5555 3525 5610 adversus

3105 5666 3174 5720 ιι
