4028 6180
1740 269 1968 326 JOANN
1975 267 2036 321 IS
2091 267 2149 319 Pl

2246 263 2282 315 Ε
2342 261 2478 316 VIII.
3716 238 3808 291 πε

2229 394 2282 440 et
2311 383 2636 438 salvatorem
2697 373 2884 430 mundi
2912 380 3074 442 atque
3101 383 3236 440 erga
3275 361 3583 420 Ecclesium
3627 358 3807 414 Christi

529 295 634 350 747

608 410 1192 487 Sergium_Eccleiia_
1212 406 1310 487 Dei
1357 404 1571 487 hostem
1602 413 1619 449 :
1653 395 1917 487 {tortajtu’r
1963 394 2030 474 ut
2060 391 2123 444 in
2153 389 2210 449 Α

605 462 736 542 die;
744 485 924 555 magis
934 462 1325 555 ριῖόἘὲσζᾳδὶω
1344 472 1450 527 sibi
1469 469 1782 552 commissae
1795 462 2124 555 defensione

619 533 866 619 laboret:
891 533 1126 607 Parum
1155 547 1457 601 diaconum
1485 541 1537 596 ei
1565 533 1942 594 commendat.

611 638 1085 700 Reverendissimo
1101 642 1152 688 et
1172 629 1516 687 sanctissimo
1534 629 1861 681 ATHANASIO
1873 617 2132 690 episcopo

543 739 745 808 sanctae
773 725 1034 782 Ecclesiae
1044 719 1416 791 Neapolitana:
1432 715 1630 768 dilecto
1641 725 1743 767 con
1750 707 1903 763 fratri
1923 715 2110 760 nostro
2119 743 2131 756 .

614 802 934 873 Innumeras
964 809 1265 882 gratiarum
1294 803 1536 859 actiones
1565 807 1763 854 vestrae
1777 798 1891 850 Deo
1921 793 2134 847 dilecta;

543 907 757 978 agimus
786 877 1339 966 almitaii,dignisque
1369 887 1668 962 apostolico
1701 899 1799 940 vos
1829 897 1926 936 ore
1959 877 2134 934 laudi-

545 995 647 1049 bus
677 1007 792 1062 prac
818 986 1031 1044 caeteris
1059 982 1256 1038 merito
1287 977 1678 1041 collaudamus,
1737 969 1996 1042 quoniam
2044 981 2137 1020 se-

545 1081 784 1138 cundum
814 1073 1030 1132 Domini
1053 1087 1243 1127 vocem
1271 1066 1502 1124 dicentis
1531 1063 1622 1118 :Si
1651 1061 1848 1117 oculus
1879 1061 2027 1119 tuus,
2055 1055 2138 1108 vel

542 1184 750 1226 manus
782 1170 881 1221 tua
900 1161 1258 1220 scandalizat
1278 1161 1348 1220 te,
1381 1169 1515 1210 erue
1545 1167 1688 1214 eam,
1721 1152 1776 1203 et
1809 1145 2016 1218 projice
2039 1144 2139 1196 ate

544 1255 764 1328 (Matth.
796 1253 875 1324 v),
911 1251 1130 1306 fratrem
1158 1255 1310 1300 tuum
1341 1256 1477 1311 erga
1505 1235 1806 1294 Ecclesium
1837 1231 1936 1286 Dei
1977 1227 2142 1298 impie

544 1351 802 1416 agentem
831 1349 876 1405 ³,
907 1345 958 1393 et
975 1335 1122 1393 circa
1151 1331 1444 1388 Dominum
1469 1342 1578 1381 non
1609 1331 1760 1378 recto
1781 1319 1974 1374 itinere
2004 1329 2140 1388 gra-

543 1401 802 1496 dientem,
835 1401 982 1483 velut
1009 1421 1309 1478 secundum
1340 1413 1708 1473 Holofernem,
1743 1414 1931 1462 sancta
1947 1401 2145 1458 Christi

549 1519 651 1574 Dei
679 1515 854 1572 nostri
883 1529 1018 1568 ausu
1065 1506 1354 1564 temerario
1383 1503 1792 1572 impugnantem
1827 1514 1840 1560 ;
1875 1501 1925 1547 et
1965 1491 2144 1545 haere-

547 1607 773 1661 ditatem
792 1600 1022 1673 patriam
1051 1611 1201 1651 more
1232 1591 1498 1661 sacrilego
1532 1589 1973 1658 persequentem,
2009 1575 2144 1631 tanti

547 1693 774 1750 honoris
803 1687 1067 1760 regimine
1083 1683 1364 1754 indignum
1389 1676 1661 1746 judicans,
1693 1668 1911 1726 ultionis
1949 1664 2147 1721 divinae

551 1787 836 1853 percutere
858 1774 1039 1846 jaculo
1069 1752 1322 1826 studuisti
1355 1784 1368 1820 :
1401 1779 1501 1818 nec
1547 1757 1839 1832 pepercisti
1870 1752 2021 1811 carni
2042 1761 2147 1806 tuae

547 1843 774 1940 propter
789 1843 1078 1920 Dominum
1091 1859 1363 1914 dicentem
1387 1869 1399 1908 :
1429 1852 1534 1920 Qui
1552 1847 1740 1920 diligit
1763 1848 2008 1916 patrem,
2043 1843 2148 1896 aut

549 1961 814 2020 matrem,
839 1955 941 2007 aut
957 1953 1201 2022 fratrem
1215 1945 1520 2018 plusquam
1541 1952 1651 2001 me,
1673 1950 1790 1990 non
1835 1935 1921 1988 est
1955 1945 2044 1984 me
2055 1929 2146 1983 di-

546 2060 693 2118 gnus
723 2014 1044 2111 (Matthnt);
1075 2035 1132 2089 in
1160 2014 1267 2104 quo
1297 2028 1556 2084 nimirum
1585 2039 1683 2079 vos
1710 2023 1826 2076 Deo
1853 2034 1950 2090 per
1969 2014 2148 2072 omnia

547 2132 748 2203 dignos
765 2127 882 2184 fore
895 2101 1302 2198 cognoscimus,
1326 2116 1454 2188 quia
1477 2111 1786 2168 membrum
1803 2104 2055 2176 corporis
2072 2101 2148 2158 tui

547 2191 718 2274 multo
749 2191 1002 2284 contagio
1031 2210 1207 2266 fetens
1227 2207 1460 2262 libenter
1508 2199 1796 2256 abscidere
1844 2191 2148 2265 proculque

550 2299 788 2376 abjicere
829 2281 1088 2358 sanctitas
1138 2305 1230 2351 tua
1280 2291 1427 2348 ﬁdeli
1473 2287 1763 2344 devotione
1807 2281 2060 2338 curavit:
2095 2285 2148 2332 et

548 2394 678 2468 quia
719 2403 1039 2459 nuncusque
1070 2383 1202 2440 viris
1247 2377 1600 2436 saecularibus
1641 2371 1943 2428 secundum
1983 2383 2064 2431 se,
2096 2373 2148 2420 et

545 2456 658 2539 non
686 2456 985 2536 secundum
1016 2475 1191 2528 Deum
1215 2469 1270 2523 in
1301 2467 1438 2522 urbe
1456 2461 1812 2534 Neapolitana
1837 2456 2148 2528 principan-

547 2571 712 2635 tibus,
736 2567 908 2622 multa
937 2559 1194 2618 scandala
1224 2565 1276 2612 et
1305 2551 1740 2626 perturbationes
1778 2545 1995 2610 multas,
2043 2543 2148 2596 ho-

546 2655 768 2714 micidia
811 2661 864 2709 et
900 2649 1187 2707 oculorum
1231 2642 1506 2699 erutiones
1544 2639 1684 2692 intra
1729 2650 1846 2690 eam
1896 2630 1983 2686 vel
2019 2628 2149 2684 foris

544 2741 956 2817 peragentibus,
1001 2737 1230 2809 dignum
1273 2731 1391 2786 Deo
1433 2728 1502 2783 de
1536 2725 1622 2780 his
1664 2724 1809 2792 juste
1849 2719 2144 2790 judicante,

547 2839 826 2904 peractum
878 2834 963 2881 est
1009 2804 1282 2892 ut'iniqua
1338 2817 1449 2886 jam
1508 2819 1750 2868 cesserat
1824 2804 2143 2870 dominatio,

545 2893 712 2974 ﬁnem
732 2916 968 2976 haberet
997 2917 1277 2982 peccatum
1313 2913 1366 2960 et
1385 2907 1744 2970 consurgeret
1774 2897 1854 2951 vir
1876 2895 1946 2948 de
1983 2893 2148 2947 domo

543 3003 782 3067 Domini,
806 3001 898 3072 qui
929 2999 1179 3052 timorem
1211 2991 1311 3047 Dei
1340 3006 1455 3061 prae
1505 2986 1679 3042 oculis
1723 2983 1932 3038 habens
1992 2985 2147 3050 regat

547 3065 1052 3165 populum-Christi
1095 3083 1150 3136 in
1189 3078 1335 3135 omni
1383 3074 1593 3146 justitia
1636 3080 1688 3126 et
1738 3069 2042 3132 sanctitate,
2088 3065 2145 3118 in
2175 3071 2224 3132 ί]

546 3179 696 3236 omni
723 3175 949 3234 veritate
979 3181 1032 3228 et
1059 3165 1492 3224 mansuetudine.
1515 3170 1574 3216 ut
1603 3167 1793 3231 pastor
1826 3156 2144 3222 idoneus,et

550 3285 661 3326 non
691 3266 837 3322 velut
863 3257 1234 3318 mercenarius
1266 3255 1482 3309 deserat
1507 3257 1559 3304 et
1588 3246 1864 3318 disperdat
1897 3261 1910 3297 :
1943 3251 1995 3296 et
2022 3241 2145 3295 ideo

547 3373 617 3414 ea
645 3370 768 3426 quae
796 3358 990 3408 vestrae
1019 3342 1268 3417 dignitati
1289 3340 1375 3396 vel
1406 3337 1602 3393 honori
1649 3347 1894 3404 congrua
1936 3346 1998 3384 ac
2042 3343 2146 3383 ne-

547 3419 789 3500 cessaria
817 3446 960 3505 sunt,
992 3439 1252 3506 perpetua
1281 3425 1630 3484 nihilominus
1663 3419 1956 3476 stabilitate
2007 3431 2144 3471 con-

553 3532 834 3588 ﬁrmamus
865 3545 880 3592 ;
911 3531 1116 3580 tantum
1183 3515 1435 3588 ampliori
1484 3527 1628 3567 nunc
1690 3507 1870 3563 studio
1909 3519 2150 3574 curaque

463 3646 470 3652 ο
554 3615 837 3688 multiplici
857 3588 958 3684 pro
977 3607 1296 3666 defensione
1347 3609 1550 3658 sanctae
1600 3597 1700 3653 Dei
1745 3592 2007 3650 Ecclesiae
2055 3588 2151 3644 tibi

557 3704 864 3763 commissae
893 3708 1040 3754 stare
1069 3713 1133 3752 ac
1153 3693 1443 3760 desudare,
1478 3695 1742 3760 quatenus
1789 3681 1942 3737 salva
1988 3694 2151 3734 secu-

560 3810 730 3866 raque
761 3788 1040 3849 consistat,
1072 3791 1130 3838 ut
1158 3794 1434 3853 procures,
1469 3775 1552 3830 his
1591 3771 1794 3828 nostris
1840 3764 2152 3840 apostolicis

560 3878 906 3954 prudentiam
937 3881 1171 3928 vestram
1197 3869 1543 3924 exhortamur
1569 3860 1832 3931 apicibus.
1864 3857 1979 3910 Nos
2001 3868 2158 3908 nam-

565 3985 693 4041 que,
725 3965 844 4019 aliis
871 3960 1125 4018 omnibus
1162 3953 1436 4010 mancosis
1485 3949 1644 4012 datis,
1699 3945 1844 4000 mille
1893 3941 2157 4015 quadrin-

568 4062 764 4126 gentos
785 4051 940 4106 vobis
970 4047 1103 4102 dare
1132 4043 1416 4104 debemus,
1464 4053 1600 4108 quos
1631 4042 1828 4089 vestrm
1880 4028 2157 4086 dilectioni

569 4151 662 4198 aut
693 4139 844 4196 initio
876 4131 1328 4206 Quadragesimm
1355 4125 1520 4182 autin
1545 4124 1634 4177 die
1664 4129 1865 4176 sanctae
1895 4119 2162 4174 Resurre—

571 4229 768 4287 ctionis
795 4204 953 4282 vobis
996 4219 1190 4294 procul
1231 4215 1395 4272 dubio
1439 4212 1756 4282 dirigemus.
1805 4207 1974 4262 Porro
2020 4204 2162 4258 hunc

575 4320 794 4374 Petrum
840 4292 1208 4372 venerabilem
1254 4303 1544 4358 diaconum
1578 4305 1836 4357 vestrum,
1879 4292 2006 4364 quia
2039 4305 2162 4346 eum

573 4413 766 4461 vestrae
788 4397 1068 4465 Ecclesiae,
1103 4403 1154 4450 et
1175 4390 1377 4449 civitati
1407 4385 1781 4458 Neapolitana:
1811 4383 1865 4435 in
1908 4378 2162 4434 omnibus
2191 4415 2243 4474 D
2333 4382 2864 4442 communicatio-nis
2907 4395 3075 4452 poma

1839 4470 1870 4474 __
2345 4461 2376 4474 η
2517 4471 2597 4474 HA-
2637 4453 2890 4474 n__.l--:_.
2931 4449 3072 4474 ι-..μέ

569 4492 788 4548 ﬁdelem
818 4503 941 4544 esse
975 4480 1381 4556 cognoscimus,
1413 4475 1570 4531 vobis
1601 4473 1657 4528 in
1707 4470 1960 4527 omnibus
2006 4481 2162 4522 com-

571 4580 918 4644 mendamus,
951 4581 1004 4628 et
1031 4587 1135 4642 pro
1165 4576 1351 4623 nostro
1372 4576 1709 4619 eumamore
1737 4559 1974 4628 benigne
2014 4569 2164 4608 sem-

574 4685 672 4741 per
701 4665 934 4721 retinere
965 4654 1288 4732 dignemini.
1318 4653 1456 4706 Data
1485 4655 1551 4706 ut
1579 4663 1772 4718 supra.

1257 4739 1474 4796 XCVII.

1086 4848 1158 4888 AD
1187 4840 1630 4886 NEAPOLITANOS.

1188 4921 1370 4990 (Anno
1401 4913 1550 4981 s77.)

570 5018 792 5076 Laudat
821 5031 910 5090 eo:
939 5009 1115 5090 quod,‘
1133 5009 1250 5090 celo
1279 5005 1468 5087 divino
1484 4999 1728 5081 accensi.
1760 4995 2014 5065 Sergium
2043 5010 2078 5075 ᾳ
2107 5007 2165 5046 se

641 5063 971 5172 defecerint:
994 5063 1458 5172 etiltha'nasium
1505 5071 1829 5172 episcopatu
1840 5063 1957 5172 ἔαξε
1982 5063 2167 5142 νξὶρίι-

894 5171 901 5172 κ
924 5157 1114 5172 ,1A.__---
1181 5165 1200 5172 Α.
1238 5159 1414 5172 ,μΑοραρη
1481 5160 1494 5172 ο
1534 5153 1762 5172 malunt."
1852 5151 1887 5172 Ol
1977 5147 2025 5172 θ’
2072 5149 2167 5172 nn-

642 5139 815 5216 ἶὶῖέῶ
833 5139 1120 5210 rectorem
1172 5144 1494 5220 elegerint:
1532 5139 1795 5220 praecipit
1852 5139 1918 5190 ut
1976 5139 2030 5187 ei
2067 5149 2170 5204 pa-

642 5212 826 5292 reant,
869 5224 1108 5294 offerens
1139 5234 1195 5274 se
1221 5212 1339 5276 una
1369 5227 1498 5268 cum
1531 5212 1648 5282 ipso
1696 5221 1889 5263 eorum
1921 5217 2161 5259 commo-

641 5301 727 5356 dis
757 5295 1179 5354 consulturum.

637 5394 902 5451 Omnibus
948 5369 1160 5445 exiniiis
1201 5379 1492 5452 iudicibus,
1545 5385 1596 5431 et
1648 5372 1902 5428 universo
1957 5365 2160 5442 pOpulo

568 5481 941 5552 Neapolitana:
969 5473 1220 5532 civitatis.

637 5551 846 5638 Quanta
865 5581 1007 5620 vera:
1027 5561 1152 5617 ﬁdei
1173 5557 1459 5614 devotione
1482 5552 1626 5608 circa
1650 5551 1817 5605 Deum
1855 5553 2159 5602 creatorem

2232 469 2506 530 ferveatis.
2539 468 2660 521 luce
2689 461 2886 520 clarius
2907 475 3036 515 ecce
3053 454 3462 526 cognoscimus,
3497 464 3624 505 cum
3665 453 3804 500 tanta:

2231 557 2521 630 impietatis
2568 554 2761 616 virum,
2809 544 3128 620 perditionis
3179 541 3386 598 scilicet
3425 537 3618 601 filium,
3648 543 3696 589 et
3731 543 3806 588 ιο-

2234 649 2339 702 tius
2386 641 2684 714 iniquitatis
2728 655 2820 692 vas
2861 635 3016 690 vobis
3071 631 3253 702 inique
3291 628 3669 684 dominantem
3695 622 3804 676 Ser-

2234 735 2378 807 gium
2412 745 2609 800 nempe
2629 726 2950 797 magistrum
2979 721 3228 784 militum,
3248 715 3552 772 secundum
3586 709 3811 764 videlicet

2235 797 2602 880 Iiolofernem,
2645 815 2760 870 zelo
2799 811 2990 883 repleti
3054 808 3261 870 divino,
3310 804 3550 872 abjicere
3595 814 3656 854 ac
3690 797 3812 852 velut

2237 909 2544 964 membrum
2576 903 2800 958 fetidum
2821 917 2851 955 a
2882 913 3109 968 corpore
3139 893 3339 950 Christi
3367 889 3681 951 abscidere,
3702 900 3810 954 pro-

2239 997 2434 1068 culque
2463 994 2698 1061 abjicere
2729 986 2999 1053 studuisti,
3025 983 3322 1038 secundum
3371 977 3595 1034 Domini
3639 987 3816 1044 prece-

2240 1093 2389 1156 ptum
2421 1079 2650 1136 dicentis
2681 1097 2693 1132 :
2731 1075 2993 1134 Sioculus
3017 1077 3170 1134 tuus,
3205 1071 3291 1124 vel
3323 1083 3534 1122 manus
3550 1069 3809 1118 tuascan-

2240 1153 2453 1227 ἆ(ιίὶωί
2485 1174 2556 1232 te,
2593 1183 2724 1222 erue
2754 1181 2900 1227 eam,
2943 1165 3000 1216 et
3028 1159 3236 1231 projice
3267 1174 3301 1211 α
3335 1161 3385 1210 te
3417 1153 3646 1224 (Matth.
3677 1157 3745 1222 v);
3771 1160 3816 1208 et

2244 1261 2366 1332 quia
2395 1257 2490 1312 illo
2520 1255 2752 1323 abjecto,
2779 1258 3055 1322 pastorem
3085 1253 3138 1301 et
3183 1244 3502 1314 episcopum
3537 1241 3816 1295 animarum

2245 1331 2566 1411 vestrarum,
2605 1338 2961 1397 Athanasium
3004 1335 3278 1397 videlicet,
3328 1331 3594 1385 dilectum
3635 1338 3819 1384 eontra-

2242 1445 2377 1490 trem
2407 1441 2460 1488 et
2490 1431 2802 1485 unanimem
2849 1423 3018 1479 ﬁlium
3057 1431 3298 1476 nostrum
3345 1418 3554 1472 habere
3603 1417 3816 1484 iudicem

2245 1521 2511 1594 elegistis,
2575 1519 2886 1572 innumeras
2947 1519 3140 1566 vestrae
3187 1507 3400 1562 dilecta
3437 1504 3737 1576 prudentiae
3779 1513 3824 1558 et

2246 1607 2586 1665 unanimitati
2616 1603 2824 1675 gratias
2847 1599 3063 1674 agimus
3095 1595 3370 1668 quoniam,
3421 1593 3563 1647 sicut
3611 1592 3706 1647 Dei
3731 1590 3814 1644 mi-

2167 1729 2220 1788 B
2249 1697 2436 1763 nistri,
2469 1695 2602 1749 iram
2651 1689 2870 1746 Domini
2919 1685 3271 1752 exercituum,
3325 1697 3446 1752 quae
3467 1681 3590 1750 jam
3645 1679 3824 1735 meritis

2249 1784 2565 1841 imminebat
2610 1779 2774 1843 illius,
2800 1777 2854 1832 in
2882 1791 2948 1830 eo
2995 1772 3185 1828 ulcisci
3227 1769 3584 1841 procurastis,
3629 1767 3717 1838 qui
3750 1767 3823 1820 ni-

2245 1874 2446 1929 mirum
2499 1869 2671 1924 multa
2709 1873 2763 1920 et
2790 1862 3033 1918 inaudita
3076 1859 3218 1913 mala
3267 1858 3391 1928 plus
3436 1855 3630 1927 quam}
3657 1870 3822 1910 omnes

2247 1971 2434 2033 patres
2491 1973 2619 2012 suos
2674 1956 2728 2009 in
2786 1951 3002 2008 civitate
3041 1946 3402 2018 Neapolitana
3442 1953 3493 1999 et
3549 1943 3606 1996 in
3655 1941 3824 1996 ﬁnibus

2248 2047 2448 2105 nostris
2483 2044 2734 2116 nequiter
2762 2041 2938 2095 facere
2969 2053 3078 2092 non
3107 2033 3388 2099 dubitavit,
3439 2047 3570 2087 cum
3607 2031 3829 2084 innume~

2248 2149 2364 2187 ram
2393 2113 2676 2185 hominum
2707 2120 3124 2184 multitudinem,
3169 2115 3433 2171 infantum
3463 2122 3518 2169 et
3561 2113 3828 2166 mulierum

2248 2229 2523 2276 catervam
2569 2212 2772 2286 gladio,
2805 2210 2950 2264 fame
2999 2215 3161 2278 atque
3209 2203 3516 2274 captivitate
3561 2199 3831 2256 crudeliter

2246 2284 2594 2380 peremisset:
2649 2300 2744 2356 His
2793 2297 2959 2370 igitur
3027 2293 3226 2348 nostris
3293 2289 3608 2361 apostolicis
3661 2284 3830 2341 litteris

2248 2379 2584 2450 nobilitatem
2651 2395 2904 2450 vestram,
2972 2382 3124 2436 ﬁlioli
3175 2379 3304 2448 mei,
3347 2393 3635 2432 monemus
3688 2383 3827 2445 atque

2248 2486 2531 2538 hortamur
2561 2487 2619 2532 ut
2644 2473 2923 2548 praefatum
2954 2469 3309 2526 Athanasium
3360 2464 3700 2522 confratrem
3734 2478 3821 2516 uo-

2247 2581 2416 2626 strum
2447 2563 2817 2623 venerabilem
2848 2559 3167 2631 episcopum
3189 2562 3454 2620 vestrum,
3493 2553 3634 2607 sicut
3666 2549 3829 2605 divina

2246 2655 2596 2728 inspiratione
2642 2651 2788 2707 docti
2825 2649 2949 2704 loco
3013 2645 3239 2700 rectoris
3305 2641 3514 2696 habere
3581 2636 3826 2710 elegistis,

2246 2755 2392 2810 ﬁdeli
2426 2760 2606 2808 mente
2635 2765 2699 2804 ac
2728 2745 3016 2802 devotione
3047 2758 3172 2798 cum
3202 2739 3352 2796 omni
3397 2739 3607 2793 honore
3655 2735 3833 2790 habere

2245 2835 2823 2910 studentiszquoniam
2879 2849 2980 2888 nos
3031 2846 3154 2887 cum
3216 2828 3310 2882 illo
3336 2827 3416 2881 'in
3463 2825 3612 2880 omni
3670 2832 3830 2877 vestro

2245 2929 2537 3000 adjutorio,
2571 2927 2624 2980 in
2655 2923 2802 2980 omni
2825 2929 3002 2976 vestra
3020 2917 3251 2973 utilitate
3279 2914 3520 2986 prompti
3551 2913 3833 2972 existimus,

2245 3019 2473 3090 parique
2544 3022 2670 3068 voto
2719 3026 2818 3065 vos
2867 3008 3124 3076 adjuvare
3181 3003 3560 3058 desideramus
3599 3019 3613 3065 ;
3646 3007 3834 3054 tantum

2247 3084 2642 3161 state—viriliter
2678 3097 2997 3154 obedientes
3031 3092 3108 3147 illi
3153 3092 3208 3145 in
3256 3089 3533 3156 omnibus,
3575 3088 3720 3143 velut
3753 3084 3836 3140 ﬁlii

2244 3190 2574 3250 charissimi.
2637 3190 2811 3242 Porro
2861 3183 2990 3254 quia
3022 3181 3154 3250 jam,
3217 3179 3338 3234 aliis
3397 3177 3654 3232 omnibus
3712 3171 3836 3228 datis

2244 3280 2542 3344 mancosis,
2573 3277 2721 3332 mille
2752 3271 3182 3346 quadringentos
3213 3267 3373 3322 vobis
3403 3266 3539 3320 dare
3570 3263 3834 3327 debemus,

2245 3387 2313 3426 ne
2343 3365 2658 3432 turbemini,
2689 3363 2816 3435 quia
2847 3375 2942 3416 eos
2973 3357 3060 3413 vel
3099 3357 3155 3410 in
3183 3355 3335 3411 initio
3376 3351 3835 3424 Quadragesimaz,

2248 3458 2336 3513 vel
2369 3457 2422 3510 in
2439 3455 2526 3510 die
2557 3434 2756 3508 sancta?
2787 3443 3224 3504 Resurrectionis
3255 3441 3412 3497 vobis
3454 3439 3646 3512 procul
3688 3434 3836 3491 dubio

2249 3545 2569 3617 dirigemus.
2604 3541 2714 3595 Vos
2745 3545 2952 3592 tantum
2991 3539 3050 3586 ut
3097 3531 3190 3586 ﬁlii
3241 3528 3556 3587 charissimi
3590 3528 3836 3581 adversus

2251 3632 2502 3696 inﬁdeles
2533 3639 2587 3684 et
2633 3639 2952 3684 communes
3015 3620 3266 3676 inimicos
3331 3617 3458 3672 totis
3502 3615 3701 3670 viribus
3749 3623 3834 3681 pro

2252 3718 2570 3776 defensione
2603 3715 2863 3771 Ecclesiae
2879 3713 2980 3768 Dei
3009 3709 3280 3767 desudare
3313 3704 3570 3776 satagite,
3589 3708 3836 3773 quatenus

2254 3817 2306 3864 et
2339 3806 2438 3860 Dei
2457 3804 2689 3878 gratiam
2711 3811 2763 3857 et
2785 3809 3026 3856 nostram
3055 3811 3273 3866 semper
3303 3791 3732 3848 benedictionem
3753 3787 3838 3838 hu-

2255 3894 2449 3950 beatis.
2484 3894 2627 3948 Bene
2649 3907 2747 3946 vos
2763 3899 3015 3960 optamus
3039 3887 3095 3941 in
3115 3882 3374 3939 Domino.
3400 3881 3542 3934 Data
3567 3882 3628 3932 ut
3657 3889 3831 3946 supra.

2933 4009 3175 4066 XCVIII.

2686 4126 2758 4164 ΑΙ)
2790 4122 3123 4164 ιΑΜΒειιτωι
3163 4116 3410 4159 COIITEM
3419 4143 3431 4154 .

2871 4206 3050 4275 (Anno
3081 4201 3230 4269 877.)

2263 4317 2469 4374 Scribit
2507 4330 2564 4368 se
2598 4315 2661 4368 in
2695 4311 2938 4368 Galliam
2977 4309 3120 4364 velle
3148 4304 3450 4379 proﬁcisci,
3489 4296 3836 4379 ἰάεο-εειὺεαξτ

3145 4367 3405 4448 ῥναὲοἰρᾷι
3429 4389 3502 4428 ne
3533 4387 3591 4426 se
3616 4367 3838 4448 lavrente,

2907 4431 3216 4504 Γιξῆέίιοιίίο
3238 4431 3328 4500 vel
3345 4431 3835 4508 Romana-aliquod

2337 4545 2610 4600 damnum
2645 4541 2883 4612 inferat.

2335 4656 2519 4712 Nobili
2540 4655 2659 4710 viro
2693 4653 2992 4707 Lucumo
3023 4647 3266 4720 glorioso
3285 4645 3489 4700 comiti.

2338 4742 2634 4817 Sagaeitati
2697 4757 2762 4796 ac
2797 4737 3101 4810 prudentiae
3147 4743 3344 4790 vestrae
3379 4743 3567 4788 notum
3601 4748 3710 4788 esse
3741 4743 3835 4784 vo—

2265 4816 2447 4889 lumus
2478 4831 2606 4902 quia
2636 4845 2747 4883 non
2777 4827 2952 4882 solum
2984 4839 3086 4895 pro
3118 4821 3353 4877 assiduis
3399 4836 3722 4894 paganorum
3750 4816 3832 4870 in-

2263 4919 2662 4982 festationibus,
2697 4931 2833 4988 quas
2861 4929 2992 4970 ecce
3015 4912 3131 4982 jam
3156 4909 3457 4975 biennium,
3507 4909 3704 4965 nemine
3737 4904 3830 4958 de-

2264 5008 2528 5065 fensionis
2561 5004 2722 5060 nobis
2777 5001 3054 5073 prmbente
3115 4997 3389 5064 solatium,
3449 4998 3688 5068 patimur,
3739 4988 3829 5046 sed

2267 5098 2432 5152 etiam
2461 5110 2562 5166 pro
2592 5089 2896 5146 innumeris
2916 5097 2969 5143 et
2999 5103 3161 5157 supra
3191 5085 3414 5140 modum
3461 5084 3705 5157 gravibus
3733 5093 3828 5147 op-

2268 5183 2646 5258 pressionibus
2676 5197 2796 5252 quae
2841 5177 3000 5232 nobis
3046 5191 3155 5230 una
3201 5189 3326 5231 cum
3371 5172 3646 5228 Dominico
3681 5177 3829 5240 grege

2262 5273 2522 5329 divinitus
2571 5269 2867 5325 commisso
2935 5265 2988 5318 in
3039 5277 3196 5333 pace,
3249 5276 3409 5332 quam
3443 5259 3674 5315 Christus
3699 5255 3830 5310 Deus

2263 5370 2447 5416 uoster
2479 5375 2537 5412 se
2568 5356 2861 5428 diligentes
2890 5351 3097 5406 habere
3113 5349 3286 5418 jubet,
3310 5347 3724 5406 consistentibus,
3762 5337 3831 5392 ab

2261 5447 2592 5505 adversariis
2635 5425 2778 5498 illata
2817 5449 2941 5495 sunt
2995 5446 3048 5492 et
3119 5436 3360 5509 quotidie
3428 5435 3716 5494 inferuntur,
3776 5425 3830 5479 in

2260 5535 2472 5611 gremio
2503 5532 2648 5588 sedis
2664 5528 2994 5602 apostolicae,
3012 5541 3134 5597 quae
3162 5533 3326 5595 caput
3355 5533 3438 5579 est
3467 5523 3608 5578 orbis
3627 5528 3670 5575 et
3713 5529 3826 5570 om-

635 5707 656 5734 α
681 5692 914 5754 Loquitur
938 5689 996 5740 de
1020 5685 1211 5748 Sergio,
1255 5686 1307 5732 ut
1326 5681 1518 5731 constat
1541 5689 1601 5728 ex
1652 5673 1860 5738 epistola
1904 5669 2145 5734 proxima,
2175 5664 2312 5727 cujus
2337 5665 2434 5714 Leo
2459 5657 2698 5712 Ostiensis
2715 5653 2938 5708 meminit
2961 5652 3048 5704 lib.
3074 5665 3109 5702 1.
3139 5663 3183 5702 c.
3213 5648 3296 5700 42.
