4072 6186
277 231 378 284 ’749

1367 251 1379 257 ‘
1441 234 1794 290 EPISTOLJE
1839 235 1929 290 ET
1977 236 2322 293 DECRETA.

3478 253 3572 306 750

281 351 430 404 nium
460 359 636 407 mater
665 351 928 422 fidelium,
983 356 1162 427 quiete
1220 371 1285 412 ac
1337 359 1603 413 securiter
1654 374 1878 414 manere
1907 359 1962 418 A
1991 360 2116 414 tatis
2172 368 2440 431 astruunt,
2501 364 2626 434 quia
2703 365 2986 436 utriusque
3013 367 3260 436 abbates,
3335 371 3574 426 Joannes

281 437 439 493 nobis
467 439 688 496 minime
717 441 864 497 licet.
901 443 1030 496 ldeo
1061 444 1346 499 Franciam
1394 462 1494 515 per
1549 445 1652 501 iter
1711 447 1880 500 mari-

279 541 412 580 num
442 525 736 598 proficisci,
771 529 1178 602 gloriosumque
1207 532 1663 588 Carolomannum
1695 550 1880 604 regem

279 614 454 682 adire,
485 624 646 687 atque
679 625 915 688 optatam
946 618 1088 672 illius
1137 621 1486 690 contemplari
1532 623 1880 691 praesentiam

281 701 552 772 cupimus,
586 721 688 773 pro
726 705 896 760 salute
953 707 1160 762 scilicet
1217 724 1283 763 ac
1340 707 1658 764 defensione
1721 709 1882 765 terra;

283 790 458 844 sancti
524 791 688 857 Petri,
757 801 809 846 et
873 793 1036 848 totius
1101 795 1512 850 Christianitatis
1569 797 1882 867 suppliciter

283 877 642 947 deprecantes
675 897 688 933 :
721 888 986 951 quatenus
1015 883 1117 936 Dei
1147 883 1530 954 omnipotentis
1559 885 1768 948 solatio,
1829 893 1882 940 et

281 963 436 1036 regia
465 965 661 1021 virtute
690 967 866 1032 nobis,
925 977 1082 1038 prout
1138 977 1502 1039 opportunum
1562 980 1662 1035 est,
1725 971 1924 1026 solati-

282 1059 406 1106 ante
437 1053 712 1122 possimus
741 1055 941 1109 salubri
985 1071 1359 1128 prosperoque
1407 1075 1664 1114 successu
1687 1075 1883 1130 regere

282 1148 448 1210 atque
478 1141 615 1196 tueri
673 1143 1026 1208 territorium,
1061 1153 1113 1199 et
1127 1145 1385 1214 populum
1408 1147 1622 1200 Domini
1644 1147 1882 1217 pretioso

283 1243 480 1282 cruore
511 1229 868 1300 redemptum,
893 1247 961 1286 ne
984 1248 1085 1302 pro
1097 1233 1278 1304 aliquo
1307 1250 1498 1288 eorum
1519 1251 1620 1304 per
1640 1244 1882 1290 nostram

285 1315 553 1370 desidiam
585 1317 670 1372 vel
700 1317 962 1373 incuriam
988 1329 1265 1389 pereunte,
1311 1322 1605 1377 districtam
1650 1324 1884 1378 Domino

281 1418 548 1475 cogamur
573 1405 804 1460 reddere
850 1407 1134 1462 rationem.
1190 1408 1318 1463 Ideo
1369 1425 1653 1464 monemus
1701 1419 1753 1465 et
1799 1411 1884 1466 his

280 1491 452 1544 nostri
485 1493 817 1562 apostolatus
855 1493 1048 1550 litteris
1105 1495 1446 1550 dilectionem
1505 1505 1736 1552 vestram
1795 1499 1884 1568 pio

281 1577 476 1633 intuitu
507 1581 858 1636 exhortamur
887 1591 942 1636 ut
1001 1583 1158 1637 nobis
1217 1584 1542 1639 abeuntibus
1603 1585 1884 1641 Franciam

281 1682 382 1736 pro
411 1667 730 1724 defensione
754 1679 958 1725 sancta:
980 1671 1078 1726 Dei
1095 1671 1357 1726 Ecclesiae
1381 1682 1434 1727 et
1465 1673 1758 1744 republican
1775 1683 1880 1728 sta-

282 1753 485 1810 bilitate
516 1756 720 1811 nullam
749 1759 1186 1814 contrarietatem
1220 1759 1306 1815 vel
1336 1760 1672 1816 inimicitiam
1729 1778 1882 1816 exer-

283 1843 450 1898 ceatis
479 1844 534 1897 in
567 1852 676 1899 toto
707 1846 978 1902 territorio
1007 1847 1266 1918 principis
1295 1849 1681 1918 apostolorum,
1707 1866 1883 1920 neque

285 1930 438 1986 urbis
467 1932 672 1995 Romae,
705 1950 827 2003 quae
855 1942 936 1988 est
968 1935 1158 1990 civitas
1191 1937 1542 1992 sacerdotalis
1599 1945 1650 1991 et
1709 1938 1878 2008 regia,

285 2033 386 2086 per
415 2034 620 2074 sacram
653 2020 795 2075 beati
825 2022 964 2076 Petri
995 2023 1202 2086 sedem,
1263 2023 1472 2095 aliquas
1527 2025 1883 2080 adversitates

285 2105 371 2159 vel
399 2106 628 2161 insidias
671 2110 1010 2179 przeparetis,
1072 2127 1248 2182 neque
1307 2110 1534 2174 faciatis,
1596 2111 1882 2183 facereque

285 2189 591 2244 volentibus
619 2191 732 2246 ullo
763 2193 926 2247 modo
957 2195 1323 2248 consentiatis.
1359 2195 1498 2262 Quia
1532 2196 1577 2249 si
1633 2212 1734 2266 per
1786 2213 1884 2251 vos

285 2285 374 2330 aut
401 2294 504 2347 per
532 2278 687 2334 vobis
717 2280 992 2348 subjectos
1024 2282 1270 2336 homines
1299 2283 1490 2338 eadem
1521 2284 1654 2336 urbs
1713 2285 1885 2339 Roma

284 2367 745 2434 perturbationem
789 2368 1025 2440 aliquam
1081 2370 1166 2423 vel
1220 2370 1721 2426 dehonestationem
1781 2373 1883 2425 ha-

287 2452 482 2520 buerit,
515 2455 602 2509 vel
626 2455 858 2510 adversa
891 2457 1143 2528 quaelibet
1189 2458 1523 2523 sustinuerit,
1571 2475 1673 2528 pro
1731 2467 1884 2514 certo

287 2541 480 2596 scitote
511 2543 636 2613 quia
667 2544 949 2600 canonicis
995 2561 1094 2599 vos
1141 2546 1583 2616 correptionibus
1629 2563 1749 2602 cum
1799 2547 1884 2602 vi-

285 2629 438 2684 ctrici
467 2631 638 2686 sancti
669 2630 899 2702 Spiritus
945 2633 1266 2688 auctoritate
1323 2635 1650 2688 omnimodis
1703 2636 1886 2689 redar—

287 2732 542 2788 guemus,
577 2727 630 2773 et
657 2719 726 2772 ab
756 2719 1070 2790 apostolicae
1103 2721 1250 2775 sedis
1281 2722 1664 2777 communione
1693 2723 1886 2777 merito

289 2805 687 2874 separabimus.
721 2807 862 2863 Data
892 2812 958 2862 ut
986 2826 1180 2880 supra.

983 2914 1180 2968 XCIX.

519 2997 590 3036 AD
622 2997 957 3038 LANDULFCM
990 3000 1297 3039 EPISCOPUM
1335 3000 1655 3040 CAPUANUM.

907 3057 1086 3122 (Anno
1119 3057 1269 3124 877.)

288 3141 474 3227 leget
494 3144 558 3194 ut
578 3143 901 3227 cause-utiuti
917 3144 1102 3227 eumhA
1112 3144 1634 3227 thanasio’ep‘iscopo
1669 3145 1886 3227 Neapo-z

361 3203 542 3266 litano
589 3212 665 3265 ad
717 3213 980 3267 Ecclesia:
1024 3215 1287 3268 Romanae
1352 3203 1738 3284 defensionem
1782 3203 1815 3268 ἰ
1833 3217 1888 3268 et

360 3285 526 3406 czret
543 3285 776 3364 pactum
796 3298 926 3338 cum
963 3284 1327 3351 Amal/itanis
1363 3287 1604 3354 factum,
1651 3285 1716 3338 ab
1751 3284 1889 3356 ipsis

359 3368 391 3407 ο
426 3367 662 3406 servari.

355 3438 838 3496 Reverendissimo
869 3447 920 3495 et
949 3441 1296 3498 sanctissimo
1310 3443 1609 3496 LANDULFO
1633 3441 1890 3512 episcopo

291 3529 576 3598 Capuano.

354 3616 572 3686 Quanto
603 3615 781 3671 studio
811 3623 902 3671 tua
932 3617 1154 3673 dilectio
1187 3627 1382 3689 tuaque
1415 3617 1653 3690 benigna
1693 3617 1889 3671 frater-

281 3705 431 3758 nitas
462 3719 595 3776 erga
623 3702 1002 3759 defensionem
1035 3720 1099 3760 ac
1130 3705 1508 3760 liberationem
1535 3705 1890 3776 obsequium-

279 3809 408 3864 quaa
439 3799 642 3847 sancta
665 3793 924 3847 Romanae
946 3793 1212 3859 ecclesiae,
1245 3793 1352 3862 cui,
1379 3795 1494 3848 Deo
1513 3801 1748 3856 auctore,
1784 3792 1892 3847 cul-

279 3881 434 3936 mine
451 3879 831 3952 praesidemus,
857 3880 1202 3946 laboraverit,
1231 3881 1467 3953 totisque
1487 3880 1696 3935 nisibus
1709 3879 1892 3935 cordis

278 3971 334 4023 in
348 3976 506 4040 parte
523 3967 694 4022 nostri
707 3967 893 4038 operis
907 3969 1274 4035 desudaverit,
1295 3969 1480 4024 sedula
1495 3968 1895 4024 reminiscimur

271 4056 473 4130 procul
508 4055 678 4110 dubio
713 4057 1121 4122 recordatione,
1155 4067 1351 4128 tuaque
1383 4057 1451 4112 ob
1479 4059 1581 4112 hoc
1610 4055 1894 4110 retributio

275 4156 387 4202 tam
413 4145 561 4218 apud
583 4145 755 4200 Deum
777 4159 938 4216 quam
960 4147 1104 4216 apud
1127 4162 1225 4200 nos
1241 4145 1343 4200 erit
1365 4145 1418 4198 in
1453 4153 1707 4215 promptu
1735 4143 1893 4198 indu—

275 4235 525 4290 bitanter
539 4240 753 4303 parata.
786 4231 1150 4303 QuaprOpter,
1170 4233 1294 4304 quia
1311 4240 1363 4287 te
1384 4233 1540 4287 valde
1561 4232 1818 4286 idoneum
1837 4231 1893 4284 in

277 4323 732 4378 tantishabemus
764 4329 1069 4392 expertum,
1102 4337 1386 4376 monemus
1425 4329 1582 4391 atque
1613 4321 1892 4372 hortamur

273 4427 406 4468 esse
437 4410 752 4466 unanimem
777 4425 899 4464 cum
931 4410 1226 4464 Athanasio
1254 4408 1609 4478 Neapolitano
1631 4406 1888 4476 episcopo

276 4501 334 4554 in
366 4515 541 4554 causa
569 4499 826 4568 praesenti
856 4499 1114 4554 Romana-
1145 4497 1424 4560 Ecclesim,
1460 4495 1713 4566 quoniam
1729 4492 1890 4563 liqui-

275 4583 417 4638 durn
459 4583 598 4654 [edit
631 4585 807 4650 Rom.,
857 4581 1120 4652 liquidum
1177 4589 1229 4634 et
1283 4577 1561 4649 scriptum]
1619 4576 1674 4630 in
1731 4575 1888 4630 Salo-

276 4683 452 4722 mone
501 4669 780 4723 dicimus:
833 4668 1146 4724 Funiculus
1208 4667 1422 4736 triplex
1466 4664 1721 4736 difﬁcilis
1779 4663 1890 4718 erit

273 4757 486 4826 (Eccli.
521 4754 622 4824 IV),
656 4754 945 4825 eidemque
972 4761 1156 4808 nostro
1186 4755 1402 4807 hortatu
1424 4761 1476 4808 et
1522 4749 1890 4806 admonitione

276 4845 338 4899 in
391 4843 655 4898 omnibus
703 4843 971 4896 fraternus
1011 4840 1294 4895 auxiliator
1340 4840 1572 4895 existere
1617 4855 1890 4910 nunquam

280 4933 520 4988 desinas
548 4949 562 4996 ;
597 4931 734 4986 inter
751 4932 868 4986 haec
897 4939 990 4984 tua
1015 4928 1258 5000 benigna
1301 4927 1652 4992 fraternitate,
1706 4936 1758 4981 et
1801 4926 1889 4980 di-

276 5021 418 5078 lecti
453 5019 554 5074 lilii
595 5019 766 5074 nostri
809 5017 1071 5074 Guaiferii
1117 5016 1394 5088 principis,
1447 5015 1738 5081 mediante,
1790 5029 1890 5084 pa-

275 5120 437 5167 ctum
468 5109 526 5162 in
555 5108 746 5162 decem
775 5107 1000 5160 millium
1032 5120 1414 5160 mancusorum
1448 5102 1546 5174 [al.
1595 5116 1890 5156 mancoso-

275 5197 434 5269 rum]
469 5211 596 5252 cum
627 5193 966 5250 Amalfitanis
995 5201 1217 5248 eatenus
1246 5191 1493 5253 i‘ecimus,
1555 5197 1612 5242 ut
1667 5205 1696 5242 a
1754 5188 1891 5242 Tra-

263 5289 427 5358 jecto
463 5299 638 5355 usque
669 5282 1065 5338 Centumcellas
1096 5280 1254 5335 nobis
1285 5277 1460 5334 navali
1507 5276 1695 5331 labore
1738 5275 1894 5330 inde-

272 5377 539 5432 sinenter
565 5371 824 5426 auxilium
852 5371 1076 5428 ferrent.
1111 5368 1220 5424 Sed
1251 5369 1512 5424 hactenus
1537 5365 1592 5419 id
1639 5364 1696 5419 in
1745 5363 1893 5418 nullo

276 5465 806 5520 demonstraverunt
841 5477 853 5512 ε
895 5459 1120 5529 insuper
1176 5457 1424 5528 quaedam
1480 5451 1658 5509 studio
1687 5451 1894 5507 callidi-

1986 447 2238 503 videlicet
2267 465 2328 504 ac
2358 451 2700 516 Anastasius,
2735 469 2872 524 quos
2913 453 3038 510 illuc
3084 471 3149 510 ex
3195 465 3375 512 nostra
3419 466 3575 528 parte

1981 535 2296 602 direximus,
2329 554 2437 592 non
2468 538 2520 592 in
2553 540 2743 594 decem
2774 541 2999 596 millium
3031 552 3234 598 tantum
3277 561 3572 601 mancuso-

1981 639 2117 686 rum,
2153 625 2248 678 sed
2271 625 2323 678 in
2350 627 2640 682 duodecim
2673 628 2901 682 millium
2932 631 3206 700 plaitasse,
3235 634 3379 703 quod
3411 633 3575 689 iidem

1983 710 2204 766 abbates
2232 728 2413 767 coram
2445 723 2633 769 nostra
2660 717 2945 786 praesentia
2974 734 3084 773 non
3113 735 3172 774 se
3205 719 3400 776 fecisse
3418 721 3576 790 jure-

1975 797 2208 864 jurando
2239 801 2507 856 refellunt.
2545 803 2778 875 Ideoque
2817 814 2999 860 vestra
3046 823 3142 862 eos
3191 809 3483 878 prudentia
3523 818 3576 864 et

1981 886 2048 938 ab
2096 888 2196 941 hac
2242 887 2435 956 injusta
2478 889 2734 959 petitione
2778 903 3104 963 compescat;
3157 903 3209 949 et
3255 896 3311 949 in
3353 897 3574 951 servitio

1983 974 2185 1028 salubri
2236 977 2654 1032 commonitione
2709 979 3008 1044 confirmet,
3072 992 3338 1052 quatenus
3393 993 3578 1040 nostra

1982 1061 2359 1118 benedictione
2385 1065 2552 1133 potiti,
2602 1066 2782 1120 animo
2839 1077 2890 1121 et
2947 1085 3176 1138 corpore
3236 1087 3300 1125 ex
3363 1071 3574 1127 Christo

1985 1149 2216 1204 Domino
2247 1151 2382 1204 salvi
2413 1152 2659 1206 existant.
2690 1155 2824 1208 Data
2859 1162 2924 1210 ut
2952 1173 3142 1228 supra.

2144 1341 2214 1379 AD
2247 1341 2586 1382 GUAIFEBIUM
2625 1344 2920 1383 PRINCIPEM
2961 1345 3411 1388 SALERNITANUM.

2606 1419 2786 1486 (Anno
2815 1418 2964 1487 877.)

1987 1497 2258 1573 Hortatur
2278 1501 2345 1550 ut
2359 1499 2420 1573 in
2437 1514 2540 1573 sua
2564 1499 2620 1552 in
2631 1501 2900 1573 tegrt‘tate
2909 1506 3244 1573 perseveret,
3270 1507 3325 1558 et
3343 1505 3577 1573 Amalfi-

2059 1570 2220 1620 tanos
2241 1569 2529 1638 corripiat,
2565 1570 2706 1639 quod
2736 1569 3026 1625 auxilium
3050 1569 3252 1627 navale
3290 1589 3406 1628 non
3466 1569 3578 1630 trti-

2055 1639 2257 1701 serint,
2283 1639 2535 1692 etnimia-
2557 1639 2874 1694 calliditate
2897 1642 2958 1695 in
2979 1657 3037 1696 se
3067 1645 3332 1698 utuntur.

1908 1701 1962 1760 B
2053 1723 2440 1778 Amantissimo
2471 1723 2579 1778 tilio
2618 1726 2927 1790 GUALFERIO
2966 1729 3214 1798 principi.

2056 1813 2411 1888 Devotionem
2441 1812 2604 1884 igitur
2632 1813 2797 1867 animi
2829 1815 2903 1868 tui
2932 1831 2998 1869 ex
3028 1816 3115 1870 die
3146 1833 3249 1886 qua
3279 1827 3329 1872 te
3350 1818 3587 1890 cognovi

1984 1899 2174 1969 paucis
2217 1900 2396 1953 verbis
2445 1900 2718 1970 explicare
2763 1917 2872 1956 non
2917 1905 3192 1972 possum?
3235 1905 3352 1961 Hoc
3395 1915 3578 1962 tamen

1984 1987 2251 2042 veraciter
2280 1988 2480 2041 scimus
2526 1989 2650 2058 quia
2696 1988 2851 2059 [edit
2906 1993 3082 2058 Rom,
3115 1992 3260 2062 apud
3302 1993 3476 2048 Deum
3525 2002 3580 2050 et

1983 2075 2142 2144 apud,
2179 2074 2307 2146 etc.]
2339 2076 2480 2144 apud
2520 2091 2619 2129 nos
2669 2076 2762 2130 tibi
2805 2077 2988 2132 omnia
3029 2079 3182 2132 salva
3229 2089 3578 2136 reservantur

1984 2171 2228 2232 tempore
2257 2171 2577 2232 opportuno.
2614 2164 2822 2220 idcirco
2875 2173 3156 2222 monentes
3201 2167 3482 2222 hortamur
3529 2178 3582 2224 et

1986 2252 2230 2321 rogando
2253 2251 2508 2318 jubemus
2543 2251 2618 2305 uti
2646 2252 2698 2304 in
2733 2262 2904 2307 semet
2935 2262 3022 2306 tua
3051 2263 3312 2325 percepta
3341 2255 3582 2312 bonitate

1985 2354 2324 2408 perseveres.
2361 2337 2630 2405 Quoniam
2661 2339 2920 2410 scriptum
2954 2350 3035 2394 est
3070 2343 3225 2397 :Non
3259 2343 3450 2398 tardat
3481 2345 3584 2400 Do-

1989 2428 2178 2480 minus
2191 2427 2531 2494 promissum
2551 2443 2737 2495 suum,
2753 2428 2926 2483 donec
2946 2428 3332 2500 adimpleatur
3347 2430 3491 2497 quod
3506 2432 3580 2487 lo-

1986 2518 2154 2569 cutus
2176 2517 2260 2567 est
2283 2514 2359 2581 (II
2382 2515 2534 2568 Petr.
2568 2517 2650 2583 tu)
2677 2533 2690 2578 ;
2725 2523 2776 2568 et
2805 2514 2930 2569 ideo
2960 2531 3125 2570 nosse
3155 2516 3384 2588 gloriam
3432 2525 3582 2572 tuam

1987 2601 2237 2671 cupimus
2268 2600 2394 2670 quia
2425 2616 2489 2656 ex
2520 2609 2670 2670 parte
2703 2601 3143 2658 Amalfitanorum
3174 2603 3380 2657 nullum
3425 2603 3584 2658 nobis

1982 2689 2138 2757 juxta
2169 2688 2482 2743 condictum
2513 2688 2770 2757 placitum
2801 2689 3121 2744 studuerunt
3148 2691 3394 2760 praebere
3422 2691 3584 2760 adju-

1991 2777 2192 2832 torium
2225 2775 2407 2831 navali
2439 2776 2735 2831 certamine
2763 2793 2793 2830 a
2822 2777 3064 2845 Trajecto
3093 2793 3265 2848 usque
3323 2778 3582 2832 Centum-

1988 2865 2176 2920 cellas.
2215 2865 2446 2934 Insuper
2475 2864 2714 2935 quadam
2743 2863 3036 2919 calliditate
3081 2873 3330 2920 asserunt
3377 2881 3487 2920 non
3530 2865 3588 2920 in

1989 2953 2182 3007 decem
2238 2951 2468 3006 millium
2525 2960 2732 3006 tantum
2791 2967 3195 3017 mancusorum,
3253 2953 3350 3007 sed
3406 2961 3459 3007 et
3533 2953 3587 3006 in

1913 3040 2272 3104 Cduodecim
2303 3039 2530 3092 millium
2587 3038 2755 3094 fuisse
2814 3048 3057 3094 nostram
3115 3039 3586 3110 promissionem:

1989 3129 2133 3200 quod
2163 3144 2352 3182 verum
2381 3127 2531 3181 nullo
2560 3127 2722 3182 modo
2752 3136 2980 3192 constat,
3013 3144 3138 3183 cum
3166 3137 3219 3182 et
3246 3127 3348 3197 ipsi
3365 3129 3586 3182 abbates

1989 3232 2126 3287 quos
2153 3216 2278 3270 illuc
2329 3232 2429 3285 pro
2474 3223 2662 3269 nostra
2698 3223 2853 3284 parte
2893 3215 3191 3270 direximus
3234 3215 3587 3284 jurejurando

1985 3321 2094 3358 non
2126 3321 2185 3358 se
2215 3303 2417 3357 dixisse
2449 3302 2730 3357 fateantur.
2765 3303 2846 3356 De
2876 3302 2964 3356 his
2996 3318 3122 3358 vero
3149 3302 3378 3374 aliisque
3427 3302 3576 3356 simi-

1989 3392 2151 3456 libus,
2183 3397 2443 3462 quantum
2473 3390 2528 3444 in
2558 3389 2714 3444 nobis
2745 3397 2846 3454 est,
2876 3405 2974 3458 per
3001 3389 3235 3462 gloriam
3265 3397 3370 3445 tua;
3417 3389 3573 3444 nobi-

1989 3479 2154 3534 litatis
2220 3477 2622 3548 correptionem
2678 3492 3005 3548 omnemque
3062 3493 3344 3546 speramus
3428 3477 3591 3534 studii

1991 3567 2455 3631 emendationem;
2488 3565 2652 3636 quod,
2687 3581 2892 3636 quasso,
2928 3563 3104 3620 facere
3133 3572 3343 3620 mature
3373 3563 3582 3620 accele-

1993 3672 2098 3710 res.
2133 3655 2419 3725 Optamus.
2453 3655 2590 3707 Data
2621 3655 2686 3707 ut
2713 3669 2906 3724 supra.

2762 3747 2845 3801 Cl.

2240 3853 2312 3891 AD
2337 3851 2812 3891 ARCHIEPISCOPUM
2857 3849 3308 3890 EBRBDUNENSEM
3318 3877 3329 3889 .

2611 3925 2790 3995 (Anno
2822 3925 2972 3992 877.)

1994 4015 2374 4092 Reprehemtit
2400 4013 2547 4092 quod
2589 4014 2772 4092 alium
2820 4013 3159 4092 episcOpurn,
3184 4014 3408 4092 .pragter
3449 4027 3591 4092 eunt

2096 4101 2225 4139 uem
2269 4082 2456 4139 clerus
2495 4088 2550 4138 et
2591 4083 2829 4153 populus
2861 4083 3122 4151 elegerat,
3175 4083 3237 4136 in
3301 4082 3590 4137 Venciensi

2096 4103 2225 4139 uem
2269 4103 2456 4139 Cterus
2495 4103 2550 4138 ει
2591 4103 2829 4153 populus
2861 4103 3122 4151 εισρεναι,
3175 4103 3237 4136 ιη
3304 4103 3590 4137 γεησῑϐηδι

2062 4103 2317 4209 ἓσσῑθδία
2338 4153 2749 4208 consecraverit
2767 4172 2784 4207 :
2804 4153 3066 4224 praecipit
3092 4155 3158 4205 ut
3178 4168 3308 4207 cum
3357 4154 3592 4223 utroque

2063 4227 2289 4280 Romam
2317 4225 2526 4278 veniat.

2063 4310 2541 4366 Reverendissimo
2581 4319 2633 4365 et
2681 4308 3022 4365 sanctissimo
3071 4311 3356 4362 ARIBERTO
3412 4306 3591 4362 archi-

1915 4387 2249 4470 Depiscopo
2306 4397 2702 4451 Ebredunensi.

2057 4486 2113 4541 Si
2166 4485 2430 4541 canonica
2485 4485 2540 4538 in
2607 4485 2992 4539 consecrandis
3053 4483 3328 4553 episcopis
3385 4490 3587 4538 statuta

1987 4589 2288 4637 servasses,
2313 4589 2611 4642 nunquam,
2647 4572 2783 4626 sicut
2813 4573 2998 4626 auditu
3027 4570 3337 4634 didicimus,
3370 4577 3422 4624 et
3453 4584 3585 4640 quo-

1987 4662 2109 4716 dam
2140 4662 2394 4723 diacono.
2425 4659 2642 4713 nomine
2673 4659 2964 4726 Waldeno,
2989 4674 3152 4728 super
3179 4665 3324 4712 tuam
3347 4657 3591 4712 dilectio-

1988 4766 2112 4806 nem
2141 4748 2488 4812 reclamante,
2533 4763 2592 4801 se
2649 4746 2907 4802 canonice
2963 4761 2996 4800 a
3050 4745 3211 4815 plebe
3271 4753 3324 4800 et
3381 4745 3585 4816 populo

1987 4838 2229 4895 Vinciate
2259 4837 2452 4901 electo,
2485 4843 2539 4889 et
2565 4851 2594 4888 a
2627 4843 2712 4888 tua
2769 4833 3006 4906 sagacite
3061 4833 3292 4902 abjecto,
3351 4833 3420 4888 de
3452 4847 3578 4888 con-

1989 4935 2203 4982 secrato
2234 4923 2601 4980 controversia
2633 4922 2884 4993 quaelibet
2909 4929 3242 4989 nasceretur,
3267 4935 3376 4991 qua
3397 4929 3582 4976 vestra

1987 5015 2181 5069 merito
2212 5012 2700 5082 reprehenderetur
2730 5008 3057 5064 fraternitas.
3113 5010 3180 5064 At
3235 5024 3398 5076 nunc,
3457 5007 3584 5078 quia

1989 5110 2200 5157 mortuo
2231 5099 2517 5170 Venciensi
2547 5098 2823 5168 episcopo,
2857 5113 2964 5150 non
2994 5095 3274 5166 praefatum
3320 5094 3583 5148 sacerdo-

1990 5197 2118 5254 tem,
2153 5203 2336 5259 quem,
2367 5194 2426 5240 ut
2454 5186 2657 5241 dictum
2687 5192 2788 5250 est,
2821 5184 2997 5239 clerus
3051 5191 3103 5236 et
3130 5181 3364 5253 populus
3389 5179 3580 5236 civita-

1991 5277 2058 5331 tis
2089 5277 2346 5348 elegerat,
2407 5275 2617 5346 piaaque
2669 5272 2952 5328 memoriae
3003 5269 3228 5326 Carolus
3282 5269 3580 5340 imperator

1993 5379 2092 5418 suo
2151 5379 2422 5419 consensu
2477 5361 2804 5426 firmaverat,
2847 5357 3198 5424 consecrasti,
3281 5364 3335 5414 et
3390 5357 3586 5414 eodem

1993 5450 2062 5521 If.
2105 5451 2198 5505 sed
2231 5452 2442 5517 eodem,
2479 5450 2693 5520 lixam]
2735 5451 2977 5519 Augusto
3037 5447 3104 5504 de
3159 5447 3416 5517 praesenti
3475 5447 3582 5502 vita
