4072 6186
503 282 601 338 ’751

1794 275 2087 331 JOANNIS
2127 275 2320 330 ΡΑΡΕ
2341 276 2461 332 Vill

3688 278 3796 330 752

507 394 784 462 subtracto
827 404 1058 458 alterum
1111 417 1221 456 non
1261 400 1412 470 juxta
1459 415 1710 454 normam
1775 399 2096 454 canonicam
2127 401 2326 461 Atiam
2360 400 2615 466 feceritis,
2649 401 2840 456 scitote
2871 401 3017 472 quod
3063 400 3214 456 omni
3271 416 3366 455 vos
3418 398 3798 456 ecclesiastica

507 495 742 552 electum
773 493 842 548 ad
871 493 1105 548 adverso
1137 491 1459 555 venientem,
1495 504 1596 543 nec
1626 505 1727 564 per
1757 487 1952 541 ostium
1999 487 2098 542 sed

507 583 724 640 aliunde
765 583 1144 645 introeuntem,
1205 587 1297 632 tuo
1352 585 1558 631 tantum
1616 576 1766 629 libitu
1813 576 2098 630 ordinasse

507 671 802 728 accusaris.
845 673 904 724 In
935 685 1042 740 quo
1073 677 1122 722 te
1153 683 1260 721 non
1303 667 1494 720 leviter
1541 665 1831 718 incurrisse
1879 664 2099 718 omnino

505 761 772 825 videmus,
820 759 946 830 quia
997 757 1210 811 dicente
1259 755 1662 824 praedecessore
1710 761 1896 806 nostro
1962 767 2100 822 papa

505 848 798 904 Ccelestino
827 847 1016 919 (epist.
1057 847 1106 908 1,
1131 844 1401 915 episcOpis
1465 842 1762 903 Viennensi
1805 844 1858 894 et
1890 841 2098 895 Narbo-

507 938 736 1004 nensi):
766 935 961 990 Nullus
990 932 1171 987 invitis
1201 931 1358 986 detur
1377 930 1665 999 episcopus
1689 947 1704 993 ;
1727 928 1878 992 cieri,
1901 927 2096 996 plebis,
2157 963 2160 966 .

507 1033 560 1080 et
588 1023 796 1080 ordinis
827 1036 1152 1078 consensum
1181 1028 1234 1074 et
1273 1017 1602 1072 desiderium
1663 1015 1938 1086 requirere
1997 1015 2099 1068 de-

507 1111 688 1168 buisti.
722 1112 882 1180 Cujus
913 1110 1073 1164 etiam
1104 1106 1419 1162 auctoritate
1448 1103 1630 1159 clerici
1679 1103 1882 1156 habent
1931 1101 2100 1156 facul-

508 1209 668 1256 tatem
701 1198 1008 1265 resistendi,
1042 1197 1087 1250 si
1118 1211 1176 1249 se
1205 1192 1438 1248 Viderint
1473 1191 1806 1262 praegravari
1838 1207 1849 1244 :
1886 1199 1942 1243 ut
1963 1205 2100 1260 quos

509 1289 609 1344 sibi
640 1288 816 1360 ingeri
847 1304 913 1341 ex
952 1295 1267 1339 transverso
1316 1280 1693 1349 cognoverint,
1739 1295 1847 1332 non
1878 1279 2100 1332 timeant

509 1377 744 1432 refutare
771 1373 1065 1446 ;quoniam
1097 1370 1197 1425 etsi
1224 1384 1331 1422 non
1381 1367 1620 1421 debitum
1661 1367 1962 1436 praemium,
2015 1365 2100 1418 vel

507 1465 738 1520 liberum
771 1462 838 1517 de
869 1476 935 1516 eo
965 1458 1056 1530 qui
1103 1473 1197 1512 eos
1240 1463 1484 1512 recturus
1535 1463 1616 1508 est
1660 1455 1861 1508 debent
1905 1453 2099 1506 habere

505 1552 789 1622 judicium.
821 1549 961 1602 Nam
990 1553 1248 1601 etsancto
1278 1545 1458 1598 Leone
1489 1543 1703 1597 d'centc
1763 1543 1948 1610 (epist.
2009 1543 2096 1604 93,

509 1641 735 1696 Rustico
793 1631 1374 1700 Narbonensi):Nulla
1430 1631 1566 1684 ratio
1626 1629 1750 1682 sinit
1805 1629 1942 1683 inter
1979 1628 2099 1698 epi-

507 1742 704 1796 scopos
725 1725 1041 1787 habeantur,
1065 1721 1156 1792 qui
1177 1735 1279 1775 nec
1298 1736 1328 1773 a
1357 1718 1571 1772 clericis
1601 1725 1726 1771 sunt
1774 1717 1950 1780 electi,
1999 1731 2100 1770 nec

511 1813 819 1884 aplebibus
844 1809 1080 1880 expetiti.
1143 1809 1297 1864 Unde
1352 1823 1477 1861 cum
1535 1822 1678 1874 saepe
1737 1805 1964 1875 quaestio
2033 1804 2102 1856 de

509 1903 656 1958 male
684 1908 906 1970 accepto
937 1900 1140 1952 honore
1173 1903 1446 1958 nascatur,
1471 1895 1594 1964 quis
1625 1893 1863 1964 ambigat
1895 1905 2105 1962 nequa-

519 2007 677 2064 quam
699 1989 817 2044 istis
874 2003 998 2043 esse
1055 1985 1414 2048 tribuendum,
1477 1982 1620 2054 quod
1681 1998 1790 2034 non
1844 1979 2104 2035 doceatur

517 2077 682 2135 fuisse
707 2077 961 2134 collatum
980 2075 1228 2129 ?Eodem
1245 2072 1405 2127 etiam
1435 2070 1668 2140 capitulo
1707 2072 1775 2124 33
1822 2069 2106 2123 Canonum

521 2182 738 2224 morum
759 2166 985 2235 jubente
1023 2165 1209 2234 (epist.
1263 2166 1350 2225 88,
1401 2160 1700 2214 Anastasio
1751 2157 2104 2212 Thessaloni-

509 2257 690 2326 censi)
723 2274 740 2310 :
770 2253 982 2317 Nullus,
1013 2259 1070 2306 ut
1099 2249 1306 2306 dictum
1355 2255 1458 2312 est,
1509 2263 1619 2301 non
1667 2245 1977 2316 petentibus
2025 2252 2106 2298 est

516 2341 851 2400 ordinandus
878 2340 1124 2404 antistes,
1158 2353 1227 2391 ne
1255 2336 1445 2392 civitas
1475 2335 1793 2404 episcopum
1823 2348 1930 2387 non
1960 2339 2109 2401 opta-

513 2441 629 2488 tum
657 2439 748 2486 aut
769 2435 1077 2485 contemnat
1100 2434 1191 2480 aut
1220 2425 1396 2489 odiat;
1430 2438 1494 2477 ac
1525 2437 1624 2492 per
1653 2423 1754 2476 hoc
1785 2419 1875 2474 ﬁat
1929 2421 2107 2472 minus

514 2521 772 2592 religiosa
801 2533 962 2588 quam
991 2514 1261 2576 convenit,
1295 2512 1382 2566 cui
1411 2526 1518 2565 non
1543 2510 1693 2564 licuit
1723 2509 1926 2562 habere
1948 2523 2108 2578 quem

513 2609 704 2664 voluit.
735 2607 830 2660 IIis
858 2605 927 2658 ita
952 2603 1180 2665 statutis,
1217 2616 1284 2654 ne
1315 2600 1370 2653 in
1398 2598 1645 2652 Ecclesia
1677 2597 1776 2650 Dei
1809 2597 1903 2649 tibi
1963 2611 2110 2650 com-

515 2696 683 2750 missa
735 2693 1047 2750 scandalum
1107 2695 1321 2744 maneat
1363 2687 1448 2742 vel
1501 2687 1740 2741 schisma
1791 2685 2006 2743 existat,
2038 2682 2114 2736 di-

511 2783 729 2839 lectioni
754 2790 861 2835 tuae
887 2781 1142 2848 jubemus
1171 2785 1224 2831 ut
1257 2792 1380 2831 cum
1411 2775 1608 2829 eodem
1640 2789 1673 2828 a
1709 2781 1758 2827 te
1779 2778 2108 2826 consecrato

511 2870 788 2942 episcopo,
820 2877 876 2922 et
901 2867 994 2922 illo
1023 2866 1115 2937 qui
1145 2881 1204 2919 se
1233 2863 1496 2919 canonice
1529 2862 1727 2916 asserit
1775 2860 1945 2914 fuisse
1995 2859 2112 2912 ele-

513 2968 680 3023 ctum,
715 2959 784 3012 de
813 2956 1068 3026 praesenti
1084 2955 1310 3008 Romam
1340 2951 1522 3005 venire
1545 2965 1824 3020 procures,
1847 2955 2114 3017 quatenus

517 3048 572 3101 in
603 3043 888 3116 praesentia
917 3050 1101 3096 nostra
1129 3049 1183 3096 et
1214 3039 1360 3094 sedis
1399 3037 1716 3107 apostolicm
1766 3036 1897 3089 tanti
1947 3049 2112 3089 causa

515 3133 719 3206 negotii
749 3131 1040 3204 diligenter
1071 3128 1326 3200 inquisita
1355 3135 1408 3180 et
1436 3124 1744 3179 examinata
1787 3121 2106 3193 legitimum,

514 3224 631 3278 Deo
665 3220 892 3284 favente,
925 3216 1088 3273 ﬁnem
1117 3216 1406 3288 percipiat.
1425 3213 1662 3268 Obedire
1684 3211 1845 3282 igitur
1873 3219 1924 3263 te
1947 3225 2112 3278 opor-

511 3317 589 3365 tet
617 3309 743 3364 huic
771 3315 972 3362 nostrae
1002 3303 1354 3376 praeceptioni
1383 3317 1482 3372 pro
1520 3297 1782 3354 Ecclesiae
1831 3299 1931 3352 Dei
1980 3313 2112 3367 pace

511 3399 753 3454 directae.
787 3397 927 3450 Nam
959 3393 1003 3448 si
1033 3394 1187 3446 aliter
1208 3389 1428 3452 feceris,
1463 3388 1600 3444 scito
1643 3387 1772 3456 quia
1805 3402 1904 3440 nos
1952 3385 2115 3439 talem

514 3486 753 3542 illicitam
783 3481 1259 3556 praesumptionem
1292 3477 1610 3546 impunitam
1657 3474 1970 3530 nullatenus
2017 3488 2102 3526 re-

515 3575 842 3646 linquemus.
865 3573 1002 3626 Data
1030 3573 1094 3624 ut
1128 3584 1318 3640 supra.

1275 3673 1386 3727 CII.

937 3787 1010 3826 AD
1041 3785 1392 3826 CUNIPERTUM
1425 3781 1692 3824 ΟΟΜΙΤΕΜ.

1132 3859 1312 3926 (Anno
1344 3856 1494 3924 871.)

521 3952 786 4024 Praecipit
805 3953 872 4005 ut
887 3950 1029 4004 bona
1056 3948 1316 4002 Romanae
1337 3943 1599 3998 Ecclesia:
1610 3956 1730 4012 qua:
1746 3941 2116 4009 occupaverat

1175 4033 1466 4086 restituat.

593 4125 802 4180 Dilecto
830 4122 941 4178 ﬁlio
971 4122 1292 4176 Cumaeam
1321 4117 1564 4189 glorioso
1596 4113 1798 4170 comiti.

592 4212 787 4269 Auditu
840 4209 1148 4270 didicimus,
1207 4207 1369 4262 etiam
1426 4213 1480 4260 et
1536 4203 1805 4258 veraciter
1889 4200 2112 4264 scimus,

524 4301 666 4374 quod
699 4307 904 4356 cortem
935 4296 1110 4352 sancti
1149 4294 1312 4358 Petri,
1373 4308 1494 4364 quae
1550 4299 1632 4346 est
1688 4290 1744 4344 in
1796 4287 2112 4352 Alviscutia,

527 4397 716 4445 contra
744 4387 916 4442 Deum
947 4393 999 4439 et
1030 4392 1272 4438 nostram
1301 4381 1629 4434 voluntatem
1675 4377 1906 4432 teneatis
1953 4377 2110 4430 inva-

2199 489 2580 544 communione
2631 497 2793 561 atque
2825 505 2856 543 a
2899 505 3128 559 corpore
3170 497 3222 543 et
3264 489 3531 562 sanguine
3581 487 3803 544 Domini

2198 579 2369 632 nostri
2399 579 2656 634 canonice
2689 579 3076 647 separabimus,
3113 577 3250 632 sicut
3281 578 3593 632 invasorem
3618 591 3799 631 rerum

2199 666 2710 722 ecclesiasticarum.
2745 667 2882 721 Data
2913 671 2976 720 ut
3008 683 3200 738 supra.

2922 755 3064 808 CIII.

2615 857 2686 896 AD
2716 857 3052 896 LAMBERTL'M
3110 855 3353 896 COMITEM
3362 883 3374 894 .

2810 932 2990 1001 (Anno
3045 929 3194 990 878.)

2200 1021 2378 1074 Mouet
2402 1037 2474 1074 ne
2497 1022 2723 1075 Romam
2747 1035 2870 1073 eam
2893 1019 2954 1072 ob
2975 1035 3206 1072 causam
3224 1019 3433 1078 veniat,
3475 1021 3540 1070 ut
3571 1021 3799 1087 aposto-

2273 1091 2396 1144 licae
2415 1091 2560 1144 sedis
2581 1089 2827 1144 hostibus
2844 1090 3134 1142 auxilium
3151 1091 3332 1158 ferat;
3355 1088 3497 1158 quod
3517 1087 3704 1142 sialia
3733 1087 3800 1142 de

2270 1177 2441 1215 causa.
2467 1161 2702 1222 venerit,
2732 1159 3033 1226 honori/ise
3055 1175 3112 1212 se
3129 1175 3257 1213 eum
3281 1163 3661 1228 excepturum
3676 1174 3804 1227 pro—

2271 1233 2455 1284 mittit
2481 1249 2492 1282 :
2514 1233 2681 1298 plura
2705 1231 2901 1296 legatis
2933 1231 3204 1300 injuugit,
3229 1230 3424 1299 quibus
3445 1228 3620 1300 ﬁdem
3639 1229 3810 1282 adhi-

2270 1301 2388 1356 beri
2405 1298 3260 1370 jubet;Adelbertumﬂmuame
3290 1300 3554 1354 Ecclesia:
3585 1298 3804 1353 hostem

2270 1388 2326 1426 se
2344 1369 2456 1425 nan
2471 1387 2630 1442 posse
2651 1373 2736 1424 ait
2761 1373 2821 1425 in
2845 1371 3301 1424 communionem
3314 1369 3586 1439 recipere.

2270 1459 2478 1514 Dilecto
2508 1457 2617 1512 ﬁlio
2649 1459 2947 1512 Lsuaaaro
2993 1457 3232 1528 glorioso
3279 1457 3479 1511 comiti.

2271 1547 2590 1601 Dilectionis
2619 1556 2671 1600 et
2730 1546 2980 1600 amicitiae
3037 1554 3232 1600 vestrae
3287 1560 3531 1598 amorem
3582 1559 3650 1599 ac
3694 1543 3807 1598 sin-

2201 1635 2481 1689 ceritatem
2547 1633 2700 1704 quasi
2765 1634 3034 1704 quoddam
3127 1632 3432 1686 insolubilis
3522 1631 3808 1688 charitatis

2133 1725 2404 1810 Bpignus
2449 1731 2712 1780 tenentes.
2773 1730 2917 1775 tanto
2975 1722 3042 1776 de
3093 1721 3434 1775 inimicorum
3491 1729 3806 1774 nostrorum

2208 1811 2419 1866 callilis
2447 1811 2658 1864 astuliis
2687 1811 2772 1864 vel
2805 1809 3122 1880 praeparatis
3170 1825 3289 1864 cum
3321 1808 3626 1878 apostolica
3674 1809 3809 1862 sede

2204 1900 2382 1953 securi
2417 1899 2697 1954 existimas
2727 1898 2956 1962 insidiis,
2993 1905 3194 1967 quanto
3242 1896 3554 1964 nobilitatis,
3607 1905 3808 1951 vestra:

2204 1987 2521 2056 potentiam,
2554 2003 2660 2040 una
2705 2001 2826 2041 Cum
2878 1984 3076 2040 Christi
3125 1985 3326 2039 auxilio
3369 1985 3526 2039 nobis
3573 1985 3808 2052 conjun-

2205 2084 2345 2130 ctam
2379 2075 2430 2128 in
2461 2075 2709 2129 omnibus
2739 2074 3020 2144 prosperis
3050 2089 3144 2128 seu
3171 2072 3420 2128 adversis
3443 2087 3568 2126 esse
3610 2072 3806 2142 procul

2205 2163 2369 2218 dubio
2397 2163 2666 2218 credimus
2702 2181 2714 2215 :
2749 2161 3002 2232 quoniam
3033 2169 3086 2215 et
3114 2177 3215 2215 nos
3245 2161 3523 2216 vobiscum
3556 2160 3612 2214 in
3668 2176 3809 2216 cun-

2206 2251 2306 2306 ctis
2337 2267 2457 2322 quae
2487 2259 2682 2305 vestrae
2711 2251 2900 2322 gloriae
2929 2259 3054 2302 sunt
3080 2264 3320 2322 congrua
3350 2248 3434 2304 vel
3491 2249 3811 2303 necessaria

2206 2340 2440 2393 existere
2473 2339 2705 2408 prompti
2735 2347 3002 2408 optamus.
3032 2337 3098 2391 Et
3145 2336 3268 2391 ideo
3316 2337 3668 2392 eminentiam
3713 2352 3814 2391 ve-

2209 2436 2376 2481 stram
2407 2445 2528 2498 quae
2559 2427 2814 2481 relatione
2870 2425 3231 2496 quorumdam
3287 2425 3578 2480 didicimus
3637 2424 3814 2479 latere

2210 2516 2476 2583 nolentes,
2508 2523 2691 2584 utpote
2719 2514 2941 2583 spiritali
2975 2513 3084 2568 tilio
3116 2521 3302 2568 nostro
3332 2513 3538 2568 referre
3585 2512 3814 2566 indubi-

2210 2603 2388 2658 tanter
2417 2619 2691 2658 curamus.
2725 2603 3043 2656 Audivimus
3085 2617 3317 2672 namque
3374 2602 3520 2672 quod
3575 2601 3816 2656 inimicis

2211 2701 2263 2746 et
2291 2691 2600 2745 inﬁdelibus
2628 2692 2829 2745 nostris
2850 2706 2949 2760 per
2971 2690 3250 2757 cujusdam
3269 2689 3708 2744 exhortationem
3729 2705 3818 2745 cu-

2211 2779 2372 2850 piatis
2409 2780 2551 2834 ferrc
2592 2779 2860 2846 solatium,
2897 2787 3056 2848 atque
3101 2779 3328 2833 Romam
3369 2777 3654 2832 venientes
3701 2779 3816 2832 suis

2213 2883 2308 2922 eos
2339 2867 2501 2921 rebus
2532 2875 2584 2920 et
2613 2866 2892 2920 beneﬁciis
2923 2875 3108 2920 contra
3138 2875 3382 2920 nostram
3405 2867 3567 2920 etiam
3615 2865 3816 2919 volun-

2214 2963 2377 3009 tatem
2405 2954 2850 3009 inconvenienter
2880 2953 3162 3008 restituere
3193 2953 3437 3007 debeatis
3469 2970 3482 3004 :
3517 2953 3666 3024 quod
3699 2952 3817 3006 nul-

2215 3043 2296 3096 lus
2327 3043 2735 3112 imperatorum.
2765 3042 2854 3096 vel
2886 3057 3095 3113 regum,
3144 3049 3233 3094 aut
3275 3057 3460 3096 comes
3498 3049 3816 3096 antecesso-

2215 3131 2366 3184 ribus
2399 3130 2598 3184 nostris
2627 3129 2822 3184 fecisse
2852 3129 3126 3183 recolitur.
3153 3128 3308 3184 Unde
3337 3128 3496 3182 valde
3527 3129 3810 3196 miramur,

2213 3219 2259 3272 si
2291 3220 2392 3272 hoc
2424 3234 2611 3272 verum
2642 3226 2742 3282 est,
2774 3218 3048 3288 quomodo
3077 3225 3240 3271 tantae
3270 3215 3520 3271 amicitiae
3551 3217 3810 3271 internos

2214 3307 2372 3360 toties
2402 3306 2596 3360 habitae
2626 3314 2802 3376 atquae
2831 3305 3112 3374 promisste
3141 3304 3292 3359 obliti
3339 3305 3488 3368 estis,
3536 3320 3660 3359 cum
3694 3313 3819 3376 post

2214 3396 2385 3449 Deum
2416 3410 2514 3450 vos
2545 3395 2706 3448 modo
2737 3393 2793 3447 in
2823 3394 3074 3448 omnibus
3106 3393 3525 3448 necessitatibus
3573 3401 3627 3447 et
3672 3393 3819 3447 utili-

2216 3483 2412 3539 tatibus
2442 3482 2704 3537 Ecclesiae
2725 3483 2900 3536 sancti
2931 3481 3070 3535 Petri
3102 3481 3397 3536 habeamus
3443 3481 3661 3536 unicum
3720 3482 3817 3536 ad-

2209 3572 2442 3640 jutorem
2488 3578 2647 3642 atque
2702 3569 3082 3624 ﬁdelissimum
3136 3568 3502 3624 defensorem.
3559 3571 3628 3624 Et
3685 3569 3813 3625 ideo

2216 3661 2340 3715 licet
2371 3660 2589 3730 quidam
2621 3658 2774 3712 vobis
2803 3674 2971 3730 agere
3002 3657 3127 3711 talia
3155 3658 3271 3712 sedi
3303 3656 3616 3728 apostolicae
3656 3657 3818 3712 nobis

2216 3763 2320 3819 que
2352 3747 2622 3802 contraria
2653 3746 2934 3810 suadeant,
2967 3761 3068 3800 nos
3117 3754 3298 3799 tamen
3343 3744 3396 3799 in
3447 3755 3642 3800 vestrae
3685 3743 3816 3800 ﬁdei

2215 3835 2523 3900 devotione,
2558 3850 2720 3906 quam
2753 3850 2884 3906 erga
2915 3833 3258 3888 beatissimos
3286 3832 3562 3903 principes
3591 3842 3813 3903 aposto-

2217 3924 2396 3979 lorum
2423 3925 2640 3978 Petrum
2671 3938 2736 3978 ac
2773 3922 3014 3987 Paulum,
3059 3929 3112 3976 et
3159 3929 3400 3976 nostram
3434 3922 3817 3990 paternitatem

2216 4013 2444 4078 habetis,
2477 4011 2767 4082 plurimum
2801 4009 3158 4074 conﬁdentes,
3191 4009 3346 4081 quasi
3373 4009 3576 4065 dilecto
3622 4007 3734 4065 ﬁlio
3760 4016 3816 4064 et

2216 4099 2457 4154 unanimi
2512 4099 2688 4154 amico
2745 4098 3066 4152 mandamus
3125 4106 3182 4152 ut
3237 4113 3338 4168 pro
3377 4097 3478 4152 Dei
3517 4107 3570 4154 et
3630 4106 3816 4154 nostro

2217 4203 2422 4253 amore,
2455 4203 2552 4257 pro
2596 4203 2757 4242 causa
2805 4187 3148 4242 inimicorum
3201 4195 3510 4241 nostrorum
3556 4185 3817 4258 aliquate-

2216 4293 2316 4330 nus
2347 4275 2698 4343 restituenda,
2731 4291 2854 4329 cum
2889 4275 2969 4328 bis
2995 4275 3108 4342 jam
3139 4290 3201 4329 ac
3261 4282 3342 4328 ter
3397 4274 3662 4345 synodico
3711 4274 3818 4328 sint

2216 4364 2316 4434 ipsi
2341 4364 2546 4432 judicio
2568 4363 2928 4424 condemnati,
2963 4363 3190 4417 Romam
3218 4377 3362 4418 nunc
3393 4378 3503 4416 non
3551 4362 3812 4425 veniatis;

521 4493 658 4543 sam,
692 4484 747 4531 ει
774 4475 917 4528 unde
947 4487 1173 4529 censum
1199 4487 1262 4525 ac
1292 4468 1621 4523 {unctionem
1651 4479 1882 4520 annuam
1935 4463 2118 4518 eccle-
2149 4444 2199 4503 D
2221 4453 2347 4523 quia
2378 4452 2532 4506 valde
2562 4451 2758 4505 turbati
2787 4467 2851 4505 ac
2874 4451 3054 4504 tristes
3082 4450 3153 4504 ob
3185 4451 3287 4504 hoc
3319 4450 3645 4509 existentes,
3695 4465 3810 4513 vos,
3885 4491 3896 4500 .

523 4567 605 4620 sia
645 4564 906 4636 principis
973 4559 1345 4631 apostolorum
1390 4571 1491 4625 pro
1540 4553 1845 4608 luminariis
1912 4551 2117 4605 habere

518 4653 678 4710 solita
707 4659 842 4716 erat,
876 4664 1020 4704 nunc
1050 4655 1233 4702 vestra
1279 4644 1442 4699 fortia
1488 4650 1540 4696 et
1587 4640 1813 4710 avaritia
1861 4638 2115 4706 faciente,

518 4742 593 4796 nil
623 4741 870 4810 recipere
899 4737 1085 4806 nilque
1118 4741 1297 4804 potest
1328 4731 1548 4785 habere.
1577 4729 1729 4785 Unde
1759 4744 1826 4782 ex
1878 4726 2120 4780 auctori-

519 4837 629 4884 tate
657 4827 775 4890 Dei,
799 4834 852 4881 et
867 4823 1040 4880 sancti
1062 4821 1221 4886 Petri,
1245 4837 1306 4875 ac
1337 4827 1546 4882 nostra,
1575 4817 1732 4872 vobis
1773 4814 2117 4885 praecipimus

517 4925 714 4972 utnon
767 4912 1012 4968 habeatis
1059 4909 1337 4966 licentiam
1395 4907 1574 4977 ipsam
1627 4912 1834 4960 cortem
1887 4902 2122 4972 amplius

521 5003 774 5069 retinere,
811 5017 913 5057 nec
939 5001 993 5054 in
1023 5000 1140 5068 ejus
1173 4997 1338 5052 rebus
1369 5003 1421 5050 et
1452 4991 1792 5064 pertinentiis
1824 5006 1924 5045 vos
1949 4991 2123 5043 intro-

521 5091 765 5157 mittatis,
806 5090 850 5144 si
890 5087 1121 5160 gratiam
1169 5085 1268 5139 Dei
1315 5092 1366 5139 et
1415 5083 1696 5137 beatorum
1745 5079 2124 5148 apostolorum

522 5181 670 5238 Petri
700 5189 752 5236 et
815 5176 966 5232 Pauli
1024 5182 1376 5243 nostramque
1432 5168 1875 5226 benedictionem
1931 5165 2128 5235 cupitis

522 5266 724 5320 habere
759 5282 772 5328 ;
804 5261 1100 5330 sinatisque
1158 5257 1408 5311 homines
1465 5253 1638 5309 sancti
1701 5251 1844 5306 Petri
1907 5250 1995 5321 qui
2054 5247 2130 5302 ibi

523 5362 650 5408 sunt
669 5350 919 5408 eamdem
936 5355 1143 5404 cortem
1164 5343 1424 5401 securiter
1451 5341 1704 5398 retinere.
1723 5340 1865 5394 Nam
1885 5338 1931 5392 si
1954 5338 2131 5408 ipsam

525 5445 731 5496 cortem
759 5439 1022 5506 deinceps
1052 5443 1249 5508 tenere.
1267 5439 1454 5489 contra
1502 5437 1749 5486 nostram
1799 5425 2134 5482 voluntatem

531 5524 1005 5600 praesumpseritis,
1039 5521 1383 5593 aliquemque
1413 5518 1487 5572 ibi
1518 5517 1735 5572 fortiam
1785 5514 1870 5570 vel
1927 5513 2140 5568 violen-

2217 4541 2354 4596 sicut
2383 4541 2539 4594 decet
2569 4548 2621 4593 et
2653 4554 2752 4592 nos
2783 4537 3051 4608 cupimus,
3087 4537 3385 4592 honoriﬁce
3413 4538 3662 4608 recipere
3706 4552 3814 4592 non

2219 4644 2528 4699 possumus.
2565 4625 2936 4695 Quamobrem
2967 4634 3148 4680 vestra
3179 4625 3468 4696 prudentia
3500 4634 3666 4682 tanta:
3693 4640 3817 4696 per-

2223 4718 2498 4771 versitatis
2537 4715 2820 4770 consilium
2875 4715 3138 4776 destruat,
3198 4723 3358 4784 atque
3417 4724 3613 4769 contra
3667 4715 3815 4784 ipsos

2221 4805 2470 4860 inimicos
2515 4812 2730 4858 nostros
2785 4802 2914 4857 totis
2973 4802 3175 4856 viribus
3231 4801 3539 4874 insurgere,
3600 4811 3650 4857 et
3701 4799 3818 4870 pari

2223 4893 2507 4948 nobiscum
2537 4892 2830 4952 voluntate.
2865 4891 3002 4946 sicut
3045 4897 3278 4960 oportet,
3336 4905 3432 4945 eos
3489 4888 3818 4946 confundere

2226 4980 2526 5052 procuratis
2553 4999 2568 5044 ;
2597 4988 2654 5034 ut
2684 4995 2802 5044 nos,
2833 4977 2972 5033 sicut
3002 4994 3100 5047 per
3161 4994 3258 5032 vos
3314 4977 3613 5043 credimus,
3645 4975 3820 5032 securi

2229 5078 2280 5125 et
2311 5069 2494 5141 quieti,
2531 5067 2629 5122 Dei
2660 5077 2712 5123 et
2742 5077 2975 5121 vestrum
3005 5081 3325 5120 maneamus
3373 5066 3653 5122 auxilium.
3701 5063 3822 5119 Alia

2230 5173 2361 5213 vero
2389 5173 2492 5227 pro
2519 5171 2703 5216 causa,
2739 5155 2784 5208 si
2812 5155 2878 5208 ad
2911 5155 3094 5209 limina
3125 5153 3293 5208 sancti
3326 5154 3470 5208 Petri
3502 5165 3555 5208 et
3584 5162 3825 5208 nostram

2232 5245 2586 5316 apostolicam
2617 5259 2760 5299 nunc
2787 5251 2874 5297 aut
2904 5251 3097 5313 postea
3125 5242 3285 5296 vultis
3340 5243 3526 5298 venire
3580 5256 3826 5314 praesen-

2231 5333 2376 5405 tiam,
2406 5350 2505 5389 vos
2531 5341 2784 5404 prompto
2811 5341 2973 5403 atque
3032 5330 3343 5403 gratissimo
3399 5331 3601 5395 animo,
3659 5335 3828 5400 prout

2234 5430 2466 5494 oportet,
2525 5419 2823 5478 honoriﬁce
2877 5419 3218 5492 recipiemus,
3280 5419 3562 5476 vobiscum
3627 5415 3834 5494 pariter

2235 5511 2532 5582 gaudentes
2561 5519 2612 5564 et
2643 5509 2969 5565 exsultantes
3016 5507 3071 5563 in
3102 5507 3352 5563 Domino.
3403 5507 3566 5562 Plura
3609 5503 3832 5578 quidem
