4028 6180
213 260 322 320 753

1432 251 1783 307 EPISTOLAS
1821 252 1919 335 ET_
1950 253 2292 306 DECRE'I‘A.

3417 246 3522 335 "liii

216 379 393 456 νοδίδ,
427 377 710 466 ευρετίῒξὶξ
738 377 1125 441 scriberemus:
1177 377 1275 430 sed
1307 375 1738 466 (Ιυίθίίηίιοηεοε
1765 391 1828 466 {1°
1857 377 2234 466 aliquando
2282 408 2580 448 conversus
2625 391 2900 460 conﬁrma
2943 393 3155 461 fratres
3209 395 3342 461 tuos,
3373 390 3526 460 (Lua.

217 465 560 522 reverendos
590 465 781 520 fideles
809 472 1046 529 nostros,
1071 471 1392 534 vestrosque
1425 462 1652 518 devotos
1683 462 1824 516 ami-

218 570 340 618 cos,
377 554 746 610 Gaudericum
786 552 1037 608 videlicet
1067 560 1118 606 et
1149 551 1467 607 Zachariam
1516 551 1822 621 episcopos,

220 642 522 698 deliciosos
553 649 606 695 et
637 641 981 696 consiliarios
1027 649 1266 706 nostros,
1308 639 1461 693 vobis
1506 639 1822 704 direximus,

221 730 317 802 qui
346 738 544 785 vestrae
584 729 774 800 gloriae
805 745 869 784 ea
897 745 1016 800 quae
1047 728 1238 782 litteris
1284 728 1481 781 desunt
1513 727 1695 780 verbis
1723 742 1826 796 po-

220 827 411 872 terunt
459 833 733 878 enarrare,
787 817 1071 870 omisimus
1114 816 1395 879 scribere;
1430 814 1626 885 quibus
1675 830 1824 878 sane,

221 923 351 978 qua:
391 907 724 960 verbotenus
773 905 1024 966 dixerint,
1059 904 1211 974 quasi
1263 903 1418 956 nobis
1467 903 1689 956 credere
1721 918 1828 954 non

220 993 510 1049 dubitetis.
562 994 720 1066 Agite
750 993 916 1064 igitur
961 992 1095 1046 sicut
1126 1006 1224 1047 vos
1254 990 1309 1044 in
1336 990 1590 1044 omnibus
1631 989 1830 1044 nostris

225 1082 510 1138 credimus
556 1082 756 1136 habere
788 1080 978 1150 procul
1009 1080 1174 1133 dubio
1221 1080 1516 1147 adjutorem
1549 1087 1598 1132 et
1631 1077 1828 1132 unani-

221 1187 374 1224 mem
409 1170 464 1224 in
494 1170 706 1224 Christo
736 1168 991 1223 amicum.
1025 1168 1353 1221 Adelbertus
1381 1177 1558 1220 autem
1590 1166 1830 1220 marchio

221 1258 294 1312 ad
324 1274 429 1312 nos
460 1257 504 1311 si
535 1257 761 1321 venerit,
811 1272 911 1326 pro
936 1263 1087 1310 certo
1127 1255 1318 1310 scitote
1361 1255 1479 1325 quia
1511 1270 1633 1307 eum
1683 1253 1830 1306 nullo

223 1345 398 1400 modo
445 1345 793 1414 recipiemus,
825 1343 950 1415 quia
981 1343 1184 1402 multas
1223 1343 1379 1396 nobis
1419 1341 1830 1396 contrarietates

224 1431 358 1488 fecit
405 1442 458 1486 et
503 1431 820 1488 manifestus
860 1431 914 1484 in
961 1431 1213 1485 omnibus
1263 1429 1512 1483 inimicus
1561 1428 1826 1498 apparuit.

225 1521 526 1585 Praeterea,
588 1520 727 1574 sicut
779 1519 937 1573 nobis
992 1519 1278 1583 mandatis,
1326 1526 1381 1570 ut
1431 1533 1526 1587 pro
1585 1516 1831 1570 instantis

225 1609 493 1679 temporis
521 1623 687 1663 causa
718 1617 869 1662 extra
900 1607 1090 1660 urbem
1143 1607 1365 1660 Romam
1417 1614 1695 1666 exeuntes,
1731 1621 1830 1658 vo-

225 1697 443 1762 biscum
476 1696 677 1750 alicubi
708 1696 761 1749 lo
783 1711 1078 1766 meremur.
1101 1694 1329 1746 libenter
1359 1692 1576 1762 quidem
1610 1693 1710 1746 hoc
1745 1691 1831 1746 fa-

225 1800 355 1840 cere
387 1783 769 1846 voluissemus,
801 1783 847 1836 si
878 1783 1006 1836 utile
1037 1798 1102 1836 ac
1132 1781 1499 1834 necessarium
1532 1796 1652 1834 esse
1687 1779 1838 1834 vide-

230 1883 433 1927 retur:
469 1881 524 1925 ut
556 1871 715 1926 simul
763 1872 1047 1942 loquamur
1095 1885 1202 1923 non
1245 1868 1402 1924 vobis
1447 1885 1610 1940 grave
1659 1869 1725 1922 sit
1764 1869 1833 1922 ad

227 1977 331 2016 nos
361 1960 524 2030 quasi
573 1960 716 2014 lilius
757 1960 988 2014 dilectus
1037 1959 1240 2022 venire,
1290 1965 1554 2027 quatenus
1602 1973 1668 2010 ea
1714 1973 1834 2026 quin

228 2063 479 2120 congrua
491 2057 615 2102 sunt
625 2048 742 2102 visa
753 2047 956 2117 pariter
969 2046 1396 2102 consideremus.
1416 2046 1542 2097 Data
1559 2050 1625 2099 ut
1639 2063 1828 2115 supra.

969 2181 1103 2234 CIV.

868 2284 940 2323 Λῐ)
969 2283 1220 2322 ΕῐῐΜῡΕΞΙ.

853 2360 1034 2424 (Anno
1063 2358 1212 2424 878.)

234 2467 498 2521 Graviter
519 2481 647 2519 cum
673 2481 732 2518 rc
738 2463 1035 2535 prehendit
1053 2463 1193 2532 quod
1205 2464 1274 2535 in
1301 2463 1511 2535 litteris
1532 2477 1669 2535 quas
1689 2461 1834 2535 scri-

298 2537 420 2608 psit
441 2535 706 2608 honorem
736 2532 978 2608 debitum
999 2534 1317 2608 apostolirar
1340 2533 1459 2586 sedi
1488 2548 1601 2608 non
1626 2532 1834 2608 habite-

301 2602 403 2670 rit,
428 2610 486 2660 et
506 2621 580 2659 ne
603 2607 772 2668 levati
793 2607 992 2673 (tl/sque
1014 2602 1133 2673 ejus
1157 2619 1433 2656 consensu.
1459 2602 1825 2654 mitterentur

301 2676 707 2749 postulaverit.

303 2781 492 2836 Nobili
521 2779 640 2834 viro
671 2781 965 2834 Lmeearo
997 2778 1243 2850 glorioso
1277 2777 1478 2832 comiti.

304 2870 512 2926 Sedem
542 2867 910 2938 apostolicam,
936 2882 1100 2936 quam
1131 2867 1278 2919 Deus
1305 2865 1647 2934 omnipotens
1678 2879 1837 2932 supra

227 2967 450 3030 petram
479 2957 562 3010 sui
593 2956 826 3010 nominis
857 2955 1088 3008 fundare
1109 2955 1361 3026 dignatus
1392 2962 1492 3014 est.
1525 2969 1632 3007 non
1662 2952 1837 3005 solum

1928 483 2095 550 xxii).
2131 481 2209 535 De
2239 479 2323 534 bis
2353 488 2534 534 autem
2565 495 2686 550 qua:
2731 479 2862 534 olim
2892 477 3036 538 dicta
3083 487 3207 534 sunt
3236 478 3376 534 inter
3403 494 3523 546 nos,

1927 585 2029 640 pro
2059 569 2290 623 diversis
2320 584 2385 623 ac
2424 568 2810 638 multiplicibus
2839 567 3131 634 contrariis
3149 575 3200 622 et
3231 566 3532 622 adversita-

1929 657 2090 719 tibus,
2136 673 2238 710 nec
2278 673 2384 711 non
2416 664 2466 710 et
2495 657 2742 726 corporis
2789 655 3340 720 incommoditatibus,
3393 670 3528 726 quas

1931 745 2170 814 quotidie
2198 746 2448 814 patimur,
2483 745 2640 799 nobis
2669 744 2874 814 aliquid
2904 744 3258 799 considerare
3290 743 3376 798 vel
3409 759 3528 813 per-

1930 840 2166 888 tractare
2211 848 2318 886 non
2365 833 2509 888 licet.
2567 833 2679 887 Nos
2724 841 2926 900 tamen,
2961 849 3005 886 Si
3037 831 3376 902 prudentiam
3425 847 3526 884 ve-

1931 929 2093 974 stram
2128 919 2179 973 in
2209 921 2407 974 nostris
2456 920 2789 990 profectibus
2820 928 2871 974 et
2903 919 3217 974 utilitatibus
3267 918 3529 974 Ecclesiae

1931 1009 2187 1064 Romanae
2217 1009 2666 1080 cognovissemus
2685 1009 2935 1063 devotam
2965 1008 3218 1071 existere,
3251 1016 3527 1062 nostram-

1933 1114 2038 1167 que
2097 1096 2423 1150 voluntatem
2473 1105 2721 1166 prompte
2782 1095 3064 1167 perﬁccre,
3114 1097 3236 1152 loco
3289 1111 3388 1150 vos
3434 1094 3528 1150 filii

1933 1185 2223 1255 dilectique
2280 1200 2601 1254 cuperemus
2658 1185 2888 1239 retinere
2945 1184 3122 1249 amici,
3183 1192 3236 1238 et
3292 1199 3354 1238 ea
3410 1199 3529 1255 quae

1933 1281 2130 1327 vestrm
2183 1272 2343 1326 saluti
2401 1287 2464 1327 ac
2514 1271 2856 1341 prosperitati
2908 1281 3092 1328 essent
3143 1272 3310 1339 utilia,
3371 1285 3528 1342 grato

1935 1375 2064 1415 sane
2107 1360 2289 1414 animo
2334 1358 2724 1430 perficeremus
2758 1377 2769 1412 :
2805 1361 2900 1414 sed
2931 1360 3054 1430 quia
3084 1376 3200 1425 vos,
3246 1359 3405 1413 nobis
3436 1376 3528 1413 re-

1933 1447 2093 1514 lictis,
2151 1448 2204 1502 in
2265 1457 2478 1517 partem
2537 1447 2858 1502 contrariam
2915 1447 3198 1502 inclinatos
3261 1447 3530 1511 videmus,

1934 1553 2042 1592 non
2073 1537 2246 1590 solum
2274 1535 2732 1606 obstupescimus,
2784 1537 2881 1590 sed
2913 1536 3071 1591 etiam
3103 1551 3135 1590 a
3165 1545 3358 1590 vestrae
3388 1535 3527 1590 ami-

1937 1626 2077 1681 citiai
2105 1641 2204 1680 nos
2236 1625 2482 1678 similiter
2527 1625 2867 1679 declinamus
2918 1624 3210 1686 consortio,
3261 1623 3403 1695 quod
3435 1639 3534 1694 pro

1857 1714 2033 1782 BDci
2063 1729 2247 1767 amore
2293 1713 2444 1767 valde
2493 1713 2726 1767 retinere
2774 1712 3044 1766 voluimus
3087 1713 3332 1767 charum.
3384 1712 3534 1767 Hanc

1936 1811 2200 1872 praeterea
2250 1801 2534 1871 epistolam
2566 1809 2811 1854 nostram
2859 1801 3157 1854 secundum
3198 1815 3408 1854 morem
3438 1815 3538 1869 per

1938 1889 2421 1960 Longobardorum
2454 1887 2669 1942 ﬁdelem
2719 1896 2980 1951 vestrum,
3016 1896 3066 1940 et
3099 1887 3402 1942 litterarum
3434 1887 3537 1942 dc-

1936 1977 2166 2031 latorem
2216 1993 2538 2043 vesrrarum,
2591 1975 2744 2030 vobis
2791 1975 3047 2029 mandare
3095 1975 3404 2038 voluimus;
3439 1975 3537 2030 sed

1938 2065 2027 2120 ille
2058 2081 2091 2119 a
2119 2065 2275 2118 nobis
2322 2081 2416 2119 eas
2467 2064 2707 2133 recipere
2754 2073 3054 2133 vestrasque
3099 2063 3272 2116 noluit
3317 2062 3534 2118 deferre

1939 2153 2241 2224 sagacitati,
2271 2152 2366 2205 sed
2408 2153 2546 2205 sicut
2576 2159 2626 2204 et
2658 2151 2912 2222 antiquus
2959 2167 3090 2204 usus
3115 2151 3324 2220 exigita
3357 2158 3408 2204 et
3441 2167 3532 2203 ra-

1937 2241 2009 2295 tlo
2041 2240 2324 2294 manifesta
2353 2238 2468 2293 ﬁeri
2502 2239 2758 2294 declarat.
2795 2239 2931 2293 Data
2963 2243 3028 2293 ut
3057 2255 3248 2311 supra.

2673 2346 2781 2399 CV.

2223 2432 2294 2469 Al)
2325 2431 2730 2470 ANGELBERGAM
2759 2431 3076 2470 AUGUSTAM.

2553 2489 2732 2552 (Anno
2764 2488 2914 2555 878.)

1939 2576 2096 2628 Dolet
2130 2575 2526 2643 Angclbergam
2549 2575 2823 2628 molestiis
2851 2575 3000 2642 afﬁci
3021 2582 3076 2628 et
3093 2574 3352 2644 queritur
3366 2574 3431 2627 de
3455 2573 3538 2626 in-

2001 2647 2176 2716 juriis
2206 2661 2342 2716 quas
2361 2645 2693 2716 Lambertus
2713 2645 2974 2716 Ecclesia:
2996 2645 3255 2699 Romamre
3271 2644 3496 2710 inﬂixit
3517 2661 3535 2696 :

2012 2719 2166 2784 rogat
2215 2715 2283 2768 at
2329 2718 2619 2769 conservet
2680 2715 3124 2770 benevolentiam
3175 2729 3344 2784 quam
3407 2727 3533 2783 erga

2011 2789 2196 2855 ipsum
2230 2785 2429 2839 habere
2458 2785 2688 2839 solebat.

2010 2873 2234 2926 Dilectae
2265 2888 2324 2924 ac
2355 2871 2583 2941 spiritali
2614 2871 2738 2927 filia:
2781 2875 3174 2926 ANGELBEBGE
3199 2887 3264 2925 ex
3294 2871 3536 2941 impera-

1939 2960 2073 3015 trice
2106 2961 2221 3014 Deo
2252 2960 2460 3015 dicatae.

232 3062 399 3119 reges
429 3054 485 3100 et
511 3044 787 3114 ρι’ἱηοὶρυε
835 3051 1010 3104 terrae,
1059 3059 1248 3095 verum
1281 3042 1441 3095 etiam
1476 3042 1835 3110 imperatores

1991 3048 2128 3116 Q'iia
2151 3049 2376 3102 multum
2394 3047 2681 3103 devotione
2710 3056 2763 3102 et
2793 3048 2988 3102 mentis
3032 3048 3310 3104 alacritate
3357 3048 3539 3104 domi-

231 3135 491 3201 Augusti,
524 3141 576 3186 et
607 3131 768 3186 totius
797 3131 945 3184 orbis
966 3131 1180 3184 Domini
1211 3131 1323 3182 suis
1353 3129 1618 3199 apicibus,
1653 3135 1834 3196 utpote

231 3231 402 3293 caput
430 3221 672 3275 omnium
723 3219 1089 3274 Ecelesiarum
1123 3219 1241 3282 Dei,
1293 3219 1714 3276 honoravcrunt,
1748 3215 1836 3268 di-

230 3312 476 3385 gnisque
525 3307 814 3378 przeconiis
844 3307 958 3373 ejus
999 3305 1302 3376 pontifices,
1354 3304 1583 3358 vicarios
1635 3303 1838 3358 scilicet

229 3400 384 3456 beati
441 3397 585 3452 Petri
662 3395 1023 3463 apo:tol.orum
1102 3395 1385 3464 principis,
1460 3392 1832 3454 laudaturum,

235 3488 494 3556 votisque
547 3484 882 3554 supplicibus
913 3482 1189 3551 deprecari
1219 3482 1558 3544 studuerunt,
1593 3487 1644 3532 et
1665 3493 1838 3547 usque

227 3577 287 3631 in
320 3573 489 3629 finem
521 3572 727 3632 saeculi,
761 3571 902 3625 Petri
931 3579 1185 3624 manente
1216 3569 1433 3624 nomine
1464 3585 1525 3622 ac
1559 3567 1834 3631 memoria,

229 3663 551 3734 supplicare
581 3676 690 3715 non
719 3661 989 3714 desinent.
1015 3659 1356 3728 Quapropter
1389 3657 1672 3710 audientes
1699 3655 1841 3708 litte-

229 3769 326 3808 ras
359 3760 484 3805 tuas
509 3765 645 3820 quas
687 3747 1003 3810 mandastis,
1039 3747 1214 3800 mirati
1261 3745 1420 3799 valde
1451 3744 1647 3797 fuimus
1678 3758 1841 3812 super

232 3856 426 3897 earum
475 3838 658 3896 verbis
714 3835 1236 3900 inconvenientibus,
1298 3850 1419 3904 qua:
1475 3847 1574 3887 nec
1626 3831 1840 3884 debitas

231 3936 431 3986 sancto
490 3927 646 3980 Petro
703 3925 893 3978 laudes
969 3931 1240 3987 resonant,
1300 3937 1401 3975 nec
1457 3919 1842 3975 ecclesiasticis

230 4013 578 4072 concordant
627 4011 830 4078 regulis
885 4011 968 4064 vel
1013 3999 1270 4064 doctrinis
1311 4027 1324 4073 ;
1373 4025 1496 4062 cum
1547 4008 1702 4060 nobis
1749 4006 1842 4058 illa

229 4105 413 4161 verba
463 4101 764 4155 mandastis
815 4115 934 4168 quae
984 4098 1333 4152 szecularibus
1375 4097 1504 4150 viris
1535 4104 1588 4150 et
1616 4110 1841 4162 compa-

228 4193 394 4248 ribus
444 4190 553 4243 tuis
599 4187 838 4243 scribere
887 4185 1076 4240 solitus
1123 4202 1202 4248 es,
1247 4187 1348 4239 hoc
1392 4193 1492 4251 est,
1537 4200 1660 4239 cum
1707 4182 1843 4237 dicis

227 4280 440 4346 nobis,
514 4277 642 4332 Tute
713 4275 1043 4338 nobilitatis,
1103 4273 1190 4327 vel
1248 4290 1366 4327 cum
1441 4273 1577 4326 dicis
1646 4271 1839 4335 nobis,

229 4370 529 4426 Monemus
577 4363 910 4418 nobilitatem
972 4371 1206 4415 vestram
1244 4379 1258 4424 ;
1311 4361 1364 4413 in
1411 4377 1518 4430 quo
1561 4360 1681 4413 luce
1727 4358 1843 4412 cla-

1938 3153 2067 3191 num
2100 3147 2155 3190 et
2185 3136 2456 3190 seniorem
2500 3136 2639 3191 diva:
2669 3136 2948 3191 memoriae
2994 3136 3327 3192 Ludovicum
3359 3151 3538 3207 quon-

1939 3226 2066 3279 dam
2114 3224 2633 3278 Christianissimum
2681 3224 3090 3292 imperatorem,
3134 3223 3431 3294 spiritalem
3471 3223 3539 3277 ti-

1939 3313 2068 3366 lium
2102 3321 2364 3375 nostrum,
2402 3311 2708 3376 dileximus,
2743 3311 3046 3364 nullatenus
3077 3311 3539 3380 prmtermittimus

1941 3402 2055 3468 ejus
2101 3399 2416 3453 memoriam
2447 3399 2503 3452 in
2549 3398 2719 3454 sacris
2766 3398 3098 3452 orationibus
3146 3398 3346 3452 nostris
3393 3398 3538 3468 apud

1941 3487 2230 3542 Dominum
2279 3487 2518 3556 quotidie
2543 3485 2722 3541 iacere
2755 3495 2808 3540 et
2837 3486 3075 3558 quandiu
3123 3485 3419 3541 vixerimus
3449 3485 3534 3541 fa-

1941 3585 2122 3631 cturos
2152 3592 2273 3629 esse
2304 3575 2514 3639 scitote,
2551 3575 2822 3646 vestrique
2861 3590 3154 3638 memores,
3187 3574 3540 3630 dilectissima

1941 3663 2068 3727 filia,
2105 3664 2349 3718 similiter
2378 3679 2585 3717 sumus.
2618 3664 2778 3732 Nam,
2811 3664 2926 3718 Deo
2958 3670 3112 3727 teste,
3146 3670 3380 3718 vestram
3409 3678 3540 3732 pro-

1943 3753 2252 3822 speritatem
2280 3759 2333 3806 et
2362 3755 2589 3806 salutem
2620 3767 2836 3822 semper
2879 3751 3127 3822 cupimus
3163 3751 3353 3824 vigere
3381 3751 3538 3807 inco-

1941 3841 2139 3896 lumem
2173 3849 2224 3896 et
2252 3840 2442 3894 audire
2475 3858 2487 3894 :
2523 3849 2574 3894 et
2604 3856 2770 3910 super
2800 3848 2877 3895 tot
2905 3855 2970 3896 ac
3001 3840 3162 3894 tantis
3191 3839 3539 3895 adversitati-

1944 3929 2064 3996 bus,
2098 3944 2235 4000 quas
2255 3944 2282 3980 a
2301 3927 2426 3982 ﬁliis
2455 3929 2611 3996 hujus
2642 3928 2826 3984 saeculi
2856 3943 2956 3984 vos
2984 3927 3305 3983 sustinuisse
3337 3943 3543 4000 cogno-

1945 4017 2166 4082 scimus,
2202 4017 2404 4087 ingenti
2424 4017 2578 4071 vobis
2609 4017 2800 4070 dolore
2829 4017 3186 4087 compatimur
3214 4025 3262 4072 et
3284 4016 3541 4072 condole-

1944 4123 2104 4170 mus;
2137 4105 2395 4176 quoniam
2443 4105 2662 4176 quidem
2691 4114 2917 4175 paterno
2957 4121 3055 4160 vos
3083 4105 3373 4176 diligentes
3402 4102 3539 4160 aﬂ'e-

1945 4204 2055 4252 ctu.
2102 4211 2389 4249 musrorem
2438 4201 2679 4249 vestrum
2713 4203 2956 4248 nostrum
2999 4203 3272 4264 putamus,
3305 4203 3359 4248 et
3386 4201 3540 4248 tran-

1946 4283 2262 4353 quillitalem
2280 4283 2402 4336 vitae
2427 4290 2617 4335 vestrae
2640 4290 2878 4334 nostram
2900 4297 3022 4335 esse
3039 4281 3342 4352 gaudemus
3365 4299 3378 4346 ;
3411 4280 3540 4351 quia

1945 4380 1996 4425 ct
2027 4386 2123 4424 vos
2170 4386 2268 4438 pro
2293 4370 2484 4422 talibus
2533 4367 2779 4421 nefandis
2808 4376 2861 4422 et
2891 4368 3142 4422 inauditis
3190 4367 3369 4429 malis,
3418 4384 3542 4438 quae

231 4457 356 4514 rius
403 4461 643 4509 mentem
709 4460 943 4508 vestram
989 4449 1374 4520 cognoscimus
1422 4463 1552 4518 erga
1598 4463 1696 4500 nos
1736 4446 1836 4499 mi-

1945 4457 2093 4512 nulla
2149 4423 2390 4510 veterum
2447 4455 2714 4524 scriptura
2784 4455 3055 4520 decantat,
3135 4453 3283 4508 nulla
3361 4423 3538 4508 histo-

231 4546 391 4601 nime
455 4542 724 4605 devotam,
783 4539 918 4592 sicut
962 4539 1284 4608 putabamus
1338 4537 1590 4589 existere.
1639 4533 1844 4587 Idcirco

229 4642 445 4690 nostra:
472 4628 778 4700 paternitati
809 4637 911 4680 tam
946 4626 1140 4680 vilibus
1171 4625 1349 4678 verbis
1381 4633 1428 4677 et
1463 4623 1845 4677 inconvenien-

227 4722 389 4776 tibus
421 4717 766 4772 sermonibus
797 4715 1041 4769 scribere
1087 4713 1277 4767 audaci
1311 4712 1486 4782 potius
1536 4727 1694 4781 quam
1729 4710 1844 4764 sin-

227 4826 372 4867 cera
424 4814 607 4860 mente
652 4803 794 4858 volui
830 4804 914 4866 tis,
969 4811 1020 4855 et
1071 4801 1262 4854 mirum
1308 4817 1413 4853 non
1471 4808 1552 4852 est
1603 4799 1726 4870 quia
1777 4799 1844 4851 de

231 4912 433 4954 amaro
481 4895 628 4948 fonte
658 4892 832 4945 dulcis
879 4907 1020 4960 aqua
1054 4907 1160 4944 non
1212 4889 1474 4942 hauritur.
1511 4889 1678 4941 Porro
1721 4887 1846 4956 quia

233 4984 464 5042 dixistis
512 4981 654 5053 quod
695 4981 810 5033 sine
857 4995 1124 5033 consensu
1166 4987 1255 5031 tuo
1287 4985 1498 5031 nostras
1545 4975 1846 5045 legationes

229 5087 516 5143 nusquam
536 5071 746 5122 mittere
774 5068 1117 5131 deberemus,
1139 5084 1266 5118 usus
1292 5082 1374 5135 pie
1407 5065 1506 5119 hoc
1537 5081 1645 5117 non
1667 5064 1842 5126 fuerit,

233 5178 348 5217 nec
369 5159 562 5213 litteris
583 5157 801 5229 legitur,
833 5172 932 5210 nec
955 5171 986 5209 a
1011 5171 1278 5224 quoquam
1304 5153 1589 5222 superstite
1612 5167 1848 5222 unquam

228 5250 418 5306 fuisse
441 5245 807 5302 reminiscitur
831 5243 1060 5308 factum;
1086 5243 1270 5296 etideo
1290 5242 1448 5294 sedes
1471 5241 1767 5310 apostolica
1788 5240 1847 5292 li-

232 5339 376 5393 hera
408 5351 630 5404 semper
659 5333 899 5387 existens
920 5333 1147 5385 liberam
1174 5331 1372 5400 ubique
1404 5345 1554 5382 suam
1587 5329 1743 5382 mittit
1776 5328 1851 5382 le—

229 5426 547 5500 gationem,
572 5421 781 5476 habens
813 5420 1026 5481 Domini
1044 5419 1421 5474 auctoritatem
1451 5417 1679 5472 dicentis
1703 5434 1716 5470 :
1740 5419 1849 5486 Ego

230 5530 347 5588 pro
379 5517 437 5566 te
466 5512 673 5582 rogavi,
710 5511 889 5573 Patre,
925 5512 990 5564 ut
1011 5525 1123 5563 non
1153 5507 1378 5575 deﬁciat
1405 5505 1541 5575 ﬁdes
1575 5509 1670 5560 tua.
1703 5509 1758 5560 et
1791 5508 1848 5559 tu

358 5627 553 5690 Aliquid
577 5626 736 5684 deest.

1946 4546 2025 4600 ria
2081 4551 2278 4609 narrat,
2315 4544 2456 4600 beati
2488 4543 2628 4596 Petri
2660 4543 3031 4613 apostolorum
3077 4540 3340 4612 principis
3382 4541 3537 4596 vica-

1945 4634 2086 4688 rium
2117 4650 2146 4686 a
2178 4632 2416 4703 quolibet
2449 4632 2774 4702 imperatore
2805 4631 2888 4686 vel
2922 4645 3051 4703 rege
3081 4643 3321 4700 unquam
3369 4629 3536 4683 susti-

1946 4722 2150 4787 nuis<e,
2183 4736 2284 4774 nos
2317 4720 2400 4774 his
2429 4720 2622 4774 diebus
2653 4735 2681 4772 a
2712 4719 2996 4774 Lamberto
3027 4717 3319 4788 Spoletano
3339 4715 3537 4772 comite

1947 4809 2054 4879 pati
2087 4809 2384 4871 audientes,
2418 4808 2580 4862 simili
2619 4823 2741 4861 esse
2788 4821 3024 4860 maerore
3055 4803 3309 4860 afflictam
3353 4803 3543 4859 incun-

1947 4906 2156 4952 ctanter
2185 4897 2535 4969 agnoscimus
2560 4914 2574 4961 ;
2601 4897 2746 4949 unde
2777 4903 3007 4948 vestram
3063 4893 3338 4948 hortamur
3395 4893 3538 4947 dile-

1949 4986 2181 5041 ctionem
2211 4993 2266 5038 ut
2295 4985 2436 5038 circa
2467 5000 2566 5038 nos
2595 4983 2744 5053 pium
2772 4981 2968 5036 mentis
3000 4980 3254 5039 allectum
3311 4996 3541 5038 conser-

1949 5083 2158 5134 vantes,
2179 5089 2242 5126 ea
2266 5090 2385 5142 qua:
2415 5071 2624 5125 utilitati
2651 5078 2852 5124 nostra:
2882 5085 3128 5142 congrua
3154 5070 3241 5124 vel
3283 5084 3543 5125 necessa-

1949 5161 2032 5216 ria
2060 5177 2182 5216 esse
2211 5160 2534 5230 perSpicitis,
2567 5174 2664 5228 pro
2710 5157 2916 5212 viribus
2957 5175 3123 5229 agere
3168 5173 3276 5212 non
3319 5164 3546 5227 praeter-

1949 5250 2191 5304 mittatis.
2226 5249 2365 5316 Quia
2395 5256 2446 5301 et
2478 5263 2598 5314 nos,
2623 5248 2737 5300 Deo
2758 5247 3012 5317 propitio,
3039 5245 3339 5300 secundum
3359 5244 3540 5298 datam

1950 5337 2106 5392 nobis
2135 5337 2392 5390 divinitus
2421 5343 2744 5404 potestatem
2794 5335 2949 5390 vobis
2979 5333 3238 5388 auxilium
3285 5341 3339 5388 et
3395 5341 3549 5404 opta-

1949 5429 2053 5476 tam
2087 5421 2142 5473 in
2170 5419 2422 5474 omnibus
2471 5417 2896 5473 consolationem
2943 5417 3194 5472 conferre
3237 5417 3395 5476 avide
3444 5433 3544 5472 cu-

1952 5509 2150 5582 pimus,
2184 5515 2235 5562 et
2268 5507 2370 5560 sub
2402 5506 2545 5560 beati
2579 5505 2720 5560 Petri
2750 5505 2980 5576 apostoli
3010 5521 3128 5574 vos,
3161 5505 3208 5561 si
3235 5522 3373 5578 opus
3428 5504 3546 5572 fne-
