4028 6180
236 235 342 288 757
1559 226 1827 283 EPISTOI

1956 227 2040 282 ET
2076 229 2419 286 DECRETA.
2458 299 2462 303 ι
3445 230 3547 284 753

235 355 481 426 patimur
510 371 636 426 quae
661 363 712 409 et
743 353 920 426 qualia
951 354 1034 409 his
1063 361 1208 408 retro
1235 352 1429 407 diebus
1477 368 1508 406 a
1556 350 1845 407 Lamberto
1873 350 2077 410 Atiam
2107 352 2162 406 in
2195 369 2320 408 eum
2349 360 2403 408 et
2445 353 2504 407 in
2545 367 2736 406 omnes
2785 366 3046 423 sequaces
3093 352 3229 420 ejus,
3276 351 3324 406 si
3371 358 3560 406 contra

244 440 548 513 Spoletano
587 441 786 497 comite
827 439 970 495 mala
1012 449 1066 496 et
1111 439 1437 510 multiplices
1485 439 1633 510 passi
1675 453 1864 496 sumus
1962 439 2152 494 urbem
2209 440 2436 496 Romam
2489 448 2542 495 et
2610 439 2909 496 Ecclesiam
2967 439 3265 495 Romanam
3319 437 3562 509 aliquam

241 529 488 599 injurias,
524 529 718 602 quales
744 528 924 584 nullus
953 537 1358 584 antecessorum
1390 535 1696 582 nostrorum
1729 541 1862 596 pon-
1962 542 2148 582 rursus
2179 527 2404 583 veniens
2450 527 2906 592 contrarietatem,
2957 527 3043 582 vel
3089 525 3416 592 molestiam,
3465 531 3560 579 aut

243 617 446 673 tiﬁcum
479 633 512 672 a
541 633 816 689 quoquam
843 618 1017 672 Deum
1049 617 1262 672 colente
1291 615 1612 669 sustinuisse
1646 614 1850 669 recoli—
1961 615 2420 684 perturbationem
2452 615 2650 670 inferre
2681 615 2923 686 quolibet
2942 615 3106 670 modo
3125 612 3552 684 praesumpserit,

238 714 342 760 tur.
379 707 552 776 Igitur
581 721 743 760 omne
772 721 914 776 pene
945 704 1278 759 territorium
1330 705 1386 758 S.
1436 703 1582 757 Petri
1632 703 1747 756 suis
1777 710 1859 773 ty-
1960 702 2014 756 in
2045 703 2274 758 ecclesia
2303 704 2444 758 beati
2476 703 2624 758 Pauli
2655 703 2896 760 doctoris
2933 702 3180 775 gentium
3207 700 3555 772 protulimus.

236 795 465 850 rannice
521 794 929 849 devastantibus
983 792 1328 855 hominibus,
1387 808 1510 846 cum
1576 792 1847 844 immensa
1959 790 2028 844 Et
2057 790 2260 846 idcirco
2289 791 2467 846 nullus
2497 799 2736 847 vestrum
2785 791 2902 860 ejus
2948 789 3147 862 iniquis
3175 789 3434 860 operibus
3480 787 3559 843 fa-

237 882 428 952 populi
457 882 801 937 multitudine
847 883 1077 938 Romam
1123 880 1268 936 venit
1302 897 1314 932 :
1349 894 1448 933 nos
1495 887 1675 932 autem
1706 879 1855 933 illum
1959 886 2102 942 veat,
2135 879 2261 950 quin
2293 879 2471 950 potius
2501 879 2669 934 libere
2716 887 2928 951 arguat,
2979 878 3024 932 si
3068 875 3378 948 apostolicae
3409 875 3557 930 sedis

237 969 399 1040 quasi
425 970 687 1025 dilectum
737 970 972 1025 amicum
1010 969 1155 1040 apud
1203 969 1419 1022 beatum
1466 969 1680 1022 Petrum
1732 981 1857 1037 apo-
1959 965 2118 1019 vultis
2151 982 2366 1036 semper
2395 965 2566 1021 fulciri
2596 967 2812 1021 auxilio.
2847 965 3190 1036 Quapropter
3210 965 3326 1020 haec
3353 963 3554 1028 omnia,

237 1057 512 1112 stolorum
542 1057 845 1128 principem
884 1054 1185 1112 honoriﬁce
1233 1054 1574 1125 recepimus;
1609 1055 1708 1108 sed
1739 1054 1855 1124 ipse
1955 1061 2012 1105 ut
2061 1054 2254 1108 vestris
2303 1053 2664 1124 suﬁ‘raganeis
2717 1053 2988 1124 episcopis
3033 1052 3251 1125 cognita
3309 1050 3550 1114 faciatis,

236 1146 402 1217 quasi
451 1145 581 1200 ovili
623 1146 765 1216 pelle
809 1145 1047 1210 indutus,
1099 1144 1258 1200 solita
1307 1143 1546 1214 repletus
1588 1142 1850 1213 nequitia,
1954 1140 2330 1196 incunctanter
2358 1143 2640 1196 hortamur
2669 1141 3082 1196 sanctimoniam
3121 1147 3378 1204 vestram,
3411 1153 3554 1210 qua-

235 1249 580 1304 munereque
609 1241 900 1304 corruptus
947 1232 1180 1303 ingenti,
1221 1239 1407 1286 contra
1437 1246 1538 1284 nos
1565 1231 1852 1302 insurgere
1954 1235 2112 1282 tenus
2169 1228 2292 1299 ipsi,
2356 1229 2445 1299 qui
2501 1229 2748 1283 membra
2777 1229 3020 1298 corporis
3067 1227 3266 1283 Christi
3291 1225 3548 1293 existunt,

243 1337 356 1375 non
384 1321 652 1375 dubitavit
683 1321 1020 1388 (Aimoinus,
1054 1320 1150 1373 lib.
1185 1335 1238 1383 v,
1273 1335 1322 1373 c.
1353 1319 1463 1388 37).
1495 1319 1632 1372 Nam
1663 1327 1852 1388 portas
1953 1316 2231 1370 vobiscum
2280 1315 2482 1386 pariter
2537 1333 2635 1387 pro
2681 1316 2992 1386 apostolicte
3037 1316 3181 1370 sedis
3228 1313 3551 1370 exultatione

240 1408 480 1463 civitatis
537 1409 791 1464 Romanae
850 1407 1150 1474 violenter,
1211 1406 1428 1476 imoque
1483 1405 1852 1460 fraudulenter
1952 1403 2204 1457 studeant
2232 1404 2522 1458 desudare.

235 1496 404 1589 cepitZ
437 1503 713 1589 totamque
745 1495 936 1589 urbem
977 1496 1245 1589 Romam:
1277 1509 1340 1589 89
1375 1509 1476 1564 l3er
1513 1493 1632 1589 (ξίθὲ
1676 1493 1848 1564 pluri‘
2651 1535 2816 1589 CVI"

235 1599 359 1638 mos
391 1583 641 1637 homines
686 1599 814 1638 suos
857 1583 928 1637 ita
975 1583 1176 1638 arctius
1226 1581 1463 1636 retinere
1519 1580 1664 1646 fecit,
1695 1591 1749 1635 ut
1780 1598 1848 1635 ne
2651 1570 2837 1590 υνυιο

235 1687 501 1741 proceres
542 1671 927 1738 Romanorum,
969 1686 1070 1725 nec
1118 1669 1361 1740 episcopi
1410 1676 1462 1723 et
1508 1669 1844 1735 sacerdotes,
1877 1693 1933 1754 Β
2205 1654 2276 1692 "D
2315 1653 2883 1754 "mmm‘ﬁ'mﬁcﬁ‘o
2900 1652 3290 1754 Ῐξυωῃθκωι

237 1729 252 1741 .
915 1729 925 1738 ,
1153 1729 1168 1740 _
1307 1729 1323 1738 _
1834 1729 1842 1735 ι
1877 1729 1933 1754 υ
2607 1753 2610 1758 Ι

237 1775 418 1830 neque
449 1759 612 1812 etiam
648 1757 938 1812 familiares
985 1759 1154 1814 nostri
1204 1758 1273 1812 ad
1323 1776 1423 1815 nos
1469 1758 1573 1812 nisi
1616 1758 1851 1812 maxima
2570 1729 2750 1797 (Αηηο
2784 1729 2934 1797 873-)

237 1845 638 1916 supplicatione
667 1846 899 1902 exeundi
944 1845 1260 1902 facultatem
1311 1848 1590 1902 haberent.
1637 1845 1852 1899 Cibaria
1952 1849 2100 1894 Missa
2130 1858 2222 1905 per
2245 1851 2522 1904 Eugenium
2563 1853 2611 1894 et
2655 1849 2858 1894 Paulum
2905 1848 3174 1904 episcopos
3195 1857 3368 1893 mense
3396 1846 3552 1903 Aprili

236 1934 403 1988 etiam
434 1941 622 1988 nostra
653 1934 811 1988 nobis
839 1933 1028 1989 venire
1051 1933 1443 1990 instantissime
1462 1933 1846 2006 prohibebant.
2445 1919 2528 1965 die
2548 1930 2650 1974 ³η»
2674 1919 2953 1964 “diem”
2982 1929 3050 1964 ’"°

235 2021 600 2077 Venerabiles
628 2022 754 2076 item
785 2021 1094 2092 episcopos,
1125 2025 1480 2095 presbyteros
1523 2031 1684 2092 atque
1735 2022 1821 2075 dia

1960 2011 2106 2095 DoLct
2139 2009 2284 2095 gugd
2314 2011 2526 2092 Graeca
2551 2013 2853 2095 sequ'atur';
2887 2007 3263 2095 ΙιονιιαίιινίιιάΙ
3287 2009 3551 2090 Romam:

235 2125 408 2165 conos
439 2109 738 2180 religiosos
767 2111 1064 2165 monachos
1092 2127 1212 2166 cum
1259 2111 1474 2182 hymnis
1523 2119 1575 2165 et
1622 2110 1826 2165 cantici:

2021 2077 2283 2134 Ecclesia
2299 2079 2578 2150 gremium
2591 2077 2938 2134 redeundum
2962 2097 2979 2133 :
3000 2082 3123 2132 tum
3141 2077 3206 2132 de
3227 2077 3368 2132 dono
3379 2077 3548 2132 misso

2022 2151 2234 2182 ηιρηιὶηο
2266 2152 2385 2182 ηηὸι
2401 2169 2412 2182 .
2431 2154 2709 2182 ..Λύκα-ΜΛ
2736 2150 2979 2182 ρος-αξη...
3001 2147 3290 2182 nonnon/'11.”
3308 2161 3408 2182 non
3429 2147 3548 2182 ρηΙι-

2017 2151 2234 2219 gratias
2263 2147 2412 2220 a'git;
2431 2154 2709 2220 postremo
2729 2150 2982 2220 Sergium
2999 2147 3291 2220 quemdam
3303 2161 3408 2218 per
3423 2147 3548 2202 sub-

237 2197 637 2268 spiritualibus,
661 2197 939 2269 sacrisque
969 2197 1170 2253 litaniis
1198 2200 1269 2254 ad
1306 2199 1595 2255 ecclesiam
1643 2198 1828 2268 princi-

2017 2197 3543 2290 reptiouehatvddgacerdotium:tfepijvcopatumpromo-

233 2287 318 2357 pis
351 2285 730 2356 apostolorum
760 2285 1060 2351 venientes,
1111 2287 1236 2352 heu,
1286 2287 1424 2357 proh
1472 2285 1662 2342 dolor!
1695 2301 1847 2340 more
2022 2285 2163 2354 tum,
2187 2291 2502 2361 depositum
2523 2293 2700 2360 fuisse
2723 2285 3030 2360 signiﬁcat.

233 2389 587 2446 paganorum
629 2374 1122 2438 conturbaverunt,
1181 2384 1234 2429 et
1290 2375 1520 2430 fustibus
1573 2375 1849 2430 caedentes
2023 2377 2293 2431 MICHAELI
2323 2377 2439 2447 regi
2468 2377 2780 2449 Bulgarum.

233 2462 501 2533 nequiter
528 2462 922 2532 disperserunt,
951 2477 1059 2516 non
1092 2463 1333 2518 sinentes
1363 2462 1486 2517 illos
1515 2463 1664 2517 exire
1693 2461 1848 2517 debi—
2019 2465 2397 2534 Spiritualibus
2440 2473 2492 2520 te
2539 2465 2843 2519 visceribus
2881 2463 3028 2518 edito
3067 2463 3460 2535 gaudebamus,
3496 2470 3550 2516 et

233 2558 466 2621 tumque
521 2551 638 2604 Deo
687 2548 1008 2604 sacriﬁcium
1051 2549 1270 2605 oﬁ‘erre.
1331 2551 1585 2606 Inimicos
1629 2566 1846 2621 quoque
1945 2569 2048 2624 pro
2077 2553 2375 2608 salvatione
2403 2561 2494 2607 tua
2525 2553 2732 2624 gratias
2751 2552 3079 2623 agebamus;
3113 2552 3210 2606 sed
3230 2565 3375 2606 nunc
3397 2559 3546 2606 astu-

228 2645 402 2709 atque
436 2636 688 2692 inﬁdeles
719 2646 918 2693 sancta:
947 2639 1206 2693 Romanze
1233 2639 1495 2695 Ecclesia:
1523 2647 1575 2693 et
1607 2646 1841 2703 nostros,
1947 2641 2015 2695 tia
2047 2641 2410 2712 malignorum
2437 2641 2687 2712 decepto,
2723 2641 2998 2695 tristamur
3027 2647 3080 2694 et
3117 2638 3532 2710 ingemiscimus

232 2741 380 2797 quos
414 2741 525 2780 una
556 2741 681 2780 cum
707 2733 893 2779 vestro
922 2741 1192 2781 consensu
1239 2735 1292 2780 et
1328 2726 1721 2796 subscriptione
1763 2725 1845 2780 bis
1947 2735 2199 2781 verentes
2244 2735 2296 2780 et
2342 2727 2791 2796 pertimescentes
2836 2742 2905 2781 ne
2953 2726 2998 2780 si
3031 2725 3168 2780 forte
3199 2724 3423 2780 Graecos
3453 2739 3546 2780 se“

225 2829 294 2868 ac
326 2813 497 2868 tertio
531 2813 645 2882 jam
688 2814 1184 2868 excommunicatos
1231 2814 1624 2885 damnatosque
1670 2814 1844 2868 habe-
1945 2815 2054 2870 cuti
2103 2813 2334 2882 fueritis,
2381 2830 2504 2870 cum
2553 2814 2628 2868 illi
2659 2814 2714 2868 in
2759 2813 3006 2869 diversas
3036 2813 3274 2868 haereses
3319 2821 3372 2867 et
3399 2812 3550 2868 schi-

227 2917 378 2968 mus,
415 2916 588 2972 super
615 2916 716 2955 nos
761 2909 963 2956 temere
1012 2901 1305 2966 conduxit,
1356 2917 1560 2972 eosque
1610 2902 1666 2956 in
1711 2901 1844 2957 urbe
1947 2911 2122 2957 smata
2153 2902 2311 2956 solito
2339 2918 2493 2958 more
2523 2901 2838 2966 ceciderint,
2871 2917 2971 2957 vos
3009 2917 3224 2973 quoque
3263 2916 3386 2956 cum
3415 2900 3550 2971 ipsis

231 2990 412 3045 Roma
443 2989 561 3042 sine
589 2996 777 3043 nostra
809 2989 1083 3044 voluntate
1120 2989 1360 3044 immisit.
1411 2990 1505 3044 His
1535 2989 1716 3061 itaque
1744 3005 1844 3044 nos
1875 3034 1922 3061 η
1946 2989 1999 3044 in
2031 2990 2232 3044 erroris
2261 2989 2530 3061 profunda
2560 2990 2762 3054 ruatis;
2795 2997 2847 3044 et
2877 2989 3013 3046 sicut
3062 3004 3292 3060 serpens
3339 2987 3561 3043 seduxit

232 3034 412 3045 -.ν-....
443 3034 560 3042 ---ν
590 3034 777 3043 ..ν-,η
820 3034 1082 3044 ,νη----ν
1412 3034 1505 3044 --.υ
1535 3034 1716 3061 ..νη-υ
1744 3034 1844 3044 -.νυ
2033 3034 2232 3044 ww..-
2261 3034 2530 3061 rw.--“
2562 3034 2723 3044 .--ην
2749 3034 2762 3054 ,
2797 3034 2847 3044 ν.
2877 3034 3013 3046 ην...
3062 3034 3292 3060 --.ιη-ν
3339 3034 3554 3043 -.,------

229 3075 557 3148 prejudiciis
584 3084 636 3130 et
666 3075 877 3144 injuriis
904 3076 1288 3147 multiplicibus
1318 3078 1552 3150 gravati,
1585 3093 1708 3131 cum
1732 3085 1845 3132 tota
1875 3034 1925 3098 Ο
1949 3079 2114 3132 Evam
2145 3077 2338 3132 astutia
2370 3095 2485 3146 sua,
2522 3077 2596 3132 ita
2625 3095 2820 3133 sensus
2846 3077 3012 3134 vestri
3061 3085 3470 3148 corrumpantur
3497 3083 3554 3132 et

229 3165 366 3220 sede
397 3164 697 3234 apostolica
727 3167 911 3218 tristes
939 3164 1079 3220 adeo
1107 3181 1208 3234 per
1235 3165 1353 3220 dies
1402 3165 1602 3220 multos
1632 3165 1844 3220 exstiti-
1947 3166 2199 3221 excidant
2227 3181 2260 3221 a
2291 3165 2634 3236 simplicitate
2666 3175 2720 3220 et
2747 3166 2992 3222 castitate
3023 3182 3146 3236 qua:
3161 3173 3244 3220 est
3264 3165 3320 3219 in
3336 3165 3550 3220 Christo

228 3269 379 3316 mus,
417 3261 476 3306 ut
506 3268 848 3324 nequaquam
879 3253 1036 3308 nobis
1063 3253 1209 3308 aliud
1228 3269 1391 3325 agere
1421 3253 1525 3308 nisi
1555 3253 1686 3308 ﬂere
1717 3253 1848 3308 lice-
1943 3255 2092 3309 Jesu.
2125 3255 2263 3308 Nam
2293 3263 2363 3321 te,
2397 3253 2492 3318 ﬁli,
2544 3253 2795 3308 Mosaicis
2837 3269 2974 3323 rogo
3022 3252 3226 3318 verbis,
3258 3254 3548 3323 interroga

229 3350 319 3396 ret
350 3359 364 3394 :
399 3355 530 3394 nam
561 3340 695 3410 ipsis
722 3340 919 3395 diebus
965 3356 1066 3396 nec
1113 3341 1280 3396 vestis
1320 3340 1418 3395 fuit
1465 3357 1631 3411 super
1675 3341 1846 3396 altare
1943 3347 2166 3415 patrem
2186 3347 2370 3407 tuum,
2395 3346 2453 3397 et
2469 3341 2841 3396 annuntiabit
2864 3342 2962 3396 tibi
2983 3361 3001 3395 :
3027 3342 3276 3396 seniores
3315 3344 3459 3404 tuos,
3488 3343 3548 3394 et

229 3428 410 3484 sancti
445 3428 607 3494 Petri,
642 3443 744 3483 nec
773 3428 993 3499 aliquod
1024 3428 1098 3482 ibi
1127 3435 1448 3484 nocturnum
1478 3429 1564 3484 vel
1592 3428 1846 3484 diurnum
1945 3431 2138 3484 dicent
2163 3431 2263 3485 tibi
2285 3431 2470 3496 (Deut.
2495 3429 2702 3498 xxx").
2728 3428 2772 3482 si
2795 3427 3089 3500 aliquando
3110 3426 3287 3482 Graeci
3308 3426 3425 3480 sine
3446 3427 3549 3482 hac

229 3515 472 3572 ofﬁcium
502 3532 568 3571 ex
599 3531 753 3571 more
791 3515 1142 3572 celebratum.
1191 3517 1350 3572 Nunc
1398 3517 1558 3571 etiam
1609 3517 1848 3571 minatur
1946 3519 2031 3572 vel
2053 3517 2144 3571 illa
2175 3517 2368 3572 haeresi
2411 3516 2607 3571 fuerint
2639 3533 2651 3570 :
2683 3525 2891 3572 etcum
2935 3531 3044 3571 non
3091 3513 3406 3570 inveneritis
3451 3529 3550 3569 eos

229 3603 395 3659 nobis
425 3604 617 3674 pejora
649 3603 869 3668 inferre,
901 3603 1004 3658 nisi
1036 3605 1152 3672 ejus
1198 3604 1635 3675 obtemperemus
1667 3604 1846 3659 humi-
1946 3607 2017 3660 ab
2047 3605 2232 3676 aliqua
2262 3605 2458 3660 haeresi
2478 3605 2772 3676 aliquando
2799 3604 3002 3660 liberos
3027 3603 3314 3672 exstitisse,
3338 3608 3552 3673 Oportet

228 3692 358 3747 liter
401 3691 686 3746 voluntati.
739 3692 892 3748 Unde
942 3692 1280 3747 sanctitatem
1329 3700 1564 3748 vestram
1613 3693 1702 3762 pio
1735 3691 1846 3747 fra-
1947 3709 2045 3747 vos
2074 3709 2263 3748 eorum
2291 3692 2516 3747 fraudes
2547 3701 2599 3748 et
2638 3693 2910 3749 consortia
2961 3691 3170 3761 fugere,
3204 3707 3272 3745 ne
3320 3705 3445 3746 cum
3473 3689 3550 3744 illi

233 3788 412 3834 ternae
463 3779 770 3834 dilectionis
824 3778 1018 3835 aﬁ‘ectu
1073 3780 1411 3848 conjunctam
1458 3781 1738 3834 hortamur
1791 3787 1849 3834 ut
1947 3781 2266 3846 erraverint,
2299 3796 2397 3834 vos
2427 3780 2636 3849 erretis,
2671 3788 2877 3836 etcum
2916 3779 2990 3834 illi
3031 3779 3102 3834 ad
3151 3777 3549 3848 blasphemiam

230 3884 336 3938 pro
387 3867 558 3921 tantis
586 3866 961 3922 afflictionibus
1016 3875 1068 3921 et
1125 3867 1362 3922 miseriis
1430 3867 1588 3939 capiti
1641 3877 1831 3922 nostro
1949 3869 2090 3923 versi
2120 3867 2337 3936 fuerint,
2370 3877 2423 3923 et
2444 3884 2542 3923 vos
2563 3868 2723 3922 etiam
2751 3866 2875 3922 ﬁdei
2899 3876 3063 3923 rectae
3083 3866 3550 3936 blasphematores

237 3955 435 4017 illatis,
469 3971 539 4007 ex
567 3954 694 4008 totis
732 3955 1049 4025 primordiis
1086 3955 1284 4010 vestris
1335 3950 1629 4011 nobiscum
1647 3956 1850 4026 pariter
1948 3957 2326 4018 inveniamini;
2359 3972 2460 4012 nec
2507 3957 2610 4010 erit
2655 3957 2746 4028 qui
2794 3972 2892 4010 vos
2933 3955 3276 4026 postmodum
3315 3953 3553 4026 corrigat

228 4042 596 4106 condoleatis,
629 4051 682 4097 et
711 4051 900 4098 contra
930 4043 1412 4113 evidentissimum,
1457 4052 1510 4098 et
1556 4043 1848 4100 immanem
1949 4045 2034 4100 vel
2063 4045 2132 4098 ab
2159 4061 2342 4100 errore
2372 4045 2595 4100 reducat
2631 4063 2643 4099 :
2676 4045 2858 4099 ethoc
2887 4051 2991 4110 est,
3040 4043 3172 4098 mihi
3217 4041 3442 4108 credite,
3476 4041 3553 4095 ﬁli

225 4131 516 4186 inimicum
547 4139 790 4185 nostrum
822 4147 1162 4204 consurgere
1195 4139 1307 4186 toto
1343 4133 1536 4187 annisu
1579 4132 1853 4187 studeatis
1949 4133 2289 4200 charissime,
2342 4133 2488 4204 quod
2526 4133 2810 4200 dolemus;
2859 4134 2964 4188 hoc
2993 4140 3077 4187 est
3121 4132 3264 4187 unde
3299 4139 3460 4186 nocte
3503 4138 3558 4185 et

225 4219 349 4274 Nos
377 4233 616 4289 namque
646 4218 792 4272 illius
821 4234 927 4274 non
959 4219 1204 4274 valentes
1253 4220 1522 4275 sustinere
1552 4227 1729 4274 tantas
1760 4221 1847 4274 in-
1948 4221 2038 4276 die
2065 4237 2168 4292 pro
2200 4221 2355 4276 vobis
2386 4221 2600 4276 solliciti
2637 4237 2862 4285 sumus;
2895 4237 3004 4275 non
3035 4220 3263 4293 gloriam
3305 4235 3370 4274 ex
3405 4217 3564 4273 vobis

227 4306 429 4372 sidias,
463 4306 591 4378 quia
621 4322 720 4377 per
770 4315 970 4361 terram
1019 4307 1098 4361 ire
1137 4307 1497 4379 nequivimus,
1548 4324 1646 4378 per
1681 4308 1837 4362 mari-
1951 4309 2038 4364 vel
2069 4311 2328 4363 honorem
2359 4317 2445 4362 aut
2469 4324 2694 4363 censum
2724 4307 2913 4378 procul
2951 4308 3118 4362 dubio
3157 4313 3555 4377 exspectantes,

234 4411 372 4448 num
401 4393 527 4458 iter,
565 4394 678 4448 Deo
707 4394 960 4464 propitio,
991 4394 1044 4448 in
1077 4394 1356 4450 Franciam
1387 4395 1660 4466 proﬁcisci
1688 4396 1855 4450 debe—
1881 4382 2074 4452 Deum
2103 4412 2202 4450 vos
2231 4396 2411 4465 potius
2441 4403 2496 4449 et
2533 4410 2642 4448 non
2684 4401 2864 4448 vestra
2903 4410 3212 4465 quaeramus
3239 4411 3252 4447 :
3288 4407 3413 4447 nam
3443 4407 3554 4446 non

235 4499 388 4550 mus,
414 4481 690 4554 gloriosos
711 4481 916 4537 scilicet
937 4498 1097 4552 reges
1119 4483 1462 4552 deprecaturi
1486 4491 1541 4536 ut
1561 4483 1851 4538 ecclesiam
1950 4483 2140 4554 patriae
2182 4483 2430 4554 regimen
2472 4490 2525 4536 et
2569 4481 2882 4552 reipublicm
2924 4481 3278 4536 moderamen
3324 4479 3554 4550 adipisci

237 4569 423 4624 sancti
469 4569 613 4623 Petri
660 4576 714 4624 et
757 4569 1030 4624 civitatem
1089 4571 1410 4636 Romanam,
1457 4570 1619 4625 totius
1667 4571 1850 4624 mundi
1951 4570 2218 4642 cupimus,
2255 4570 2350 4624 sed
2379 4570 2686 4625 diurceseos
2727 4569 2972 4638 ejusdem
3011 4567 3252 4641 regionis
3277 4582 3466 4622 curam
3496 4575 3553 4621 et

237 4665 409 4728 caput
437 4665 489 4711 et
519 4657 813 4722 dominam,
866 4673 897 4710 a
939 4657 1098 4712 tantis
1139 4658 1589 4728 oppressionibus
1614 4667 1668 4713 et
1705 4658 1848 4714 cala-
1949 4658 2360 4730 dispositionem
2410 4659 2561 4714 mare
2609 4657 2792 4730 prisco
2835 4673 3113 4714 resumere
3161 4655 3444 4719 volumus,
3495 4661 3554 4708 ut

233 4745 522 4799 mitatibus
551 4744 800 4808 li-berent,
835 4744 1039 4800 salvam
1057 4753 1109 4799 et
1140 4746 1378 4816 quietam
1405 4746 1584 4800 sinant
1603 4762 1844 4808 manere,
1950 4746 2392 4812 sollicitudinem,
2440 4763 2600 4819 quam
2647 4738 2918 4802 universis
2962 4745 3223 4799 debemus
3267 4741 3548 4810 Ecclesiis,

226 4832 556 4904 potentique
587 4847 751 4886 manu
791 4832 860 4885 ab
905 4833 1138 4886 hostium
1181 4849 1314 4904 quas
1358 4833 1596 4904 patimur
1637 4833 1848 4890 insidiis
1948 4843 2098 4892 tanto
2154 4850 2255 4905 pro
2312 4835 2506 4890 eadem
2557 4834 2780 4889 dioecesi
2847 4832 3099 4887 solertius
3159 4846 3550 4895 exerceamus,

227 4928 525 4982 tueantur;
559 4935 660 4974 nec
716 4935 816 4974 nos
873 4921 944 4974 ob
999 4920 1144 4975 aliud
1201 4921 1328 4976 illuc
1374 4923 1564 4988 ituros,
1593 4921 1697 4976 nisi
1743 4937 1846 4994 pro
1947 4924 2242 4995 antiquitus
2271 4923 2596 4994 pertinuisse
2637 4938 2743 4976 non
2791 4921 3128 4994 ignoramus,
3161 4928 3418 4990 tantoque
3447 4933 3550 4988 pro

224 5007 514 5064 communi
570 5007 764 5072 salute,
794 5007 984 5079 procul
1034 5008 1201 5063 dubio
1257 5009 1481 5065 credite.
1545 5011 1652 5064 Sed
1711 5010 1846 5065 sicut
1947 5020 2141 5066 vestrae
2173 5012 2361 5065 salutis
2393 5010 2636 5066 custodia
2667 5009 2954 5064 instantius
2993 5008 3219 5080 vigilare
3249 5007 3551 5074 valeamus,

224 5094 478 5151 veridico
526 5095 816 5150 multorum
848 5095 1019 5150 relatu
1077 5096 1386 5162 didicimus,
1465 5113 1587 5153 cum
1629 5113 1728 5154 nos
1774 5099 1844 5153 de
1946 5108 2146 5171 quanto
2176 5108 2232 5152 ut
2262 5097 2545 5153 conﬁrmet
2576 5099 2678 5153 h'oc
2715 5099 2859 5152 Deus
2909 5097 3054 5170 quod
3097 5104 3356 5168 operatus
3385 5103 3468 5150 est
3497 5095 3553 5150 in

228 5185 373 5240 urbe
403 5185 575 5239 Roma
609 5182 869 5238 fuerimus
897 5186 1126 5256 egressi,
1160 5194 1503 5257 cmptumque
1525 5187 1628 5240 iter
1655 5187 1843 5258 egeri-
1945 5187 2102 5242 nobis
2134 5187 2343 5241 enixius
2389 5185 2546 5240 nobis
2592 5186 2884 5256 optandum
2932 5194 3034 5251 est,
3085 5193 3139 5241 et
3187 5183 3486 5240 districtius
3515 5198 3550 5239 a

227 5289 377 5337 mus,
419 5272 674 5326 audimus
721 5273 973 5327 eumdem
1019 5273 1364 5328 Lambertum
1409 5273 1668 5329 satellites
1713 5289 1842 5330 suos
1944 5275 2102 5330 nobis
2132 5275 2390 5328 divinitus
2418 5274 2765 5340 exigendum,
2815 5274 3014 5330 clarius
3058 5273 3280 5340 scimus,
3317 5271 3362 5326 si
3409 5272 3557 5328 circa

222 5360 372 5415 velle
431 5359 716 5432 colligere,
775 5360 1113 5432 Romamque
1169 5378 1358 5416 rursus
1407 5369 1842 5434 expugnaturum
1942 5362 2352 5418 instructionem
2383 5370 2434 5416 et
2467 5362 2821 5418 munitionem
2852 5369 3085 5418 vestram
3127 5361 3370 5426 desides,
3404 5360 3556 5434 quod

225 5448 408 5502 adire.
443 5447 557 5500 Nos
604 5461 734 5502 vero
783 5448 882 5502 hoc
931 5449 1182 5514 scientes,
1216 5449 1568 5503 anathematis
1616 5457 1838 5504 senteu-
1942 5451 2100 5517 absit,
2137 5449 2400 5504 fuerimus
2425 5451 2647 5506 inventi.
2683 5450 3034 5506 Revertimini
3070 5465 3205 5524 ergo
3249 5451 3316 5505 ad
3346 5449 3568 5506 beatum
