4072 6186
487 202 588 254 759

1819 195 2114 250 JOANNIS
2149 187 2341 250 ΡΑΡΕ
2371 196 2508 250 Vlll.

3683 164 3788 254 τέο

402 363 406 368 ι
493 324 714 380 Petrum
744 323 1112 395 apostolorum
1156 320 1410 392 primum,
1442 335 1604 390 quem
1652 319 1894 384 amastis,
1929 335 2092 390 quem
2119 320 2322 382 Aruit.
2351 319 2522 391 Igitur
2547 320 2758 387 scitote,
2793 320 3127 384 charissima,
3159 321 3206 376 si
3232 337 3300 375 ex
3326 321 3429 376 hoc
3457 322 3528 376 ad
3548 321 3793 391 Graeca,

492 412 757 484 elegistis,
794 427 956 482 quem
986 409 1274 482 quaesistis,
1309 409 1572 479 cujusque
1601 409 1654 461 in
1675 409 2092 464 necessitatibus

491 501 850 572 patrocinium
882 499 1225 570 percepistis,
1257 506 1311 552 et
1341 497 1538 553 ﬂuenta
1567 497 1830 550 doctrinae
1859 496 2095 550 salubri-

491 596 574 643 ter
614 596 666 643 et
711 587 1095 642 convenienter
1140 585 1433 649 hausistis;
1467 585 1728 656 cujusque
1756 601 1856 638 vos
1900 591 2090 654 prote-

491 677 655 732 ctioni
685 692 809 731 cum
841 675 1098 742 subjectis
1143 674 1394 728 omnibus
1441 673 1863 727 commendastis
1902 681 1954 726 et
1984 681 2090 726 tra-

493 765 724 819 didistis.
758 766 903 818 Bene
933 764 1154 834 quidem
1189 763 1520 825 currebatis,
1548 777 1671 816 cum
1698 761 1957 830 Apostolo
1973 761 2088 816 cla-

493 868 722 916 mamus,
739 853 861 923 quis
875 845 964 907 uos
977 852 1286 922 fascia/wit
1302 851 1656 904 ueritatinon
1671 849 1888 905 obedire
1905 850 2085 916 ?(Gal.

490 942 598 1008 ιη.)
629 941 736 996 Sed
765 949 818 995 et
846 941 963 1010 ipse
993 955 1090 1008 per
1119 956 1178 992 se
1204 939 1465 993 Dominus
1482 937 1612 992 dicit
1637 955 1649 990 :
1670 939 1838 992 Nemo
1853 937 2088 991 mittens

485 1045 725 1084 manum
755 1046 918 1084 suam
943 1031 1006 1084 in
1043 1033 1302 1082 aratrum
1339 1032 1395 1080 ct
1415 1043 1714 1082 conversus
1752 1029 2086 1090 retrorsum,

490 1121 660 1188 aptus
686 1122 772 1172 est
792 1119 850 1172 in
875 1133 1044 1186 regno
1061 1117 1328 1171 certorum
1358 1116 1513 1180 (Luc.
1539 1115 1656 1182 1x);
1679 1129 1787 1166 non
1808 1121 1986 1167 autem
2009 1113 2090 1166 di-

487 1205 662 1261 cimus
721 1206 870 1276 quod
923 1219 1033 1258 non
1088 1219 1196 1257 una
1251 1203 1320 1256 sit
1391 1201 1548 1262 ﬁdes,
1609 1218 1776 1254 unum
1825 1202 2089 1270 baptisma

488 1295 713 1366 (Ephes.
748 1293 846 1363 Iv),
881 1309 1023 1346 unus
1051 1293 1196 1346 Deus
1227 1298 1416 1344 noster
1445 1289 1648 1359 pariter
1664 1289 1970 1356 etillorum,
1991 1290 2089 1344 sed

482 1381 610 1452 quia
641 1381 696 1434 in
729 1381 808 1435 eis
857 1396 1022 1449 saepe,
1058 1378 1291 1448 praesule
1339 1377 1952 1447 Constantinopolitano,
2001 1377 2087 1431 vel

481 1469 832 1539 imperatore,
877 1476 970 1522 aut
1015 1467 1335 1536 plerumque
1381 1474 1634 1535 utroque,
1685 1473 1902 1520 auctore
1945 1465 2086 1519 facto

481 1558 778 1618 haereseos,
811 1555 998 1625 plures
1029 1554 1119 1625 qui
1148 1555 1248 1608 sub
1297 1553 1428 1623 ipsis
1475 1562 1618 1618 sunt,
1651 1553 1962 1607 adulatione
1997 1563 2085 1608 aut

477 1653 626 1698 certe
675 1643 890 1705 timore,
923 1641 1030 1694 illis
1060 1640 1360 1696 efﬁciuntur
1387 1641 1698 1696 consimiles
1724 1660 1738 1706 ;
1770 1648 1819 1694 et
1851 1657 1932 1695 va)
1960 1649 2085 1695 tunc

478 1731 559 1786 eis
589 1739 672 1784 est
701 1731 791 1802 qui
824 1731 1129 1784 societatem
1165 1738 1464 1800 sequuntur
1494 1745 1698 1783 eorum.
1746 1730 1846 1784 Dic
1880 1729 2077 1800 itaque,

479 1833 638 1891 rogo,
673 1819 993 1873 charissime
1023 1818 1118 1883 tili,
1173 1819 1300 1888 quid
1333 1817 1542 1872 faceres
1586 1827 1661 1882 tu,
1715 1818 1801 1870 vel
1850 1817 2083 1887 p0pulus

476 1915 618 1972 tuus,
657 1907 703 1960 si
737 1917 979 1977 tempore
999 1906 1792 1961 PneumatomachiMacedonii
1817 1907 2083 1960 Constan—

473 1993 807 2065 tinopolitani
854 1995 1124 2057 antistitis,
1178 1995 1394 2066 quando
1431 2003 1482 2047 et
1531 1993 1726 2063 impius
1773 1993 1882 2048 illic
1911 1995 2081 2063 impe-

473 2083 621 2138 rabat
653 2084 1020 2147 Constantius,
1050 2083 1244 2138 essetis
1277 2097 1464 2136 eorum
1507 2081 1766 2136 societate
1799 2085 2078 2147 fruentes;

472 2186 654 2226 nonne
683 2172 883 2242 dogma
917 2172 1034 2240 ejus
1065 2179 1253 2225 contra
1276 2171 1532 2240 Spiritum
1555 2178 1802 2225 sanctum
1827 2169 2081 2239 blasphe-

473 2275 633 2314 mans
662 2275 784 2314 cum
835 2259 943 2312 illis
983 2258 1392 2330 sequeremini?
1440 2259 1592 2324 Quod
1633 2263 1949 2328 peccatum,
1995 2265 2079 2311 at—

459 2347 704 2402 testante
735 2347 987 2411 Domino,
1013 2364 1127 2402 non
1150 2347 1470 2401 remittitur
1489 2362 1664 2416 neque
1687 2346 1798 2410 hic,
1818 2362 1996 2418 neque
2019 2347 2080 2400 in

471 2437 671 2507 futuro
703 2436 924 2502 (Matth.
957 2439 1076 2504 xu).
1128 2435 1322 2488 Nonne
1370 2434 1414 2487 si
1463 2435 1656 2487 horum
1696 2434 1952 2503 pollutam
1984 2449 2079 2488 so-

477 2523 729 2579 cietatem
782 2523 1090 2588 haberetis,
1151 2531 1200 2576 et
1243 2538 1466 2592 pravam
1529 2522 1832 2576 doctrinam
1887 2522 2079 2576 nihilo-

471 2611 650 2665 minus
678 2611 956 2666 haberetis
975 2611 1003 2664 ?
1033 2627 1096 2666 ac
1125 2627 1222 2680 per
1251 2613 1353 2664 hoc
1383 2619 1435 2664 et
1463 2625 1561 2664 vos
1609 2626 1734 2664 cum
1776 2609 1903 2674 illis,
1924 2602 2079 2681 quasi

473 2697 716 2754 fasciculi
746 2699 984 2768 colligati
1016 2700 1082 2752 ad
1112 2699 1558 2762 comburendum,
1591 2706 1792 2752 {sterno
1839 2698 1951 2767 igni
1985 2697 2077 2752 re-

470 2787 823 2843 servaremini
854 2788 907 2840 in
937 2788 1025 2842 die
1037 2787 1526 2855 judiciicruciandi
1546 2787 1573 2839 ‘t
1602 2787 2078 2840 Credimusautem

473 2877 620 2945 quod
643 2876 751 2944 jam
784 2890 882 2929 vos
911 2891 1017 2929 non
1050 2875 1213 2928 lateat
1245 2891 1518 2944 nunquam
1549 2874 1902 2942 apostolicam
1937 2873 2078 2927 beati

475 2962 621 3015 Petri
651 2962 836 3015 sedem
868 2962 937 3014 ab
967 2961 1088 3016 aliis
1119 2961 1369 3016 sensibus
1395 2962 1800 3030 reprehensam,
1819 2976 1942 3016 cum
1961 2961 2076 3030 ipsa

476 3049 614 3104 alias
669 3064 899 3115 omnes,
957 3057 1009 3104 et.
1065 3049 1334 3119 prmcipue
1407 3049 2072 3118 Constantinopolitanam,

474 3137 777 3207 saepissime
813 3137 1200 3208 reprehendes,
1248 3145 1340 3192 aut
1385 3137 1455 3190 ab
1503 3153 1694 3192 errore
1741 3137 2072 3201 liberaverit,

471 3234 562 3280 aut
591 3233 740 3280 certe
761 3225 814 3279 in
845 3226 930 3279 his
960 3226 1050 3296 qui
1082 3226 1404 3296 resipiscere
1447 3225 1758 3289 noluerunt,
1799 3225 2079 3280 sententiae

475 3331 588 3370 suae
613 3314 819 3383 judicio
849 3315 1315 3370 condemnaverit.
1353 3315 1477 3370 Noli
1499 3330 1636 3386 ergo
1653 3313 1807 3385 sequi
1831 3313 2074 3378 Graecos,

473 3401 548 3458 flli
591 3403 927 3468 charissime,
977 3404 1104 3474 quia
1146 3403 1486 3475 argumentis
1533 3419 1752 3472 semper
1796 3401 2078 3457 fallacibus

476 3491 714 3549 student.
747 3507 965 3562 semper
995 3492 1202 3547 dolosis
1233 3491 1515 3546 intendunt
1543 3490 1821 3556 versutiis,
1849 3507 1918 3546 ne
1940 3489 2076 3545 forte

473 3579 630 3634 vobis
659 3580 804 3650 quod
835 3579 983 3650 genti
1013 3580 1242 3652 contigit
1273 3581 1574 3635 Gothorum
1619 3581 1930 3650 contingat:
1955 3596 2077 3650 quae

471 3682 592 3722 cum
628 3683 657 3721 a
688 3684 1019 3740 paganorum
1049 3684 1236 3724 errore
1269 3677 1490 3738 cuperet
1510 3668 1748 3730 liberari,
1771 3667 2075 3738 Christique
2127 3700 2134 3706 —

473 3753 602 3810 ﬁdei
633 3757 848 3819 sociari,
883 3757 939 3810 in
985 3757 1298 3826 episcopum
1349 3756 1540 3811 incidit
1585 3755 1818 3809 formam
1865 3755 2075 3824 pietatis

473 3843 784 3908 habentem,
817 3845 1066 3898 virtutem
1097 3854 1274 3898 autem
1307 3845 1421 3910 ejus
1452 3845 1838 3913 abnegantem,
1863 3842 1954 3912 qui
1980 3857 2075 3895 eos

473 3930 601 3984 dum
632 3945 664 3983 a
693 3931 1014 4001 paganismo
1044 3931 1254 3994 liberat,
1289 3931 1398 3984 Arii
1423 3929 1775 3999 blasphemiis
1799 3929 2034 3999 implicat
2059 3949 2073 3996 ;

471 4017 662 4087 sicque
693 4017 788 4083 illi,
821 4019 946 4071 dum
978 4018 1188 4073 incaute
1219 4027 1468 4088 quaerunt
1505 4033 1749 4071 errorem
1779 4017 1988 4088 fugere,
2022 4018 2074 4071 in

473 4119 716 4160 errorem
749 4105 1027 4171 incidunt;
1061 4114 1112 4160 et
1142 4123 1343 4161 cacum
1383 4106 1575 4160 ducem
1607 4115 1918 4176 sequentes,
1955 4121 2072 4160 cum

470 4191 568 4246 illo
598 4192 729 4247 caeci
759 4192 883 4247 facti
929 4194 982 4247 in
1026 4195 1238 4248 Arianae
1286 4193 1564 4264 pravitatis
1595 4193 1892 4264 praecipitia
1918 4193 2073 4248 dela-

469 4280 673 4335 buntur
700 4289 725 4315 ι
757 4298 772 4334 :
806 4289 859 4335 et
887 4283 990 4336 hoc
1019 4291 1101 4338 est
1128 4283 1272 4337 unde
1321 4283 1637 4338 Graecorum
1682 4283 1922 4338 cavenda
1952 4298 2075 4337 esse

2190 409 2337 478 quod
2367 415 2575 463 avertat
2603 409 2886 475 Dominus,
2919 409 3202 464 conversio
3234 417 3414 464 vestra
3444 409 3624 472 fuerit,
3651 427 3790 479 par—

2190 504 2300 550 tem
2330 506 2566 550 vestram
2595 497 2850 552 divinitus
2899 514 3023 552 cum
3070 497 3154 552 bis
3201 497 3510 567 ponendam
3542 499 3637 568 qui
3667 497 3786 568 pri-

2188 600 2336 639 mam
2365 583 2528 639 fidem
2557 585 2760 639 irritam
2799 585 3020 651 faciunt,
3072 593 3124 640 et
3167 602 3286 641 cum
3329 587 3411 639 his
3460 602 3692 656 quorum
3717 586 3789 642 li-

2191 674 2382 728 benter
2421 673 2808 743 amplectimini
2853 674 3175 744 portionem.
3225 676 3386 728 Porro
3443 674 3488 728 si
3536 690 3640 729 nos
3685 691 3788 729 au-

2189 761 2416 824 dieritis,
2443 769 2496 816 et
2544 763 2615 816 ad
2665 763 2840 818 sancti
2886 762 3031 817 Petri
3077 762 3345 834 gremium
3392 762 3682 828 redieritis,
3727 772 3787 816 ut

2187 848 2328 904 ﬁlios
2359 865 2457 904 vos
2486 849 2885 904 amantissimos
2921 850 3177 920 expansis
3197 849 3400 904 sinibus
3437 850 3785 920 recipiemus,

2189 945 2240 991 et
2291 937 2489 992 exertis
2536 938 2773 993 brachiis
2818 938 3236 1008 amplectemur,
3283 947 3334 992 et
3375 937 3428 992 in
3478 938 3788 993 visceribus

2189 1025 2384 1079 Christi
2427 1025 2733 1080 dilectionis
2782 1042 3001 1096 semper
3051 1025 3406 1092 habebimus;
3455 1034 3509 1081 et
3567 1027 3616 1080 si
3681 1041 3788 1097 qua

2188 1122 2311 1167 sunt
2341 1123 2546 1178 sancta,
2579 1114 2624 1168 si
2654 1130 2760 1186 qua
2790 1115 3050 1179 salubria,
3083 1114 3251 1185 siqua
3271 1129 3534 1186 congrua,
3558 1113 3715 1169 vobis
3733 1123 3788 1170 et

2187 1217 2288 1272 pro
2316 1201 2471 1256 vobis
2503 1201 2702 1256 offerre
2722 1210 2880 1273 atque
2916 1203 3235 1273 impendere
3273 1218 3380 1257 non
3425 1203 3782 1258 cessabimus.

2186 1289 2426 1344 Xenium
2455 1289 2613 1345 nobis
2642 1305 2706 1344 ex
2753 1290 2906 1344 vobis
2952 1291 3350 1356 transmissum;
3383 1290 3662 1362 quondam
3693 1307 3784 1346 re-

2185 1377 2366 1449 ligiosi
2395 1378 2610 1432 habitus
2649 1379 2788 1434 Urso
2816 1378 3114 1443 deferente,
3166 1379 3539 1449 suscepimus;
3571 1379 3644 1434 de
3681 1394 3785 1450 quo

2185 1465 2504 1536 benignitati
2553 1475 2749 1522 vestra:
2793 1467 2992 1538 gratias
3034 1476 3276 1538 agentes,
3328 1468 3501 1522 Deum
3544 1467 3786 1524 laudavi-

2185 1570 2324 1617 mus,
2376 1553 2470 1624 qui
2517 1561 2568 1608 te
2610 1554 2768 1609 nobis
2820 1555 3016 1610 devote
3077 1571 3273 1609 munus
3309 1553 3508 1610 offerre
3554 1555 3784 1622 docuit;

2112 1642 2532 1730 Btemetipsum
2559 1643 2664 1697 cito
2694 1651 2886 1709 totum,
2919 1651 2975 1698 ut
3006 1643 3329 1699 confidimus
3348 1685 3362 1708 ,
3395 1652 3446 1698 et
3483 1643 3788 1714 perfectum

2187 1731 2428 1785 daturus.
2466 1731 2728 1784 Cmterum
2771 1731 2942 1802 gloria
2989 1739 3169 1786 vestra
3217 1731 3351 1788 sciat
3397 1731 3654 1804 Sergium
3686 1749 3784 1786 eu-

2181 1819 2440 1887 nuchum,
2481 1818 2571 1889 qui
2619 1835 2740 1873 cum
2787 1835 2990 1890 genere
3038 1819 3263 1874 Sclavus
3305 1828 3468 1884 esset,
3505 1827 3559 1874 et
3602 1820 3784 1874 multis

2182 1906 2536 1975 pravitatibus
2581 1907 2856 1975 irretitus,
2905 1907 3269 1962 sacerdotium
3319 1923 3420 1977 per
3469 1908 3783 1978 subreptio-

2181 2009 2307 2048 nem
2338 1993 2603 2058 obtinuit;
2636 2003 2688 2048 et
2715 2003 2837 2064 post
2868 1996 3030 2049 etiam
3073 2011 3238 2066 super
3279 1995 3399 2048 aliis
3443 1995 3698 2050 detectus
3735 2005 3784 2050 et

2181 2083 2462 2136 convictus
2491 2083 2824 2147 excessibus,
2855 2083 2925 2138 ab
2951 2083 3209 2153 episcopo
3231 2092 3357 2137 tunc
3379 2099 3478 2137 suo
3500 2083 3784 2153 depositus

2181 2167 2349 2224 fuisse
2379 2171 2738 2240 dignoscitur,
2773 2179 2823 2226 et
2857 2180 2977 2241 post
3017 2171 3240 2241 indigne
3287 2171 3413 2226 satis
3441 2188 3472 2225 a
3516 2171 3780 2242 Georgio,

2183 2257 2274 2328 qui
2304 2257 2443 2312 falso
2473 2257 2576 2312 sibi
2607 2258 2846 2328 episc0pi
2878 2275 3077 2314 nomen
3108 2269 3358 2330 usurpat,
3389 2260 3458 2313 ad
3491 2260 3782 2330 episcopa-

2184 2353 2297 2399 tum
2353 2346 2810 2418 Belogradensem
2885 2356 3174 2420 provectus
3227 2356 3341 2410 est,
3408 2348 3782 2417 apostolorum

2181 2433 2524 2504 principum,
2601 2443 2652 2489 et
2723 2443 3032 2489 sanctorum
3095 2451 3362 2490 canonum
3433 2435 3779 2499 auctoritate,

2183 2521 2340 2576 etiam
2371 2523 2542 2576 nostri
2575 2539 2698 2579 esse
2729 2524 2992 2577 sententia
3023 2524 3231 2578 decreti
3259 2523 3566 2593 depositum
3597 2541 3611 2576 :
3637 2525 3783 2595 quod

2181 2619 2290 2664 tam
2317 2609 2470 2664 vobis
2519 2627 2676 2680 quam
2721 2619 2916 2666 vestrae
2963 2612 3204 2678 omnium
3247 2611 3592 2683 generalitati
3618 2627 3782 2667 cano-

2181 2697 2300 2753 nice
2331 2697 2708 2768 patefacimus,
2739 2708 2798 2752 ut
2841 2699 2897 2752 hi
2941 2700 3032 2770 qui
3071 2700 3394 2768 objiciuntur
3425 2700 3496 2754 ab
3522 2699 3645 2754 aliis
3675 2716 3782 2755 non

2183 2785 2511 2856 recipiantur
2536 2788 2770 2856 (Νἰείεη.
2805 2804 2851 2842 c.
2895 2791 2948 2856 5)
2981 2805 2994 2841 :
3027 2805 3116 2853 ne,
3163 2789 3306 2860 quod
3351 2803 3460 2842 non
3506 2795 3777 2857 optamus,

2182 2873 2340 2927 simili
2371 2890 2494 2929 cum
2525 2875 2604 2929 eis
2643 2891 2805 2944 pmna
2845 2876 3034 2943 judicii
3078 2883 3330 2930 tenentur
3367 2875 3594 2930 astricti.
3637 2877 3779 2931 Data

2181 2961 2268 3016 die
2299 2947 2397 3016 xv:
2426 2963 2630 3018 mensis
2661 2963 2880 3032 Aprilis,
2916 2963 3209 3019 indictione
3239 2978 3318 3016 x1.

2868 3076 2872 3080 ’
2899 3069 3037 3123 CIX.

2659 3171 2734 3210 AD
2771 3172 2992 3212 PETBUM
3031 3173 3292 3214 COMITEN.

2793 3246 2974 3317 (Anno
3007 3249 3154 3316 878.)

2178 3331 2326 3377 Missa
2346 3341 2437 3388 per
2459 3332 2667 3378 Paulum
2688 3333 2736 3378 et
2757 3334 3041 3388 Eugenium
3071 3334 3351 3390 episcopos,
3394 3345 3569 3395 mense
3601 3335 3778 3392 Aprili.

2673 3403 2757 3449 die
2785 3414 2885 3460 xvi,
2917 3405 3193 3451 indictione
3212 3416 3280 3451 ιι.

2177 3490 2448 3545 Hortatur
2475 3494 2540 3545 ut
2571 3489 2894 3546 Michaelem
2912 3507 3095 3562 regem
3112 3491 3183 3546 ad
3221 3494 3481 3547 Romanae
3515 3492 3780 3548 Ecclesia:

2698 3563 2976 3632 gremium
3015 3567 3248 3617 revocet.

2249 3665 2434 3719 Pareo
2464 3666 2666 3720 comiti.

2247 3753 2605 3808 Dilectissimo
2645 3753 2754 3809 tilio
2795 3763 2980 3810 nostro
3021 3755 3270 3810 Michaeli
3317 3755 3778 3812 Christianissimo

2174 3841 2293 3912 regi
2323 3842 2656 3910 apostolatus
2684 3843 2856 3896 nostri
2892 3844 3164 3898 mittentes
3210 3845 3517 3914 epistolam,
3549 3845 3775 3918 dignum

2175 3929 2426 3982 duximus
2457 3938 2512 3982 ut
2543 3937 2594 3983 et
2625 3939 2728 3985 tuac
2755 3946 2971 4002 quoque
2991 3933 3181 4002 gloriae
3203 3932 3591 3994 scriberemus,
3612 3942 3664 3988 et
3680 3951 3778 4006 ge-

2173 4017 2336 4071 mitus
2358 4018 2526 4072 nostri
2549 4019 2729 4072 cordis
2746 4019 3104 4088 aperiremus,
3129 4037 3266 4091 quos
3283 4021 3498 4075 assidue
3516 4023 3774 4091 patimur,

2173 4106 2512 4176 suspirantes
2529 4114 2582 4161 et
2599 4115 2816 4178 stupore
2836 4108 3002 4162 nimio
3019 4109 3346 4163 admirantes
3367 4111 3643 4180 quomodo
3661 4111 3777 4180 ipse

2175 4193 2607 4263 sapientissimus
2637 4212 2733 4250 rex
2756 4204 2808 4250 et
2837 4211 2934 4251 vos
2963 4196 3065 4268 ipsi
3097 4197 3269 4252 averti
3309 4197 3620 4267 potueritis,
3665 4207 3718 4252 et
3745 4214 3776 4252 a

2171 4289 2316 4335 recta
2347 4283 2538 4336 semita
2566 4283 2860 4349 declinare,
2891 4292 3052 4354 atque
3083 4301 3112 4338 a
3142 4285 3273 4340 sede
3303 4285 3441 4338 beati
3475 4285 3621 4340 Petri
3637 4301 3775 4355 apo-

465 4369 826 4440 praedicamus
859 4371 1152 4426 consortia.
1191 4372 1574 4444 Corrumpunt
1603 4371 1768 4439 enim,
1792 4379 1846 4424 ut
1865 4371 2063 4425 Paulus
2084 4369 2136 4428 D
2168 4369 2427 4424 stolorum
2455 4371 2651 4425 summi
2686 4372 2945 4427 recedere
2971 4391 2984 4432 ;
3013 4373 3114 4438 sui,
3150 4373 3286 4428 sicut
3307 4373 3660 4444 Evangelium
3691 4390 3781 4428 re-

467 4458 747 4528 apostolus
778 4459 870 4522 ait,
903 4476 1086 4515 mores
1121 4461 1286 4516 bonos
1326 4461 1604 4531 colloquia
1645 4461 1802 4514 mala
1849 4460 1902 4528 (Ι
1945 4461 2065 4514 Cor.

467 4547 588 4615 xv).
625 4547 729 4614 Qui
756 4549 856 4602 etsi
886 4548 1180 4620 aliquando
1210 4549 1503 4619 loquuntur
1530 4547 1733 4618 aliquid
1777 4547 1926 4611 boni,
1959 4548 2070 4601 noli

462 4633 673 4698 mirari,
703 4635 826 4706 quia
871 4643 924 4689 et
967 4636 1244 4690 daemones
1294 4633 1694 4690 conﬁtebantur
1743 4634 1938 4688 Filium
1971 4633 2068 4688 Dei

465 4721 682 4792 (Matth.
719 4728 884 4793 xvm)
909 4743 922 4788 ;
959 4723 1053 4777 sed
1085 4723 1201 4792 ipse
1231 4723 1354 4777 illos
1384 4724 1560 4793 potius
1584 4731 1768 4777 tacere
1792 4722 2069 4792 praecipie-

463 4809 574 4874 bat,
610 4826 678 4863 ne
707 4811 828 4882 quis
859 4827 955 4866 eos
985 4811 1198 4866 audiret
1228 4827 1356 4866 vera
1404 4811 1784 4881 przedicantes,
1817 4826 2066 4880 sequere-

463 4905 555 4951 tur
583 4908 849 4954 errantes.
884 4901 1270 4954 Convertimini
1301 4901 1465 4972 igitur
1493 4901 1562 4954 ab
1595 4900 1808 4952 beatum
1849 4899 2065 4951 Petrum

464 4987 834 5056 apostolorum
869 4989 1185 5059 principem,
1221 4989 1311 5060 qui
1343 4989 1550 5058 piimus
1580 4987 1835 5058 cognovit
1865 4996 1913 5039 et
1937 5002 2064 5040 con-

464 5073 644 5130 fessus
675 5083 756 5130 est
788 5076 976 5130 Filium
1009 5078 1142 5142 Dei;
1175 5077 1266 5148 qui
1295 5093 1426 5130 oves
1459 5075 1766 5130 Dominicas
1800 5075 2071 5146 regendas

465 5164 696 5234 accepit,
723 5173 775 5218 et
805 5172 863 5218 ut
911 5166 1008 5219 has
1054 5165 1123 5219 ad
1165 5174 1371 5220 aeterna
1407 5180 1609 5234 pascua
1653 5164 1778 5217 vitae
1816 5163 2069 5217 introdu-

465 5263 594 5306 cere
627 5261 826 5322 posset,
859 5261 912 5308 et
943 5253 1028 5308 hic
1077 5253 1284 5325 ligandi
1330 5253 1687 5323 solvendique
1725 5259 2065 5321 potestatem,

464 5353 520 5401 et
541 5347 652 5402 illic
698 5350 980 5405 reserandi
1023 5349 1104 5404 eis
1149 5349 1332 5405 claves
1374 5349 1613 5404 caalestis
1661 5348 1813 5420 regni
1843 5363 2066 5418 prome-

2171 4457 2275 4512 fert
2305 4459 2524 4526 (Matth.
2561 4461 2703 4528 xvi),
2737 4476 2844 4514 non
2875 4475 3002 4515 caro
3024 4469 3076 4514 et
3098 4460 3341 4532 sanguis,
3365 4461 3417 4514 id
3441 4469 3522 4515 est
3545 4463 3778 4515 humana

2171 4545 2452 4615 sapientia,
2485 4548 2582 4601 sed
2613 4547 2729 4617 ipse
2759 4564 2857 4618 per
2886 4563 2944 4602 se
2977 4549 3133 4602 Pater
3163 4548 3352 4602 Filium
3383 4550 3666 4618 proprium
3690 4567 3778 4604 re-

2169 4633 2388 4698 velavit,
2441 4649 2561 4689 cum
2618 4635 2708 4689 alii
2769 4637 2912 4690 hunc
2985 4637 3246 4690 Joannem
3296 4636 3382 4690 alii
3428 4637 3630 4698 Etiam.
3682 4637 3777 4692 ali-

2167 4721 2456 4776 Jeremiam
2489 4731 2575 4776 aut
2604 4739 2769 4776 unum
2793 4724 2860 4777 de
2879 4725 3158 4792 prophetis
3179 4724 3569 4779 existimarent.
3595 4725 3778 4796 Scrip-

2168 4808 2347 4863 bimus
2391 4825 2527 4881 ergo
2572 4810 2664 4864 tibi
2713 4821 2968 4882 tanquam
3040 4811 3289 4866 familiari
3335 4820 3387 4866 et
3451 4813 3776 4868 charissima

2165 4897 2361 4962 nobis;
2391 4906 2448 4950 tu
2480 4898 2625 4952 enim
2653 4899 2710 4951 in
2745 4900 2846 4954 hac
2886 4915 3051 4953 causa
3083 4900 3289 4969 primus
3331 4900 3432 4970 ipsi
3473 4902 3595 4973 regi
3623 4917 3774 4971 prte-

2172 5000 2358 5040 cursor
2387 4994 2439 5040 et
2469 4986 2574 5039 dux
2605 4993 2828 5041 auctore
2877 4989 2992 5041 Deo
3039 4988 3184 5042 fuisti
3220 5006 3232 5042 :
3267 4996 3322 5042 tu
3355 4989 3495 5042 inter
3539 4991 3690 5044 illum
3723 4998 3774 5045 et

2135 5120 2141 5127 .
2172 5088 2272 5127 nos
2304 5073 2512 5127 medius
2539 5073 2865 5140 discurristi,
2917 5084 2968 5128 et
3017 5077 3133 5130 Deo
3181 5077 3406 5148 gratias,
3438 5086 3631 5132 cuncta
3651 5093 3778 5148 qua:

2169 5161 2235 5214 ad
2267 5162 2496 5216 salutem
2527 5163 2706 5234 gentis
2737 5163 2880 5217 illius
2911 5173 3032 5218 acta
3062 5173 3204 5227 sunt,
3234 5164 3499 5219 non-sine
3530 5173 3616 5220 tuo
3645 5181 3773 5221 cer-

2170 5249 2371 5305 tamine
2402 5258 2524 5306 acta
2570 5260 2712 5317 sunt,
2759 5260 2812 5306 et
2860 5260 2990 5323 quot
3038 5262 3090 5306 et
3139 5261 3368 5323 quantos
3413 5251 3632 5308 labores
3673 5270 3774 5323 pro

2168 5345 2518 5403 instructione
2577 5349 2743 5404 vestri
2802 5365 2904 5404 nos
2976 5349 3433 5420 assumpserimus
3487 5349 3602 5420 ipse
3660 5367 3773 5406 non

536 5495 832 5568 ‘Socrates,
871 5501 958 5551 lib.
1002 5515 1053 5563 ν,
1086 5514 1130 5552 c.
1173 5501 1270 5564 27;
1297 5501 1620 5565 Theodoret.,
1663 5501 1702 5550 1.
1746 5514 1835 5562 vn,
1875 5514 1922 5550 c.
1957 5500 2060 5563 32;
2097 5500 2414 5562 Sozomenus,
2438 5501 2474 5550 l.
2501 5513 2590 5564 vn,
2617 5515 2666 5552 c.
2691 5501 2780 5550 57.
