4072 6186
275 203 368 258 ’161

1476 193 1830 251 EPISTOL/E
1872 191 1964 252 ΕΤ
2016 192 2360 250 DECRETA.

3473 201 3575 258 762

281 324 483 380 nescis.
515 323 584 378 Et
625 321 766 376 bene
809 320 1030 393 quidem
1057 320 1112 374 in
1148 319 1308 374 nobis
1352 319 1789 392 delectabamini,
1822 327 1875 374 et
1903 317 2222 390 Aloquere,
2256 325 2308 372 et
2354 319 2640 373 exhortare
2687 318 2741 372 in
2793 317 3009 374 Christo
3051 320 3200 385 .lesu,
3251 329 3307 375 ut
3347 335 3448 392 pro
3477 337 3574 378 ac-

283 411 651 484 spiritualibus
699 410 913 482 gaudiis
935 418 986 464 et
1015 409 1347 480 profectibus
1389 408 1744 474 fruebamini;
1779 408 1875 461 sed

281 499 555 556 nescimus
603 497 723 570 quis
752 515 848 552 vos
876 498 944 552 de
976 507 1176 554 caetero
1208 498 1518 568 deceperit;
1554 495 1675 568 quis
1706 509 1862 568 orga-

283 605 412 644 num
461 588 634 642 factus
678 586 900 652 diaboli,
949 588 1038 657 qui
1087 587 1214 640 olim
1247 603 1344 656 per
1375 595 1681 656 serpentem
1708 586 1876 639 Evam

217 710 223 714 -
285 677 518 741 seduxit,
539 690 636 730 vos
667 691 699 728 a
731 683 880 730 recto
913 675 1102 730 itinere
1134 675 1330 729 callida
1361 675 1613 728 suasione
1644 682 1878 728 retraxe~

283 766 369 831 rit,
402 765 546 818 unde
578 780 684 817 non
721 779 910 834 parum
937 765 1184 818 dolemus
1217 780 1316 818 nec
1348 763 1536 817 leviter
1553 762 1873 826 anxiamur;

281 863 332 909 et
361 853 566 908 idcirco
598 862 667 920 te,
700 852 938 906 virorum
981 852 1204 922 Optime,
1254 854 1619 916 cohortamur,
1652 851 1877 922 loquere

280 942 349 996 ad
395 957 556 996 aures
601 940 844 1009 ejusdem
887 940 1068 994 dilecti
1119 940 1210 993 filii
1259 940 1430 994 nostri
1479 941 1655 1010 regis;
1689 939 1777 993 cui
1825 947 1878 992 et

281 1030 545 1086 Dominus
593 1029 710 1099 ipse
756 1029 823 1083 ad
855 1045 1014 1083 aures
1061 1029 1485 1098 praecordiorum
1516 1029 1785 1098 loquatur,
1819 1035 1878 1080 ut

280 1119 514 1190 primam
563 1118 726 1172 ﬁdem
776 1134 885 1172 non
930 1117 1093 1171 faciat
1141 1117 1368 1182 irritam,
1404 1126 1460 1170 ut
1499 1125 1623 1170 ante
1655 1134 1712 1170 se
1743 1132 1877 1188 gra-

281 1207 461 1270 diens,
493 1215 638 1260 retro
688 1221 1032 1277 nequaquam
1065 1205 1338 1276 respiciat,
1372 1205 1514 1258 viam
1547 1221 1650 1274 qua
1681 1204 1877 1257 ambu-

280 1295 429 1350 labat
457 1311 566 1349 non
613 1295 850 1360 deserat,
905 1294 1276 1366 evangelicam
1321 1293 1465 1364 legat
1494 1293 1791 1361 historiam,
1827 1301 1880 1346 et

281 1383 460 1438 videat
487 1383 561 1437 ibi
589 1383 862 1454 praecipue
892 1383 992 1437 soli
1025 1383 1204 1446 Petro,
1238 1381 1356 1434 aliis
1387 1381 1490 1435 ista
1521 1382 1604 1435 vel
1637 1381 1728 1434 illa
1755 1381 1878 1450 opi-

280 1471 553 1539 nantibus,
624 1471 893 1525 Christum
921 1471 1038 1544 .Dei
1090 1471 1195 1524 vivi
1235 1470 1427 1524 Filium
1479 1469 1770 1524 revelatum
1828 1476 1880 1523 et

283 1559 632 1630 singulariter
657 1559 856 1614 dictum
893 1577 905 1613 :
937 1561 1046 1628 Ego
1087 1576 1187 1630 pro
1238 1563 1291 1613 te
1337 1558 1546 1628 rogavi,
1599 1560 1781 1622 Petre,
1815 1561 1884 1611 ut

281 1665 396 1703 non
425 1648 652 1716 deﬁciat
677 1649 813 1716 ﬁdes
846 1653 944 1704 tua
971 1651 1124 1719 (Luc.
1158 1649 1324 1709 xxu).
1359 1648 1506 1716 Ergo
1537 1645 1600 1710 si,
1650 1645 1764 1698 istis
1795 1645 1882 1699 vel

281 1734 386 1790 illis
414 1735 554 1791 falsa
583 1737 914 1807 putantibus,
943 1739 1102 1790 Petro
1133 1735 1332 1790 veritas
1355 1735 1625 1805 praecipue
1649 1734 1885 1788 revelata

285 1833 384 1889 est,
436 1835 489 1879 et
531 1824 576 1879 si
622 1841 719 1895 pro
767 1824 874 1880 ﬁde
918 1825 1062 1880 Petri
1101 1833 1311 1880 oratum
1360 1823 1704 1895 singulariter
1744 1830 1825 1876 est
1855 1837 1888 1876 a

284 1912 416 1967 Filio
447 1928 516 1968 ne
546 1910 822 1982 deficeret,
858 1914 1168 1968 consideret
1198 1913 1414 1983 sapiens
1445 1927 1537 1965 rex
1571 1927 1728 1982 quam
1760 1910 1885 1964 lau-

286 2000 534 2055 dabiliter
548 2001 784 2072 primum
807 2000 1000 2056 fecerit
1021 2002 1222 2056 Urbem
1246 2016 1498 2072 quaerens
1515 2000 1582 2053 ad
1605 2015 1767 2070 quam
1785 2000 1886 2055 iste

288 2089 411 2144 talis
441 2096 494 2143 et
524 2097 700 2144 tantus
732 2089 1013 2160 apostolus
1042 2091 1188 2145 venit
1209 2097 1261 2144 et
1287 2088 1621 2160 praedicavit,
1653 2088 1760 2153 cui,
1796 2089 1887 2141 Pa-

286 2185 365 2232 tre
395 2177 690 2241 revelante,
715 2177 916 2232 veritas
939 2178 1054 2232 Filii
1078 2178 1339 2248 patefacta
1361 2185 1461 2241 est,
1483 2184 1532 2230 et
1552 2175 1704 2244 cujus
1725 2175 1882 2242 fides,

288 2266 410 2338 quia
462 2265 626 2319 Filius
671 2266 903 2338 rogavit,
961 2283 1072 2321 non
1116 2266 1332 2322 defecit.
1376 2265 1458 2318 Ad
1497 2265 1638 2318 hanc
1685 2264 1886 2335 quippe

286 2353 588 2408 Romanam
619 2354 815 2408 urbem
853 2363 977 2424 post
1016 2355 1332 2421 Antiochiae,
1377 2368 1536 2423 quam
1564 2352 1618 2405 in
1659 2354 1886 2408 transitu

283 2442 536 2500 visitavit.
564 2441 840 2496 fundatam
862 2444 1170 2511 ecclesiam,
1195 2452 1452 2512 tanquam
1475 2440 1543 2494 ad
1565 2442 1751 2495 mundi
1781 2443 1886 2496 do-

285 2530 485 2583 minam
509 2531 820 2600 properavit
845 2550 859 2598 ;
893 2539 945 2586 et
973 2531 1083 2586 illic
1127 2542 1522 2602 consequenter
1568 2531 1758 2586 Filium
1787 2532 1885 2586 Dei

285 2618 412 2683 vivi,
445 2635 606 2690 quem
636 2634 746 2673 non
789 2635 956 2675 carne
988 2619 1073 2674 vel
1106 2621 1390 2692 sanguine,
1426 2631 1483 2676 ut
1508 2623 1882 2693 praediximus,

285 2706 383 2762 sed
412 2722 478 2762 eo
507 2707 806 2773 revelante,
841 2708 976 2763 sicut
1008 2708 1273 2762 veraciter
1311 2711 1588 2782 cognovit,
1623 2711 1888 2766 veraciter

283 2803 335 2848 et
362 2794 678 2864 praedicavit
703 2812 714 2849 :
741 2812 906 2866 super
935 2812 1094 2866 quam
1125 2796 1290 2850 etiam
1320 2799 1548 2852 solidam
1579 2798 1886 2854 confessio-

281 2883 364 2936 nis
393 2891 610 2953 petram
661 2900 813 2937 suam
843 2885 1106 2938 Dominus
1146 2886 1450 2940 Ecclesiam
1481 2887 1802 2952 fabricavit;
1835 2895 1888 2941 et

279 2971 400 3026 haec
427 2979 512 3026 est
544 2980 701 3040 petra
731 2972 820 3025 illa
868 2988 1030 3043 supra
1055 2989 1235 3044 quam,
1270 2983 1322 3028 ut
1357 2975 1611 3030 Salomon
1642 2977 1736 3042 ait,
1770 2992 1886 3030 ser-

278 3060 459 3130 pentis
491 3075 596 3114 non
647 3059 916 3115 invenitur
963 3062 1270 3132 vestigium.
1303 3063 1405 3118 Pro
1435 3066 1539 3120 hac
1569 3065 1751 3136 itaque
1781 3082 1886 3134 pu—

279 3148 502 3202 rissima
551 3146 658 3203 ﬁde
705 3149 892 3204 beatus
932 3151 1117 3204 Petrus
1169 3151 1352 3206 Romae
1399 3162 1658 3217 moratus,
1706 3154 1760 3207 in
1789 3155 1889 3208 hac

281 3235 546 3290 stabilivit
591 3237 913 3298 Ecclesiam.
948 3246 999 3292 et
1029 3239 1158 3292 sede
1206 3241 1502 3309 apostolica
1551 3241 1750 3295 diutius
1781 3258 1888 3311 gu-

279 3324 536 3390 bernata,
562 3341 661 3395 pro
687 3327 790 3381 hac
811 3325 918 3381 fide
941 3327 1108 3381 decus
1131 3327 1321 3381 mortis
1344 3331 1638 3398 assumpsit
1662 3348 1675 3394 ;
1700 3330 1888 3399 sicque

278 3422 530 3470 sanctam
574 3415 871 3469 Romanam
919 3416 1218 3470 Ecclesiam
1251 3417 1304 3469 in
1338 3418 1438 3472 hac
1470 3416 1574 3471 fide
1607 3416 1888 3471 fundatam

276 3503 514 3573 proprio
546 3503 811 3576 sanguine
833 3519 955 3558 cum
981 3505 1162 3568 Paulo,
1189 3504 1280 3575 qui
1309 3505 1376 3557 ab
1396 3506 1694 3560 Jerusalem
1715 3522 1888 3576 usque

279 3591 351 3644 ad
387 3591 659 3661 Illyricam
707 3592 1005 3661 regionem,
1039 3592 1243 3647 scilicet
1267 3593 1320 3646 in
1352 3610 1461 3663 qua
1490 3611 1632 3648 nunc
1661 3610 1759 3648 vos
1789 3595 1888 3648 ha-

279 3679 490 3744 bitatis,
519 3679 819 3751 Evangelio
861 3681 1108 3754 replevit,
1143 3681 1374 3736 Domino
1404 3682 1518 3736 Deo
1550 3683 1890 3736 consecravit

277 3775 332 3822 et
393 3767 703 3831 dedicavit;
753 3784 859 3838 qua
916 3767 1022 3823 ﬁde
1079 3777 1224 3823 tanto
1285 3770 1422 3822 intra
1481 3771 1647 3824 breve
1678 3779 1890 3840 tempus

276 3855 522 3910 Romani
565 3865 854 3911 creverunt
885 3865 936 3912 et
958 3858 1278 3922 floruerunt,
1312 3866 1367 3911 ut
1418 3859 1674 3927 praelatus
1721 3876 1889 3930 egre-

277 3943 411 4016 gius
443 3944 724 4014 apostolus
753 3960 878 3999 mox
910 3944 964 3998 in
993 3945 1256 4014 principio
1287 3946 1642 4015 epistolarum
1671 3963 1891 4001 suarum

275 4048 382 4102 pro
417 4048 486 4087 ea
515 4033 630 4086 Deo
678 4033 882 4104 gratias
930 4049 1098 4104 agere
1143 4041 1196 4087 et
1247 4034 1566 4090 denuntiare
1617 4035 1892 4104 przeconia

274 4121 541 4176 videatur
569 4123 744 4180 (Rom.
781 4121 840 4191 ι).
877 4123 1028 4176 Hanc
1076 4123 1252 4192 itaque
1303 4121 1462 4176 fidem
1502 4122 1693 4193 fugere
1742 4141 1889 4177 sem-

271 4225 379 4280 per
411 4219 464 4263 et
498 4209 686 4274 suade,
727 4209 1060 4274 charissime,
1096 4210 1184 4280 pio
1218 4211 1333 4281 regi
1383 4211 1529 4265 sitire
1564 4229 1577 4264 :
1612 4213 1753 4267 hanc
1783 4228 1892 4266 non

268 4299 407 4352 alibi
441 4298 716 4366 praecipue
759 4314 1007 4368 quaerere
1039 4299 1141 4351 nisi
1177 4300 1379 4362 Romae,
1414 4299 1502 4352 ubi
1535 4300 1774 4368 plantata
1809 4309 1890 4354 est

1919 3023 1968 3086 Ο

1975 415 2133 476 cepto
2164 414 2216 460 et
2264 406 2616 476 multiplicato
2664 405 3044 461 familiaritatis
3091 408 3294 463 talento
3351 409 3406 462 in
3435 425 3576 481 gau-

1975 491 2125 547 dium
2171 495 2385 548 Domini
2430 495 2600 549 nostri
2648 495 2915 550 merearis
2935 495 3165 551 intrare.
3198 497 3314 550 Nos
3347 513 3496 562 vero,
3533 497 3578 552 si

1977 597 2078 636 nos
2136 583 2436 650 audieritis,
2496 583 2618 656 quia
2675 600 2771 638 vos
2825 593 3080 656 tanquam
3133 585 3327 639 fratres
3354 593 3404 640 et
3435 584 3576 642 ﬁlios

1979 687 2191 725 summo
2223 687 2408 726 amore
2436 672 2732 741 diligimus,
2753 673 2822 726 de
2850 673 3002 726 lucro
3025 675 3187 726 vestri
3218 675 3578 743 gaudebimus

1979 767 2031 812 et
2088 759 2681 828 superexsultabimus;
2729 761 2812 814 sin
2870 770 3070 826 autem,
3121 762 3367 816 dicemus
3430 763 3578 816 omni

1978 847 2260 912 Ecclesize,
2296 855 2348 900 et
2379 848 2512 902 sicut
2543 849 2806 902 Dominus
2863 851 3122 920 praecepit
3163 851 3363 920 (Matth
3395 851 3575 920 xvut),

1981 951 2078 990 vos
2136 944 2384 1006 tanquam
2433 937 2678 991 etnicbos
2736 945 2789 990 et
2843 937 3164 1007 publicanos
3207 938 3580 993 habebimus:

1981 1030 2036 1077 et
2067 1031 2192 1077 tunc
2225 1037 2319 1077 vos
2364 1023 2624 1088 videritis,
2671 1040 2794 1078 cum
2830 1025 2884 1078 in
2915 1025 3096 1079 varias
3137 1042 3380 1080 errorum
3413 1035 3582 1080 tenta-

1982 1110 2157 1165 tiones
2200 1111 2520 1166 incideritis.
2560 1112 2722 1166 Missa
2771 1129 2871 1182 per
2919 1114 3158 1180 Paulum,
3193 1123 3244 1168 et
3275 1115 3579 1184 Eugenium

1983 1199 2475 1290 re'verendissmos
2521 1208 2571 1253 et
2613 1207 2832 1254 sanctos
2875 1202 3182 1272 episc0pos.
3229 1204 3365 1256 Data
3391 1219 3592 1258 mense.

1984 1286 2178 1356 Aprili,
2210 1287 2298 1340 die
2328 1303 2448 1354 xw,
2480 1287 2776 1342 indictione
2807 1288 3112 1344 undecima.

2180 1494 2254 1534 Αι)
2293 1495 2564 1543 QUEMDAM
2601 1497 2678 1535 ex
2717 1498 3006 1537 NOBILIBUS
3045 1498 3310 1538 BULGARIS
3338 1492 3383 1539 ⁸.

2603 1580 2783 1645 (Anno
2823 1582 2972 1650 878.)

1912 1672 1964 1732 Β
1987 1665 2250 1736 Ejusdem
2293 1670 2636 1737 argumenti,
2697 1673 2938 1740 suntque
2995 1672 3115 1740 fere
3172 1671 3366 1725 eadem
3423 1672 3585 1726 verba

2509 1755 2630 1809 qua:
2659 1740 2720 1792 in
2751 1743 3056 1810 superiore.

2059 1822 2521 1880 Christianissimo
2567 1826 2686 1897 regi
2727 1828 3062 1897 apostolatus
3102 1829 3274 1882 nostri
3313 1829 3586 1884 mittentes

1987 1910 2292 1981 epistolam,
2321 1913 2545 1985 dignum
2577 1915 2830 1969 duximus
2859 1924 2915 1968 ut
2937 1925 2988 1970 et
3020 1925 3124 1970 tua:
3156 1933 3372 1988 quoque
3393 1916 3585 1990 gloriae

1986 2000 2372 2065 scriberemus,
2407 2011 2458 2055 et
2515 2003 2751 2072 gemitus
2806 2019 2871 2079 ac
2925 2005 3147 2058 dolores
3204 2005 3372 2058 nostri
3403 2005 3582 2060 cordis

1987 2089 2347 2158 aperiremus,
2406 2105 2545 2160 quos
2599 2091 2815 2146 assidue
2869 2092 3107 2162 patimur
3135 2093 3493 2162 suspirantes,
3529 2101 3584 2147 et

1987 2175 2172 2230 tristes
2213 2177 2429 2246 penitus
2473 2179 2790 2234 incedentes
2830 2189 2881 2234 et
2927 2190 3147 2251 stupore
3195 2181 3360 2236 nimio
3407 2181 3586 2236 admi-

1987 2273 2187 2330 rantes,
2223 2267 2496 2336 quomodo
2546 2267 2662 2338 ipse
2695 2267 3124 2338 sapientissimus
3157 2285 3247 2324 rex
3275 2279 3327 2324 et
3358 2286 3456 2325 vos
3485 2270 3588 2341 ipsi

1987 2353 2154 2407 averti
2201 2354 2502 2424 potueritis,
2555 2363 2608 2408 et
2637 2372 2670 2410 a
2699 2364 2851 2411 recta
2899 2359 3090 2411 semita
3135 2357 3434 2423 declinare,
3478 2367 3531 2412 et
3559 2375 3590 2412 a

1990 2440 2121 2494 sede
2153 2441 2297 2495 beati
2346 2442 2491 2496 Petri
2537 2443 2908 2512 apostolorum
2952 2445 3212 2515 principis
3258 2447 3479 2500 omnino
3510 2463 3592 2502 re-

1989 2529 2223 2596 cedere;
2263 2529 2370 2595 cui,
2405 2529 2542 2585 sicut
2587 2533 2942 2603 Evangelium
2997 2533 3159 2588 refert
3189 2534 3410 2605 (Matth.
3445 2535 3589 2605 xvi),

1989 2632 2096 2670 non
2149 2633 2274 2672 caro
2319 2626 2372 2672 et
2412 2620 2654 2690 sanguis,
2689 2621 2742 2674 id
2773 2630 2856 2675 est
2897 2623 3135 2675 humana
3179 2622 3462 2692 sapientia,
3497 2623 3594 2678 sed

1989 2705 2106 2774 ipse
2134 2721 2231 2775 per
2281 2722 2341 2759 se
2391 2707 2549 2760 Pater
2580 2708 2771 2761 Filium
2823 2710 3102 2780 proprium
3149 2710 3434 2777 revelavit,
3468 2727 3594 2766 cum

1989 2792 2082 2846 alii
2128 2792 2272 2847 hunc
2317 2794 2600 2860 Joannem,
2651 2797 2743 2850 alii
2789 2797 2982 2864 Eliam,
3035 2798 3124 2852 alii
3169 2799 3461 2854 Jeremiam
3505 2808 3593 2854 aut

1990 2897 2155 2934 unum
2199 2897 2263 2935 ex
2320 2885 2602 2952 prophetis
2661 2885 3047 2965 existimarent.
3097 2887 3400 2942 Scribimus
3457 2905 3592 2960 ergo

1991 2977 2250 3040 tanquam
2302 2969 2459 3025 fratri
2515 2973 2631 3040 ejus
2689 2982 2740 3028 et
2798 2975 3117 3030 charissimo
3189 2985 3397 3032 nostro.
3456 2978 3594 3032 Nam

1991 3067 2187 3112 cuncta
2234 3075 2354 3130 quae
2411 3059 2480 3113 ad
2531 3061 2757 3115 salutem
2795 3064 2975 3134 gentis
3001 3072 3194 3120 vestra:
3223 3081 3255 3118 a
3285 3066 3444 3120 nobis
3473 3075 3596 3121 acta

1991 3155 2137 3212 sunt,
2173 3156 2226 3201 et
2275 3157 2402 3220 quot
2445 3157 2498 3202 et
2544 3159 2778 3219 quantos
2827 3152 3041 3207 labores
3091 3169 3188 3222 pro
3243 3153 3594 3210 instructione

1993 3235 2158 3287 vestri
2192 3252 2292 3288 nos
2321 3237 2802 3306 assumpserimus,
2836 3240 2952 3309 ipse
2984 3239 3232 3310 profecto
3253 3257 3362 3296 non
3390 3243 3591 3298 nescis.

1989 3322 2059 3375 Et
2093 3323 2230 3377 bene
2277 3325 2495 3394 quidem
2545 3326 2778 3394 primum
2811 3327 2864 3380 in
2896 3329 3052 3381 nobis
3098 3329 3514 3384 delectabamini
3542 3339 3596 3386 et

2003 3411 2340 3480 spiritalibus
2389 3413 2606 3484 gaudiis
2654 3425 2705 3468 et
2734 3415 3064 3484 profectibus
3106 3417 3464 3484 fruebamini;
3497 3419 3594 3473 sed

1990 3499 2263 3578 nescimus
2329 3501 2450 3570 quis
2513 3518 2611 3555 vos
2658 3503 2726 3557 de
2797 3514 2993 3559 caetero
3052 3504 3412 3571 fascinaverit,
3472 3507 3594 3578 quis

1991 3571 2282 3657 deceperit,
2345 3589 2466 3659 quis
2525 3606 2791 3662 organum
2848 3591 3021 3648 factus
3065 3593 3288 3657 diaboli,
3339 3595 3430 3666 qui
3461 3571 3592 3650 olim

1990 3691 2091 3746 per
2145 3687 2457 3746 serpentem
2516 3679 2688 3732 Evam
2737 3679 2968 3745 seduxit,
3017 3697 3113 3736 vos
3145 3697 3177 3736 a
3211 3691 3356 3736 recto
3401 3683 3594 3739 itinere

1991 3764 2180 3818 callida
2231 3766 2482 3819 suasione
2533 3768 2832 3822 retraxerit.
2896 3769 3048 3823 Unde
3077 3785 3184 3824 non
3215 3786 3406 3839 parum
3436 3771 3594 3826 dole-

1991 3869 2111 3907 mus
2162 3869 2266 3908 nec
2307 3854 2497 3908 levxter
2542 3855 2867 3909 anxiamur:
2902 3867 2953 3911 et
2999 3857 3202 3912 idcirco
3249 3867 3318 3927 te,
3353 3859 3595 3914 virorum

1993 3942 2214 4011 Optime,
2251 3944 2613 4010 cohortamur,
2667 3945 2892 4015 loquere
2922 3947 2992 4000 ad
3021 3963 3178 4000 aures
3223 3948 3466 4016 ejusdem
3514 3949 3598 4003 di-

1993 4029 2118 4084 lecti
2151 4029 2239 4083 lilii
2273 4032 2439 4084 nostri
2473 4033 2643 4104 regis,
2677 4033 2763 4086 cui
2797 4041 2848 4086 et
2877 4033 3140 4088 Dominus
3172 4034 3286 4105 ipse
3317 4037 3496 4106 potius
3527 4038 3597 4092 ad

1993 4133 2158 4172 aures
2186 4119 2611 4188 prmcordiorum
2652 4121 2919 4191 loquetur,
2955 4132 3009 4176 ut
3039 4125 3264 4193 primam
3295 4123 3456 4179 ﬁdem
3490 4142 3596 4181 non

1994 4204 2153 4261 faciat
2183 4207 2410 4272 irritam,
2444 4217 2496 4260 ut
2523 4218 2645 4262 ante
2677 4226 2736 4262 se
2767 4211 3043 4281 gradiens,
3077 4221 3224 4266 retro
3257 4229 3600 4284 nequaquam

1997 4296 2278 4364 respiciat,
2325 4295 2466 4348 viam
2515 4311 2622 4365 qua
2667 4297 2980 4352 ambulabat
3019 4315 3126 4353 non
3155 4300 3388 4366 deserat,
3423 4317 3596 4356 evan-

271 4394 326 4441 et
359 4387 610 4440 radicata
638 4402 669 4439 a
701 4386 858 4440 beato
891 4389 1068 4451 Petro,
1103 4387 1191 4458 qui
1225 4389 1378 4452 hanc,
1415 4397 1468 4440 ut
1501 4404 1660 4456 supra
1701 4396 1890 4442 osten-
1919 4372 1972 4430 D
1993 4383 2228 4454 gelicam
2289 4381 2433 4454 legat
2463 4383 2767 4448 historiam,
2803 4393 2853 4438 et
2883 4386 3062 4439 videat
3089 4387 3159 4439 ibi
3190 4389 3462 4458 praecipue
3493 4389 3596 4443 soli

269 4475 484 4542 dimus,
537 4473 672 4528 sicut
721 4475 990 4528 veraciter
1017 4477 1274 4547 cognovit
1303 4476 1569 4530 veraciter
1602 4483 1653 4528 et.
1690 4475 1882 4544 praedi-

268 4563 420 4618 cavit
469 4579 485 4614 :
539 4563 792 4632 quoniam
842 4563 978 4617 sicut
1027 4579 1166 4634 aqua
1217 4579 1490 4634 nunquam
1543 4571 1719 4632 potest
1767 4563 1892 4616 alibi

262 4660 382 4706 tam
418 4650 628 4704 munda
659 4651 744 4704 vel
776 4660 881 4704 tam
914 4652 1130 4720 limpida
1163 4653 1622 4722 quemadmodum
1656 4652 1706 4704 in
1740 4651 1886 4705 fonte

265 4740 424 4794 unde
476 4737 744 4809 originem
793 4740 1072 4808 protrahit,
1119 4739 1366 4804 inveniri,
1401 4739 1470 4792 ita
1501 4749 1552 4794 et
1583 4737 1717 4793 fides
1748 4757 1889 4793 nun-

265 4845 446 4900 quam
477 4827 703 4882 omnino
748 4829 944 4898 poterit
993 4827 1119 4881 alibi
1151 4837 1260 4881 tam
1307 4845 1439 4897 pura
1473 4829 1556 4882 vel
1588 4837 1692 4882 tam
1721 4829 1890 4881 nitida

263 4917 516 4988 reperiri
565 4915 700 4970 sicut
731 4917 784 4970 in
819 4916 1082 4971 Ecclesiae
1130 4926 1328 4970 nostrae
1378 4916 1606 4978 vivario,
1642 4917 1733 4971 ubi
1768 4933 1888 4971 eam

261 5022 382 5060 non
419 5011 568 5060 tecta
599 5005 972 5074 perstillantia,
997 5005 1193 5075 quibus
1221 5004 1453 5075 litigiosa
1483 5005 1697 5070 mulier,
1723 5006 1774 5058 id
1808 5014 1889 5058 est

263 5093 538 5150 haeretica
597 5093 852 5161 pravitas,
913 5101 1288 5162 comparatur;
1341 5093 1436 5146 sed
1494 5093 1582 5147 ille
1641 5095 1888 5163 polorum

261 5183 536 5253 claviger
585 5181 814 5234 ubertim
846 5190 899 5236 et
948 5183 1239 5256 purissime
1288 5181 1664 5252 congregavit,
1702 5182 1792 5252 qui
1821 5199 1886 5234 ex

261 5272 393 5344 ipso
428 5270 586 5324 fonte
617 5269 742 5323 vivo
773 5271 913 5324 hanc
942 5271 1154 5324 cmlitus
1177 5270 1353 5323 hausit
1375 5278 1426 5323 et
1452 5269 1888 5339 limpidissimain

261 5357 724 5417 conservandam
755 5358 1052 5412 mandavit.
1088 5359 1236 5422 llaec,
1277 5357 1616 5424 charissime,
1649 5358 1739 5428 pio
1771 5358 1886 5430 regi

1993 4471 2152 4524 Petro
2197 4470 2468 4524 Christum
2513 4470 2610 4524 Dei
2656 4471 2760 4525 vivi
2794 4472 2989 4526 Filium
3027 4475 3350 4530 revelatum.
3383 4476 3466 4529 Ad
3496 4477 3595 4531 hu-

1984 4560 2075 4628 jus
2123 4575 2254 4630 ergo
2304 4559 2604 4613 beatissimi
2654 4561 2792 4618 Petri
2824 4561 3009 4616 sedem
3041 4562 3206 4618 alacri
3246 4572 3466 4633 pectore
3497 4581 3592 4619 rex

1993 4647 2487 4702 Christianissimus
2536 4649 2762 4714 redeat;
2797 4658 2849 4704 et
2881 4651 3015 4704 sicut
3064 4667 3276 4716 servus,
3310 4668 3435 4706 cum
3464 4653 3596 4723 quid

1991 4737 2285 4806 sumpserit
2349 4737 2588 4802 noxium,
2649 4738 2922 4792 desiderat
2979 4740 3049 4793 ad
3097 4739 3274 4794 fontes
3332 4757 3593 4812 aquarum

1992 4826 2166 4896 (Psal.
2203 4828 2365 4894 XLII),
2410 4826 2481 4879 ita
2529 4826 2804 4880 desideret
2835 4835 2884 4880 et
2915 4826 3057 4880 sitiat
3095 4828 3279 4882 anima
3327 4829 3497 4900 ipsius
3526 4831 3593 4885 ad

1992 4913 2272 4968 salutifera
2321 4914 2436 4980 ejus
2477 4914 2736 4968 doctrina:
2783 4915 3002 4968 fluenta.
3039 4916 3096 4969 In
3127 4933 3234 4988 q'io
3279 4918 3368 4987 pio
3399 4927 3487 4973 tua
3517 4919 3597 4973 la-

1990 5002 2140 5056 boret
2189 5019 2355 5072 opere
2387 5019 2498 5071 prze
2527 5002 2735 5056 cunctis
2767 5003 3009 5068 solertia,
3044 5012 3098 5058 ut
3126 5021 3236 5059 non
3276 5007 3451 5060 solum
3485 5007 3598 5062 fra-

1989 5099 2126 5145 trem
2177 5090 2559 5145 charissimum
2609 5090 2932 5155 lucrifacias,
2966 5091 3064 5146 sed
3095 5101 3146 5146 et
3177 5094 3246 5147 de
3277 5095 3446 5148 salute
3475 5111 3592 5149 om-

1989 5180 2136 5233 nium
2168 5187 2410 5232 vestrum
2455 5177 2570 5247 ipse
2602 5179 2917 5232 mercedum
2961 5181 3186 5249 praemia
3213 5183 3587 5253 consequaris.

1987 5267 2130 5322 Nihil
2181 5267 2322 5320 enim
2351 5267 2525 5336 placet
2573 5267 2689 5324 Deo
2737 5267 2856 5338 plus
2887 5268 2968 5321 his
3012 5269 3103 5340 qui
3133 5270 3202 5323 ab
3243 5286 3428 5326 errore
3459 5287 3590 5327 con-

1987 5355 2120 5410 verti
2169 5353 2366 5408 faciunt
2395 5353 2664 5420 homines,
2699 5355 2785 5410 vel
2814 5356 2904 5426 qui
2951 5357 3022 5410 ad
3045 5356 3310 5424 justitiam
3341 5359 3588 5416 erudiunt

332 5513 362 5540 ⁸
384 5511 517 5562 Haec
547 5507 750 5570 epistola
774 5508 899 5572 apud
925 5509 1077 5563 Mansi
1103 5521 1361 5572 perperam
1383 5508 1620 5572 inscripta
1649 5511 1724 5559 est
1751 5527 1762 5557 :
1793 5507 2022 5559 Michael!
2045 5505 2259 5567 glorioso
2282 5507 2390 5566 regi
2417 5505 2704 5569 Bulgarum,
2734 5511 2790 5555 ut
2807 5519 2872 5556 ex
2895 5511 3125 5558 contextu
3142 5513 3296 5572 patet.
