4072 6186
463 271 575 323 ’763

1733 257 2052 317 JOANNES
2099 255 2274 312 ΡᾹΡΑ
2327 261 2462 316 VIII.

3667 267 3767 319 764

475 390 756 460 plurimos.
812 389 880 445 Et
935 387 1060 444 ideo
1113 402 1214 458 pro
1264 395 1372 442 tam
1427 394 1616 441 sancto
1664 385 1870 448 labore,
1904 383 2068 438 beato
2096 378 2258 438 Anis
2285 385 2647 440 contubernio
2678 384 3043 458 sequestrare,
3079 388 3140 443 in
3168 392 3435 460 promptu
3480 387 3762 454 habentes,

478 479 638 534 Petro
667 477 947 548 clavigero
975 475 1133 549 regni
1163 474 1401 531 ccelestis
1419 473 1811 535 intercedente.
1835 471 2070 542 operies,

481 567 620 623 sicut
641 566 902 638 scriptum
922 574 1004 621 est
1020 567 1159 636 (Jac.
1181 566 1262 634 tt),
1283 563 1682 618 multitudinem
1703 567 2072 633 peccatorum,

477 665 532 712 et
558 655 850 710 stabilieris
893 653 1048 725 quasi
1079 653 1202 709 οωιί
1249 651 1648 707 ﬁrmamentum
1677 659 1730 704 et
1759 650 1878 704 dies
1909 656 2074 702 aeter-

480 744 688 799 nitatis.
729 743 835 797 Sed
865 750 917 796 et
940 757 1039 796 nos
1086 740 1304 794 interim
1334 748 1386 794 te
1416 741 1468 794 in
1497 739 1817 794 devotorum
1846 751 2075 790 numero

481 830 710 887 ﬁliorum
779 830 1117 894 habebimus,
1177 837 1230 882 et
1288 827 1724 883 confessionibus
1791 823 2073 895 apostolo-

477 937 595 975 rum
653 919 961 990 principum
1023 917 1343 971 memoriam
1400 915 1476 969 tui
1527 915 1730 984 jugiter
1787 927 2073 968 commen-

478 1009 612 1063 dare
658 1007 964 1062 nullatenus
1010 1005 1338 1061 omittemus.
1373 1005 1509 1059 Data
1543 1018 1730 1057 mense
1763 999 1953 1070 Aprili,
1985 1000 2073 1053 in-

482 1097 718 1152 dictione
749 1112 828 1150 χι.

1207 1211 1346 1232 unm.

445 1211 554 1305 ῐῖῐ)
591 1266 860 1306 IGNATIUM
913 1263 1302 1304 PATRIARCHAM
1342 1257 2069 1316 CONSTANTINOPOLITANU‘.

1093 1321 1273 1388 (Anno
1312 1319 1460 1384 878.)

490 1411 670 1465 Tertio
692 1411 818 1480 jam
863 1410 1200 1474 commonet,
1234 1421 1318 1480 ne
1359 1405 1666 1480 Bulgarum
1688 1403 1980 1480 regionem
2000 1399 2074 1454 ad

558 1473 864 1535 Ecclesium
888 1480 1197 1534 Romanam
1211 1477 1335 1546 jam
1353 1473 1670 1546 antiquitus
1689 1473 2074 1546 pertinentem

558 1491 864 1535 Ecclesium
888 1491 1197 1534 Romanam
1211 1492 1335 1546 1am
1353 1491 1476 1530 ann
1515 1491 1670 1528 unus
1689 1491 2074 1544 pertinentem

554 1552 806 1620 usurpet,
837 1552 890 1602 et
922 1564 1003 1612 eo,
1037 1547 1122 1602 vel
1151 1547 1368 1620 abgejus
1397 1491 1770 1620 su/ig‘raganeis
1797 1544 1956 1620 inea
1980 1555 2075 1620 re-

555 1612 715 1689 gione-
758 1622 1110 1673 consecratos
1155 1612 1434 1689 episcopos
1466 1612 1633 1669 intra
1679 1613 1915 1683 triginta
1955 1612 2074 1689 dies

558 1683 722 1744 illinc
753 1690 953 1744 educat
976 1709 994 1745 :
1027 1693 1082 1743 et
1111 1683 1225 1742 nisi
1243 1683 1370 1757 post
1397 1685 1538 1740 duas
1557 1699 1778 1738 menses
1792 1683 2070 1757 paruerit,

555 1759 830 1814 Dominici
876 1760 1120 1830 corporis
1149 1762 1203 1830 et
1233 1755 1528 1825 sanguinis
1573 1755 1988 1830 comm-unione,
2020 1755 2078 1830 e_t_

554 1831 606 1884 si
656 1823 1095 1901 perseuerauerit
1140 1829 1203 1901 in
1261 1823 1640 1886 contumacia,
1699 1823 2079 1896 patriarchali

557 1900 729 1956 etiam
762 1900 1040 1970 dignitate
1064 1900 1273 1971 privat.

554 1985 1289 2042 Reverentissimoconfratri
1329 1992 1515 2039 nostro
1575 1983 1803 2036 [exarto
1853 1980 2080 2051 patriar-

486 2077 602 2131 cha;
625 2074 1240 2146 Constantinopolitano.

552 2165 804 2219 Secundo
841 2163 952 2232 jam
1011 2163 1158 2218 sedis
1215 2160 1529 2232 apostolicae
1583 2158 1773 2212 litteris
1829 2155 2080 2227 probaris

482 2252 806 2318 admonitus,
853 2259 906 2305 et
950 2267 1048 2320 per
1088 2250 1288 2303 missos
1336 2249 1454 2317 ejus
1502 2244 1899 2302 contestatoriis
1943 2258 2079 2298 con-

484 2347 679 2396 ventus
735 2338 1058 2402 hortatibus,
1127 2338 1250 2406 jure
1323 2336 1416 2389 tibi
1475 2331 2082 2402 ConstantinOpolitanae

483 2429 808 2494 dimceseos,
840 2426 982 2498 quod
1013 2441 1110 2496 per
1131 2425 1374 2494 ejusdem
1407 2421 1594 2494 prima:
1615 2421 1762 2477 sedis
1790 2419 2081 2476 auctorita-

484 2525 591 2572 tem
622 2524 674 2572 et
705 2515 966 2579 favorem,
995 2521 1268 2568 annuente
1301 2514 1436 2576 Deo,
1471 2525 1781 2581 receperas,
1817 2508 1914 2563 rite
1943 2523 2081 2564 con-

485 2611 684 2674 tentus,
717 2603 856 2658 ultra
906 2600 1140 2674 praﬁxos
1169 2601 1264 2655 tibi
1297 2617 1362 2656 ex
1387 2598 1688 2655 canonibus
1717 2596 1914 2651 limites
1944 2611 2081 2666 prae-

486 2693 808 2764 sumptionis
853 2691 1047 2762 pedem
1097 2705 1204 2745 non
1237 2690 1510 2750 tenderes.
1545 2702 1646 2742 nec
1683 2685 1936 2756 antiquos
1965 2691 2080 2738 ter-

484 2783 680 2836 mimos
703 2797 842 2853 quos
871 2787 1170 2850 posuerunt
1200 2786 1384 2848 patres
1413 2777 1486 2831 tui
1518 2776 1698 2847 aliqua
1726 2771 2082 2844 usurpatione

487 2868 828 2924 transferres.
862 2867 1056 2922 Nullus
1104 2874 1284 2920 autem
1314 2866 1532 2936 ignorat
1563 2863 1844 2935 regionem
1877 2860 2080 2930 Bulga-

486 2973 608 3010 rum
637 2971 670 3009 a
700 2962 902 3010 sancta:
945 2953 1222 3009 memoriae
1269 2953 1508 3006 Damaso
1550 2965 1709 3021 papa,
1743 2957 1795 3004 et
1822 2949 2082 3018 deinceps

485 3059 660 3115 usque
689 3043 758 3097 ad
787 3057 1126 3114 paganorum
1159 3040 1513 3110 irruptionem
1543 3055 1573 3092 a
1603 3037 1750 3092 sedis
1769 3035 2083 3106 apostolica)

487 3130 829 3202 praesulibus,
889 3137 1144 3202 quantum
1193 3128 1261 3182 ad
1317 3125 1703 3182 ecclesiastica:
1753 3123 2083 3195 provisxonis

486 3219 676 3274 attinet
728 3217 1097 3290 privilegium,
1171 3216 1534 3271 moderatam.
1595 3213 1902 3268 Praesertim
1959 3227 2084 3267 cum

483 3309 588 3363 hoc
616 3306 876 3362 nonnulla
907 3306 1127 3376 scripta,
1160 3305 1256 3360 sed
1287 3303 1558 3375 praecipue
1589 3301 1928 3356 diversorum
1956 3315 2081 3371 pon-

484 3396 688 3454 tificum
719 3396 1084 3452 Romanorum
1115 3411 1206 3449 res
1243 3401 1415 3465 gestae
1443 3409 1565 3464 quae
1594 3391 1648 3445 in
1677 3389 1916 3446 archivis
1947 3389 2084 3444 anti-

485 3486 665 3556 quitus
716 3492 918 3540 nostrze
965 3489 1314 3539 reservantur
1360 3479 1644 3548 Ecclesiae,
1695 3478 1893 3534 clarius
1941 3485 2083 3532 atte-

479 3581 708 3628 stentur.
756 3573 836 3626 De
865 3571 951 3626 his
981 3579 1162 3626 autem
1190 3587 1312 3643 quae
1340 3569 1538 3624 bellica
1568 3567 1754 3624 clades
1779 3575 1832 3622 et
1861 3565 2084 3637 gravis-

487 3660 610 3716 simi
659 3659 968 3715 hostilitatis
1024 3659 1276 3714 incursus
1331 3657 1579 3712 intulisse
1635 3662 1952 3729 noscuntur,
2010 3653 2087 3708 nil

484 3748 834 3821 praestantius
882 3747 1224 3802 sentiendum
1273 3755 1356 3801 est
1403 3761 1565 3816 quam
1595 3743 1742 3816 quod
1779 3741 2087 3798 clarissima

485 3837 752 3894 Ecclesiae
801 3836 946 3900 tuba,
1000 3843 1223 3889 sanctus
1273 3833 1525 3888 videlicet
1571 3833 1679 3886 Leo
1709 3839 1910 3886 nostra:
1939 3829 2086 3884 sedis

485 3927 731 3989 antistes,
779 3923 992 3978 edocuit
1035 3931 1088 3976 et
1135 3921 1397 3985 decrevit,
1449 3937 1573 3977 cum
1623 3921 1696 3974 ait
1723 3921 1910 3992 (epist.
1945 3919 2084 3987 85):

488 4012 833 4075 Adhibenda,
882 4010 1152 4080 inquiens,
1197 4009 1404 4064 curatio
1451 4017 1552 4070 est,
1604 4015 1660 4060 ut
1707 4007 1933 4061 vulnera
1965 4022 2087 4076 quin

489 4097 814 4154 adversione
840 4095 1152 4151 hostilitatis
1191 4095 1340 4150 illata
1370 4103 1513 4163 sunt,
1546 4093 1826 4164 religionis
1854 4093 2086 4148 maxime

489 4186 695 4242 ratione
771 4192 1044 4240 sanentur.
1121 4183 1226 4252 Qui
1303 4191 1443 4237 statu
1517 4198 1730 4248 rerum,
1791 4181 2086 4236 auxiliante

490 4275 743 4340 Domino,
778 4274 830 4328 in
859 4272 1084 4328 meliora
1113 4287 1382 4328 converso
1409 4271 1606 4326 iterum
1635 4269 1764 4326 dicit
1797 4288 1810 4324 :
1843 4269 2087 4324 Remotis

491 4363 644 4418 malis
673 4379 794 4434 quae
839 4359 1107 4416 hostilitas
1136 4359 1332 4426 intulit,
1366 4359 1660 4430 unicuique
1687 4359 1742 4414 id
1774 4358 1918 4430 quod
1948 4357 2086 4430 legi-

487 4453 615 4507 time
645 4450 851 4515 habuit,
885 4448 1244 4514 reformetur;
1278 4448 1532 4519 omnique
1571 4447 1749 4502 studio
1776 4419 2080 4518 procuran-
2104 4419 2158 4480 D

489 4542 618 4596 dum
650 4547 732 4594 est
789 4547 842 4593 ut
897 4537 1122 4608 recipiat
1177 4536 1550 4608 unusquisque
1607 4536 1752 4608 quod
1805 4535 2086 4606 proprium

489 4637 592 4684 est.
651 4628 720 4682 Et
775 4643 964 4682 rursus
997 4643 1010 4679 :
1043 4623 1201 4693 Quod
1255 4624 1447 4678 bellica
1519 4625 1846 4679 necessitate
1903 4623 2088 4678 turba-

491 4725 602 4772 tum
633 4724 733 4783 est,
767 4715 921 4786 pacis
961 4711 1208 4768 remedio
1239 4711 1582 4766 reformetur.
1616 4712 1725 4766 Sed
1757 4712 1893 4775 haec,
1928 4726 2090 4766 reve-

492 4803 798 4858 rentissime
853 4802 1039 4864 frater,
1096 4799 1275 4854 omnia
1331 4799 1532 4854 clausis
1587 4799 1760 4854 oculis
1822 4798 2089 4871 relegisti,

493 4899 912 4961 sanctorumque
957 4890 1173 4942 Patrum
1221 4889 1437 4942 decreta
1481 4887 1742 4942 calcaneo
1803 4887 2092 4942 temerario

497 4977 848 5042 conculcasti,
881 4992 943 5032 ac
987 4975 1364 5046 multiplicium
1394 4975 1487 5028 tibi
1517 4972 1905 5028 beneficiorum
1947 4974 2094 5028 sedis

497 5065 815 5138 apostolica:
867 5065 1224 5134 praestitorum
1299 5062 1521 5128 oblitus,
1591 5070 1775 5117 contra
1847 5063 2094 5116 eamdem

501 5163 746 5210 sanctam
793 5152 1000 5213 sedem,
1047 5150 1468 5206 benefactricem
1522 5150 1774 5205 videlicet
1821 5158 1990 5214 tuam,
2043 5158 2097 5204 et

501 5251 716 5299 erectus
745 5258 826 5307 es,
871 5240 1108 5311 priscam
1154 5239 1431 5294 dimcesim
1462 5239 1516 5293 in
1547 5239 1774 5311 regione
1816 5238 2096 5310 Bulgarica

501 5332 849 5385 constitutam
922 5328 1108 5384 illicita
1164 5327 1486 5398 pervasione
1544 5327 1872 5398 subripiens,
1931 5335 1983 5382 et
2042 5326 2098 5380 in

503 5417 732 5472 alienam
762 5432 998 5472 messem
1025 5424 1211 5472 contra
1235 5415 1448 5470 divinas
1476 5415 1631 5489 leges
1660 5415 1873 5470 mittere
1904 5413 2097 5470 falcem

506 5520 616 5560 non
645 5521 902 5559 renuens.
927 5503 1080 5560 Unde
1110 5504 1305 5560 merito
1330 5511 1454 5576 post
1482 5503 1713 5574 primam
1735 5511 1787 5558 et
1803 5503 2100 5559 secundam

507 5591 982 5649 commonitionem
1013 5606 1042 5644 a
1071 5598 1271 5645 nostrae
1300 5599 1352 5644 te
1381 5591 1744 5645 debueramus
1765 5591 2101 5645 communio-

2173 471 2472 527 secundum
2489 472 2830 544 Apostolum,
2854 490 3078 532 omnem
3101 475 3300 531 ulcisci
3323 473 3764 532 inobedientiam

2173 558 2227 625 (I
2243 559 2362 615 Cor.
2388 560 2451 630 χ)
2471 579 2484 626 ;
2505 561 2594 633 qui
2625 562 2786 617 etiam
2808 562 2938 618 dicit
2963 579 2975 618 :
2999 563 3057 618 Si
3087 565 3210 636 quis
3243 580 3358 620 non
3393 563 3578 619 obedit
3611 564 3763 618 verbo

2173 651 2365 704 nostro
2389 665 2493 721 per
2543 652 2863 722 epistolam,
2921 653 3071 707 hunc
3108 655 3322 714 notate,
3362 657 3428 706 ut
3458 667 3575 706 non
3627 667 3764 705 eom-

2173 735 2533 792 misceamini
2551 755 2680 793 cum
2701 739 2850 806 co(ll
2873 741 3010 794 Tim.
3032 739 3116 808 ιιι)
3139 758 3153 804 ;
3180 739 3276 793 sed
3293 740 3418 810 quia
3439 739 3589 794 sedis
3608 755 3766 808 apos-

2173 823 2348 879 tolicae
2368 825 2742 881 moderatione
2770 834 3020 893 utentes;
3071 827 3261 898 spiritu
3309 827 3546 882 lenitatis
3589 827 3766 898 potius

2174 928 2334 982 quam
2348 913 2652 968 severitatis
2668 930 2801 986 erga
2816 915 3176 986 correptionis
3190 923 3296 969 tute
3311 913 3605 987 ﬂagramus
3616 913 3772 970 aﬂ'ec-

2173 1007 2308 1068 tum,
2329 1015 2458 1056 ecce
2481 1001 2638 1056 tertio
2660 1001 2922 1062 canonice
2945 1019 3044 1073 per
3063 1002 3261 1057 missos
3283 1012 3335 1057 et
3352 1001 3588 1073 syllabas
3623 1018 3770 1058 com-

2174 1102 2483 1152 monemus,
2520 1097 2571 1143 et
2605 1090 2901 1156 hortamur,
2936 1098 2988 1145 et
3034 1097 3418 1160 protestamur,
3467 1098 3528 1144 ut
3569 1091 3768 1144 nullam

2173 1176 2397 1231 omnino
2425 1192 2631 1231 moram
2661 1193 2942 1248 perpessa,
2969 1186 3218 1233 strenuos
3238 1179 3383 1232 viros
3402 1179 3456 1232 in
3487 1179 3772 1251 regionem

2173 1263 2471 1335 Bulgarum
2489 1264 2703 1334 dirigat,
2728 1267 2819 1337 qui
2837 1281 2934 1336 per
2949 1274 3115 1320 totam
3137 1265 3369 1336 patriam
3387 1275 3774 1336 peragrantes,

2173 1366 2528 1423 quoscunque
2559 1353 2670 1408 illic
2710 1353 3008 1424 repererint
3037 1353 3190 1424 quia
3237 1360 3287 1408 te
3316 1353 3402 1407 vel
3443 1369 3472 1406 a
3519 1363 3778 1422 subjectis

2173 1439 2269 1492 tibi
2299 1440 2732 1495 consecrationis
2760 1457 2952 1495 munus
3000 1441 3284 1512 accepisse
3333 1441 3607 1508 dicuntur,
3659 1441 3776 1496 sine

2173 1527 2365 1598 quavis
2395 1527 2650 1584 dilatione
2691 1528 2984 1584 reducant:
3009 1529 3082 1583 ita
3100 1528 3310 1583 utintra
3323 1528 3540 1601 triginta
3561 1529 3774 1584 dierum

2173 1615 2402 1684 spatium
2453 1615 2632 1670 nullus
2679 1615 2988 1688 episcopus,
3042 1616 3224 1671 nullus
3267 1617 3490 1672 omnino
3518 1617 3770 1682 clericus,

2102 1725 2156 1784 Β
2177 1703 2268 1774 qui
2297 1710 2404 1758 tuae
2431 1703 2803 1772 ordinationis,
2835 1703 2943 1760 imo
2991 1704 3403 1759 inordinationis
3451 1712 3595 1772 sunt,
3635 1705 3778 1760 inter

2177 1807 2368 1846 omnes
2381 1791 2675 1862 Bulgarum
2705 1791 2844 1847 ﬁnes
2874 1793 3197 1847 inveniatur.
3217 1794 3339 1847 Non
3359 1792 3502 1847 enim
3541 1793 3778 1863 patimur

2177 1894 2273 1934 eos
2304 1896 2442 1950 quos
2472 1879 2674 1935 ibidem
2702 1889 2758 1934 tu
2797 1880 2980 1936 illicite
3030 1881 3374 1950 constituisti,
3423 1897 3562 1952 quos
3610 1889 3666 1936 et
3711 1881 3779 1935 ab

2177 1967 2476 2037 apostolica
2505 1983 2628 2022 esse
2652 1969 2766 2037 jam
2799 1969 2932 2023 sede
2986 1969 3147 2037 hujus
3204 1968 3280 2023 rei
3336 1969 3511 2039 gratia
3569 1977 3780 2024 constat

2178 2056 2696 2122 excommunicatos,
2731 2071 2918 2111 errore
2950 2073 3062 2111 suae
3101 2056 3564 2127 prmvaricationis
3615 2057 3778 2111 corda

2156 2159 2446 2206 novorum
2478 2143 2692 2198 Domini
2724 2143 3044 2198 famulorum
3077 2142 3298 2199 inﬁcere
3330 2161 3342 2199 :
3368 2160 3503 2216 quos
3526 2145 3778 2198 videlicet

2179 2231 2232 2285 in
2263 2230 2370 2286 fide
2427 2231 2798 2287 instructionis
2855 2247 3018 2286 manu
3079 2231 3461 2302 plantavimus,
3524 2239 3577 2286 et
3639 2247 3778 2302 aqua

2181 2319 2432 2373 salutaris
2446 2318 2607 2373 fontis
2627 2319 2995 2375 doctrinarum
3026 2320 3344 2390 rigavimus,
3378 2327 3539 2391 atque
3587 2321 3780 2373 horum

2180 2408 2389 2462 auctori
2420 2408 2535 2461 Deo
2587 2408 2652 2461 ad
2700 2407 3094 2463 incrementum
3145 2407 3367 2478 spiritus
3415 2407 3676 2470 dandum,
3724 2415 3781 2460 ut

2182 2495 2248 2548 sit
2278 2495 2393 2564 ipse
2423 2496 2473 2548 in
2533 2496 2785 2550 omnibus
2842 2496 3130 2567 primatum
3189 2505 3402 2561 tenens,
3462 2495 3775 2550 obtulimus.

2181 2584 2348 2637 Porro
2381 2583 2425 2636 si
2457 2583 2592 2637 intra
2621 2584 2840 2655 triginta
2873 2583 3150 2638 intervalla
3179 2583 3392 2638 dierum
3423 2599 3613 2638 omnes
3645 2599 3781 2654 quos

2180 2671 2266 2725 vel
2297 2679 2371 2734 tu,
2401 2671 2486 2725 vel
2516 2671 2756 2742 episcopi
2789 2672 2863 2726 tui
2895 2687 3252 2728 consecrasse
3285 2672 3336 2725 in
3368 2671 3550 2742 aliquo
3607 2671 3779 2741 gradu

2177 2767 2432 2829 putantur
2497 2759 2777 2825 Ecclesiae,
2848 2775 2881 2814 ιι
2946 2760 3109 2815 totius
3171 2760 3413 2830 regionis
3477 2759 3778 2831 Bulgaricae

2181 2847 2425 2901 terminis
2479 2863 2588 2901 non
2645 2847 2914 2913 eduxeris,
2973 2857 3026 2902 et
3081 2848 3425 2918 temetipsum
3479 2848 3549 2902 ab
3632 2847 3779 2902 omni

2179 2935 2552 2990 ecclesiastico
2584 2935 2728 2990 illius
2750 2937 2875 3004 jure
2923 2937 3228 2991 dimceseos
3274 2951 3381 2990 non
3429 2935 3777 2996 subduxeris.

2181 3023 2364 3078 tandiu
2396 3031 2586 3080 sancto
2613 3040 2846 3094 corpore
2875 3039 2939 3080 ac
2980 3025 3220 3094 pretioso
3269 3023 3533 3096 sanguine
3563 3023 3778 3078 Domini

2181 3111 2354 3165 nostri
2381 3113 2509 3165 Jesu
2541 3111 2739 3166 Christi
2768 3121 2892 3183 post
2929 3113 3069 3168 duos
3115 3128 3334 3167 menses
3375 3127 3409 3166 a
3453 3111 3542 3166 die
3589 3127 3783 3166 nume-

2183 3199 2384 3254 randos
2413 3214 2520 3270 qua
2570 3201 2728 3269 hujus
2774 3201 3020 3271 epistola:
3060 3209 3264 3255 tomum
3315 3199 3613 3270 acceperis,
3667 3207 3782 3253 esto

2182 3287 2444 3358 privatus,
2486 3287 2727 3359 quandiu
2784 3288 2868 3342 his
2925 3288 3232 3343 obstinatus
3290 3287 3524 3343 decretis
3581 3287 3782 3340 nostris

2183 3375 2405 3429 minime
2436 3375 2760 3432 obedientias
2805 3376 2947 3431 colla
2996 3375 3337 3430 submiseris.
3378 3376 3497 3430 Jam
3545 3389 3676 3429 vero
3733 3373 3778 3428 si

2183 3463 2535 3534 pertinaciter
2555 3464 2609 3518 in
2626 3466 2724 3520 hac
2744 3465 3237 3535 indisciplinatione
3263 3472 3425 3535 atque
3453 3462 3783 3534 pervasione

2183 3552 2570 3622 permanseris,
2605 3560 2658 3606 et
2687 3553 2974 3623 episcopos
3003 3560 3057 3608 et
3085 3559 3343 3624 quotquot
3391 3551 3502 3606 illic
3559 3550 3648 3604 vel
3705 3550 3784 3604 illi

2183 3639 2268 3694 vel
2297 3647 2352 3694 tu
2379 3655 2738 3696 consecrasse
2769 3641 2988 3706 videris,
3062 3639 3210 3694 foras
3239 3640 3386 3695 illinc
3415 3639 3592 3692 minus
3612 3654 3785 3708 expu-

2182 3727 2332 3796 leris,
2365 3728 2750 3799 omnipotentis
2781 3729 2880 3783 Dei
2900 3727 3106 3797 judicio
3137 3737 3187 3782 et
3229 3728 3510 3782 beatorum
3557 3735 3784 3797 aposto-

2167 3815 2359 3870 lorum
2387 3816 2691 3886 principum
2727 3817 3045 3871 auctoritate
3075 3823 3387 3886 nostrasque
3428 3814 3784 3869 mediocrita-

2186 3903 2254 3958 tis
2310 3905 2594 3968 sententia,
2651 3905 2798 3959 omni
2854 3905 3252 3975 patriarchatus
3309 3912 3428 3957 esto
3490 3902 3780 3974 dignitate,

2183 4008 2343 4064 quam
2371 3991 2552 4047 favore
2586 4001 2776 4048 nostro
2832 4009 3141 4063 receperas,
3201 3992 3408 4046 alienus
3465 3999 3518 4044 et
3574 4005 3784 4057 exsors,

2185 4079 2330 4134 nullo
2355 4081 2568 4150 penitus
2601 4081 2799 4135 summi
2841 4081 3131 4136 sacerdotii
3181 4078 3472 4151 privilegio
3517 4078 3782 4148 prmditus

2184 4168 2269 4222 vel
2299 4169 2520 4238 potitus.
2553 4169 2692 4224 Data
2725 4185 2914 4224 mense
2947 4169 3132 4239 Aprili,
3166 4167 3460 4222 indictione
3492 4181 3569 4224 Kl.
3621 4165 3785 4219 missa

2185 4271 2285 4326 per
2313 4255 2536 4310 Paulum
2566 4265 2616 4311 et
2647 4258 2952 4330 Eugenium
2983 4257 3289 4328 episcopos.

2909 4381 3076 4436 CXII.

2453 4483 2523 4522 AD
2554 4484 2853 4524 EPISCOPOS
2881 4485 2951 4524 ET
2979 4483 3240 4524 CLERICOS
3269 4481 3517 4521 GRECOS.

2795 4560 2974 4629 (Anno
3014 4557 3162 4628 878.)

2191 4655 2456 4712 Declarat
2471 4671 2562 4727 eos
2572 4657 3092 4727 excommunicatos
3121 4653 3264 4727 quod
3290 4653 3598 4727 Bulgarum
3617 4652 3792 4727 regio-

2262 4740 2363 4778 nes
2395 4725 2726 4782 invadentes
2752 4726 2990 4780 illicitas
3006 4726 3080 4780 ibi
3100 4724 3488 4781 ordinationes
3505 4724 3794 4792 fecerint;

2264 4795 2552 4873 dignitate
2569 4799 2750 4873 etiam
2769 4795 3211 4873 privandosmisi
3227 4795 3384 4848 intra
3409 4791 3645 4873 triginta
3673 4791 3796 4873 dies

2264 4862 2352 4926 ἤιξ’
2379 4870 2535 4925 omni
2559 4862 2858 4937 Bulgarica
2891 4867 3114 4936 regione
3154 4862 3524 4937 decesserint.
3559 4862 3616 4917 Si
3659 4863 3789 4937 quis

2264 4945 2458 4998 autem
2490 4935 2784 5007 paruerit,
2847 4935 3269 5007 restituendum
3325 4936 3379 4989 ei
3411 4935 3798 5007 episcopatum

2266 5002 2524 5068 decernit
2550 5023 2713 5071 quem
2744 5007 2805 5061 in
2843 5007 3056 5062 Greecia
3090 5005 3320 5061 habebat
3345 5025 3364 5071 ,-
3394 5002 3454 5058 et
3487 5005 3538 5058 si
3565 5002 3798 5057 nullum

2266 5087 2439 5138 antea
2484 5072 2736 5144 habebat,
2771 5081 3088 5140 vacantem,
3125 5077 3175 5130 si
3208 5077 3415 5145 dignus
3464 5077 3568 5138 est,
3614 5072 3798 5128 eidem

2267 5152 2518 5220 con/erri
2543 5150 2723 5222 jubet.

2270 5239 2536 5296 Omnibus
2571 5235 2842 5306 episcOpis
2908 5244 2961 5290 et
3017 5233 3230 5290 caeteris
3293 5231 3512 5288 clericis
3577 5228 3792 5284 Graecis

2199 5327 2464 5400 Bulgaria:
2510 5326 2781 5380 dimcesos
2812 5323 3175 5387 invasoribus,
3207 5338 3268 5377 ac
3299 5336 3398 5392 per
3423 5321 3528 5375 hoc
3571 5332 3794 5374 excom—

2199 5415 2506 5472 municatis.

2269 5504 2532 5560 Miramur
2556 5518 2653 5557 vos
2695 5510 2748 5556 et
2791 5501 3143 5556 vehementer
3187 5495 3623 5571 obstupescimus
3667 5509 3804 5548 san-

2203 5601 2410 5647 ctorum
2447 5593 2665 5645 Patrum
2729 5604 2972 5644 canones
3013 5586 3276 5642 obturatis
3309 5585 3484 5640 oculis
3511 5580 3804 5652 relegisse,

3733 4321 3814 4364 ..β
