4028 6180
227 277 337 331 ’765

1441 272 1794 329 EPISTOLE
1825 273 1914 329 ET
1951 273 2297 329 DECRETA.

3419 273 3524 328 766

225 409 282 457 et
322 399 534 456 calcata
587 399 938 466 conscientia,
985 399 1248 456 terminos
1289 407 1526 456 aeternos
1563 415 1598 455 a
1643 399 1824 455 Patri-
1851 398 1909 460 Α
1928 399 2107 454 minus
2139 397 2491 470 imperatoria
2520 398 2803 472 dignitate,
2853 399 3153 456 secundum
3209 399 3532 471 Apostolum

227 489 331 544 bus
379 487 591 558 positos
646 488 1010 554 transtulisse,
1079 496 1133 543 et
1186 488 1242 543 in
1309 488 1542 544 alienam
1595 503 1829 543 messem

221 576 412 646 judicii
446 576 641 632 falcem
678 576 914 643 misisse,
954 576 1008 631 in
1059 575 1257 648 Illyrici
1305 575 1633 648 provincias,
1693 589 1832 647 quas

227 680 373 720 nunc
402 665 703 737 Bulgarum
753 664 900 719 natio
929 663 1140 729 retinet,
1175 664 1565 736 ingredientes,
1600 672 1652 718 et
1680 663 1831 718 ordi-

227 753 481 808 nationes
509 752 726 808 illicitas
755 761 1148 823 perpetrantes,
1182 768 1306 808 cum
1336 761 1390 808 et
1418 767 1572 808 sacra
1601 751 1836 808 concilia

227 841 328 896 sub
359 841 494 896 sede
523 840 669 896 beati
693 840 833 894 Petri
852 840 1225 911 apostolorum
1251 840 1533 911 principis,
1567 841 1664 894 has
1701 840 1833 895 olim

230 927 547 999 provincias
576 927 834 999 deguisse
865 935 1114 998 patenter
1143 928 1385 994 innuant,
1419 936 1473 982 et
1510 943 1686 982 rerum
1713 943 1835 998 ges-

228 1023 450 1070 taruma
481 1023 670 1070 sancto
689 1017 922 1070 Damaso
934 1031 1072 1086 papa
1084 1015 1392 1087 conscripta
1420 1014 1708 1071 manifeste
1737 1015 1834 1070 de-

228 1104 501 1158 nuntient.
527 1104 593 1158 Et
614 1111 752 1157 statu
775 1119 1082 1168 causarum,
1098 1103 1213 1158 Deo
1224 1103 1534 1164 auxiliante.
1568 1103 1622 1157 in
1639 1103 1835 1159 melius

224 1193 344 1262 jam
366 1192 581 1262 pridem
613 1206 882 1247 converso
913 1191 1074 1247 sedes
1104 1191 1402 1262 apostolica
1431 1191 1499 1245 sit
1526 1191 1595 1246 ab
1623 1191 1704 1246 eis
1745 1191 1836 1264 qui

227 1281 372 1334 hanc
441 1279 686 1334 habitant
756 1279 1042 1352 regionem
1107 1278 1405 1352 recognita,
1463 1279 1725 1350 requisita
1783 1288 1837 1334 et

227 1368 417 1422 multis
447 1367 703 1438 precibus
730 1367 951 1421 invitata
994 1385 1008 1422 :
1054 1382 1260 1438 nosque
1292 1367 1418 1422 illuc
1457 1367 1744 1438 episcOpos
1769 1366 1837 1422 'et

231 1454 512 1511 inferioris
558 1454 770 1510 ordinis
839 1455 1155 1510 sacerdotes
1200 1471 1326 1511 cum
1371 1455 1659 1526 praeceptis
1689 1455 1836 1510 sedis

228 1543 551 1615 apostolica:
575 1543 906 1607 miserimus,
940 1551 992 1596 et
1021 1543 1218 1597 multos
1249 1543 1463 1598 labores
1495 1559 1597 1613 pro
1626 1545 1835 1597 instru-

233 1632 420 1688 ctione
447 1631 593 1685 illius
615 1630 862 1703 regionis
881 1630 1292 1700 arripuerimus.
1317 1632 1456 1685 Nam
1485 1639 1539 1685 et
1553 1631 1598 1684 si
1619 1631 1835 1702 quidam

231 1728 474 1776 vestrum
520 1718 854 1774 clandestina
899 1719 1028 1774 illuc
1073 1726 1220 1773 sorte
1259 1726 1543 1784 venerunt,
1594 1727 1720 1789 apte
1765 1719 1836 1774 de

229 1808 340 1862 illis
382 1807 567 1863 dicere
595 1822 888 1878 possumus
917 1805 1048 1861 illud
1069 1806 1280 1862 Domini
1297 1807 1497 1863 dictum
1518 1823 1838 1862 asseveran-

233 1905 318 1950 tes
350 1913 364 1948 :
401 1895 609 1951 Omnes
639 1897 736 1968 qui
763 1899 900 1951 ante
919 1911 1009 1950 me
1027 1899 1325 1960 venerunt,
1343 1897 1502 1966 fures
1521 1897 1840 1966 fueruntet

236 1985 490 2042 latrones
513 1984 698 2053 (Joan.
721 1987 802 2052 χ).
828 1983 950 2054 Ipse
966 1983 1166 2055 quippe
1185 1983 1447 2038 Dominus
1475 1999 1577 2054 per
1595 1984 1839 2054 prophe-

230 2081 342 2128 tam
369 2071 502 2128 dicit
535 2089 547 2125 :
593 2071 894 2127 Veniebant
911 2075 966 2127 et
987 2087 1080 2143 ego
1109 2087 1224 2127 non
1242 2073 1539 2128 mittebam
1559 2088 1668 2127 eos.
1702 2071 1840 2126 Nam

237 2161 458 2232 quidam
513 2167 698 2214 autem
772 2159 1004 2213 ambitus
1069 2168 1122 2214 et
1197 2160 1437 2215 avaritia:
1491 2175 1656 2215 causa
1711 2160 1841 2216 illuc

236 2247 515 2303 accessuri
576 2245 806 2318 profecti
870 2254 1014 2312 sunt,
1073 2261 1184 2302 non
1241 2255 1424 2301 autem
1481 2246 1677 2316 vocati,
1738 2261 1842 2304 nec

230 2335 489 2401 invocati,
541 2334 666 2390 licet
696 2350 796 2390 nec
855 2334 934 2390 sic
993 2335 1048 2388 in
1105 2341 1340 2389 vestram
1409 2349 1507 2390 vos
1559 2335 1842 2390 dioecesim

237 2425 308 2480 ad
336 2424 580 2495 aliquam
607 2422 1020 2494 dispositionem
1050 2421 1350 2477 faciendam
1381 2423 1605 2478 introire
1643 2438 1842 2478 conve-

233 2513 395 2567 nerit.
447 2511 589 2580 Quia
631 2511 792 2582 igitur
829 2519 1022 2566 contra
1081 2526 1264 2566 sacras
1313 2526 1411 2566 vos
1472 2510 1844 2582 multipliciter

234 2600 422 2673 egisse
481 2599 666 2670 regula
722 2598 1204 2669 deprehendimus,
1247 2599 1841 2655 excommunicavimus

233 2705 353 2749 vos,
403 2696 458 2742 et
516 2687 649 2742 estis
711 2686 1182 2742 excommunicati.
1231 2686 1490 2758 Quisquis
1548 2696 1730 2743 autem
1775 2704 1842 2743 ex

234 2776 392 2832 vobis
442 2775 583 2830 intra
623 2773 842 2846 triginta
893 2774 1106 2830 dierum
1149 2774 1382 2844 spatium
1419 2775 1653 2845 cognita:
1682 2775 1842 2844 hujus

239 2863 563 2934 apostolica:
594 2862 910 2927 sanctionis,
939 2862 1088 2918 omni
1141 2862 1440 2934 Bulgaricae
1486 2862 1700 2935 regioni
1731 2879 1840 2918 non

233 2953 463 3017 cedens,
497 2951 552 3005 in
583 2967 650 3006 ea
695 2951 987 3023 quamlibet
1035 2950 1431 3006 ordinationem
1490 2951 1578 3006 vel
1616 2951 1846 3022 disposi-

233 3040 442 3095 tionem
472 3047 688 3110 patrare
725 3039 868 3093 ultra
910 3039 1226 3109 prtedictum
1261 3039 1515 3115 {spatium
1567 3039 1839 3094 obstinate

233 3097 670 3200 praesumpserit,
706 3097 1018 3182 sanctorum
1049 3110 1266 3181 Patrum
1293 3097 1612 3182 auctoritate
1642 3127 1843 3182 nostri-
1861 3097 1910 3160 Ο

233 3233 347 3288 que
373 3216 567 3285 judicii
626 3215 894 3270 sententia
923 3215 1148 3286 proprio
1182 3223 1332 3270 caret
1371 3215 1568 3280 oﬂicio,
1602 3232 1712 3270 non
1741 3215 1845 3270 nisi

233 3305 570 3375 resipiscens
589 3317 806 3374 prunam
824 3319 1104 3371 evasurus,
1130 3311 1219 3357 aut
1238 3303 1450 3358 veniam
1479 3303 1660 3374 aliquo
1679 3303 1844 3358 modo

233 3401 578 3464 speraturus.
614 3392 670 3448 Si
692 3391 813 3462 quis
842 3399 1026 3446 autem
1056 3399 1295 3446 vestrum
1317 3391 1594 3446 humiliter
1621 3406 1684 3446 ac
1704 3392 1844 3446 obe-

229 3482 456 3536 dientur
513 3481 598 3534 his
663 3480 970 3534 salubribus
1044 3479 1263 3534 monitis
1348 3480 1550 3534 nostris
1620 3495 1842 3551 parens,

232 3568 548 3641 Bulgarica:
577 3569 755 3624 locum
777 3567 990 3622 dederit
1011 3567 1256 3633 dioecesi,
1280 3568 1493 3622 noverit
1523 3583 1625 3623 nos
1653 3568 1846 3624 decre-

232 3659 386 3712 visse
419 3657 524 3710 sibi
552 3657 926 3726 episcopatum
964 3655 1168 3710 restitui
1197 3672 1358 3726 quem
1387 3672 1508 3711 eum
1538 3656 1592 3709 in
1620 3655 1846 3728 regione

235 3745 564 3800 Graecorum
593 3745 744 3814 prius
762 3743 1018 3798 habuisse
1036 3743 1335 3799 constiterit
1358 3760 1372 3797 :
1392 3759 1560 3814 porro
1573 3753 1626 3798 ct
1643 3743 1688 3798 si
1709 3759 1849 3798 nun-

232 3849 400 3905 quam
431 3833 638 3897 habuit,
671 3840 954 3887 vacantem
982 3831 1059 3886 illi
1091 3831 1349 3897 tribui;si
1367 3840 1549 3886 tamen
1581 3831 1704 3886 talis
1724 3847 1846 3902 per-

229 3937 370 3976 sona
383 3921 453 3975 sit
470 3920 557 3976 cui
575 3920 723 3974 nulla
737 3920 791 3974 in
810 3921 911 3974 hoc
929 3921 1123 3992 regula
1143 3921 1358 3975 Patrum
1395 3920 1568 3975 valeat
1597 3920 1842 3976 obviare.

303 4009 478 4063 llissa
516 4024 618 4079 per
664 4008 890 4064 Paulum
936 4017 989 4062 et
1017 4008 1324 4081 Eugenium
1368 4008 1847 4079 episcopos.~Data

229 4098 322 4152 die
356 4113 458 4150 xvr
489 4096 696 4150 mensis
727 4097 948 4166 Aprilis.
984 4096 1276 4152 indictione
1309 4111 1387 4151 χι.

954 4229 1144 4284 CXIII.

620 4333 689 4371 AD
751 4332 1005 4372 BASILIUH
1043 4331 1440 4373 IIPERATOBEI
1449 4358 1460 4370 .

888 4425 1069 4493 (Anno
1099 4425 1248 4506 8‘78.)

229 4536 396 4597 Dolet
421 4530 1374 4603 ConstantimpolitamEcclesiam
1403 4529 1711 4603 schismate
1739 4531 1834 4585 ad-

420 4605 532 4658 huc
565 4601 858 4668 laborare;
889 4619 997 4674 qua
1026 4601 1092 4656 de
1121 4617 1182 4656 re
1216 4602 1424 4671 legatos
1457 4602 1657 4655 mittit.

227 4713 380 4764 Missa
405 4723 499 4775 per
523 4711 794 4773 Eugenium
812 4712 863 4760 et
886 4709 1085 4760 Paulum
1107 4707 1541 4760 reverendissimos
1565 4708 1838 4772 episcopos.

1933 487 2025 558 qui
2036 487 2111 542 ait
2137 503 2150 542 :
2180 487 2556 543 Emulamini
2570 488 2922 544 charismata
2943 488 3244 560 meliora(l
3259 489 3379 545 Cor.
3401 487 3526 556 κη),

1931 575 2190 640 contenti,
2221 575 2378 631 etiam
2407 575 2732 647 angelorum
2761 577 2892 632 estis
2923 576 3286 632 ministerium
3319 575 3528 642 imitati,

1931 663 2062 718 dum
2082 679 2272 734 pacem
2301 663 2356 718 in
2388 672 2525 718 terra
2557 665 2712 719 bona:
2740 664 3031 720 voluntatis
3062 665 3376 720 hominibus
3431 679 3530 718 ex-

1933 752 2151 822 optatis,
2185 760 2239 806 et
2268 752 2454 806 beatos
2481 768 2583 822 per
2611 752 2667 807 id
2695 767 2759 808 ac
2787 753 2985 808 caelum
3015 769 3113 808 vos
3163 753 3380 807 visuros
3409 751 3530 806 luce

1933 839 2136 895 clarius
2169 839 2572 895 demonstratis.
2607 841 2846 912 Utraque
2877 841 3148 914 siquidem
3191 840 3419 912 epistola
3442 855 3536 894 ve-

1935 936 2049 984 stro
2079 927 2356 999 pontificio
2385 937 2573 984 nostro
2603 930 2771 984 missa
2801 930 2956 999 hujus
2984 946 3083 984 vos
3110 929 3346 1002 flagrare
3377 927 3530 983 desi-

1934 1016 2086 1072 derio
2116 1025 2359 1087 patenter
2388 1017 2642 1084 insinuat,
2675 1026 2728 1072 et
2758 1019 2898 1074 hanc
2943 1034 3042 1073 vos
3089 1017 3157 1072 ad
3196 1024 3393 1072 statum
3422 1016 3534 1070 Ec-

1934 1105 2136 1170 clesiaa,
2197 1105 2340 1160 unde
2395 1120 2688 1176 pravorum
2736 1106 3078 1181 dissensione
3143 1106 3365 1177 repulsa
3428 1111 3532 1170 est,

1935 1193 2205 1249 inhianter
2243 1193 2380 1248 velle
2423 1193 2708 1257 reducere,
2759 1193 2957 1250 indicio
3013 1193 3248 1249 evidenti
3293 1194 3526 1248 demon-

1936 1289 2088 1337 strat.
2123 1284 2168 1336 Α
2198 1283 2314 1336 Deo
2345 1281 2546 1353 quippe
2575 1290 2888 1352 provectum
2927 1282 3214 1353 imperium
3263 1291 3526 1348 vestrum,

1935 1369 2078 1442 quod
2110 1385 2176 1423 co
2206 1377 2448 1435 auctore,
2474 1369 2675 1438 justitia
2707 1377 2760 1424 et
2787 1369 3071 1440 triumphis
3101 1369 3326 1435 ornatis,
3357 1370 3537 1424 minus

1937 1457 2192 1512 nimirum
2232 1457 2473 1512 validum
2504 1457 2794 1528 minusque
2837 1457 3140 1530 gloriosum
3170 1457 3392 1528 putatis,
3432 1456 3538 1511 nisi

1937 1545 2099 1600 etiam
2128 1560 2341 1599 summa
2369 1545 2736 1600 condecorare
2765 1561 2898 1616 pace
2927 1562 3024 1600 seu
3060 1545 3356 1602 concordia
3386 1552 3534 1601 sata-

1938 1633 2102 1705 gatis.
2139 1633 2254 1687 Nos
2311 1641 2512 1696 autem,
2552 1633 2928 1700 dilectissime,
2973 1633 3255 1688 audientes
3313 1632 3368 1686 in
3397 1632 3540 1688 Con-

1867 1720 2474 1807 Bstantinopolitanam
2545 1720 2845 1776 Ecclesiam
2934 1721 3292 1776 dissensionis
3364 1721 3540 1776 adhuc

1938 1809 2200 1865 scandala
2255 1809 2533 1877 fluctuare,
2575 1809 2972 1881 nonnullosque
3029 1809 3273 1882 religiosi
3320 1809 3540 1863 habitus

1940 1897 2088 1952 viros
2115 1899 2218 1952 hac
2248 1897 2478 1968 illucque
2508 1897 2784 1968 dispersos
2810 1905 2971 1968 atque
3001 1897 3243 1966 dejectos
3298 1895 3540 1967 ignomi-

1940 1985 2092 2040 niose
2109 1985 2349 2051 tractari,
2382 1985 2575 2040 merito
2605 1984 3012 2056 ingemiscimus
3046 1991 3099 2040 et
3143 1984 3311 2039 multa
3340 1984 3543 2040 maesti-

1941 2073 2015 2128 tia
2041 2073 2366 2144 fatigamur;
2392 2073 2664 2144 praecipue
2694 2089 2884 2144 pacem
2929 2071 3193 2128 sentimus
3222 2072 3330 2127 illic
3360 2071 3541 2128 conti-

1940 2178 2048 2216 nua
2075 2161 2420 2216 contentione
2475 2162 2762 2228 turbatam,
2823 2177 2982 2233 quam
3015 2176 3115 2231 per
3160 2160 3362 2216 multos
3393 2159 3542 2216 sedis

1941 2248 2256 2320 apostolicae
2293 2249 2508 2304 labores
2531 2249 2645 2318 jam
2693 2249 3054 2305 credebamus
3095 2247 3417 2304 aedificatam
3443 2266 3458 2315 ;
3489 2255 3542 2302 et

1942 2345 2187 2393 sacratos
2216 2337 2486 2408 quosdam
2501 2338 2746 2394 diversas
2763 2337 2990 2407 injurias
3017 2336 3305 2392 didicimus
3322 2351 3538 2408 passos,

1941 2442 2080 2498 quos
2096 2426 2168 2480 ab
2188 2426 2336 2482 omni
2363 2426 2734 2496 oppressionis
2766 2425 2913 2481 fasce
2941 2425 3291 2496 sperabamus
3307 2433 3540 2495 ereptos.

1941 2515 2228 2569 Portamus
2258 2515 2458 2586 quippe
2487 2515 2730 2568 omnium
2759 2529 2925 2570 onera
2955 2514 3044 2586 qui
3073 2521 3393 2586 gravantur,
3428 2513 3538 2568 imo

1941 2611 2122 2674 portat
2168 2603 2284 2658 haec
2322 2603 2377 2656 in
2421 2603 2578 2657 nobis
2607 2610 2816 2657 amator
2858 2609 3040 2657 vester
3095 2603 3287 2656 beatus
3344 2602 3538 2656 Petrus

1943 2691 2220 2762 apostolus
2251 2691 2342 2762 qui
2373 2708 2473 2746 nos
2505 2691 2557 2745 in
2587 2691 2841 2746 omnibus
2874 2689 3256 2745 sollicitudinis
3286 2705 3399 2745 suae
3422 2705 3546 2760 pro-

1941 2775 2077 2847 tegit
2105 2790 2168 2830 ac
2199 2782 2380 2830 tuetur
2420 2775 2670 2831 haeredes
2701 2791 2714 2828 :
2749 2775 2847 2829 sed
2903 2773 3034 2846 quia
3080 2782 3133 2828 et
3185 2771 3548 2844 professionis

1942 2867 2142 2914 nostrae
2205 2858 2387 2914 ofﬁcio
2439 2874 2565 2914 cum
2617 2857 2854 2914 Jeremia
2909 2857 3259 2913 nihilominus
3297 2857 3544 2913 dicitur:

1941 2944 2080 2999 Ecce
2110 2943 2385 2998 constitui
2416 2946 2470 2997 te
2491 2941 2651 2998 hodie
2669 2957 2840 3014 super
2866 2945 3060 3014 gentes
3080 2945 3135 2996 et
3161 2957 3330 3013 super
3347 2956 3542 3013 regna,

1942 3035 2009 3086 ut
2048 3032 2254 3087 evellas
2295 3035 2351 3086 et
2407 3031 2689 3097 destruas,
2745 3034 2805 3085 et
2849 3029 3160 3102 disperdas,
3208 3033 3264 3084 et
3304 3029 3545 3102 dissipes

1941 3124 1998 3175 et
2025 3121 2254 3191 plantes
2285 3120 2420 3188 (Jer.
2453 3118 2515 3189 l),
2548 3127 2601 3173 et
2628 3118 2789 3173 etiam
2819 3127 2994 3172 vestra
3025 3118 3200 3188 pietas
3230 3117 3300 3172 ab
3328 3125 3540 3188 aposto-

1943 3206 2054 3261 latu
2085 3215 2273 3262 nostro
2302 3223 2404 3278 pro
2419 3209 2522 3261 hoc
2541 3207 2662 3276 ipso
2677 3221 2944 3276 personas
2963 3205 3217 3276 postulat.
3237 3205 3380 3260 Ecce
3403 3213 3546 3259 stre-

1943 3311 2080 3349 nuos
2111 3312 2142 3349 e
2170 3295 2340 3350 latere
2367 3303 2556 3349 nostro
2586 3293 2735 3348 viros
2763 3293 3068 3363 dirigimus,
3103 3292 3194 3364 qui
3222 3293 3268 3346 si
3299 3307 3405 3364 qua
3434 3291 3547 3347 illic

1943 3381 2084 3438 inter
2112 3384 2228 3438 hec
2252 3381 2501 3454 diligenti
2531 3381 2708 3436 studio
2737 3380 3168 3452 deprehendant,
3201 3388 3254 3434 et
3284 3379 3368 3433 his
3389 3379 3545 3434 radi-

1944 3471 2101 3535 citus,
2155 3470 2457 3526 secundum
2507 3469 2722 3525 Domini
2763 3469 3098 3534 mandatum,
3145 3467 3368 3537 evulsis,
3413 3467 3546 3522 des-

1949 3559 2160 3624 tructis,
2193 3559 2458 3630 dispersis
2483 3567 2535 3614 et
2563 3557 2863 3628 dissipatis,
2897 3571 3091 3628 pacem
3121 3564 3172 3611 et
3200 3555 3464 3612 unitatem
3493 3563 3547 3611 et

1946 3647 2264 3704 charitatem
2292 3655 2345 3702 et
2365 3653 2737 3720 congruenter
2764 3643 3034 3700 aedificent
3091 3643 3252 3699 simul
3282 3651 3336 3699 et
3393 3643 3549 3715 plan-

1947 3743 2079 3791 tent.
2110 3735 2252 3790 Nam
2275 3735 2550 3806 quomodo
2577 3733 2780 3790 habere
2809 3741 3063 3804 poterunt
3090 3732 3428 3802 charitatem,
3458 3731 3550 3804 qui

1947 3823 2193 3880 dividunt
2222 3823 2482 3878 unitatem
2516 3824 2544 3878 ?
2573 3839 2674 3878 nos
2702 3830 2880 3877 autem
2909 3837 3012 3893 pro
3031 3821 3245 3876 Christo
3270 3821 3544 3894 legatione

1946 3912 2136 3984 procul
2185 3911 2348 3966 dubio
2379 3909 2670 3983 fungimur,
2704 3927 2827 3967 cum
2855 3911 2978 3982 paci
3007 3909 3271 3967 Ecclesia:
3314 3909 3551 3964 studium

1947 4001 2263 4072 impendere
2319 4015 2694 4071 procuramus.
2752 3998 2894 4068 Quia
2950 4015 3083 4055 vero
3133 4000 3251 4055 Deo
3289 3997 3553 4053 amabiles

1948 4089 2118 4154 viros,
2153 4104 2289 4160 quos
2329 4088 2650 4144 nominatim
2679 4087 2872 4143 litteris
2911 4087 3183 4158 expetitis,
3230 4086 3553 4159 quibusdam

1948 4176 2309 4232 incommodis
2339 4177 2626 4247 impeditos
2655 4176 2929 4232 destinare
2961 4175 3268 4247 nequimus,
3304 4175 3553 4230 misimus

1951 4266 2174 4320 Paulum
2207 4274 2258 4320 et
2315 4265 2620 4336 Eugenium
2674 4264 3048 4319 sanctissimos
3105 4272 3160 4319 et
3219 4263 3553 4318 reverendos
3645 4320 3654 4330 ,

1951 4354 2258 4425 episcopos,
2291 4352 2628 4424 dilectosque
2657 4351 2986 4407 consiliaros
3034 4359 3274 4414 nostros,
3318 4364 3551 4422 quorum

1875 4443 2105 4508 Dnobis
2143 4450 2195 4496 et
2226 4439 2362 4496 fides
2402 4441 2628 4512 probata
2683 4447 2738 4494 et
2793 4439 3018 4495 scientia
3074 4437 3367 4493 manifesta
3425 4445 3544 4492 est:

1952 4531 2150 4604 quibus
2178 4529 2386 4600 scripto
2442 4528 2694 4583 dedimus
2725 4527 2778 4582 in
2833 4527 3104 4581 mandatis
3159 4535 3236 4592 ut,
3297 4525 3552 4581 omnibus

1939 4618 2315 4674 simultatibus
2371 4617 2561 4689 sopitis
2615 4625 2776 4689 atque
2835 4616 3060 4681 sedatis,
3095 4631 3216 4686 quas
3245 4613 3312 4669 ad
3358 4629 3551 4685 pacem

1939 4716 2082 4774 sunt,
2122 4715 2437 4762 sanctorum
2468 4705 2728 4778 magistra
2760 4705 2952 4778 regula
2977 4705 3212 4768 Patrum,
3246 4709 3358 4758 toto
3382 4717 3550 4758 cona-

303 4809 681 4865 Dilectissimo
737 4808 896 4864 nobis
938 4816 990 4864 et
1045 4807 1397 4863 desiderabili
1454 4806 1564 4862 filio
1621 4807 1842 4861 Bssmo
1943 4797 2089 4852 mine
2119 4803 2460 4862 construant.
2499 4803 2553 4850 et
2605 4794 2752 4850 Omni
2769 4791 3115 4849 contentione
3145 4789 3376 4857 sublata,
3403 4789 3556 4860 justi-

230 4898 703 4956 Christianissimo
727 4905 781 4952 et
809 4897 1254 4968 tranquillissimo
1284 4896 1622 4967 imperatori.

303 4996 650 5053 Benedictus
696 4995 842 5049 Deus
887 4998 942 5048 et
994 4996 1167 5048 Pater
1211 4993 1436 5048 Domini
1492 4993 1677 5048 nostri
1715 4993 1848 5048 Jesu

236 5086 481 5148 Christi,
517 5085 690 5138 Pater
719 5081 1242 5138 misericordiarum
1270 5085 1328 5135 et
1347 5083 1491 5136 Deus
1515 5081 1688 5136 totius
1709 5095 1846 5135 con-

227 5169 941 5242 solationis,quimisertus
975 5177 1028 5224 et
1057 5169 1372 5224 consolatus
1401 5176 1600 5223 estnos
1629 5167 1683 5221 in
1704 5181 1848 5238 pre-

227 5261 376 5316 senti
408 5259 613 5315 sasculo
643 5273 879 5330 nequam
918 5257 1018 5328 (111
1039 5258 1160 5313 Cor.
1188 5257 1252 5328 t);
1283 5256 1508 5311 visitans
1525 5262 1578 5310 et
1600 5255 1848 5325 redemp-

228 5351 447 5406 tionem
465 5347 669 5402 faciens
686 5354 793 5400 tam
806 5346 953 5416 pium
977 5353 1196 5416 tamque
1218 5344 1518 5416 benignum
1533 5342 1749 5414 imperii
1765 5359 1854 5397 ve-

229 5439 331 5492 stri
365 5451 543 5492 cornu
574 5434 764 5489 salutis
791 5433 1058 5506 erigenda
1099 5433 1152 5486 in
1201 5433 1366 5488 domo
1399 5431 1570 5487 David
1597 5433 1730 5502 (Luc
1766 5433 1849 5500 tt),

228 5525 440 5580 Christi
475 5523 729 5579 videlicet
756 5522 908 5594 pueri
938 5521 1040 5576 sui.
1074 5521 1185 5576 Vos
1212 5521 1378 5587 enim,
1404 5519 1477 5575 ﬁli
1510 5518 1850 5582 charissima,

1947 4886 2032 4941 tiae
2067 4885 2324 4949 tribuant,
2358 4885 2493 4950 Deo,
2550 4882 2804 4953 propitio,
2836 4880 3089 4950 palmam,
3147 4880 3252 4936 hoc
3293 4879 3552 4934 duntaxat

1949 4974 2018 5029 ad
2057 4973 2270 5028 laudem
2306 4972 2403 5027 Dei
2418 4979 2664 5044 agentes,
2696 4978 2748 5025 et
2793 4969 2861 5022 ad
2891 4967 3290 5039 praeconiorum
3335 4975 3554 5023 vestro-

1949 5078 2067 5116 rum
2090 5059 2380 5127 cumulum,
2410 5059 2550 5114 sicut
2579 5074 2678 5112 vos
2705 5072 2873 5129 agere
2901 5057 2970 5112 de
3001 5056 3089 5111 die
3113 5057 3170 5111 in
3198 5057 3342 5112 diem
3367 5057 3548 5122 decet,

1948 5151 2230 5204 addentes.
2263 5148 2649 5202 Verumtamen
2677 5145 2933 5217 ignorare
2963 5145 3110 5216 pium
3138 5144 3426 5216 imperium
3457 5159 3554 5199 ve-

1953 5246 2122 5292 strum
2178 5235 2432 5292 nolumus
2484 5250 2586 5290 nos
2655 5232 2970 5304 apostolica:
3025 5231 3176 5288 sedis
3219 5231 3554 5303 prmeepisse

1950 5324 2169 5397 legatis,
2201 5332 2258 5378 ut
2289 5337 2454 5378 causa
2485 5330 2687 5377 tantum
2718 5320 3042 5377 visitationis
3076 5319 3378 5393 gloriosum
3408 5321 3554 5390 ejus-

1953 5413 2105 5469 dem'
2134 5410 2430 5484 provinciae
2483 5419 2508 5445 ⁸
2550 5410 2854 5481 principem
2907 5408 3126 5472 adeant,
3161 5417 3214 5463 et
3242 5407 3312 5464 de
3371 5415 3548 5480 optata

2021 5522 2046 5552 ⁸
2071 5521 2212 5572 Forte
2235 5519 2448 5584 loquitur
2468 5519 2529 5570 de
2554 5531 2670 5581 rege
2707 5519 3047 5580 Bulgarorum.
