4028 6180
479 263 582 316 767

1768 257 2077 314 JOANNJS.
2106 258 2296 312 PAR-Ii
2333 261 2474 316 Vl".

3681 269 3774 320 768

473 385 740 444 minoris
761 384 814 442 ei
839 383 1225 454 apostolorum,
1247 383 1618 446 ist-condecet,
1641 381 2084 471 aptatisoﬁiciis'
2103 380 2483 455 Aquanquam
2506 383 2855 458 gaudendum
2885 387 2954 441 sit
2975 387 3235 458 quoniam
3255 387 3678 471 cumidem,_post
3707 389 3774 447 fe-

473 473 916 545 persalutationis
945 473 1179 528 edicant.
1215 471 1454 542 Ideoque
1468 486 1728 544 rogamus
1756 479 1814 526 ut
1833 470 1982 527 aditu
1999 470 2080 526 eis

473 562 844 618 annitentibus
875 561 1030 615 vobis
1072 575 1356 623 concesso,
1405 559 1567 614 talem
1597 559 1702 613 illis
1755 559 2080 614 industrium

476 651 654 704 virum
685 649 856 721 [deest
888 648 1112 703 tradetis
1141 652 1242 703 aut
1277 648 1408 718 quid
1437 647 1648 718 simile]
1672 647 1762 719 qui
1793 663 1890 702 eos
1905 662 2080 718 usque

477 738 546 791 ad
577 738 891 807 praedictum
921 735 1224 806 principem
1255 735 1433 790 salvos
1464 736 1625 790 ducat
1655 743 1816 806 atque
1831 735 2074 800 reducat,

476 823 618 880 facta
646 825 698 878 in
749 823 965 893 scriptis
1009 823 1078 878 de
1123 839 1189 877 ea
1241 823 1462 876 minime
1510 823 1707 877 iterum
1763 823 2082 893 usurpanda

475 911 834 984 professione.
896 911 1160 981 Optamus
1219 928 1316 966 vos
1368 928 1468 982 per
1532 911 1728 966 multos
1794 927 1970 966 annos
2025 911 2079 964 in

478 1000 687 1055 Christo
720 1000 857 1054 bene
889 999 1093 1063 valere,
1127 1008 1178 1055 et
1205 1000 1274 1054 de
1307 999 1550 1054 barbaris
1572 1000 1780 1072 jugiter
1832 999 2082 1054 hostibus

477 1088 832 1157 triumphare,
893 1088 1190 1157 spiritualis
1217 1095 1268 1142 et
1298 1087 1682 1142 desiderabilis
1713 1096 1766 1142 et
1823 1087 2082 1141 Christia-

477 1175 701 1230 nissime
731 1175 824 1230 filii
857 1191 1076 1246 semper
1103 1179 1373 1248 Auguste.
1411 1178 1546 1230 Data
1575 1176 1870 1231 indictione
1901 1191 1975 1229 ιι.

1190 1281 1379 1336 CXIV.

1125 1383 1198 1423 AD
1229 1384 1479 1423 EUMDBM.

1107 1458 1286 1526 (Anno
1317 1459 1466 1526 878.)

559 1549 626 1604 Ut
659 1548 860 1616 legatis
889 1562 922 1600 a
953 1561 1011 1600 se
1041 1547 1233 1600 missis
1262 1545 1428 1613 ﬁdem
1462 1545 1741 1610 adhibeat,
1780 1549 1836 1599 et
1865 1559 2022 1616 opem

907 1618 1170 1672 Romanae
1206 1616 1467 1670 Ecclesia:
1480 1618 1652 1685 ferat.

2178 471 2309 526 licia
2329 487 2552 528 cursum
2583 473 2938 544 Operis'inter
2966 475 3289 548 angelorum
3317 484 3519 531 ccetum
3547 478 3776 547 paradisi

2179 561 2514 631 susceperint
2546 563 2768 632 praemia
2813 563 2936 618 vita:
2969 563 3275 633 perrennis,
3310 564 3552 618 ﬂendum
3578 565 3772 620 nihilo-

2175 649 2354 702 minus
2383 651 2638 705 convenit
2668 651 2813 721 quod
2857 659 3061 706 tantum
3084 653 3388 721 adiutorem
3411 652 3774 708 Ecclesiarum

2180 737 2397 790 Domini
2423 735 2746 792 diﬁusarum
2775 738 2827 791 in
2858 739 2993 793 orbe
3022 739 3313 809 praesentia
3333 741 3631 810 corporali,
3655 741 3772 803 heu,

2181 825 2318 894 proh
2373 825 2566 880 dolori
2613 826 2975 882 amiserimus.
3028 827 3330 882 Praesertim
3386 843 3513 883 cum
3570 829 3680 884 hoc
3727 830 3771 883 in

2180 921 2426 982 tempore
2464 921 2648 969 sancta
2696 915 2938 970 Romana
2983 915 3252 980 Ecclesia,
3299 924 3469 970 mater
3513 917 3770 982 omnium,

2182 1016 2305 1071 quae
2331 1017 2468 1056 mea:
2523 1002 2882 1057 mediocritati
2942 1003 3232 1058 commissa
3263 1011 3365 1071 est,
3421 1004 3553 1058 Iesu
3603 1006 3776 1060 aeterni

2181 1088 2536 1158 dispositione
2564 1090 2795 1152 consilii,
2830 1090 2884 1144 in
2927 1107 3038 1162 quo
3082 1098 3138 1144 ut
3187 1106 3314 1146 cum
3356 1091 3625 1162 Apostolo
3653 1108 3778 1162 pace

2184 1192 2632 1249 quorumcunque
2661 1178 2910 1246 dixerim,
2945 1177 3082 1234 fines
3105 1179 3428 1234 saeculorum
3447 1181 3780 1235 devenerunt

2182 1265 2233 1333 (ι
2255 1266 2374 1321 Cor.
2408 1266 2490 1334 χ),
2524 1265 2578 1319 in
2602 1274 2679 1320 tot
2698 1267 3167 1335 persecutionibus
3183 1275 3346 1338 atque
3366 1267 3779 1324 adversitatibus

2183 1353 2275 1406 diu
2317 1352 2590 1416 lacessita,
2644 1353 3066 1409 domesticorum
3109 1354 3540 1410 debacchatione
3589 1355 3781 1428 fatige-

2183 1431 2290 1500 tur,
2322 1444 2381 1490 ut
2426 1452 2596 1508 cogar
2623 1453 2746 1491 cum
2779 1438 3045 1508 Propheta
3091 1454 3386 1508 erumpens
3438 1439 3777 1494 exclamare:

2194 1525 2324 1579 Veni
2364 1525 2427 1579 in
2463 1525 2840 1581 altitudinem
2866 1527 3064 1591 maris,
3098 1531 3154 1581 et
3187 1531 3490 1598 tempestas
3519 1527 3784 1584 demersit

2183 1629 2274 1668 me
2296 1613 2470 1681 (Psal.
2495 1614 2655 1682 thx)
2679 1631 2694 1673 ς
2717 1622 2765 1668 et
2784 1629 2974 1668 rursus
2999 1629 3010 1669 :
3047 1615 3301 1678 Domine,
3335 1615 3510 1670 libera
3531 1618 3784 1670 animum

551 1705 764 1760 Dilecto
794 1702 905 1760 tilio
937 1720 1152 1774 semper
1177 1703 1230 1756 in
1283 1703 1516 1758 Domino
1536 1701 1888 1772 triumphanti
1919 1702 2082 1756 BASI-
2103 1731 2156 1790 Β
2187 1718 2373 1790 meam
2401 1718 2437 1756 a
2469 1703 2631 1790 labiis
2666 1703 2878 1774 iniquis
2899 1706 2956 1758 et
2982 1719 3018 1758 a
3041 1701 3235 1772 lingua
3258 1702 3444 1758 dolosa
3467 1703 3650 1774 (Psal.
3675 1705 3777 1774 cx).

491 1809 583 1850 lato
611 1793 855 1862 piissimo
885 1791 1194 1862 imperatori
1235 1794 1496 1863 Augusto.

557 1881 790 1944 Scimus,
843 1880 1170 1935 venerabilis
1209 1879 1524 1949 imperator,
1559 1879 1764 1934 scimus
1797 1886 1852 1932 et
1900 1877 2082 1932 omni-

481 1970 646 2026 modo
684 1969 935 2024 novimus
997 1985 1095 2023 vos
1151 1967 1439 2038 prudentia
1483 1966 1714 2037 po‘lere,
1770 1966 2084 2037 aequitatem

477 2058 731 2130 diligere,
777 2057 1030 2128 pietatem
1061 2055 1344 2121 extollere,
1394 2054 1726 2110 directiones
1743 2054 1988 2124 plantare
2033 2061 2086 2108 et

482 2125 615 2200 vitia
643 2125 894 2201 evenere.
928 2145 1142 2202 Scimus
1173 2152 1224 2198 et
1256 2143 1462 2214 liiuido
1492 2143 1766 2198 credimus
1811 2158 1912 2197 vos
1953 2157 2086 2196 sau-

481 2243 581 2290 ctae
613 2235 872 2289 Romanae
903 2233 1162 2288 Ecclesiae
1177 2232 1428 2302 vigorem
1442 2241 1493 2286 et
1505 2233 1676 2286 decus
1692 2230 1832 2286 velle
1861 2245 2083 2300 augere,

483 2322 860 2377 tribulationes
889 2336 1132 2392 gemere,
1181 2320 1462 2391 angustias
1516 2319 1725 2382 dolere,
1759 2327 1812 2373 et
1855 2317 2092 2374 necessi-

485 2418 626 2466 tates
655 2410 744 2480 pio
773 2409 984 2474 intuitu,
1017 2417 1280 2480 quantum
1300 2408 1368 2462 ad
1399 2424 1497 2463 vos
1519 2408 1774 2477 pertinet,
1807 2422 2086 2462 amovere.

485 2498 656 2567 Hujus
687 2499 765 2554 rei
797 2498 1000 2570 gratia,
1034 2499 1324 2551 maximam
1355 2497 1424 2551 de
1455 2496 1609 2551 vobis
1649 2494 1906 2551 ﬁduciam
1935 2511 2093 2550 assu-

484 2595 717 2652 mentes,
750 2586 1014 2658 quidquid
1043 2587 1290 2640 eamdem
1321 2593 1566 2639 sanctam
1597 2593 1824 2638 matrem
1855 2592 2090 2637 vestram

483 2675 784 2731 Romanam
823 2675 1126 2730 Ecclesium
1152 2674 1352 2744 oppido
1381 2672 1568 2744 afﬂigit
1601 2681 1654 2726 et
1683 2672 1907 2735 lacerat,
1934 2671 2090 2726 vobis

481 2765 748 2838 singulari
802 2763 1036 2834 quadam
1093 2779 1189 2832 spe
1241 2762 1628 2816 committimus
1657 2761 1982 2815 audiendum
2041 2772 2095 2816 et

482 2853 888 2925 corrigendum.
940 2852 1143 2904 Tamen
1171 2867 1239 2904 ne
1287 2865 1404 2914 vos,
1454 2866 1590 2920 quos
1630 2859 1966 2904 secretorum
1997 2865 2094 2904 no-

487 2951 724 2997 strorum
755 2940 1006 2994 conscios
1035 2955 1158 2992 esse
1189 2938 1458 3008 cupimus,
1493 2939 1660 2992 lateat
1689 2938 1836 3008 quod
1857 2937 1941 2992 his
1973 2937 2094 2992 die-

488 3031 591 3086 bus
620 3036 808 3083 contra
837 3027 935 3081 Dei
965 3027 1293 3081 voluntatem
1344 3033 1642 3096 contraque
1675 3025 1902 3080 salutem
1933 3025 2093 3080 totius

489 3115 814 3173 Christianae
844 3112 989 3180 fidei,
1021 3130 1086 3169 ac
1131 3122 1320 3168 contra
1369 3113 1714 3184 privilegium
1747 3122 1950 3168 sanctae
1979 3115 2078 3169 Ro-

487 3221 665 3261 mana:
696 3203 976 3271 Ecclesiae,
1013 3219 1108 3258 seu
1165 3211 1354 3257 contra
1385 3217 1594 3256 morem
1628 3203 1815 3274 reique
1845 3202 1992 3272 publi
2013 3218 2092 3256 ea:

487 3302 683 3348 statum
715 3294 902 3348 Romae
931 3300 1210 3361 peractum
1241 3299 1343 3354 est,
1379 3290 1461 3343 his
1479 3290 1662 3344 missis
1692 3290 1892 3345 nostris
1925 3290 2094 3344 Paulo

486 3392 539 3438 et
569 3381 818 3452 Eugenio
850 3381 1122 3451 episc0pis
1151 3380 1484 3434 verbotenus
1513 3379 1668 3434 vobis
1698 3379 1930 3434 dicenda
1953 3394 2099 3434 com-

477 3471 746 3526 misimus.
827 3468 962 3538 Quae
978 3484 1076 3524 vos
1103 3469 1176 3523 ita
1193 3469 1422 3523 credere
1451 3469 1808 3538 deprecamur
1837 3482 1902 3522 ac
1933 3467 1978 3521 si
1995 3482 2095 3520 nos

485 3561 767 3616 vobiscum
811 3559 1134 3628 loquamur,
1168 3565 1220 3612 et
1277 3558 1586 3620 credentes,
1648 3557 1694 3609 si
1754 3555 1914 3609 nobis
1953 3554 2095 3611 ferre

486 3663 669 3718 opem,
701 3647 791 3701 vel
819 3647 1053 3718 aliquam
1095 3646 1525 3700 consolationem
1573 3645 1814 3704 valeatis,
1849 3652 1902 3698 et
1930 3644 2094 3697 veluti

487 3735 720 3790 dilectus
753 3734 896 3788 ﬁlius
925 3734 1246 3789 reverendae
1287 3734 1447 3787 matri
1502 3733 1724 3798 assolet,
1784 3732 2096 3786 omnimodo

489 3823 786 3880 conferatis
817 3823 1186 3893 deposcimus.
1221 3821 1500 3875 Habebitis
1529 3821 1670 3875 enim
1703 3836 1802 3890 pro
1851 3819 1934 3872 his
1965 3835 2096 3874 san-

489 3921 611 3968 ctos
638 3912 918 3981 apostolos
944 3911 1235 3977 adjutores,
1269 3917 1317 3963 et
1348 3925 1449 3962 nos
1480 3907 1830 3978 possidebitis
1851 3907 2100 3963 devotio-

491 4016 583 4054 res
611 4007 828 4052 vestros
869 3998 1012 4066 apud
1054 3997 1340 4051 Dominum
1400 4013 1620 4066 semper
1677 3997 2096 4051 intercessores.

491 4088 626 4141 Data
657 4101 712 4138 tv
745 4085 1019 4140 Kalendas
1053 4085 1222 4138 Martii
1255 4084 1320 4156 [Γ.
1357 4084 1498 4146 Maii,
1543 4089 1605 4138 ut
1635 4089 1858 4140 constat
1895 4101 1968 4139 ex
2009 4101 2098 4139 su-

492 4172 851 4248 perioribus],
885 4171 1179 4226 indictione
1209 4188 1290 4227 xl.

1209 4279 1374 4333 CXV.

827 4381 898 4421 AD
939 4382 1259 4422 LUDOVICUM
1299 4382 1518 4421 BALBUM
1552 4381 1762 4420 REGEM.

1145 4459 1298 4510 Anno
1329 4457 1478 4516 8‘78.)

492 4529 759 4601 Deplorat
795 4531 1037 4582 mortem
1091 4455 1298 4601 έίὶλτὲἳὲ)
1319 4458 1676 4601 fmgei'atoris
1700 4527 1888 4597 patris
1937 4527 2099 4601 ejus;

565 4595 832 4655 hortatur
858 4602 922 4653 ut
940 4613 1137 4669 pacem
1163 4597 1363 4669 habeat
1380 4595 1509 4652 cum
1531 4595 1749 4666 regibus
1771 4595 2103 4665 consangui-

563 4671 685 4725 neis
708 4670 848 4730 suis,
889 4668 952 4722 et
968 4669 1230 4722 Ecclesia:
1249 4668 1510 4722 inimicos
1543 4670 1935 4738 persrqzmtur,
1961 4682 2100 4737 prte-

563 4743 727 4811 cipue
767 4740 1122 4794 Lambertum
1161 4739 1378 4811 dacem,
1403 4737 1570 4811 cujus
1589 4737 1746 4811 diras
1774 4738 2098 4806 iri/estatio-

564 4808 664 4864 nes
689 4813 1130 4874 commemorat;
1169 4809 1406 4880 denique
1442 4809 1501 4861 in
1544 4808 1786 4863 Galliam
1817 4824 1878 4880 se
1904 4811 2100 4861 venta-

567 4896 718 4941 rum,
743 4881 924 4950 ibique
944 4880 1221 4950 synodum
1244 4879 1660 4934 celebraturum
1696 4879 1998 4948 signiﬁcat.

568 4964 856 5022 Lunovnco
895 4967 1139 5038 glorioso
1178 4968 1314 5039 regi,
1349 4965 1460 5020 tilio
1504 4965 1644 5020 diva:
1691 4967 1969 5020 memoria:
1999 4965 2100 5018 Ca-

496 5055 597 5112 roli
628 5056 674 5109 ll
707 5055 1044 5124 imperatoris
1083 5054 1332 5126 Augusti.

567 5142 785 5212 Quanto
815 5143 1012 5196 deinde
1030 5158 1216 5196 amore
1238 5142 1543 5198 dilectionis
1573 5157 1674 5212 pro
1700 5150 1970 5196 tantorum
1996 5142 2100 5196 bo-

455 5223 463 5230 ’
495 5247 689 5287 norum
723 5231 1093 5297 virtutibus,et
1111 5246 1212 5299 pro
1233 5229 1618 5300 omnipotentis
1651 5231 1744 5285 Dei
1779 5230 2102 5300 quotidianis

495 5329 799 5400 genitorem
824 5337 1059 5382 vestrum
1077 5326 1422 5382 dilexerimus
1439 5327 1692 5392 cultibus,
1715 5327 1924 5389 horum,
1947 5327 2103 5381 Chri-

499 5423 582 5470 sto
604 5415 948 5471 conscientiae
964 5423 1162 5470 nostra:
1183 5423 1339 5478 teste,
1361 5416 1566 5487 absque
1582 5415 1942 5486 lacrymarum
1967 5413 2099 5470 cliu-

499 5501 652 5558 sione
702 5501 964 5557 factorum
1009 5503 1286 5559 reminisci
1329 5503 1636 5562 nullatenus
1669 5519 1982 5572 possumus.
2030 5503 2100 5558 Et

2189 1788 2297 1842 Sed
2329 1805 2445 1853 vos,
2481 1788 2552 1843 fili
2584 1790 2950 1856 cbarisssime,
2984 1791 3174 1845 hortor
3209 1806 3274 1845 ac
3317 1805 3518 1846 moneo
3561 1801 3783 1861 paterno

2186 1877 2389 1930 amoris
2419 1875 2634 1941 aﬁ‘ectu,
2676 1878 2794 1946 ejus
2833 1878 3030 1932 imitari
3059 1879 3113 1932 in
3158 1877 3532 1933 Ecclesiarum
3581 1879 3782 1934 exalta-

2186 1963 2332 2018 tione
2363 1965 2594 2036 vestigia
2623 1965 2747 2020 vitae
2775 1965 3054 2036 spiritalis,
3115 1967 3272 2034 cujus
3296 1966 3446 2021 ﬂoris
3467 1966 3676 2022 decore
3693 1983 3781 2021 na-

2187 2060 2272 2106 tus
2301 2053 2454 2125 regia
2485 2053 2752 2124 dignitate
2780 2053 2987 2108 existis.
3015 2054 3250 2108 Primum
3275 2062 3332 2108 ut
3360 2054 3515 2124 pacis
3530 2055 3782 2109 unitatem

2188 2141 2572 2212 vinculumque
2604 2141 2883 2196 charitatis
2915 2156 3038 2197 cum
3067 2141 3328 2196 fratribus
3357 2144 3579 2207 vestris,
3626 2143 3782 2196 nimi-

2190 2245 2312 2283 rum
2342 2229 2600 2284 Ludovici
2632 2230 2780 2300 regis
2810 2231 3184 2298 Bajoariorum
3213 2228 3360 2295 ﬁliis,
3392 2246 3633 2302 cumque
3663 2231 3786 2286 tide-

2189 2317 2332 2372 libus
2379 2317 2702 2371 Christianis
2731 2326 2943 2386 tenens,
2987 2319 3208 2372 demum
3235 2327 3426 2373 contra
3473 2319 3785 2374 insanientis

2190 2406 2422 2473 rabiem,
2454 2414 2615 2477 atque
2645 2415 2928 2476 tyrannos,
2964 2415 3189 2476 paterno
3219 2416 3552 2476 provocatus
3603 2423 3785 2462 exem-

2189 2494 2300 2564 plo,
2334 2493 2582 2548 virtutem
2613 2494 2847 2558 roboris,
2882 2495 3080 2548 Christi
3111 2495 3449 2559 auctoritate,
3501 2495 3556 2548 in
3606 2494 3786 2550 defen-

2192 2583 2403 2638 sionem
2433 2583 2620 2637 matris
2657 2590 2876 2645 vestrte,
2921 2598 2954 2636 a
3001 2597 3109 2653 qua
3131 2591 3184 2637 et
3230 2591 3414 2642 notum
3443 2583 3784 2652 praedicatio-

2191 2672 2278 2727 nis
2305 2671 2361 2725 in
2387 2671 2628 2741 proavis,
2660 2679 2712 2724 et
2734 2670 2954 2724 infulam
2987 2670 3202 2740 imperii
3237 2670 3554 2740 accepistis,
3594 2671 3785 2726 medul.

2192 2761 2320 2815 litus
2341 2759 2677 2830 viriliterque
2707 2758 2988 2814 effundere
3026 2759 3269 2814 valeatis.
3302 2757 3462 2827 Quia,
3497 2760 3642 2830 quod
3691 2759 3788 2815 dici

2195 2849 2313 2902 sine
2343 2849 2707 2918 lacrymarum
2751 2848 2926 2902 imbre
2975 2847 3124 2901 nullo
3171 2847 3338 2902 modo
3365 2855 3564 2916 potest,
3600 2847 3791 2918 prodiit

2197 2937 2253 2990 in
2279 2937 2382 2990 hoc
2409 2944 2656 3005 tempore
2685 2937 2826 3006 apud
2857 2952 2957 2990 nos
2983 2952 3049 2990 ex
3081 2950 3267 2988 massa
3295 2935 3508 3005 peccati
3539 2935 3698 2989 radix
3727 2951 3786 2990 ac

2197 3025 2370 3079 fomes
2400 3023 2749 3094 nequissimae
2793 3023 3114 3094 perditionis
3161 3024 3504 3088 Lambertus,
3537 3024 3786 3079 \Vidonis

2195 3112 2468 3184 quondam
2511 3111 2788 3181 Spoletani
2827 3112 3320 3174 dicis,horrendus
3351 3110 3514 3174 filius,
3565 3111 3792 3167 fatemur

2193 3200 2873 3262 membrumAntichristi,
2923 3201 3014 3272 qui
3045 3201 3369 3255 adversatur
3416 3209 3470 3256 et
3526 3200 3792 3256 extollitur

2194 3288 2514 3358 derogando
2542 3289 2810 3343 adversus
2834 3295 3013 3342 ortum
3070 3288 3276 3358 regalis
3317 3288 3623 3360 progeniei,
3657 3297 3710 3342 et
3736 3304 3790 3342 se

2195 3377 2364 3446 turpis
2429 3375 2561 3431 lucri
2641 3376 2899 3446 cupidum
2982 3375 3321 3430 clandestina
3377 3376 3791 3440 machinatione,

2190 3465 2496 3535 rapacitatis
2537 3465 2754 3526 ardore,
2805 3480 2950 3520 nunc
2999 3465 3104 3520 huc
3135 3472 3297 3535 atque
3344 3463 3474 3520 illuc
3518 3465 3785 3536 tergiver-

2197 3554 2391 3620 sando,
2433 3570 2557 3608 cum
2602 3554 2814 3608 moecha
2837 3568 3029 3608 sorore
3071 3552 3308 3616 Rotilde,
3362 3568 3599 3624 cumque
3645 3567 3789 3608 com-

2198 3642 2341 3712 plice
2366 3657 2467 3695 suo
2525 3640 2691 3696 infido
2722 3641 3021 3710 Adelgerto
3050 3640 3390 3707 marchione,
3441 3641 3554 3695 imo
3609 3640 3790 3711 patriae

2198 3730 2476 3800 praedone,
2527 3730 2594 3783 ad
2652 3729 2847 3795 facem,
2877 3736 2934 3782 ut
2963 3744 3092 3782 vera
3151 3727 3294 3782 fama
3351 3729 3563 3794 volitat,
3626 3730 3792 3799 impu-

2197 3819 2405 3881 denter,
2440 3819 2584 3890 quod
2615 3819 2763 3872 Deus
2789 3825 3010 3880 avertat,
3046 3817 3336 3871 sustollere
3366 3818 3597 3872 Romani
3625 3821 3792 3886 impe-

2199 3907 2300 3972 rii;
2335 3915 2388 3959 et
2427 3923 2586 3970 nunc,
2620 3914 2805 3976 utpote
2853 3905 3185 3960 abominatio
3229 3905 3593 3960 desolationis
3637 3914 3793 3975 atque

2199 3995 2525 4064 perditionis
2555 3993 2716 4056 ﬁlius,
2754 4002 2911 4063 caput
2979 3993 3180 4062 scorpii
3229 4001 3283 4047 et
3337 3994 3548 4064 aspidis
3601 3993 3788 4054 surdae,

2200 4083 2429 4148 destruit
2465 4083 2791 4152 dilapidans,
2823 4097 3032 4152 perque
3079 4096 3312 4152 nequam
3362 4097 3494 4134 suos
3542 4081 3798 4150 disperdit

2198 4172 2488 4242 praedones
2537 4186 2753 4225 omnem
2805 4169 3094 4224 terminum
3125 4169 3296 4224 sancti
3339 4169 3482 4224 Petri
3542 4185 3606 4224 ac
3655 4167 3793 4222 Pauli

2199 4268 2564 4330 protectorum
2599 4267 2922 4320 vestrorum,
2959 4257 3047 4311 ubi
3077 4265 3130 4311 et
3177 4273 3280 4327 pro
3337 4273 3445 4328 qua
3495 4273 3558 4312 re
3612 4271 3791 4311 omnes

2201 4364 2342 4418 pene
2360 4347 2528 4402 nostri
2544 4345 2732 4400 ﬁdeles
2749 4345 2802 4398 in
2819 4353 3198 4416 paupertatem
3227 4360 3294 4400 ac
3314 4345 3688 4400 necessitatem
3711 4359 3789 4397 re-

2130 4437 2183 4497 D
2214 4435 2358 4490 dacti
2390 4435 2659 4499 videntur,
2694 4433 3160 4504 sacramentisque
3184 4441 3241 4486 ut
3273 4433 3374 4486 sibi
3398 4433 3722 4503 conspirent,
3751 4439 3800 4484 et

2202 4541 2270 4578 ne
2300 4524 2369 4578 ad
2407 4531 2650 4577 nostram
2681 4530 2962 4576 occurrant
2987 4522 3309 4595 jussionem,
3343 4521 3524 4574 omnis
3553 4519 3795 4576 territorii

2203 4621 2513 4667 sanctorum
2553 4610 2920 4680 apostolorum
2973 4609 3222 4664 homines
3283 4610 3654 4681 constringere
3693 4623 3796 4661 non

2202 4701 2401 4755 omisit.
2423 4701 2577 4754 Nunc
2606 4699 2768 4753 etiam
2801 4699 3092 4752 Tarentum
3112 4698 3383 4770 legatione
3400 4697 3609 4753 directa
3633 4710 3793 4768 paga-

2202 4789 2307 4853 nis,
2353 4789 2606 4859 donaque
2652 4786 3044 4853 transmittens,
3102 4781 3266 4856 atque
3295 4785 3363 4839 ab
3399 4785 3480 4840 eis
3510 4784 3790 4854 accipiens,

2203 4877 2522 4948 suppliciter
2551 4877 2874 4945 deprecatus
2894 4883 2995 4940 est,
3035 4882 3091 4927 ut
3121 4874 3244 4938 sxbi,
3278 4889 3404 4928 cum
3443 4871 3790 4946 signiﬁcatum

2203 4964 2412 5030 fuisset,
2446 4963 2733 5036 phalangae
2763 4967 3031 5035 Agarenae
3059 4961 3128 5015 ad
3156 4961 3452 5032 perniciem
3514 4957 3790 5016 Christiani

2203 5053 2389 5124 populi
2419 5053 2744 5124 quantocius
2772 5049 3020 5106 deferant
3050 5049 3264 5105 auxilia.
3289 5049 3540 5118 Qualiter
3569 5049 3790 5117 denique

2205 5141 2392 5196 fraude
2423 5141 2694 5212 nequitiae,
2730 5147 2783 5194 et
2813 5155 2912 5209 per
2941 5137 3257 5208 perjurium,
3290 5138 3344 5192 in
3374 5138 3498 5191 sinu
3540 5135 3787 5192 Ecclesiae

2206 5238 2406 5284 nostra:
2435 5245 2534 5284 nos
2565 5227 2859 5298 deceperit,
2903 5227 3205 5296 urbemque
3253 5241 3465 5280 sacram
3522 5222 3781 5284 invaserit,

2208 5319 2293 5376 hic
2311 5335 2372 5374 ea
2419 5318 2544 5374 ideo
2575 5315 2952 5387 praetereundo
2991 5314 3236 5378 silemus,
3269 5313 3396 5385 quia
3436 5314 3493 5368 in
3539 5313 3640 5368 alio
3663 5325 3789 5380 opu-

2205 5407 2356 5464 sculo
2401 5407 2468 5462 ad
2551 5403 2790 5460 omniain
2863 5402 3299 5459 Christianorum
3352 5403 3620 5466 notitiam,
3659 5412 3785 5470 quos

2204 5503 2259 5557 id
2286 5501 2434 5559 circo
2463 5499 2822 5556 anathematis
2852 5497 3084 5553 vinculis
3115 5495 3520 5562 innodavimus,
3553 5489 3793 5551 nonnulla
