4072 6186
279 221 380 274 789

1482 217 1838 273 ΕΡῘδΤΟΙΑΕ
1867 204 1964 270 ET
2001 213 2350 271 DECRETA.

3499 199 3602 266 ’ῖἿο

270 342 587 413 conscripta
606 351 910 397 teneamus.
936 343 1038 396 Pro
1067 355 1176 412 qua
1206 307 1288 406 re,
1321 340 1540 396 domine
1567 339 1644 394 ﬁli
1671 339 1876 396 charis-
1894 334 1948 400 Α
1979 339 2107 395 atii:
2127 339 2520 410 comprobatur
2547 339 2733 408 (Prov.
2765 336 2948 405 xvtr);
2976 343 3030 390 et
3067 335 3206 392 bene
3236 334 3396 394 nobis
3416 330 3602 390 ﬁliatio

277 431 434 498 sime,
468 439 660 486 contra
689 445 832 485 nova
861 437 915 484 et
960 428 1203 484 inaudita
1245 429 1301 483 in
1347 428 1669 483 Christianis
1717 427 1879 494 mala,

273 535 475 575 novum
499 519 614 586 jam
645 519 822 573 fessus
852 527 906 572 et
936 516 1193 590 fatigatus
1240 517 1557 573 certaminis
1613 516 1882 581 laborem,

267 597 486 662 navalis
517 606 724 662 scilicet
750 606 1002 677 periculi,
1033 607 1338 677 ﬂuctusque
1365 605 1554 668 maris,
1602 619 1885 658 assumere

281 695 622 762 desiderans,
675 685 763 749 m'e
809 695 972 749 tantis
1010 693 1269 764 periculis
1317 693 1471 766 [edit
1534 695 1686 748 Rom.
1755 692 1887 762 legit

281 799 568 838 assumere
597 782 699 838 iter
719 783 790 838 de
817 781 1230 836 transmetantis
1262 781 1538 852 periculis,
1561 779 1689 852 etc.]
1710 779 1778 834 ad
1793 794 1889 834 vos

285 870 560 926 veniendo
588 885 690 941 pro
721 869 1090 926 Ecclesiarum
1121 879 1434 925 sanctarum
1455 869 1696 922 omnium
1747 867 1890 922 libe-

281 959 514 1025 ratione,
539 960 694 1027 juxta
723 959 1064 1030 Apostolum,
1091 973 1201 1012 non
1230 957 1438 1012 faciens
1459 957 1698 1011 animam
1715 970 1890 1010 meam

291 1047 674 1118 pretiosiorem
723 1061 888 1118 quam
934 1063 1043 1101 me.
1093 1047 1162 1100 Et
1198 1061 1346 1110 ecce,
1396 1053 1659 1116 quantum
1690 1045 1756 1098 ad
1786 1042 1896 1098 mei

291 1135 578 1190 ministerii
607 1133 858 1206 regimen
889 1141 1118 1204 spectat,
1150 1149 1260 1188 non
1303 1149 1498 1188 recuso
1548 1149 1650 1204 pro
1695 1131 1896 1187 Christi

293 1223 510 1278 Domini
541 1223 744 1288 ovium,
777 1239 882 1294 ope
909 1223 1047 1292 ejus,
1083 1222 1405 1278 liberatione
1420 1221 1580 1286 mori,
1605 1220 1899 1276 detrimen-

287 1319 513 1382 tumque
557 1309 805 1365 sufferre.
857 1311 988 1375 Vos,
1022 1327 1206 1382 quaeso
1236 1310 1454 1378 obnixe,
1495 1324 1612 1375 vos,
1649 1307 1722 1362 fili
1764 1309 1897 1363 cha-

295 1398 534 1465 ris;ime,
550 1398 822 1470 lacrymas
840 1413 994 1453 meas
1009 1400 1352 1470 arduumque
1373 1397 1620 1452 laborem
1642 1396 1896 1468 aspicite;

295 1496 348 1542 et
377 1487 450 1542 ad
511 1486 890 1542 defensionem
935 1494 1139 1542 sanctm
1170 1486 1364 1541 matris
1412 1495 1609 1540 vestra:
1663 1493 1904 1540 vestrum

298 1576 544 1629 animum
561 1573 912 1647 ﬁdeliumque
929 1583 1234 1629 vestrorum
1255 1574 1635 1629 adhortatione
1653 1574 1906 1628 continua

1984 427 2286 498 adoptionis
2333 433 2529 480 vestrae
2559 423 2850 496 spiritualis
2880 423 3062 480 favere
3104 423 3320 491 valebit,
3354 422 3400 478 si
3453 421 3602 493 pacis

1991 531 2044 577 et
2089 521 2460 577 unanimitatis
2516 537 2640 576 cum
2689 519 2942 574 fratribus
2972 519 3187 582 vestris,
3239 519 3456 574 Christo
3484 517 3602 588 opi-

1987 608 2112 676 ﬁce,
2139 611 2484 666 concorditer
2504 617 2689 663 tenere
2735 609 2980 664 consulte
3010 607 3258 677 satagitis
3288 607 3600 670 vinculum;

1980 685 2120 768 quia
2187 697 2240 750 in
2288 706 2472 752 vestra
2500 713 2657 768 pace,
2693 696 2920 751 fatemur
2966 695 3130 750 totius
3179 695 3468 750 Christiani
3495 709 3601 764 po-

1993 785 2106 856 puli
2138 786 2284 840 salus
2329 786 2612 850 consistit;
2648 802 2752 856 qua
2783 783 3002 840 demum
3051 783 3395 846 necessitate,
3431 797 3606 854 quave

1994 871 2200 946 fatigati
2267 875 2546 946 angustia,
2628 873 2814 927 relicta
2873 873 3004 927 sede
3083 871 3306 942 propria
3383 877 3608 940 aposto-

1996 961 2086 1015 lici
2148 961 2422 1026 culminis,
2491 961 2755 1030 compulsi
2805 976 2990 1015 sumus
3052 959 3334 1015 Frauciam
3381 967 3602 1028 petere,

1996 1065 2206 1120 vosque
2261 1056 2492 1119 paterno
2549 1047 2744 1103 affectu
2801 1049 3123 1118 deposcere,
3180 1056 3447 1118 quatenus
3501 1061 3609 1100 una

2001 1137 2286 1192 nobiscum
2333 1135 2489 1207 positi
2521 1137 2588 1190 de
2615 1137 2886 1192 communi
2936 1136 3236 1191 salvatione
3267 1143 3472 1190 sanctae
3503 1135 3612 1189 Ro-

2006 1241 2181 1280 manae
2211 1225 2476 1281 Ecclesiae
2512 1233 2564 1278 et
2623 1225 2932 1296 reipublicae
2978 1233 3116 1278 statu
3153 1231 3522 1286 tractaremus,
3555 1221 3612 1276 in

2001 1313 2344 1383 paucissimis
2373 1329 2516 1368 nunc
2546 1311 2916 1383 patefacimus,
2951 1311 3075 1383 quia
3129 1311 3184 1366 in
3215 1311 3318 1366 alio
3348 1309 3611 1380 opusculo

2007 1401 2244 1472 qualiter
2268 1399 2473 1454 nefarie
2503 1400 2570 1454 sit
2603 1409 2885 1470 peractum
2934 1400 3002 1453 ad
3053 1398 3290 1453 omnium
3347 1397 3608 1452 Christia-

2007 1504 2202 1543 norum
2236 1487 2479 1543 notitiam
2509 1498 2824 1543 reservatur
2877 1486 3284 1557 conscriptum;
3317 1486 3458 1557 quod
3490 1485 3612 1540 luce

2005 1575 2204 1632 clarius
2254 1575 2554 1631 advertitis.
2609 1576 2930 1630 Lambertus
2989 1574 3308 1645 Spoletanus
3372 1572 3614 1644 perfidus

289 1671 634 1733 praeparate.
699 1671 752 1718 et
806 1679 1023 1718 mecum
1073 1662 1402 1718 unanimiter
1449 1661 1592 1731 lupis
1616 1661 1903 1731 rapacibus
1933 1665 2133 1746 Bdux,
2167 1663 2421 1718 Widonis
2462 1664 2736 1736 quondam
2785 1663 2988 1733 stirps,
3045 1661 3368 1733 perditionis
3434 1658 3614 1729 filius,

291 1751 514 1805 baculus
535 1751 938 1822 redargutionis
955 1751 1168 1806 studete
1189 1759 1376 1806 tenere
1401 1769 1414 1814 ;
1435 1758 1722 1821 quatenus,
1755 1750 1892 1805 duce

274 1839 570 1911 .Unigeniti
627 1839 825 1912 gratia,
896 1848 1018 1910 post
1088 1839 1254 1911 longa
1321 1847 1626 1908 temporum
1699 1838 1894 1908 spatia,

294 1935 686 1996 c00peratores
717 1924 893 1982 effecti
950 1926 1120 1980 nostri
1169 1925 1504 1990 certaminis,
1535 1925 1604 1980 de
1658 1941 1900 1995 purpura

296 2013 520 2079 terreni,
581 2013 797 2084 imperii
835 2014 903 2068 ad
931 2029 1193 2070 coronam
1222 2015 1412 2070 venire
1441 2013 1666 2068 valeatis
1697 2029 1899 2084 perpe-

296 2109 464 2157 tuam.
539 2103 607 2156 Et
680 2101 942 2172 epistolas
1013 2101 1274 2172 reliquas,
1339 2118 1473 2172 quas
1539 2099 1902 2157 confratribus

294 2190 512 2258 vestris,
544 2190 944 2245 Carolomanno
973 2189 1243 2256 videlicet,
1289 2199 1342 2244 et
1389 2189 1684 2257 Ludovico,
1744 2198 1902 2261 atque

297 2277 496 2333 Carolo
520 2278 740 2348 juniori,
783 2278 1073 2351 dirigimus
1117 2293 1220 2349 pro
1269 2277 1456 2332 talium
1501 2277 1898 2343 adhortatione,

297 2381 611 2436 precamur,
645 2365 832 2436 gloria:
859 2374 1057 2420 vestra:
1073 2365 1398 2431 decentiam,
1417 2365 1639 2420 easdem
1661 2365 1767 2419 illis
1789 2365 1905 2420 sine

300 2469 454 2509 mora
485 2454 758 2508 destinare
792 2453 1111 2524 dignemini,
1146 2454 1507 2524 omnibusque
1531 2453 1906 2509 reverentissi-

301 2543 406 2596 mis
453 2542 907 2613 archiepiscopis,
959 2551 1011 2596 et
1072 2541 1221 2597 clero
1277 2543 1439 2597 totius
1494 2541 1702 2596 ordinis
1749 2541 1908 2614 regni

302 2629 492 2695 vestri,
524 2639 748 2701 paterna
801 2638 929 2700 peto
969 2630 1346 2686 adhortatione
1385 2628 1679 2701 significari
1711 2629 1907 2700 praeci—

301 2719 434 2789 pite,
470 2719 746 2790 quoniam,
768 2719 1000 2774 Domino
1015 2719 1334 2786 miserante,
1359 2719 1500 2789 apud
1522 2734 1620 2774 vos
1641 2719 1910 2789 synodum

307 2806 633 2862 celebraturi
663 2822 850 2861 sumus
880 2807 1090 2861 cunctis
1121 2806 1336 2877 populis
1367 2807 1446 2862 Ch
1467 2805 1708 2861 ristianis
1743 2823 1912 2877 perne

302 2895 623 2950 cessariam.
639 2893 986 2966 Quaecunque
1016 2910 1180 2949 nosse
1197 2910 1294 2950 vos
1307 2894 1576 2964 cupimus,
1599 2910 1731 2949 sane
1750 2894 1912 2948 dein-

301 2999 434 3053 ceps
492 2999 680 3037 sumus
733 2983 900 3038 acturi
945 2983 1014 3037 de
1080 2983 1313 3054 negotiis
1378 2982 1784 3038 ecclesiasticis.
1835 2983 1911 3038 Te

303 3087 540 3142 quoque,
577 3069 898 3126 charissima
929 3069 1025 3136 ﬁli,
1077 3070 1398 3125 auctoritate
1448 3070 1620 3126 sancti
1677 3071 1936 3142 Spiritus'

306 3159 406 3213 Dei
437 3159 636 3225 nostri,
667 3159 734 3212 ad
765 3159 953 3214 vicem
985 3159 1250 3231 genitoris
1309 3159 1475 3213 vestri
1522 3159 1708 3214 domui
1741 3158 1919 3213 Caroli

305 3246 557 3318 perpetui
589 3247 940 3316 imperatoris
983 3247 1234 3318 Augusti,
1285 3262 1316 3300 a
1372 3246 1600 3303 secretis
1649 3247 1920 3302 constituo

309 3351 490 3413 meum
523 3335 908 3400 consiliarium,
945 3335 1058 3406 qui,
1092 3344 1148 3388 ut
1177 3334 1284 3390 dici
1309 3335 1530 3400 assolet,
1564 3351 1694 3405 pars
1723 3334 1920 3390 anima

310 3439 448 3478 mea;
477 3422 593 3488 fuit,
639 3430 691 3478 et
735 3439 964 3496 quaeque
1011 3423 1224 3496 agenda
1255 3432 1398 3488 sunt,
1435 3439 1572 3494 coge
1628 3423 1917 3494 adunaque

311 3511 599 3566 consilium
631 3529 644 3565 :
677 3511 804 3582 quia
832 3511 888 3566 in
933 3510 1078 3566 fonte
1138 3512 1214 3566 tui
1243 3511 1426 3568 cordis
1464 3512 1699 3582 primum
1749 3512 1918 3566 intin-

309 3599 524 3670 gendus
553 3599 812 3668 calamus,
846 3599 1045 3655 deinde
1073 3615 1266 3654 manus
1298 3609 1486 3655 nostra
1511 3598 1764 3654 formabit
1794 3601 1918 3654 cha~

315 3687 541 3744 racteris
571 3687 776 3760 apices.

1029 3759 1218 3814 CXVI.

480 3844 555 3885 AD
582 3844 900 3885 ιυυονιοωί
930 3844 1311 3970 ῗῖοΑιίιὲῗὲἴ
1342 3844 1506 3884 REGIS
1533 3843 1739 3884 ιτωωι.

1011 3915 1119 3955 uno
1261 3941 1273 3954 .

331 3989 606 4060 Hortatur
619 3987 690 4042 ad
711 3988 1049 4060 servandam
1067 4003 1266 4060 pacem
1279 4004 1405 4043 cum
1422 3987 1775 4060 patruelibus
1799 3989 1919 4054 ;z'a-

384 4059 614 4115 vehitur
641 4059 704 4114 in
721 4058 1086 4114 Lambertum
1099 4060 1468 4130 Spoletanum
1489 4058 1688 4130 ducent
1702 4075 1725 4114 ,ε
1760 4063 1920 4130 rogat

395 4131 673 4202 episcoyi:
702 4129 983 4200 signiﬁcet
1012 4133 1078 4184 ut
1107 4128 1178 4182 ad
1205 4129 1478 4200 synodum
1523 4129 1815 4184 accedant.

388 4217 674 4272 LUDOVICO
697 4216 1065 4283 Bajoariorum
1100 4217 1248 4288 regis
1279 4215 1407 4271 tilio.

389 4305 661 4374 Scriptum
693 4304 834 4359 enim
868 4320 996 4359 vero
1025 4303 1080 4358 in
1118 4304 1373 4359 Salomon
1425 4303 1658 4375 legimus
1692 4321 1705 4357 :
1739 4305 1917 4359 Filius

317 4393 548 4465 sapiens
567 4392 820 4460 laetiﬁcat
836 4396 1082 4464 patrem,
1109 4395 1166 4447 et
1187 4396 1273 4446 est
1297 4392 1585 4463 gaudium
1605 4393 1810 4446 matris
1831 4407 1954 4463 quae
1977 4383 2030 4442 D

314 4480 660 4551 genuiteum
680 4481 862 4548 (Prov.
901 4483 999 4549 x);
1034 4487 1384 4552 quapropter,
1419 4478 1674 4550 quoniam
1714 4487 1784 4544 te,
1819 4478 1928 4533 Lu-

316 4567 518 4622 dovico
570 4565 682 4622 filio
724 4567 920 4633 Caroli,
981 4567 1256 4623 Ludovico
1305 4565 1417 4621 ﬁlio
1454 4565 1711 4621 Ludovici
1760 4566 1926 4638 regis,

315 4655 638 4711 aeternitatis
676 4651 1014 4726 prescientize
1045 4672 1158 4710 suae
1179 4655 1407 4711 consilio
1420 4655 1763 4726 omnipotens
1783 4656 1929 4709 Deus

318 4759 386 4799 ex
420 4759 612 4816 regum
641 4743 1139 4815 imperatorumque
1187 4752 1268 4798 est
1316 4744 1570 4816 dignatus
1624 4743 1929 4814 producere

317 4833 606 4904 prosapia,
637 4839 690 4886 et
719 4841 844 4887 tunc
874 4831 1024 4886 illum
1053 4833 1214 4903 plene
1261 4830 1540 4887 laetiticare
1581 4831 1927 4900 contenditis,

319 4921 369 4974 si
399 4927 600 4974 vestrae
628 4920 784 4974 matri
805 4920 1031 4991 ejusque
1051 4919 1410 4976 immaculata:
1431 4936 1647 4990 sponsa:
1667 4921 1930 4976 adversus

321 5007 700 5062 insidiantium
775 5007 911 5063 ictus
975 5015 1134 5080 atque
1215 5007 1358 5062 illius
1429 5007 1762 5064 laceratores
1820 5016 1930 5062 tota

323 5098 528 5150 virtute
559 5095 897 5160 concurritis,
929 5111 1091 5152 omne
1120 5112 1339 5167 quoque
1367 5095 1497 5150 nixu
1546 5111 1697 5150 more
1727 5112 1930 5166 paren-

323 5191 441 5238 tum
473 5197 880 5254 pravorumque
926 5192 1232 5239 vestrorum
1279 5183 1462 5238 auxilii
1503 5183 1930 5239 consolationem

325 5271 603 5340 conferre,
635 5280 816 5342 spreta
835 5287 1190 5344 personarum
1211 5271 1524 5342 acceptione
1547 5272 1928 5344 quarumlibet,

291 5360 660 5449 .quantocius
705 5359 990 5427 festinatis,
1045 5361 1218 5426 sancti
1255 5361 1497 5449 Spiritus
1533 5376 1633 5431 per
1681 5361 1930 5418 Salomo-

322 5464 457 5506 nem
483 5445 670 5508 verbis
695 5449 1019 5505 tenentibus
1053 5467 1066 5504 :
1101 5445 1372 5506 Frater‘et
1385 5447 1606 5507 amicus
1647 5449 1712 5504 in
1745 5452 1931 5525 angit.-

1939 3034 1986 3098 C

2001 1768 2060 1822 in
2091 1761 2349 1823 quantam
2374 1751 2688 1822 superbiam
2737 1768 2838 1821 pro
2869 1751 3182 1822 cupiditate,
3215 1758 3272 1804 ut
3315 1749 3453 1804 fama
3484 1764 3619 1804 vera

2001 1857 2062 1894 se
2089 1841 2268 1905 habet,
2303 1839 2530 1896 Romani
2560 1839 2776 1909 imperii
2809 1839 3089 1908 eruperit,
3122 1839 3176 1892 in
3207 1839 3414 1893 nostris
3444 1837 3621 1892 tribu-

2000 1928 2294 1993 lationibus
2326 1937 2486 2000 atque
2526 1927 2792 1999 angustiis
2823 1927 3010 1997 procul
3068 1926 3233 1982 dubio
3276 1925 3624 1998 cognoscetis

2003 2017 2072 2071 ad
2131 2016 2413 2088 liquidum.
2449 2017 2676 2072 Romam
2733 2015 3003 2086 siquidem
3053 2013 3388 2070 clandestina
3430 2013 3616 2068 fraude

2003 2105 2260 2160 devotum
2296 2104 2480 2158 venire
2511 2120 2572 2158 se
2601 2103 2884 2166 simulans,
2917 2120 2947 2156 a
2979 2102 3135 2157 nobis
3167 2101 3313 2156 velut
3342 2100 3484 2156 filius
3511 2116 3616 2172 pa~

2003 2193 2086 2249 cis
2119 2193 2356 2266 benigne
2401 2202 2716 2262 susceptus:
2751 2192 2880 2263 quid
2928 2191 3182 2246 virulenti
3210 2190 3422 2246 consilii
3451 2190 3620 2245 corde

2006 2281 2246 2354 gestiens
2279 2281 2344 2353 [f.
2378 2279 2612 2353 gereret]
2643 2279 2696 2333 in
2715 2279 3006 2334 crastinum
3049 2280 3325 2350 sequentis
3347 2278 3453 2332 diei
3483 2277 3623 2332 dilu-

2007 2370 2190 2425 culum
2231 2369 2624 2424 demoustravit
2657 2384 2669 2422 :
2703 2384 2825 2422 nam
2855 2367 3128 2439 deputatis
3157 2367 3494 2434 custodibus,
3529 2383 3617 2421 ve-

2009 2475 2128 2512 rum
2181 2459 2346 2512 etiam
2403 2457 2757 2524 satellitibus,
2796 2457 2863 2510 ad
2911 2465 3120 2526 portam
3167 2455 3327 2510 Urbis
3369 2471 3490 2526 qum
3549 2453 3618 2508 ad

2006 2545 2152 2600 beati
2184 2545 2320 2600 Petri
2377 2545 2749 2616 apostolorum
2791 2543 3052 2614 principis
3111 2543 3360 2598 euntibus
3415 2541 3604 2612 pandit

2010 2634 2130 2701 iter,
2166 2633 2374 2686 nullum
2404 2640 2713 2686 nostrorum
2758 2630 2997 2685 fidelium
3041 2631 3106 2685 ad
3154 2646 3254 2684 nos
3293 2629 3487 2702 egredi
3529 2645 3624 2700 pa-

2011 2721 2170 2784 tiens,
2204 2721 2360 2776 cibos
2393 2719 2701 2774 deferentes
2730 2723 3014 2784 coercens,
3037 2719 3232 2773 asserit
3261 2718 3617 2773 Caroloman-

2013 2825 2140 2864 num
2163 2825 2351 2882 regem
2389 2809 2492 2862 sibi
2563 2808 2690 2862 talia
2729 2808 3002 2862 horrenda
3057 2807 3240 2863 facere
3269 2805 3620 2876 praecepisse.

2015 2896 2172 2966 Quod
2201 2897 2408 2951 idcirco
2439 2911 2546 2952 non
2597 2912 2890 2966 possumus
2938 2895 3186 2956 credere,
3231 2895 3490 2966 quoniam
3556 2909 3624 2948 ex

2017 2993 2197 3040 vestra
2226 2985 2492 3057 progenie
2509 2983 2690 3038 nullus
2712 2983 2984 3038 cervicem
3006 2983 3242 3053 superbe
3261 2991 3450 3037 contra
3481 2981 3624 3038 hanc
3712 2985 3718 2991 ’

2019 3072 2212 3128 extulit
2261 3074 2468 3138 sedem,
2504 3072 2602 3126 sed
2643 3081 2866 3142 propter
2908 3073 3083 3126 Deum
3123 3070 3440 3140 suppliciter
3485 3069 3626 3125 colla

2021 3161 2290 3216 submisit.
2316 3161 2450 3224 Nos,
2493 3159 2568 3214 fili
2597 3160 2940 3222 charissima,
2973 3176 3074 3230 pro
3131 3158 3350 3212 Domini
3380 3157 3633 3224 Ecclesia

2021 3257 2074 3303 et
2102 3250 2217 3317 ejus
2239 3248 2434 3302 ovibus
2463 3247 2697 3300 animam
2727 3251 2930 3316 ponere
2969 3245 3270 3316 cupientes,
3313 3261 3442 3300 ecce
3471 3244 3630 3298 mari-

2019 3353 2120 3391 nos
2153 3335 2350 3390 fluctus
2379 3336 2659 3406 undasque
2689 3335 2820 3388 salis
2849 3335 2914 3388 ad
2947 3349 3044 3388 vos
3075 3333 3342 3388 veniendo
3371 3349 3472 3403 per
3499 3329 3632 3386 diﬂi-

2021 3425 2126 3480 cile
2147 3425 2249 3478 iter
2280 3423 3091 3493 assumpsimus,vobiscumque
3119 3421 3277 3475 simul
3300 3421 3487 3492 positi,
3521 3421 3631 3475 Do-

2025 3512 2176 3567 mino
2211 3511 2548 3580 miserante,
2624 3511 2927 3565 universale
3011 3511 3282 3580 synodum
3345 3508 3628 3564 celebrare

2033 3599 2572 3670 disponimus‘totius
2602 3608 2802 3654 sanctae
2829 3599 3091 3654 Ecclesiae,
3115 3641 3128 3663 ,
3169 3597 3325 3652 vobis
3355 3598 3628 3653 obsecun-

2019 3688 2298 3752 dantibus,
2355 3695 2674 3758 provectum
2705 3695 2757 3741 et
2817 3686 3193 3742 exultationem
3223 3685 3344 3741 loco
3388 3699 3629 3756 percon-

2024 3793 2163 3850 gruo
2201 3781 2522 3848 satagemus
2551 3773 3022 3848 peragere.Quod,
3047 3789 3250 3846 quaeso,
3271 3774 3430 3846 regni
3459 3773 3629 3828 vestri

2022 3865 2278 3920 omnibus
2311 3863 2740 3934 archiepiscOpis
2765 3863 3216 3934 coepiscopisque
3247 3861 3446 3917 nostris
3475 3860 3631 3917 inuo-

2017 3964 2230 4010 tescere
2259 3953 2578 4025 dignemini,
2609 3953 2942 4024 eosdemque
2973 3952 3130 4007 nobis
3149 3953 3346 4006 adesse
3377 3949 3630 4006 continua

2017 4043 2327 4098 maturitate
2357 4041 2661 4098 accelerare
2687 4050 2920 4097 monete.
2953 4042 3090 4096 Data
3127 4045 3195 4096 ut
3219 4057 3412 4113 supra.

2743 4138 2958 4192 CXVII.

2419 4240 2490 4280 AD
2522 4240 2975 4280 CAROLOMANNUM
3007 4241 3215 4280 REGEM.

2656 4299 2836 4364 (Auno
2866 4296 3018 4364 878.)

2425 4383 2686 4454 Ejusdem
2714 4399 2858 4454 pene
2892 4384 3237 4454 argumenti.

2100 4479 2308 4533 Dilecto
2337 4477 2449 4533 tilio
2471 4481 2892 4533 CxaoLouxxxo
2923 4479 3168 4550 glorioso
3200 4478 3341 4552 regi.

2101 4566 2316 4636 Quanta
2345 4566 2580 4638 denique
2611 4567 2932 4622 exultatione
2962 4567 3271 4638 sponsionis
3290 4573 3480 4621 vestrae
3511 4581 3636 4620 san-

2029 4663 2169 4710 ctam
2196 4656 2497 4712 Romanam
2529 4655 2850 4722 Ecclesium,
2877 4657 3128 4712 videlicet
3144 4665 3372 4710 matrem
3394 4663 3637 4710 vestram

2030 4745 2382 4816 omniumque
2437 4744 2902 4813 Christianorum,
2934 4761 3054 4816 quae
3084 4759 3181 4799 vos
3241 4752 3292 4798 et
3339 4743 3478 4798 lacte
3521 4758 3636 4798 sum

2029 4833 2426 4904 praedicationis
2457 4833 2526 4888 ab
2557 4833 2815 4888 uberibus
2845 4841 2897 4887 et
2920 4833 2988 4888 ad
3017 4831 3316 4902 imperialia
3353 4848 3383 4886 a
3413 4831 3636 4903 proavis

2032 4931 2242 4993 sceptra
2271 4923 2534 4995 sanguine
2565 4938 2759 4992 regum
2789 4921 3118 4977 excellenter
3153 4921 3425 4992 produxit,
3459 4919 3640 4974 suble-

2029 5026 2158 5066 vare
2187 5010 2404 5076 curetis,
2439 5017 2490 5064 et
2517 5009 2794 5080 epistulari
2847 5018 3014 5075 textu,
3063 5017 3114 5064 et
3166 5009 3508 5064 internuntiis
3538 5024 3638 5062 nu-

2029 5115 2131 5169 per
2158 5099 2226 5152 ad
2255 5113 2354 5152 nos
2384 5097 2606 5153 directis
2627 5096 3025 5153 reminiscimur
3043 5097 3290 5169 pleniter,
3325 5097 3638 5168 fontemque

2034 5185 2262 5242 ubertim
2294 5186 2476 5241 cordis
2508 5185 2672 5241 vestri
2701 5186 2857 5240 solita
2893 5187 3094 5258 pietate
3124 5194 3408 5256 parentum
3436 5194 3640 5240 vestro-

2026 5291 2154 5344 rum
2179 5275 2323 5332 circa
2380 5275 2767 5347 omnipotentis
2799 5275 2900 5331 Dei
2928 5275 3246 5330 famulatum
3295 5276 3642 5330 miseratione

2031 5364 2314 5421 abundare
2344 5363 2684 5434 reperimus:
2719 5374 2956 5420 vestrum
2984 5379 3207 5434 quoque
3235 5363 3310 5420 ad
3329 5364 3642 5435 praedictam

2031 5462 2254 5509 matrem
2285 5460 2542 5520 vestram,
2575 5451 2652 5507 uti
2681 5451 2858 5524 gloria
2907 5451 3158 5508 culminis
3187 5452 3356 5510 veStri
3403 5463 3640 5525 spopon-

3314 5571 3336 5596 δ
