4072 6186
480 229 576 282 771

1769 223 2064 278 JOANNIS
2105 224 2298 280 ΡΑΡιΕ
2339 226 2476 280 Vill.

3676 227 3787 280 772

475 348 632 418 derit,
653 357 812 404 tanto
837 348 1048 402 avidius
1076 346 1395 418 enixiusque
1432 345 1742 417 quotidiana
1788 345 2068 416 prastola-
2099 347 2154 406 A
2175 347 2398 403 nitatem
2428 355 2666 404 vestram
2694 347 3036 420 quantocius,
3067 347 3215 401 omni
3245 361 3400 402 mora
3447 345 3780 416 postposita,

477 436 623 492 tione
651 435 944 491 adventum
965 435 1414 505 exspectavimus,
1440 441 1638 504 quanto
1660 449 1760 504 pro
1777 441 2072 505 augmento

477 525 748 581 mercedis
779 533 974 580 vestra
1017 539 1118 578 nos
1167 531 1516 594 nostramque
1557 521 1863 578 Ecclesiam
1887 521 1942 576 in
1994 529 2073 576 tot

479 613 892 668 adversantibus
923 612 1282 677 laborantem,
1315 626 1481 681 super
1501 625 1692 666 omnes
1713 609 2073 680 imperatores

475 711 635 772 atque
667 716 828 773 reges
857 699 948 772 qui
979 708 1103 754 ante
1136 715 1232 753 vos
1261 697 1478 752 fuerunt
1508 698 1744 753 exaltare
1791 712 1856 752 ac
1897 696 2072 750 beati-

478 789 645 845 ficare
676 785 989 843 omnimodo
1017 786 1359 857 promisistis.
1397 785 1524 851 Sed,
1560 786 1664 840 heu
1696 785 1834 856 proh
1865 784 2023 838 dolor
2059 781 2071 836 l

480 877 625 932 fesso
656 876 785 930 mihi
814 891 1152 948 paganorum
1183 873 1562 946 persecutione
1593 888 1657 928 ac
1689 872 1893 944 gladio,
1916 879 2076 942 atque

478 965 772 1021 exactionis
802 964 866 1036 [Γ.
901 963 1200 1026 exactione,
1235 961 1439 1034 [lenm]
1481 977 1676 1017 census
1719 959 2076 1032 vigintiquin-

481 1071 584 1126 que
626 1053 852 1108 millium
906 1052 962 1106 in
1020 1059 1252 1122 argento
1308 1065 1693 1105 mancusorum
1753 1047 2075 1110 annualiter,

475 1142 586 1197 imo
615 1142 890 1212 pradicta
936 1149 1134 1195 vestra
1184 1138 1342 1193 matri
1392 1138 1608 1192 additus
1666 1136 1845 1192 civilis
1893 1150 2078 1190 mucro

478 1230 746 1303 angustia:
774 1237 876 1296 est,
911 1227 1004 1300 qui
1033 1243 1173 1299 pene
1203 1242 1303 1280 nos
1329 1225 1570 1279 funditus
1598 1223 1939 1294 peremisset,
1973 1223 2078 1276 nisi

478 1318 654 1374 subita
678 1317 1022 1371 miseratione
1043 1314 1186 1368 illius
1209 1314 1512 1368 solaremur
1550 1312 1767 1380 auxilio,
1829 1311 1920 1382 qui
1954 1310 2082 1364 fide-

475 1407 621 1461 libus
651 1405 914 1477 pollicens
944 1403 1116 1475 inquit
1151 1417 1164 1456 :
1189 1403 1328 1458 Ecce
1344 1417 1436 1472 ego
1458 1401 1732 1456 vobiscum
1755 1417 1880 1455 sum
1897 1400 2088 1454 omni-

477 1495 578 1550 bus
597 1494 788 1548 diebus
812 1507 983 1562 usque
1005 1490 1076 1545 ad
1093 1506 1419 1545 consumma
1429 1489 1636 1544 tionem
1649 1489 1843 1543 saculi
1858 1486 2079 1558 (Matth.

476 1587 706 1650 xxvm).
730 1579 991 1633 Exierunt
1023 1578 1243 1648 quidam
1274 1593 1340 1631 ex
1370 1576 1544 1639 nobis,
1578 1577 1676 1631 sed
1704 1591 1812 1631 non
1867 1574 2082 1629 fuerunt

2172 451 2463 491 occurrere
2505 437 2882 504 admonemus,
2929 451 3054 491 cum
3089 435 3300 490 cunctis
3338 433 3682 504 coepiscopis
3711 448 3782 489 ac

2174 521 2535 596 suffraganeis
2565 522 2782 589 vestris,
2817 523 3058 593 exceptis
3088 523 3172 576 his
3195 537 3333 593 quos
3359 521 3505 577 sacri
3535 536 3781 576 canones

2174 627 2277 682 pro
2306 611 2669 667 incommodis
2691 611 2870 666 causis
2911 619 3058 665 stare
3087 610 3386 682 patiuntur.
3421 609 3699 678 Quoniam
3729 609 3787 662 in

2173 715 2258 766 ea,
2293 700 2511 755 Christo
2541 706 2888 770 conperante,
2923 698 3164 753 omnium
3193 696 3568 754 Ecclesiarum
3598 711 3791 766 spera-

2175 803 2296 843 mus
2325 787 2464 858 erigi
2511 795 2706 842 statum
2747 794 2908 858 atque
2960 785 3225 858 vigorem.
3275 786 3388 840 Hoc
3434 784 3632 840 iterum
3675 784 3784 838 ite-

2175 891 2406 947 rumque
2454 891 2762 940 moncmus,
2812 875 3090 930 hortamur
3135 887 3500 944 expresseque
3548 871 3787 927 manda-

2176 979 2320 1033 mus,
2350 971 2407 1018 ut
2437 962 2581 1018 nulla
2612 962 2770 1018 vobis
2801 977 2957 1018 mora
2987 961 3301 1032 nullumque
3330 967 3547 1031 tempus
3577 975 3788 1030 prape.

2178 1051 2308 1119 diat,
2336 1051 2525 1107 donec
2571 1050 2732 1105 nobis
2784 1057 3026 1106 vestrum
3078 1049 3369 1104 adventum
3395 1048 3450 1102 in
3497 1047 3788 1118 prasentia

2178 1139 2502 1211 prabeatis;
2537 1133 2561 1169 δ
2594 1138 2648 1194 id
2677 1145 2760 1194 est
2789 1137 3064 1194 Lamberti
3091 1135 3282 1207 perfidi
3304 1135 3612 1206 Spoletanis
3631 1135 3790 1190 ducis

2178 1227 2436 1283 Widonis
2466 1226 2580 1294 ﬁlii,
2617 1226 2843 1297 ejusque
2872 1225 3156 1296 complicis
3188 1223 3466 1279 Adelberti
3505 1223 3788 1278 marchio-

2179 1315 2285 1380 nis,
2320 1314 2431 1379 vel,
2463 1323 2518 1368 ut
2545 1314 2760 1378 melius,
2815 1314 3003 1384 patria
3051 1311 3368 1383 proditoris,
3427 1311 3519 1382 qui
3565 1309 3792 1366 clande-

2181 1403 2324 1458 stina
2353 1401 2546 1458 fraude
2573 1401 2800 1473 pacifice
2830 1401 3018 1457 venire
3066 1417 3126 1455 se
3155 1399 3437 1464 simulans,
3471 1398 3526 1452 in
3557 1397 3686 1454 dolo
3714 1397 3790 1453 ad

2181 1499 2393 1562 portam
2434 1490 2588 1545 urbis
2635 1489 2892 1546 custodes
2921 1489 3209 1559 deputans,
3243 1502 3564 1558 sacramque
3591 1486 3790 1541 civita-

2182 1588 2290 1634 tem
2323 1587 2580 1650 tyrannus
2609 1577 2826 1642 invasit,
2857 1593 3068 1648 nosque
3122 1592 3244 1630 cum
3301 1574 3556 1630 fidelibus
3585 1573 3794 1628 nostris

479 1685 544 1754 9x
572 1667 752 1732 nobis,
783 1664 1102 1729 conﬁtemur
1129 1681 1306 1736 neque
1337 1681 1400 1719 ΟΧ
1435 1664 1590 1718 ηοδίε
1634 1663 1802 1736 [forte
1851 1664 2077 1728 melius,
2108 1666 2316 1754 Bintra
2367 1665 2660 1722 ecclesiam
2707 1665 2853 1720 beati
2911 1664 3056 1720 Petri
3101 1662 3474 1735 apostolorum
3530 1660 3795 1732 principis

477 1737 675 1828 neque,
708 1773 773 1811 ex
803 1755 978 1823 vobis,
1014 1752 1240 1826 Hann],
1275 1757 1366 1825 qui
1391 1761 1536 1808 tanta
1558 1752 1859 1808 Romanam
1881 1751 2074 1807 Eccle-

481 1846 614 1900 siam
646 1844 1096 1900 dehonestatione
1127 1842 1429 1913 urbemque
1463 1856 1701 1905 sacram,
1735 1856 1836 1895 nos
1859 1855 2077 1910 quoque

483 1933 845 2004 fatigaverunt
871 1939 1028 2003 atque
1058 1938 1470 2002 oppresserunt,
1523 1937 1580 1984 ut
1635 1928 1810 1982 simile
1866 1943 1968 1982 nec
2026 1927 2080 1980 in

483 2021 806 2076 Christianis
834 2020 1055 2092 regibus
1087 2019 1289 2075 factum
1320 2017 1591 2073 reminisci
1621 2017 1730 2070 ullo
1762 2015 1926 2071 modo
1946 2031 2080 2086 pos-

481 2110 567 2164 sit.
603 2109 948 2165 Lainbertum
990 2106 1184 2172 fateor,
1246 2115 1408 2178 atque
1464 2105 1820 2160 Adelbertum
1876 2103 2080 2159 electos

481 2197 846 2262 marcliiones,
871 2195 964 2268 qui
985 2195 1167 2251 hostili
1197 2211 1362 2249 manu
1389 2195 1709 2266 occultaque
1729 2192 1919 2247 fraude
1941 2207 2080 2263 qua-

481 2287 605 2341 liter
634 2302 734 2340 nos
783 2284 1035 2351 aﬂ'ecere,
1095 2283 1346 2339 culminis
1405 2282 1572 2337 vestri
1627 2281 1860 2354 gloriam
1915 2280 2080 2334 latere

483 2373 630 2428 nulla
660 2373 829 2444 potuit
859 2373 1084 2435 ratione,
1121 2371 1267 2442 quod
1298 2371 1368 2425 ad
1398 2370 1638 2426 omnium
1670 2378 1911 2423 vestrum
1935 2367 2078 2422 noti-

482 2463 610 2517 tiam
640 2461 694 2516 in
727 2477 826 2516 suo
857 2459 1116 2530 scriptum
1149 2467 1364 2514 tenetur
1393 2457 1675 2529 opusculo.
1709 2456 1880 2513 Nobis
1901 2455 2079 2511 enim-

482 2566 610 2606 vero
638 2549 708 2604 ad
740 2565 837 2605 vos
869 2549 1010 2604 inter
1041 2556 1241 2603 catera
1285 2547 1428 2601 mala
1456 2545 1557 2600 iter
1602 2545 1846 2601 clausere
1893 2543 2081 2599 venire

483 2638 862 2710 cupientibus;
893 2653 1004 2708 qua
1036 2635 1362 2692 necessitate
1394 2633 1678 2706 compulsi,
1715 2631 1925 2696 navale,
1958 2631 2079 2685 ani-

483 2743 627 2782 mam
655 2743 771 2798 pra
799 2725 1048 2780 manibus
1075 2724 1358 2793 habentes,
1391 2722 1785 2794 assumpsimus
1807 2719 2080 2776 laboriose

483 2815 809 2886 periculum,
839 2821 891 2868 et
941 2813 1296 2869 commodum
1349 2811 1602 2866 duximus
1649 2809 1932 2865 Franciam
1960 2807 2078 2882 ire,

483 2912 830 2972 vestramque
861 2901 1156 2955 fraternam
1185 2915 1507 2971 compagem
1537 2899 1590 2953 in
1639 2897 1788 2968 pacis
1831 2905 1882 2952 et
1941 2911 2079 2950 una-

484 2991 743 3046 nimitatis
771 2989 1044 3045 vinculum
1073 2989 1434 3054 consolidare,
1474 2995 1669 3042 vestra
1698 2986 1887 3041 matris
1936 3001 2080 3056 sape

485 3079 645 3134 dicta
675 3077 1051 3132 liberationem
1070 3085 1270 3132 sancta
1287 3077 1544 3132 Romana
1587 3074 1848 3130 Ecclesia
1888 3089 2085 3128 neces-

490 3167 638 3222 sario
671 3181 940 3238 quarere.
978 3165 1088 3220 Vos
1118 3164 1386 3236 siquidem
1416 3163 1542 3218 illuc
1559 3178 1858 3233 omnesque
1880 3169 2089 3216 vestro-

488 3273 610 3311 rum
645 3271 940 3327 regnorum
971 3254 1258 3325 episcopos
1286 3252 1356 3308 ad
1387 3251 1652 3324 synodum
1701 3249 2084 3306 celebrandam

486 3345 672 3399 venire
703 3345 1003 3399 hortamur.
1039 3343 1174 3398 Data
1205 3341 1272 3396 de
1321 3341 1535 3396 civitate
1574 3339 1871 3406 Genuensi,
1906 3347 1958 3394 et
2003 3337 2088 3392 di-

486 3441 638 3489 recta
667 3431 858 3505 gloria
886 3439 1083 3487 vestra
1111 3446 1212 3500 per
1241 3431 1568 3500 Anspertum
1625 3427 2086 3483 Mediolanensem

486 3519 815 3577 confratrem
845 3528 897 3575 et
925 3518 1310 3590 coepiscopum
1356 3525 1622 3572 nostrum.

554 3610 882 3664 Prasentem
912 3607 1305 3679 [prasentium]
1338 3605 1563 3661 latorem
1595 3606 1809 3660 Petrum
1853 3602 2087 3659 cardinis

487 3697 736 3754 ecclesia
757 3704 954 3752 nostra
973 3695 1354 3766 presbyterum
1372 3693 1564 3766 gloria
1577 3701 1770 3747 vestra
1792 3691 2085 3762 plurimum

487 3787 955 3851 commendamus,
1015 3800 1246 3854 eumque
1307 3782 1377 3836 ad
1435 3798 1535 3836 nos
1592 3796 1904 3851 quasumus
1962 3794 2086 3834 cum

487 3875 680 3929 vestris
703 3873 887 3927 missis
907 3880 1067 3942 atque
1091 3869 1442 3941 opitulatione
1463 3868 1781 3924 festinanter
1809 3866 2082 3921 remittite.

1167 3966 1409 4021 CXVIII.

489 4073 562 4112 AD
631 4071 963 4110 ANSPERTUI
1029 4068 1504 4108 ABGHIEPISCOPUM
1591 4065 2082 4106 MEDIOLANENSBI.

1095 4144 1275 4212 (Anno
1332 4143 1480 4208 878.)

496 4233 674 4288 Monet
699 4236 765 4288 ut
785 4231 1128 4304 quantocius
1164 4231 1238 4285 ad
1273 4229 1549 4304 synodum
1572 4230 1634 4304 in
1675 4228 2088 4304 Gal_li_am_cum

567 4298 944 4374 suﬂ'raganeir
962 4302 1194 4374 accedat
1214 4321 1231 4374 ς
1254 4298 1514 4374 queritur
1553 4299 1619 4354 de
1647 4298 1887 4371 perﬁdia
1918 4299 2085 4352 Lam-

564 4373 706 4430 berti
725 4373 1017 4446 Spoletam‘
1032 4373 1274 4428 comitis.
1681 4407 1686 4418 .

563 4466 861 4517 ANSPERTO
892 4460 1192 4516 venerabili
1213 4459 1626 4529 archiepiscopo
1675 4452 2086 4511 Mediolanensi.

563 4551 668 4605 Pro
698 4549 998 4604 innumeris
1025 4548 1188 4619 igitur
1216 4555 1269 4601 et
1323 4545 1712 4617 multiplicibus
1769 4541 2090 4614 oppressio-

490 4655 620 4693 num
647 4637 914 4710 angustiis
942 4637 1108 4691 totius
1137 4643 1340 4690 sancta
1366 4634 1632 4690 Ecclesia
1663 4632 1718 4686 in
1737 4632 1873 4687 orbe
1913 4639 2090 4685 terra-

489 4743 608 4781 rum
637 4724 868 4790 diﬂ'usa,
900 4724 1170 4796 synodum
1200 4722 1583 4790 universalem,
1637 4720 1852 4776 Christo
1906 4719 2090 4789 opitu-

489 4814 655 4878 lante,
717 4813 770 4866 in
825 4812 1050 4868 Francia
1105 4811 1255 4883 (quia
1313 4811 1368 4864 in
1454 4809 1626 4872 Italia,
1712 4806 2092 4879 persecutione

493 4902 764 4956 malorum
795 4909 1081 4974 grassante
1111 4904 1158 4970 ⁸)
1191 4901 1405 4954 Petrum
1434 4897 1812 4969 presbyterum
1857 4893 2093 4950 cardinis

495 4989 686 5055 nostri,
723 5005 884 5062 quem
911 4989 982 5044 ad
1021 4988 1479 5043 Carolomannum
1535 5001 1726 5057 regem
1781 4982 2084 5055 dirigimus.

493 5077 809 5134 fraternitati
840 5086 1036 5132 vestra
1094 5075 1384 5146 plurimum
1443 5073 1890 5130 commendamus
1948 5072 2098 5138 (m1.

495 5169 640 5222 nime
669 5166 964 5238 potuimus)
996 5179 1184 5219 sumus
1212 5163 1561 5231 celebraturi,
1601 5163 1670 5218 ad
1714 5176 1873 5234 quam
1908 5157 2095 5214 frater-

611 5276 724 5325 Hac
755 5273 899 5324 verba
927 5285 1024 5324 non
1051 5272 1303 5322 coha'rent
1323 5270 1658 5335 sequentibus.

565 5363 586 5389 τι
617 5341 676 5390 Ut
696 5351 894 5390 causam
916 5339 1185 5390 communis
1214 5338 1369 5388 hortis
1395 5351 1493 5389 una
1515 5350 1696 5388 meum
1710 5336 1964 5399 iudicetis.
1983 5336 2098 5386 Hac

497 5406 577 5456 vel
601 5406 698 5456 aha
723 5406 999 5468 hujusmodt
1025 5405 1174 5458 verba
1189 5405 1269 5456 hic
1280 5404 1452 5456 deesse
1472 5404 1718 5454 videntur.
1741 5403 1810 5452 De
1831 5402 2094 5452 Lamberto

497 5477 546 5522 et
575 5472 834 5523 Adelbcrto
861 5472 1095 5534 Aimoin.,
1122 5472 1157 5521 l.
1186 5485 1235 5530 v,
1263 5485 1308 5520 c.
1335 5471 1424 5520 37.

2184 1754 2425 1811 inaudito
2477 1762 2639 1826 atque
2694 1753 2969 1809 horrende
3032 1759 3312 1808 coarctare
3382 1751 3525 1806 inter
3591 1756 3792 1805 calere

2179 1843 2323 1898 mala
2342 1851 2384 1897 °.
2418 1843 2558 1898 Data
2586 1844 2649 1897 ut
2671 1858 2847 1914 supra
2867 1840 2912 1894 ἀ.

2873 1929 3068 1984 CXIX.

2556 2033 2628 2073 AD
2647 2033 3054 2074 ANGELBERGAI
3069 2031 3380 2072 AUGUSTAI.

2781 2107 2965 2176 (Anno
3013 2103 3165 2174 878.)

2187 2199 2253 2254 Ut
2279 2197 2342 2251 in
2361 2198 2628 2252 Romana:
2640 2193 2802 2248 Eccle
2811 2194 2904 2248 cia
2913 2193 3020 2261 ﬁde
3035 2196 3352 2266 perseveret
3371 2212 3390 2259 ;
3415 2193 3787 2263 prasentium

2642 2267 2880 2320 latorem
2911 2263 3288 2319 commendat.

2222 2353 2446 2410 Dilectis
2453 2353 2602 2408 sima
2617 2352 2741 2408 filia
2757 2354 3152 2406 Axannnaaaa
3163 2348 3494 2421 imperatrici
3505 2353 3788 2422 Augusta.

2254 2441 2684 2498 Reminiscentes
2712 2439 2956 2496 omnium
2985 2439 3256 2493 bonorum
3283 2445 3614 2500 vestrorum,
3651 2452 3792 2508 quo-

2181 2529 2311 2584 tidie
2357 2530 2473 2584 Deo
2529 2537 2714 2584 nostro
2745 2527 3042 2600 gratiarum
3073 2525 3318 2582 actiones
3347 2523 3664 2590 referimus,
3697 2524 3788 2596 qui

2183 2625 2427 2673 vestrum
2473 2617 2714 2672 animum
2754 2623 2904 2670 tanta
2960 2613 3322 2669 sollicitudine
3365 2612 3512 2668 circa
3547 2611 3794 2668 devotio-

2183 2722 2309 2762 nem
2338 2705 2408 2760 ab
2437 2706 2664 2761 exordio
2694 2713 2898 2760 sancta
2929 2703 3184 2758 Romana
3221 2700 3484 2757 Ecclesia
3527 2696 3797 2771 spirituali

2183 2794 2414 2850 flamma
2443 2793 2726 2849 adustione
2757 2791 3015 2863 perussit.
3049 2790 3156 2846 Sed
3185 2799 3349 2854 nunc,
3382 2787 3492 2844 ﬁlia
3520 2803 3649 2844 mea
3673 2789 3798 2844 cha-

2183 2883 2398 2938 rissima
2445 2889 2499 2938 et
2545 2881 2601 2937 in
2641 2880 2858 2937 Christo
2887 2879 3100 2943 devota,
3133 2881 3338 2949 q'uaso,
3391 2875 3533 2932 vires
3564 2875 3796 2932 sollicita

2182 2970 2388 3042 ingenii
2435 2968 2752 3036 acutissimi,
2796 2976 2848 3023 et
2903 2967 2960 3021 in
3004 2966 3110 3022 hoc
3149 2965 3510 3035 inopportuno
3539 2971 3796 3034 tempore

2115 3039 2165 3103 (ἶ
2189 3039 2344 3114 solita
2374 3057 2613 3112 bonitate
2643 3071 2928 3120 concurre,
2979 3062 3246 3126 quatenus
3305 3059 3540 3122 captum
3587 3051 3797 3107 bonum

2186 3162 2360 3218 usque
2391 3145 2462 3201 ad
2490 3143 3018 3201 consummationem
3035 3141 3218 3212 operis
3247 3141 3571 3212 perductum
3598 3139 3797 3195 aterni

2187 3233 2530 3290 retributoris
2557 3232 2782 3305 pramia
2809 3231 3050 3302 recipere
3079 3229 3328 3285 valeatis.
3360 3229 3615 3284 Latorem
3644 3242 3792 3299 quo-

2188 3338 2293 3395 que
2323 3323 2670 3394 prasentium
2711 3321 2933 3376 Petrum
2978 3317 3215 3374 cardinis
3266 3316 3440 3372 nostri
3495 3315 3798 3388 presbyte-

2188 3427 2328 3477 rum,
2360 3425 2546 3482 quaso
2595 3410 2650 3464 in
2687 3409 2938 3465 omnibus
2968 3406 3170 3461 habeas
3200 3403 3663 3468 commendatum,
3703 3419 3795 3459 ve-

2186 3507 2405 3570 stroque
2435 3497 2664 3554 consilio
2722 3495 3146 3568 prudentissimo
3175 3493 3280 3549 iter
3307 3491 3453 3548 illius
3482 3490 3644 3548 solita
3675 3491 3795 3562 pie-

2186 3595 2296 3642 tate
2343 3586 2636 3657 disponite,
2689 3592 2978 3656 quatenus,
3029 3582 3145 3638 Deo
3173 3580 3334 3646 duce,
3361 3580 3431 3634 ad
3459 3595 3559 3634 nos
3614 3579 3798 3650 possit

2188 3674 2364 3730 redire
2385 3673 2692 3730 incolumis.
2716 3673 2852 3728 Data
2869 3676 2933 3726 ut
2952 3686 3147 3744 supra.

2927 3757 3094 3814 CXX.

2309 3864 2667 3905 Ριιινιιεαιωι
2693 3863 2799 3903 PRO
2828 3860 3184 3902 IOXASTEIIIO
3212 3857 3618 3900 TOINUTIENSI.

2827 3919 3008 3986 (Anno
3037 3915 3188 3984 878.)

2189 3991 2614 4060 Conﬁrmantur
2627 3990 2771 4046 bona
2797 3987 2979 4044 eidem
2988 3986 3335 4042 monasterio
3345 3985 3486 4040 olim
3504 3997 3792 4040 concessa.

2259 4082 2415 4134 Anno
2446 4077 2744 4133 Dominica
2761 4073 3148 4131 incarnationis
3166 4075 3291 4140 878,
3305 4071 3600 4128 indictione
3623 4070 3800 4125 unde-

2186 4167 2347 4232 cima,
2361 4172 2628 4236 regnante
2649 4162 2899 4234 piissimo
2917 4170 3080 4234 atque
3099 4159 3503 4234 gloriosissimo
3516 4172 3651 4229 rege
3683 4157 3802 4214 Lu»

2186 4254 2401 4320 dovico,
2427 4252 2607 4308 Caroli
2621 4250 2732 4307 filio
2752 4249 3088 4306 serenissimi
3102 4247 3355 4322 Augusti,
3379 4246 3672 4302 auxiliante
3693 4247 3806 4300 Do.

2190 4343 2338 4399 mino
2349 4350 2558 4410 nostro,
2584 4341 2638 4396 in
2661 4341 2922 4396 honorem
2943 4337 3190 4408 ejusdem
3210 4335 3311 4392 Dei
3325 4345 3380 4390 et
3393 4333 3609 4391 Domini
3621 4333 3806 4388 nostri

2108 4391 2160 4451 D
2191 4430 2320 4486 Jesu
2342 4391 2560 4486 Christi:
2583 4429 2706 4502 Ego
2720 4429 2958 4484 Joannes
2971 4391 3288 4496 episcopus,
3305 4439 3495 4478 servus
3512 4437 3804 4478 servorum

2189 4519 2310 4585 Dei,
2343 4527 2507 4591 atque
2537 4517 2828 4588 pradictus
2844 4513 2987 4569 filius
3007 4511 3475 4584 nostergloriosus
3507 4525 3602 4564 rex
3629 4509 3807 4564 Ludo-

2190 4607 2363 4672 vicus,
2387 4605 2774 4661 constituimus
2817 4610 3142 4659 conventum
3179 4598 3577 4655 venerabilium
3619 4596 3806 4652 archi-

2192 4695 2574 4765 episcoporum
2595 4706 2810 4748 necnon
2835 4698 2890 4746 et
2915 4689 3212 4760 prasulum
3225 4687 3391 4742 totius
3412 4684 3573 4757 regni
3595 4684 3802 4740 Trecas

2192 4780 2432 4846 civitate,
2490 4795 2598 4852 quo
2654 4777 2894 4834 interfuit
2948 4781 3282 4830 memoratus
3328 4786 3424 4827 rex
3452 4771 3737 4843 piissimus
3781 4787 3796 4822 :

2191 4885 2368 4940 eoque
2415 4875 2657 4939 peracto,
2705 4873 2959 4938 precatus
2996 4870 3080 4918 est
3126 4877 3227 4918 nos
3273 4875 3399 4916 cum
3433 4857 3558 4914 ﬁliis
3591 4869 3644 4915 et
3683 4857 3805 4914 fra-

2191 4957 2366 5012 tribus
2394 4956 2598 5011 nostris
2635 4953 2906 5026 episcopis
2928 4953 3043 5022 jam
3071 4950 3249 5006 dictus
3301 4948 3578 5021 gloriosus
3627 4947 3807 5018 impe-

2193 5054 2280 5100 tor
2309 5053 2366 5101 ut
2414 5043 2730 5100 Tornutium
2773 5039 3182 5106 monasterium,
3225 5035 3373 5108 quod
3400 5034 3685 5091 fundatum
3719 5042 3809 5090 est

2193 5133 2526 5189 inconiitatu
2573 5129 2922 5186 Cabilonensi
2953 5141 3119 5197 super
3176 5125 3493 5197 Sagonnam
3545 5122 3803 5185 ﬂuvium,

2285 5245 2306 5272 δ
2328 5240 2530 5292 Videtur
2545 5240 2626 5290 hic
2647 5239 2812 5298 deese,
2836 5242 3038 5288 conatus
3060 5240 3151 5286 est.

2288 5328 2314 5368 ἀ
2336 5327 2390 5378 ln
2436 5309 2645 5376 editione
2690 5323 2906 5374 Romana
2953 5321 3001 5372 in
3079 5317 3320 5384 principio
3374 5315 3535 5384 hujus
3582 5313 3810 5384 epistola

2200 5395 2274 5445 sic
2298 5392 2516 5456 legitur:
2569 5391 2646 5440 Ad
2677 5381 3099 5456 archiepiscopum
3156 5386 3217 5437 de
3259 5383 3572 5456 dictitata”;
3613 5381 3678 5431 ad
3715 5393 3817 5453 pg-

2197 5449 2455 5510 triarcl'iam
2476 5459 2536 5508 de
2561 5449 2878 5518 Foro-Julii}
2903 5449 3224 5504 ad'loannem
3255 5453 3317 5502 de
3341 5449 3514 5512 Papia.
