4028 6180
254 187 361 240 ’173

1418 176 1773 235 EPISTOLE
1811 176 1901 232 ET
1939 176 2303 234 DECRETA.

3459 175 3562 227 71L

266 307 363 361 ubi
382 312 592 377 martyr
621 303 819 359 Christi
854 303 1170 360 Valerianus
1193 318 1422 375 corpore
1453 301 1702 373 quiescit,
1725 300 1871 372 quod
1898 301 1956 363 Α
1976 299 2029 355 in
2062 317 2252 373 regum
2283 301 2546 372 reperitur
2575 297 2884 370 pmceptis.
2918 297 2976 353 Si
3025 296 3146 368 quis
3188 304 3370 351 autem
3408 303 3575 351 teme-

272 394 482 449 dudum
531 401 686 463 pater
742 392 858 461 ejus
942 391 1171 446 Carolus
1232 392 1545 461 imperator,
1602 390 1687 444 vel
1762 389 1880 458 ipse

273 481 629 553 postmodum
690 496 790 551 per
854 488 1251 550 praeceptorum
1294 479 1494 533 seriem
1521 520 1535 543 ,
1601 476 1881 532 monachis

276 577 486 625 sancte
538 568 637 623 Dei
671 568 951 640 genitricis
1018 569 1217 633 Mariae,
1280 567 1560 637 sanctique
1609 564 1885 619 Philiberti

276 657 465 728 inclyti
496 656 851 720 confessoris,
883 656 1244 726 praesentibus
1275 664 1328 710 et
1358 654 1569 722 futuris,
1604 654 1672 708 ob
1702 652 1882 707 vitan-

278 746 411 799 dam
456 743 946 799 Marcomannicam
976 743 1320 797 severitatem
1366 742 1728 806 contulerant,
1762 756 1885 796 cum

276 833 538 888 omnibus
619 832 780 886 rebus
840 832 911 885 ab
989 831 1165 902 ipsum
1233 831 1412 885 locum
1475 829 1881 900 aspicientibus,

274 920 572 992 privilegio
599 928 795 974 nostrae
827 918 1162 974 auctoritatis
1189 918 1689 973 corroboraremus.
1725 916 1886 984 Cujus

275 1008 531 1079 piissimo
561 1008 815 1062 mandato
845 1021 910 1062 eo
945 1007 1198 1061 libentius
1228 1007 1510 1070 cessimus,
1569 1021 1676 1077 quo
1722 1005 1886 1059 etiam

280 1112 387 1151 nos
420 1096 656 1166 idipsum
683 1104 999 1166 precutaros
1026 1094 1410 1165 perspeximus
1440 1093 1691 1165 amplius.
1719 1092 1888 1165 Igitur

277 1184 575 1256 privilegio
596 1191 797 1239 nostra:
818 1182 1157 1238 auctoritatis
1178 1181 1567 1238 conﬁrmamus
1584 1182 1662 1237 eis
1679 1181 1882 1246 omnia,

281 1271 747 1343 quemadmodum
777 1270 830 1324 in
862 1270 1149 1341 praceptis
1172 1270 1693 1341 gloriosissimorum
1716 1270 1889 1339 impe-

286 1368 535 1414 ratorum
564 1367 690 1413 sunt
737 1359 959 1424 inserta,
1006 1359 1060 1412 id
1096 1366 1178 1413 est
1230 1358 1551 1429 praedictum
1607 1357 1804 1421 locum,
1837 1364 1891 1412 et

283 1463 482 1502 omnes
513 1462 603 1501 res
642 1446 692 1501 ei
722 1447 1051 1515 adjacentes,
1083 1461 1225 1501 cum,
1258 1446 1407 1501 omni
1454 1446 1808 1501 libertatc.Et
1834 1444 1891 1499 in

283 1535 547 1591 comitatu
591 1533 862 1589 Arvenico
914 1534 1110 1588 cellam
1145 1535 1206 1589 S.
1245 1533 1506 1599 Portiani,
1545 1531 1669 1589 cum
1709 1532 1889 1587 omni-

281 1623 390 1677 bus
406 1622 764 1693 appendiciis.
786 1623 844 1675 In
856 1637 997 1693 pago
1011 1637 1227 1694 quoque
1249 1621 1593 1686 Sanctonico,
1609 1620 1892 1675 Asinarias

283 1726 411 1766 cum
432 1711 579 1765 omni
610 1725 704 1764 sua
734 1710 1062 1782 integritate.
1096 1710 1163 1764 Et
1192 1710 1247 1763 in
1275 1709 1600 1765 Pictaviensi
1620 1709 1892 1765 territorio

285 1798 480 1854 cellam
514 1798 574 1853 S.‘
596 1798 892 1865 Prudentii,
951 1814 1073 1852 cum
1121 1797 1375 1853 omnibus
1408 1798 1574 1852 rebus
1602 1797 1895 1869 adjacenti-

285 1886 415 1940 bus.
449 1887 521 1941 Et
548 1886 605 1940 in
634 1900 779 1958 pago
810 1885 1215 1957 Andegavensi,
1252 1885 1553 1940 Cunaldum
1596 1900 1719 1940 cum
1747 1885 1895 1939 omni

286 1973 629 2046 integritate.
680 1974 741 2028 In
770 1988 915 2044 pago
972 1988 1102 2028 vero
1133 1972 1520 2037 Cenomanico,
1573 1972 1899 2027 Bussiolium

289 2077 423 2117 cum
452 2061 707 2116 omnibus
758 2060 1113 2131 appendiciis.
1147 2062 1215 2116 Et
1236 2076 1382 2133 pago
1415 2060 1672 2126 Vallaico,
1704 2060 1899 2115 cellam

287 2166 420 2221 quae
474 2157 699 2204 vocatur
746 2149 1033 2213 Godditus,
1095 2164 1219 2204 cum
1292 2149 1546 2203 omnibus
1608 2148 1772 2203 rebus
1827 2149 1898 2203 ad

290 2220 357 2293 se
393 2237 807 2307 pertinentibus.
871 2238 1057 2307 Itaque
1105 2236 1161 2290 in
1198 2245 1386 2306 partes
1442 2220 1790 2309 Burgundiae,
1841 2236 1895 2290 in

285 2341 442 2398 pago
472 2325 841 2398 Lugdunensi,
872 2325 1145 2380 Bisiacum
1176 2324 1357 2379 villam
1387 2340 1509 2380 cum
1541 2324 1794 2380 ecclesia.
1829 2325 1898 2379 Et

288 2414 353 2468 in
378 2428 523 2485 pago
557 2413 962 2479 Matisconensi,
1015 2412 1211 2468 cellam
1246 2412 1302 2467 S.
1337 2412 1588 2479 Romani,
1640 2420 1692 2468 et
1730 2411 1897 2468 Olca-

289 2500 504 2555 siacum
532 2500 718 2554 villam
739 2515 864 2556 cum
892 2500 1124 2555 ecclesia
1155 2508 1208 2554 et
1250 2500 1503 2554 omnibus
1534 2500 1894 2570 appendiciis.

292 2589 504 2642 Verum
533 2588 659 2659 quia
688 2588 759 2642 ob
798 2587 1070 2642 vitandam
1108 2587 1543 2658 persecutionem
1599 2589 1897 2642 Nortman-

292 2690 518 2737 nomm,
579 2675 793 2730 Geiloni
848 2675 1051 2745 inclyto
1087 2675 1286 2741 abbati,
1328 2676 1715 2746 monachisque
1762 2691 1901 2746 prie-

289 2763 545 2819 sentibus
574 2771 625 2817 et
653 2763 868 2829 futuris,
898 2763 1222 2832 praedictum
1251 2763 1431 2819 locum
1461 2763 1734 2835 gloriosus
1783 2779 1896 2829 rex,

290 2867 476 2907 necne
504 2859 662 2921 pater
691 2851 809 2919 ejus
837 2851 1197 2917 contulerant,
1252 2860 1305 2906 et
1352 2850 1697 2922 pontiiicialis
1752 2851 1899 2906 calli-

292 2939 443 2993 ditas
469 2938 633 2992 nimis
669 2939 919 2993 eumdem
966 2938 1145 2994 locum
1176 2938 1485 3009 subegerat,
1519 2938 1805 3009 postulavit
1832 2938 1900 2993 is-

291 3028 431 3082 dem
476 3042 574 3081 rex
624 3035 682 3080 ut
735 3035 841 3080 tam
902 3026 1056 3099 larga
1105 3026 1474 3097 eleemosyna,
1535 3027 1789 3081 immunis
1822 3035 1901 3080 at-

292 3130 407 3186 que
437 3114 608 3169 libera
647 3114 940 3169 haberetur
986 3115 1053 3168 ab
1112 3115 1260 3169 omni
1308 3113 1605 3185 pontiﬁcali
1635 3115 1896 3186 potentia,

292 3211 490 3258 nostra
538 3210 810 3257 annuente
867 3202 1174 3258 clementia.
1222 3203 1386 3271 Cujus
1436 3203 1784 3273 petitionibus
1826 3202 1902 3257 fa—

292 3308 440 3346 vens
467 3291 645 3345 omnis
673 3291 1001 3361 episcopalis
1040 3299 1356 3356 conventus,
1391 3291 1664 3363 abnegare
1712 3292 1904 3362 nequi-

294 3380 483 3434 vimus
512 3380 659 3451 quod
688 3387 797 3433 tam
829 3379 915 3449 pie
948 3379 1259 3449 postulabat
1288 3378 1584 3450 imperator
1626 3378 1905 3450 gloriosis-

295 3467 496 3522 simus.
548 3469 878 3522 Auctoritate
906 3483 1039 3539 ergo
1078 3482 1243 3538 quam
1284 3467 1339 3521 in
1369 3467 1584 3522 Christo
1611 3468 1741 3521 Jesu
1790 3468 1904 3521 Do-

295 3556 455 3610 mino
484 3564 674 3609 nostro
712 3570 923 3609 summo
955 3555 1234 3610 sacerdote
1280 3555 1335 3608 in
1382 3556 1441 3608 B.
1490 3556 1649 3610 Petro
1687 3555 1905 3625 accepi-

296 3659 449 3709 mus,
500 3642 818 3713 prredictum
856 3643 1250 3697 monasterium
1280 3658 1403 3698 cum
1433 3642 1683 3697 omnibus
1714 3642 1909 3697 habitis

295 3740 356 3786 et
386 3730 680 3796 habituris,
713 3729 928 3784 Geiloni
975 3730 1275 3785 venerabili
1310 3730 1489 3785 abbati
1519 3739 1719 3786 sanctae
1748 3730 1908 3802 geni-

289 3818 451 3874 tricis
482 3816 603 3883 Dei,
656 3825 709 3872 et
738 3834 901 3888 supra
953 3819 1111 3874 dictis
1169 3819 1371 3874 sanctis
1422 3818 1722 3891 futurisque
1788 3827 1913 3890 post

297 3923 435 3962 eum
484 3906 772 3960 abbatibus
801 3906 869 3960 ad
901 3908 1267 3962 monasticum
1296 3907 1548 3963 ordinem
1597 3907 1748 3973 inibi,
1796 3909 1912 3963 Deo

294 3995 617 4063 adjuvante,
648 3994 1005 4050 excolendum
1034 3994 1373 4067 delegamus,
1407 4003 1459 4050 et
1483 3995 1802 4068 delegantes
1819 3996 1912 4064 ju-

297 4084 471 4138 bente
502 4081 615 4136 ﬁlio
647 4089 835 4137 nostro
863 4082 1109 4152 piissimo
1140 4099 1293 4155 rege,
1327 4083 1708 4139 inviolabiliter
1736 4092 1789 4138 et
1833 4083 1915 4138 in-

296 4169 691 4242 separabiliter
725 4169 841 4224 sine
880 4170 1231 4226 distractione
1273 4179 1362 4225 aut
1410 4171 1782 4227 immutatione
1830 4172 1916 4227 vel

298 4258 553 4330 qualibet
614 4257 971 4313 minoratione
1039 4258 1428 4329 perpetualiter
1506 4259 1912 4315 conﬁrmamus.

1982 389 2127 443 raria
2168 387 2593 460 praesumptione
2635 401 2889 457 caecaque
2941 384 3251 455 cupiditate,
3302 383 3448 453 quod
3478 382 3577 437 Dei

1984 485 2036 531 et
2064 486 2243 532 nostra
2273 476 2590 533 auctoritate
2620 473 2920 537 ﬁrmamus,
2957 473 3010 527 in
3057 471 3241 543 aliquo
3279 470 3576 542 infringere

1983 566 2408 636 praesumpserit,
2441 574 2639 619 aeterna
2682 580 2740 617 se
2765 562 2900 618 sciat
2928 560 3275 615 damnatione
3316 558 3578 614 mulctan-

1984 653 2135 719 dum,
2185 663 2238 709 et
2276 655 2401 709 cum
2434 652 2652 707 diabolo
2680 660 2731 704 et
2767 649 2977 720 angelis
3025 649 3147 717 ejus
3194 656 3456 718 perpetuo
3506 646 3582 700 in-

1986 742 2180 797 cendio
2235 740 2593 797 cremandum
2644 757 2655 792 :
2704 754 2736 792 a
2778 737 3056 792 liminibus
3113 752 3331 807 quoque
3379 741 3582 789 sanctae

1985 829 2085 884 Dei
2116 829 2377 884 Ecclesiae
2405 828 2666 882 habeatur
2695 825 2949 894 extorris,
2983 840 3268 896 quousque
3297 823 3366 876 ab
3395 822 3581 877 illicita

1985 916 2406 988 presumptione
2457 915 2803 986 resipiscens,
2856 913 3133 985 condigna
3180 909 3497 982 paenitentia
3526 917 3581 964 et

1986 1005 2364 1059 emendatione
2412 1004 2545 1058 iram
2604 1000 2986 1072 omnipotentis
3044 1000 3140 1054 Dei
3203 997 3581 1069 quam:incur-

1988 1108 2105 1147 rere
2138 1108 2246 1147 non
2305 1090 2479 1145 timuit
2524 1090 2740 1160 placare
2796 1097 3064 1159 procuret,
3128 1088 3326 1142 Harum
3401 1085 3583 1155 itaque

1988 1181 2326 1236 sanctionum
2348 1178 2811 1235 evidentissimam
2827 1175 3314 1243 conﬁrmationem,
3336 1172 3585 1227 manibus

1989 1284 2268 1324 sacrorum
2282 1266 2630 1337 praesentium
2641 1264 2953 1335 pontiﬁcum
2966 1263 3268 1327 subnotavi,
3283 1260 3586 1316 absentium

1989 1373 2203 1428 quoque
2264 1356 2719 1410 consacerdotum
2766 1368 2869 1409 nec
2898 1352 3075 1407 minus
3114 1351 3324 1405 idoneis
3364 1348 3587 1420 stipula-

1991 1444 2245 1511 tionibus,
2260 1459 2361 1514 per
2377 1443 2649 1498 Christum
2666 1449 2719 1497 et
2731 1442 2785 1494 in
2807 1440 3019 1495 Christo
3032 1438 3207 1494 fulciri
3225 1437 3583 1508 postulamus,

2063 1531 2387 1587 Hincmarus
2415 1531 2750 1586 Rhemorum
2796 1529 3088 1599 episcopus
3136 1527 3192 1581 in
3246 1526 3443 1581 Christi
3490 1541 3586 1581 no-

1916 1648 1969 1707 B
1990 1620 2135 1676 mine
2166 1618 2438 1675 roboravi.

2063 1707 2367 1779 Ansegisus
2397 1706 2687 1776 episcopus
2717 1704 3069 1761 Senonensis.

2067 1793 2302 1852 Ottull’us
2318 1795 2627 1865 episcopus.
2644 1793 2980 1848 Gissibertus
2996 1792 3308 1862 episcopus.
3329 1792 3591 1846 Hildibal-

1995 1885 2097 1939 dus
2126 1884 2434 1954 episcopus.
2454 1882 2628 1937 Berno
2641 1882 2951 1951 episcopus.
2985 1880 3254 1934 Geraldus
3275 1879 3585 1950 episcopus.

1996 1973 2319 2028 Hincmarus
2350 1971 2641 2041 episcopus
2668 1968 3061 2023 Laudunensis.
3121 1966 3418 2022 Edenulfus
3448 1967 3593 2037 epis-

1996 2076 2185 2132 copus.
2199 2061 2436 2115 Joannes
2452 2059 2762 2129 episcopus.
2782 2054 3112 2127 Baganulfus
3129 2055 3438 2126 episc0pus.
3455 2054 3594 2110 Ada-

1997 2147 2180 2202 lardus
2191 2145 2910 2218 archiepiscopus.Alericus
2931 2143 3402 2215 episcopus.Abbo
3421 2142 3587 2213 episc.

1997 2236 2314 2308 Agilmarus
2344 2235 2585 2306 episcop.
2630 2233 2946 2305 Ingilwinus
2976 2232 3285 2303 episcopus.
3326 2230 3593 2287 Acl‘redus

1998 2324 2305 2396 episcopus.

2069 2412 2267 2466 Datum
2298 2426 2358 2465 ιιι
2389 2411 2664 2466 Kalendas
2708 2410 2850 2473 Maii,
2892 2426 2993 2480 per
3022 2425 3239 2464 manum
3287 2406 3593 2463 Christii‘ori

1998 2498 2294 2570 primicerii
2326 2509 2529 2555 sanctae
2558 2514 2785 2554 summae
2832 2497 2981 2553 sedis
3033 2496 3364 2568 apostolica,
3415 2495 3591 2565 impe-

2000 2595 2152 2642 rante
2181 2587 2427 2658 piissimo
2457 2587 2750 2642 Ludovico.

2688 2711 2882 2766 CXXI.

2374 2813 2445 2852 AD
2477 2813 2887 2853 ANGELBEBGAI
2928 2812 3239 2853 AUGUSTAI.

2623 2888 2804 2956 (Anno
2837 2887 2986 2956 8‘78.)

1931 2993 1981 3056 ο
2006 2976 2289 3031 Arelatem
2322 2992 2380 3031 sc
2412 2977 2630 3056 uenisse
2661 2976 2975 3056 signiﬁcat,
2998 2975 3182 3056 illique
3217 2974 3409 3056 omnia
3434 2988 3597 3056 pros-

2074 3063 2209 3119 pera
2250 3047 2555 3119 repperisse;
2600 3043 2867 3119 rhoriatur
2912 3043 2977 3100 ut
3022 3043 3284 3101 Romana:
3339 3043 3601 3098 Ecclesia:

2077 3117 2384 3174 commodis
2410 3117 2741 3188 prospiciat.

2076 3202 2587 3260 Dilectissimzeﬁliae
2599 3204 2814 3257 domnae
2829 3206 3224 3257 ΑΝῦειιιειιοιε
3245 3201 3597 3272 imperatrici,

2005 3292 2111 3363 piae
2154 3291 2435 3346 memoriae
2475 3290 2661 3345 domni
2695 3290 2954 3346 Ludovici
2981 3289 3320 3346 invictissimi
3360 3290 3601 3360 impera-

2005 3380 2136 3436 toris
2166 3378 2385 3450 conjugi
2417 3379 2782 3433 serenissima:
2810 3380 3087 3451 Augustae.

2079 3468 2211 3524 Cum
2241 3483 2374 3540 erga
2403 3468 2660 3522 Romanae
2708 3466 2969 3522 Ecclesiae
3011 3466 3294 3538 privilegia
3341 3467 3607 3522 immenso

2008 3556 2167 3620 velle,
2200 3554 2467 3609 immenso
2507 3562 2558 3609 et
2588 3570 2755 3625 opere
2786 3554 2953 3610 decus
2978 3554 3194 3626 imperii
3223 3554 3387 3610 vestri
3418 3556 3606 3610 decer-

2012 3652 2146 3707 tare,
2181 3651 2232 3698 et
2263 3644 2333 3698 ad
2379 3641 2677 3713 perfectum
2735 3643 2933 3698 ducere
2991 3659 3209 3713 semper
3254 3642 3609 3697 adhaurimus

2011 3731 2075 3804 [Ῑ.
2127 3731 2506 3799 amaverimus,
2566 3735 2671 3786 aut
2714 3730 3170 3803 anhelaverimus]
3232 3739 3284 3785 et
3340 3746 3606 3786 amemus.

2011 3820 2223 3875 Christo
2247 3819 2481 3884 favente,
2501 3826 2765 3890 perpetuo
2782 3819 3212 3890 magnitudinem
3230 3826 3394 3874 tanta:
3418 3826 3608 3873 vestrae

2013 3908 2317 3963 devotionis
2374 3907 2513 3963 scire
2563 3906 2812 3978 cupimus
2864 3924 2876 3961 :
2920 3908 3065 3964 Ecce
3122 3907 3396 3963 Arelatem
3455 3905 3611 3979 regni

2015 3996 2335 4052 deliciarum
2382 4003 2681 4051 vestrarum
2741 3996 2858 4050 sani
2910 3995 3245 4062 intravimus,
3281 4011 3494 4050 summo
3516 4010 3612 4049 ar-

2019 4084 2161 4138 bitro
2204 4084 2571 4155 permittente,
2604 4100 2704 4155 per
2758 4084 3204 4140 intercessionem
3244 4084 3614 4155 apostolorum

2018 4172 2321 4242 principum
2361 4190 2374 4235 ;
2410 4171 2628 4241 illicque
2686 4172 2953 4227 Bosonem
2996 4172 3298 4242 principem
3347 4186 3614 4241 generum

2020 4268 2260 4314 vestrum
2293 4275 2635 4313 communem
2669 4267 2720 4312 et
2749 4257 2914 4312 ﬁliam
2953 4260 3210 4312 domnam
3241 4260 3613 4328 Hermeugar-

296 4344 839 4400 Anathematizamus
885 4345 1050 4416 igitur
1096 4346 1415 4401 auctoritate
1472 4347 1531 4400 Β.
1591 4346 1729 4400 Petri
1774 4361 1911 4417 apo-
1940 4340 2559 4416 Ddam‘alloquentes,
2591 4344 2771 4399 omnia
2826 4361 3088 4416 prospera
3137 4354 3188 4399 et
3219 4345 3425 4417 jugiter
3461 4344 3613 4398 desi-

298 4433 438 4488 stoli
471 4440 526 4487 et
557 4441 765 4497 nostra,
798 4440 854 4486 ut
899 4448 1059 4488 nemo
1101 4434 1399 4488 antistitum
1446 4433 1800 4505 praesentium
1829 4434 1916 4488 vel

299 4521 642 4585 futurorum,
689 4520 868 4576 locum
912 4521 1063 4575 adire
1109 4530 1423 4592 praesumat,
1474 4521 1713 4593 qualibet
1759 4536 1918 4577 occa-

297 4609 469 4664 sione
520 4608 1112 4674 excommunicationis,
1149 4609 1238 4664 vel
1268 4608 1639 4675 absolutionis,
1688 4625 1785 4664 seu
1835 4625 1921 4663 sa-

297 4712 425 4752 cra:
453 4695 828 4763 ordinationis,
861 4696 964 4750 nisi
1013 4697 1082 4751 ab
1127 4697 1319 4752 abbate
1369 4697 1455 4752 vel
1501 4697 1782 4753 monachis
1814 4696 1920 4754 loci

298 4784 570 4839 ﬁdelibus
602 4782 766 4838 fuerit
795 4783 1066 4838 invitatus.
1095 4783 1233 4853 Quia
1262 4785 1520 4854 injustum
1551 4786 1914 4855 decernimus,

296 4880 366 4927 ut
399 4871 650 4944 gloriosa
693 4872 883 4926 mundi
929 4873 1143 4945 regina,
1202 4889 1324 4945 quae
1370 4874 1604 4929 exaltata
1634 4883 1715 4929 est
1755 4890 1919 4945 super

296 4963 520 5017 choros
551 4959 894 5031 angelorum,
947 4960 1199 5014 humanis
1248 4961 1507 5015 subdatur
1535 4962 1912 5033 potestatibus.

291 5050 589 5104 Caeterum
621 5048 688 5101 ab
717 5048 863 5102 omni
894 5048 1140 5103 saeculari
1168 5050 1408 5119 potentia
1446 5049 1626 5105 locum
1657 5050 1913 5105 decerni-

295 5152 443 5192 mus
474 5151 599 5191 esse
646 5135 876 5191 liberum
920 5144 972 5191 et
1030 5136 1308 5207 quietum:
1341 5145 1394 5191 et
1424 5145 1480 5191 ut
1514 5145 1674 5208 caput
1713 5138 1915 5193 habea-

294 5236 402 5282 tur
432 5225 677 5280 omnium
710 5241 831 5296 quae
864 5224 1203 5296 praescriptis
1232 5225 1438 5282 sanctis
1470 5225 1557 5281 vel
1584 5225 1707 5281 loco
1736 5226 1919 5282 oblata

292 5321 441 5371 sunt
471 5328 538 5368 ac
567 5312 827 5384 deinceps
856 5312 1116 5379 oblatum,
1163 5322 1437 5369 annuente
1495 5314 1610 5370 Deo
1652 5313 1831 5380 fuerit,
1864 5324 1920 5370 ut

2019 4435 2203 4488 derata
2232 4433 2557 4500 invenimus,
2591 4441 2643 4487 et
2674 4448 2770 4503 pro
2801 4442 2987 4488 amare
3017 4441 3219 4500 vestro,
3253 4432 3419 4486 vestri
3441 4447 3616 4502 nuper

2020 4530 2073 4577 et
2100 4521 2329 4593 piissimi
2359 4520 2627 4594 conjugis,
2652 4520 2775 4576 illos
2818 4529 3072 4592 tanquam
3105 4520 3245 4575 ﬁlios
3276 4519 3614 4590 amplecten-

2020 4617 2123 4675 tes,
2158 4625 2260 4681 pro
2291 4626 2478 4666 eorum
2507 4611 2775 4677 consulto,
2809 4610 3016 4665 illorum
3048 4626 3170 4666 cum
3192 4610 3397 4664 honore
3417 4616 3610 4664 cuncta

2020 4697 2288 4756 faciemus
2322 4718 2334 4753 :
2356 4700 2611 4771 quoniam
2643 4717 2743 4757 ceu
2765 4717 2865 4771 per
2885 4715 3004 4765 vos,
3020 4700 3161 4754 haud
3189 4714 3347 4754 secus
3366 4714 3466 4769 per
3482 4697 3618 4753 istos

2017 4788 2445 4846 consolationem
2476 4797 2529 4844 et
2558 4789 2929 4844 defensionem
2960 4796 3161 4843 sancta:
3190 4781 3449 4844 Romanae
3507 4787 3613 4843 Ec-

2016 4876 2199 4933 clesiae
2226 4878 2537 4949 quaerimus,
2569 4877 2902 4948 eosdemque
2932 4877 3204 4947 permissu
3229 4876 3325 4931 Dei
3358 4876 3430 4931 ad
3446 4891 3609 4945 majo-

2017 4981 2104 5020 res
2134 4965 2568 5036 excelsioresque
2586 4965 2786 5037 gradus
2806 4964 3018 5019 moduis
3050 4965 3320 5033 omnibus,
3344 4964 3492 5020 salvo
3517 4978 3615 5017 no-

2017 5061 2130 5108 stro
2176 5054 2404 5117 honore,
2447 5068 2763 5122 promovere
2812 5053 3164 5108 nihilominus
3202 5053 3602 5107 desideramus.

2016 5140 2359 5211 QuaprOpter
2385 5148 2669 5195 monentes
2700 5142 2976 5196 hortamur
3012 5150 3069 5196 ut
3095 5150 3247 5196 tanto
3304 5140 3470 5195 labori
3528 5139 3612 5193 fa-

2016 5228 2212 5292 veatis,
2244 5228 2470 5299 ejusque
2500 5228 2909 5298 perfectionem,
2942 5230 3127 5301 prisco
3156 5238 3338 5285 vestro
3386 5227 3615 5284 consilio

2018 5314 2381 5387 perfruentes,
2417 5316 2581 5372 certis
2626 5316 2819 5374 litteris
2846 5335 2944 5389 per
2973 5318 3187 5392 singula
3219 5316 3376 5373 nobis
3426 5325 3480 5373 et
3508 5316 3616 5372 illis

382 5482 410 5505 τι
435 5466 837 5530 Hermengardae,
865 5465 966 5518 sive
991 5466 1368 5531 Hermengardis
1391 5467 1500 5518 tilia!
1526 5466 1757 5518 Ludovici
1783 5467 1823 5518 Il
1848 5467 2024 5533 imper.
2052 5468 2276 5520 meminit
2298 5469 2501 5534 Κακίου,
2530 5470 2617 5521 lib.
2643 5484 2676 5520 ιι
2701 5471 2886 5522 Chron.
2927 5472 3193 5537 Aimonius,
3222 5474 3259 5523 l.
3287 5485 3333 5521 v.
3363 5487 3407 5525 c.
3427 5471 3511 5523 52.
