4072 6186
481 261 586 314 ’775

1632 262 1860 318 ,ΙΟΑΝΝ
1865 264 1928 318 IS
1973 252 2169 317 ΡΑΡᾸΞ
2225 265 2359 319 VIII.

3694 277 3804 330 7'76

491 366 610 440 sine
638 398 791 439 mora
819 383 1074 440 intimare
1103 384 1325 439 minime
1353 381 1642 440 differatis.
1681 387 1952 441 Cmterum
1997 401 2088 440 ro-
2121 387 2176 447 A
2267 388 2348 457 (S.
2385 387 2580 462 Greg.,
2617 371 2654 445 l.
2679 404 2754 457 tv,
2788 393 2952 464 epist.
2987 391 3102 464 50.)
3128 386 3176 448 Ο
3207 408 3369 464 quam
3397 393 3542 451 bona
3570 405 3655 452 est
3673 397 3808 453 cha-

485 488 683 548 gamus
713 481 769 526 ut
811 473 1004 527 Joanni
1051 473 1458 543 archiepiscopo
1511 474 1811 528 Ravennati
1859 475 2084 528 mittatis

485 561 745 633 Epistolas
775 577 839 616 ex
870 570 1053 615 nostra
1085 571 1234 631 parte
1265 561 1678 625 consolatorias,
1711 563 1999 618 incitantes
2029 569 2088 616 ut

488 667 586 722 pro
617 650 774 705 nobis
803 650 1076 704 orationes
1106 649 1282 712 faciat,
1316 659 1366 704 et
1395 659 1583 704 contra
1614 651 1714 706 Dei
1746 651 1994 706 inimicos
2025 667 2084 704 se

488 754 799 809 prteparare
829 753 1170 809 nequaquam
1205 737 1474 805 formidet,
1511 747 1561 792 et
1593 737 1792 791 nostris
1835 737 2088 792 fidelibus

491 827 676 881 Romae
705 827 914 899 legatos
962 827 1297 881 consolando
1345 825 1678 883 transmittat
1720 844 1734 880 :
1783 835 1833 880 et
1893 843 2009 891 vos,
2046 825 2091 879 si

487 913 570 970 fas
603 922 704 980 est,
738 923 830 968 aut
859 915 990 968 mihi
1021 915 1162 984 apud
1196 931 1294 968 vos
1343 923 1422 968 est
1467 914 1795 985 impetrandi
1837 914 2085 980 facultas,

489 1003 655 1058 Leoni
683 1003 940 1072 episcOpo
971 1003 1140 1056 misso
1159 1011 1209 1056 et
1227 1003 1584 1072 apocrisiario
1597 1011 1810 1066 nostro,
1837 1011 1888 1056 et
1911 1004 2086 1066 Petro,

489 1108 656 1160 super
685 1090 784 1144 ista
813 1092 1136 1162 czeterisque
1153 1090 1403 1144 tidelibus
1426 1090 1629 1145 litteras
1651 1099 1857 1144 vestras
1872 1091 2082 1155 mittite,

487 1179 857 1235 confortantes
885 1179 1036 1250 ipsos
1069 1187 1124 1232 ut
1155 1179 1304 1233 scitis
1335 1187 1388 1232 et.
1419 1179 1601 1232 vultis.

1177 1275 1399 1328 CXXII.

710 1379 780 1418 AD
820 1379 1074 1418 MIRONEM
1113 1379 1183 1416 ET
1218 1378 1582 1417 IIUNCFRIDUM
1611 1377 1876 1418 FRATRES.

1097 1453 1278 1521 (Anno
1309 1453 1458 1520 878.)

492 1541 760 1598 Mironem
783 1544 839 1596 et
869 1539 1249 1608 Hunc/'rirtum
1281 1539 1595 1595 multorum
1637 1541 1922 1595 scelerum
1975 1557 2096 1596 reos

881 1609 954 1663 ad
982 1610 1258 1680 synodum
1301 1611 1489 1664 venire
1509 1611 1692 1681 jubet.

559 1700 768 1754 Mmom
807 1705 859 1752 et
889 1698 1215 1751 HUNCFRIDO
1249 1713 1512 1767 germano
1543 1714 1662 1752 suo.

564 1785 776 1855 Quanta
818 1786 885 1840 ad
927 1786 1286 1856 apostolatum
1330 1795 1577 1840 nostrum
1623 1786 1881 1840 relatione
1956 1804 2091 1857 qua-

495 1875 740 1929 rumdam
795 1873 1268 1944 trangressionum
1332 1883 1658 1940 vestrarum,
1713 1875 1856 1928 mala
1931 1883 2092 1945 atque

494 1979 755 2034 perversa
787 1961 1002 2017 fuerunt
1049 1963 1310 2028 nuntiata,
1346 1963 1482 2029 haec,
1517 1962 1709 2028 fateor,
1761 1963 2090 2034 lacrymabi-

490 2051 613 2106 liter
639 2051 1004 2117 nominamus,
1035 2051 1440 2122 apostolicaque
1479 2052 1801 2106 auctoritate
1832 2052 2092 2106 citissime

489 2141 815 2214 corrigenda
839 2140 1116 2207 jubemus,
1151 2139 1195 2193 si
1225 2141 1397 2195 sancti
1430 2140 1659 2210 Spiritus
1689 2149 1953 2210 potestate
1985 2157 2090 2195 non

489 2229 572 2284 vis
604 2237 678 2294 tu,
710 2229 864 2297 Miro,
928 2227 1122 2282 merito
1175 2227 1431 2298 nequitia:
1487 2235 1594 2282 tua:
1651 2229 1719 2282 ab
1774 2229 1922 2282 omni
1962 2245 2092 2284 con-

492 2318 664 2372 sortio
710 2317 1133 2372 Christianitatis
1193 2315 1456 2385 separari,
1519 2325 1571 2370 et
1628 2315 1827 2370 inferni
1858 2317 2092 2370 ﬂammis

491 2405 546 2460 in
631 2414 953 2476 perpetuum
1033 2404 1405 2459 condemnari.
1463 2403 1805 2474 Septimaniae
1890 2413 2090 2459 terram

491 2495 806 2548 universam
855 2493 1118 2566 redegisti
1175 2495 1226 2545 in
1273 2493 1618 2546 solitudinem
1653 2510 1666 2546 :
1701 2492 1982 2558 ecclesias,
2033 2501 2092 2547 ut

491 2591 762 2644 asserunt,
797 2583 1056 2635 ministris
1107 2581 1426 2650 expoliasti;
1461 2581 1679 2636 castella
1712 2581 1882 2650 ipsius
1935 2591 2092 2636 terrae

490 2671 685 2726 callide
714 2687 781 2726 ac
809 2670 1178 2724 fraudulenter
1226 2669 1487 2723 invasisti.
1525 2669 1646 2738 Quo
1693 2669 1959 2740 compulsi
1990 2687 2091 2723 ne-

485 2761 759 2824 cessitate,
796 2759 1041 2814 homines
1083 2758 1336 2812 Bernardi
1371 2757 1596 2830 gloriosi
1627 2757 1954 2812 marchionis
1971 2775 2092 2813 cum

492 2847 834 2902 multitudine
866 2847 1142 2901 hominum
1173 2855 1280 2900 tuae
1311 2847 1478 2900 rabiei
1521 2847 1876 2909 occursando,
1911 2847 2091 2917 aliqua

491 2935 548 2990 in
591 2937 785 2991 eadem
821 2945 956 2990 terra
1015 2951 1301 3004 perperam
1342 2943 1574 3006 egerunt
1612 2952 1624 2988 :
1659 2943 1716 2988 ut
1765 2935 1908 2988 velut
1937 2935 2090 2989 Jero-

491 3027 653 3080 boam
686 3023 826 3078 (ilius
861 3023 1089 3090 Nabath,
1134 3023 1224 3094 qui
1283 3024 1564 3093 peccavit,
1611 3031 1662 3077 et
1706 3039 1933 3092 peccare
1964 3022 2088 3076 fecit

489 3113 681 3177 Israel,
716 3120 905 3168 auctor
931 3113 1173 3166 omnium
1211 3111 1552 3182 peccantium
1585 3111 1805 3164 existas.
1852 3111 2086 3182 [deoque
2115 3088 2169 3148 Β

489 3201 556 3256 ad
575 3201 934 3256 universalem
955 3200 1221 3271 synodum
1253 3207 1493 3254 nostram
1520 3215 1682 3270 quam
1707 3200 1818 3252 Deo
1847 3208 2085 3264 auctore,

489 3291 544 3345 in
573 3289 820 3360 proximo
867 3305 1052 3343 sumus
1110 3287 1458 3350 celebraturi,
1523 3287 1846 3358 Lugdunum
1904 3287 2090 3342 venire

490 3385 562 3442 te,
597 3378 884 3434 occasione
911 3377 1058 3432 omni
1087 3375 1407 3447 postposita,
1443 3374 1712 3443 volumus,
1751 3375 1796 3429 si
1826 3375 2086 3443 funditus,

487 3475 546 3521 ut
575 3467 777 3522 dictum
815 3475 913 3532 est,
963 3481 1073 3520 non
1102 3465 1185 3517 vis
1235 3463 1418 3534 gladio
1457 3463 1638 3518 divino
1671 3464 1930 3518 mulctari.
1959 3465 2089 3518 Lin-

487 3555 711 3610 doinum
733 3570 949 3626 quoque
978 3551 1353 3608 vicecomitem
1409 3551 1654 3606 audimus
1701 3561 1967 3622 potestate
2014 3553 2090 3606 uti

447 3649 452 3652 ’
488 3645 760 3700 horrende
791 3641 1068 3703 denuntio,
1103 3640 1178 3694 uti
1209 3639 1537 3696 sacerdotali
1567 3641 1617 3694 in
1651 3641 1912 3711 parochia
1934 3639 2090 3713 Sige-

493 3733 618 3788 bodi
647 3729 1022 3786 Narbonensis
1047 3729 1463 3800 archiepiscopi,
1485 3730 1946 3800 presbyterosque
1968 3737 2090 3784 tuos

487 3821 540 3874 in
575 3821 692 3890 ejus
722 3818 924 3874 exteris
946 3817 1246 3888 subrogare
1263 3817 1508 3872 ecclesiis
1537 3818 1720 3889 :quod
1751 3817 1962 3872 concite
1985 3825 2092 3872 tuas

490 3909 614 3964 vita:
645 3907 1015 3970 consulentes,
1047 3907 1322 3978 corrigere
1354 3914 1403 3959 et
1434 3906 1727 3960 emendare
1745 3906 2088 3960 mandamus.

487 3997 564 4050 Te
593 4011 722 4050 vero
744 3993 1099 4048 Huncfridum
1132 4011 1195 4048 ex
1225 3993 1542 4047 diaconatus
1572 3991 1749 4047 ofﬁcio
1780 4001 1832 4048 et
1861 4010 2092 4048 venera-

493 4086 587 4140 bili
615 4085 938 4139 monachico
968 4082 1152 4145 habitu
1201 4088 1500 4152 apostatam
1551 4081 1802 4136 audimus
1833 4089 1884 4136 et
1933 4081 2088 4136 dole-

492 4191 615 4229 mus
645 4172 917 4228 aﬁ‘eclum.
951 4170 1292 4242 Quapropter
1321 4170 1404 4224 vel
1437 4185 1557 4224 sera
1587 4177 1639 4224 et
1656 4169 1972 4240 poenitentia
1994 4187 2091 4240 per

491 4261 708 4318 Domini
742 4259 1166 4316 misericordiam
1229 4257 1418 4327 libera,
1464 4266 1516 4312 et
1572 4259 1642 4312 ad
1701 4258 2090 4313 monasterium

490 4360 690 4424 quanto
719 4350 876 4405 citius
904 4349 1172 4421 confuge;
1224 4347 1309 4402 vel
1357 4347 1402 4400 si
1433 4347 1500 4400 de
1550 4354 1641 4400 tua
1671 4346 1900 4400 conﬁdis
1922 4362 2088 4402 cons-

2192 476 2347 545 ritas,
2382 495 2502 548 quae
2533 478 2779 533 absentia
2809 496 2908 550 per
2935 480 3232 554 imaginem
3259 485 3552 553 prmsentia
3583 485 3806 541 sibimet

2192 564 2298 634 ipsi
2329 566 2546 620 exhibet
2573 584 2673 636 per
2692 584 2932 622 amorem
2959 567 2970 622 l
3005 569 3191 624 Divisa
3221 571 3353 637 unit,
3386 571 3619 628 confusa
3649 575 3805 628 ordi-

2201 661 2311 721 nat,
2389 654 2679 726 inaequalia
2755 657 2954 722 sociat,
3031 657 3349 728 imperfecta
3429 671 3800 717 consummat.

2191 739 2368 808 Quam
2400 750 2547 796 recte
2577 744 2905 812 praedicator
2926 747 3184 818 egregius
3206 747 3480 802 vinculum
3512 749 3807 820 perfectio-

2192 829 2276 882 nis
2305 837 2460 883 vocat
2494 832 2723 902 (Coloss.
2753 832 2874 900 III);
2907 835 3028 904 quia
3075 835 3302 890 virtutes
3331 837 3550 908 quidem
3581 847 3802 894 cetera

2193 916 2582 986 perfectionem
2613 929 2891 990 generant,
2915 923 3010 976 sed
3035 931 3210 978 tamen
3244 940 3338 978 eas
3367 927 3603 980 charitas
3631 927 3800 982 etiam

2193 1005 2344 1077 ligat,
2381 1016 2437 1060 ut
2467 1007 2535 1061 ab
2584 1009 2820 1062 amantis
2876 1019 3056 1064 mente
3113 1012 3336 1067 dissolvi
3373 1015 3484 1083 jam
3538 1025 3799 1086 nequeat.

2194 1094 2306 1149 Ilac
2350 1095 2533 1166 itaque
2587 1097 2800 1162 virtute,
2863 1097 3030 1153 frater
3071 1101 3409 1168 charissime,
3459 1103 3690 1173 plenum
3747 1115 3801 1160 te

2195 1199 2317 1237 esse
2346 1185 2648 1252 reperiens,
2689 1202 2813 1240 cum
2845 1203 2941 1256 pro
2973 1197 3276 1242 sanctarum
3310 1191 3409 1245 Dei
3440 1192 3799 1248 ecclesiarum

2197 1273 2588 1327 restauratione
2642 1275 2696 1327 in
2741 1275 3145 1330 Arelatensium
3185 1277 3402 1332 civitate
3449 1281 3804 1350 corporalem

2195 1360 2538 1428 praesentiam
2570 1361 2958 1425 exhibuissem,
2995 1364 3132 1419 sicut
3161 1365 3290 1419 mihi
3320 1367 3387 1420 de
3418 1375 3468 1421 te
3495 1368 3800 1423 multorum

2198 1447 2627 1503 testimoniorum
2672 1449 2816 1504 fama
2881 1467 3014 1506 vera
3062 1453 3225 1525 longe
3266 1453 3484 1525 lateque
3532 1465 3799 1512 narraret.

2199 1534 2360 1604 Quod
2411 1553 2544 1592 vero
2582 1539 2730 1606 juxta
2775 1539 3057 1610 antiquum
3109 1558 3312 1619 morem
3368 1560 3528 1597 usum
3572 1545 3700 1614 palii
3732 1559 3803 1600 ac

2197 1624 2346 1678 vices
2377 1625 2521 1679 sedis
2551 1628 2863 1696 apostolicae
2892 1629 3196 1698 postulasti,
3231 1631 3368 1685 absit
3399 1649 3468 1686 ne
3496 1641 3586 1686 aut
3616 1642 3804 1687 trans-

2113 1737 2166 1796 B
2201 1712 2402 1768 sitorim
2431 1715 2710 1782 potestatis
2740 1717 2973 1783 culmen,
3008 1727 3095 1771 aut
3113 1719 3390 1774 exterioris
3417 1721 3595 1775 cultus
3625 1737 3802 1777 orna-

2192 1810 2452 1865 mentum,
2500 1802 2555 1855 in
2601 1803 2808 1858 vicibus
2848 1805 3050 1859 nostris
3100 1823 3165 1861 ac
3209 1807 3370 1876 pallio
3427 1809 3695 1879 quaesisse
3747 1818 3802 1864 te

2193 1890 2460 1960 suspicer.
2495 1891 2601 1946 Sed
2633 1893 2759 1963 quia
2789 1893 2997 1948 cunctis
3030 1889 3196 1965 liquet
3226 1897 3370 1950 unde
3400 1895 3454 1950 in
3495 1897 3800 1954 Galliarum

2193 1979 2510 2050 regionibus
2539 1978 2671 2034 ﬁdes
2703 1991 2892 2036 sancta
2914 1983 3199 2052 prodierit,
3233 1999 3356 2038 cum
3387 1985 3628 2055 priscam
3657 2003 3800 2042 con-

2193 2068 2534 2122 suetudinem
2569 2069 2714 2123 sedis
2745 2071 3059 2140 apostolicze
3088 2081 3269 2127 vestra
3300 2073 3605 2129 fraternitas
3637 2092 3798 2146 rape

2193 2155 2272 2219 tit,
2311 2157 2438 2226 quid
2469 2157 2614 2211 aliud
2645 2175 2804 2228 quam
2838 2159 2982 2214 bona
3011 2161 3230 2215 soboles
3260 2162 3329 2216 ad
3380 2162 3558 2216 sinum
3607 2165 3801 2220 matris

2192 2244 2414 2298 recurrit
2437 2245 2464 2297 ἱ)
2497 2245 2702 2300 Libenti
2733 2263 2864 2318 ergo
2895 2248 3078 2302 animo
3119 2249 3383 2320 postulata
3413 2251 3796 2319 concedimus,

2191 2349 2260 2386 ne
2291 2341 2380 2385 aut
2409 2342 2603 2388 vestrae
2635 2335 2897 2390 Ecclesia:
2927 2336 3216 2408 quidquam
3247 2339 3316 2393 de
3347 2339 3533 2394 debito
3583 2341 3798 2396 honore

2192 2421 2532 2486 subtrahere,
2567 2431 2659 2476 aut
2701 2419 3044 2496 condignam-
3075 2426 3388 2494 petitionem
3433 2429 3602 2482 vestri
3657 2446 3798 2485 con-

2192 2509 2499 2578 tempsisse,
2543 2511 2846 2566 videamur.
2902 2513 3010 2568 Sed
3045 2513 3154 2582 jam
3188 2531 3332 2570 nunc
3374 2517 3557 2570 studio
3585 2519 3800 2586 majore

2192 2613 2280 2651 res
2305 2597 2530 2665 indiget,
2563 2608 2618 2652 ut
2648 2616 2768 2653 cum
2801 2601 2978 2654 honor
3007 2602 3224 2666 crescit,
3278 2603 3438 2658 etiam
3486 2604 3798 2661 sollicitudo

2190 2684 2454 2756 proﬁciat,
2520 2695 2571 2740 et
2637 2704 2767 2758 erga
2806 2697 3130 2744 cancrorum
3174 2692 3481 2746 custodiam
3512 2693 3802 2764 vigilantia

2191 2783 2515 2829 excrescat:
2551 2775 2673 2830 vita:
2705 2792 2920 2846 quoque
2964 2777 3150 2831 merita
3196 2781 3455 2848 subjectis
3503 2780 3562 2834 in
3611 2798 3801 2837 exem-

2191 2862 2338 2931 plum
2377 2863 2614 2928 veniant,
2657 2873 2708 2917 et
2737 2881 3012 2936 nunquam
3043 2882 3142 2920 sua
3173 2885 3271 2936 per
3301 2869 3540 2939 suscepti
3571 2870 3802 2926 honoris

2195 2951 2442 3020 gratiam,
2475 2951 2572 3006 scd
2603 2953 2752 3006 lucra
2781 2953 3020 3007 cmlestis
3054 2955 3241 3024 patriae
3273 2966 3452 3010 vestra
3482 2956 3800 3014 fraternitas

2191 3038 2455 3108 exquirat.
2489 3040 2672 3094 Nostis
2701 3041 2846 3094 enim
2875 3041 3002 3113 quid
3031 3043 3220 3097 beatus
3241 3045 3533 3113 Apostolus
3559 3063 3799 3117 gemens

2194 3127 2335 3181 dicat
2367 3145 2380 3180 :
2417 3127 2618 3183 Omnes
2679 3131 2833 3184 enim
2867 3147 2988 3202 quae
3026 3136 3164 3186 sunt
3197 3138 3480 3204 queerunt,
3515 3151 3635 3190 non
3675 3153 3801 3207 qua

2193 3219 2330 3270 sunt
2371 3217 2501 3271 Jesu
2537 3217 2747 3272 Christi
2777 3218 3008 3290 (Philip.
3051 3219 3112 3288 ι).
3157 3219 3496 3286 Quibusdam
3550 3214 3800 3294 namque

2193 3305 2560 3370 narrantibus,
2602 3305 2798 3377 agnovi
2831 3307 2976 3377 quod
3006 3307 3061 3360 in
3107 3307 3407 3362 Galliarum
3439 3309 3526 3364 vel
3557 3311 3803 3366 Germa-

2192 3392 2405 3446 niarum
2448 3393 2694 3463 partibus
2750 3393 2931 3449 nullus
2977 3395 3047 3450 ad
3103 3411 3318 3451 sacrum
3367 3398 3621 3453 ordinem
3679 3399 3804 3454 sine

2193 3481 2463 3536 commodi
2494 3481 2712 3536 datione
2763 3484 3066 3552 perveniat.
3101 3484 3260 3553 Quod
3302 3486 3348 3539 si
3392 3486 3463 3540 ita
3513 3495 3621 3552 est,
3653 3487 3802 3544 ﬂens

2191 3569 2334 3637 dico,
2369 3586 2598 3642 gemens
2627 3571 2907 3640 denuntio,
2943 3573 3072 3643 quia
3101 3589 3225 3627 cum
3255 3575 3615 3630 sacerdotalis
3657 3577 3803 3631 ordo

2191 3657 2334 3711 intus
2362 3658 2574 3723 cecidit,
2609 3658 2739 3713 foris
2786 3676 3000 3731 quoque
3052 3661 3146 3715 diu
3199 3670 3347 3716 stare
3404 3679 3514 3718 non
3568 3665 3800 3734 poterit.

2191 3747 2404 3801 Scimus
2459 3747 2660 3818 quippe
2709 3764 2774 3802 ex
2808 3749 3112 3822 Evangelio
3156 3750 3285 3820 quid
3315 3751 3648 3822 Redemptor
3673 3769 3806 3810 nos-

2191 3843 2272 3890 ter
2326 3836 2677 3906 semetipsum
2735 3836 2947 3911 fecerit,
3013 3838 3140 3908 quia
3187 3839 3470 3909 ingressus
3530 3842 3808 3912 templum

2191 3924 2488 3980 cathedras
2511 3926 2876 3980 vendentium
2894 3927 3176 3982 columbas
3189 3931 3392 3983 evertit
3403 3931 3420 3998 (
3431 3929 3628 3985 Matth.
3641 3932 3799 3999 xxI).

2191 4012 2478 4068 Columbas
2505 4013 2650 4068 enim
2679 4014 2914 4069 vendere
2945 4022 3025 4068 est
3055 4015 3122 4070 de
3153 4024 3340 4071 sancto
3369 4017 3595 4086 Spiritu,
3627 4035 3804 4089 quem

2190 4101 2338 4156 Deus
2363 4101 2710 4172 omnipotens
2765 4103 3281 4158 consubstantialem
3313 4105 3415 4158 sibi
3446 4121 3548 4175 per
3575 4107 3806 4176 imposi-

2191 4189 2394 4244 tionem
2444 4206 2701 4244 manuum
2758 4190 3077 4245 hominibus
3159 4192 3365 4258 tribuit,
3439 4195 3804 4249 commodum

2189 4277 2486 4347 temporale
2515 4277 2819 4348 percipere.
2861 4279 2942 4333 Ex
2973 4295 3100 4350 quo,
3143 4289 3201 4334 ut
3228 4280 3469 4350 praedixi,
3505 4281 3654 4336 malo
3679 4283 3805 4350 jam

2189 4365 2430 4419 innuitur
2459 4366 2588 4436 quid
2637 4373 2913 4436 sequatur,
2963 4367 3088 4438 quia
3119 4368 3172 4421 in
3212 4368 3413 4438 templo
3442 4369 3543 4424 Dei
3573 4369 3804 4424 colum-

493 4435 739 4504 scientia,
773 4439 843 4492 ad
894 4437 1162 4509 synodum
1201 4443 1440 4490 nostram
1482 4436 1551 4490 de
1598 4435 1756 4525 illatis
1805 4434 2088 4525 tibiatque
2118 4440 2170 4499 D
2192 4453 2288 4507 bas
2318 4434 2555 4508 vendére
2599 4434 3084 4524 Ριοεεέυιηρερνίιηι,
3118 4471 3304 4511 eorum
3326 4434 3450 4512 ’1)εο
3476 4457 3664 4525 judice
3696 4473 3808 4515 ca-

491 4528 717 4596 objectis
739 4536 792 4582 te
813 4526 1159 4598 purgandum
1191 4540 1452 4579 occurre:
1478 4540 1545 4577 ne
1577 4523 1623 4576 si
1654 4523 2088 4593 praetermiseris,

491 4615 854 4672 anathematis
885 4614 1123 4678 vinculo,
1158 4621 1342 4683 utpote
1373 4611 1619 4682 apostola
1651 4619 1703 4665 et
1734 4611 1970 4677 rebellis,
2003 4611 2088 4665 al-

491 4704 702 4777 ligeris.
737 4705 870 4758 Data
901 4706 966 4758 ut
1004 4719 1194 4773 supra.

1169 4805 1412 4862 CXXIII.

546 4914 618 4954 AD
659 4913 991 4954 ROSTAGNUM
1028 4908 1506 4951 ARCEIEPISCOPUM
1549 4906 1954 4948 ARELATENSEM
1993 4900 2036 4946 ³.

1116 4987 1296 5055 (Anno
1337 4985 1483 5052 878).

565 5079 706 5134 Suas
745 5078 836 5132 illi
858 5078 1005 5131 vices
1043 5076 1105 5130 in
1139 5074 1322 5128 Gallia
1345 5078 1401 5128 et
1421 5073 1590 5144 pallii
1621 5089 1788 5126 usum
1810 5071 2086 5126 concedit.

564 5164 1026 5222 Reverentissimo
1081 5170 1134 5216 et
1195 5159 1538 5216 sanctissimo
1599 5160 1754 5215 fratri
1784 5160 2090 5214 Rosnoxo

497 5255 910 5325 archiepiscOpo
937 5249 1260 5307 Arelatensi.

568 5413 592 5441 ι
613 5389 668 5437 1η
692 5389 902 5439 editione
926 5364 1166 5447 Itomana,
1212 5388 1261 5436 et
1287 5397 1346 5436 ex
1369 5397 1424 5434 ea
1451 5385 1498 5434 in
1539 5383 1874 5436 collectionem
1911 5383 2092 5446 episto-

501 5453 658 5506 laium
699 5455 900 5507 Joannis
924 5455 1052 5517 VIII,
1101 5453 1246 5514 hujus
1291 5453 1508 5516 epistola
1544 5453 1701 5514 portio
1746 5451 1983 5513 incipiam
2031 5449 2092 5500 ab

503 5521 664 5584 itaque
715 5517 1044 5583 fraternitati,
1092 5527 1212 5578 διο..
1264 5519 1458 5581 ponitur
1493 5526 1730 5579 tanquam
1776 5529 1898 5568 nova
1961 5517 2094 5580 epis-

2188 4542 2392 4597 thedrae
2422 4541 2756 4604 ceciderunt,
2774 4543 2866 4612 qui
2884 4543 3134 4598 videlicet
3165 4545 3386 4599 errorin
3407 4545 3643 4600 subditis
3663 4562 3802 4602 cum

2189 4638 2483 4700 augmento
2513 4638 2865 4700 propagatur.
2898 4632 3036 4684 Nam
3083 4631 3199 4702 ipse
3244 4649 3460 4704 quoque
3491 4634 3586 4704 qui
3616 4635 3806 4705 pretio

2189 4718 2255 4772 ad
2305 4733 2518 4772 sacrum
2573 4717 2818 4772 ordinem
2873 4720 3204 4788 perducitur,
3229 4721 3340 4790 jam
3383 4721 3438 4774 in
3481 4721 3602 4792 ipsa
3659 4739 3810 4792 pro—

2189 4814 2378 4861 vectus
2409 4806 2492 4860 sui
2520 4806 2702 4862 radice
2733 4806 2969 4870 vitiatus,
3003 4808 3245 4877 paratior
3286 4817 3368 4864 est
3413 4808 3532 4863 aliis
3573 4825 3804 4866 venun-

2189 4894 2320 4948 dare
2353 4895 2496 4966 quod
2529 4894 2676 4948 emit.
2712 4895 2815 4950 Ubi
2846 4903 2924 4949 est
2957 4898 3102 4965 quod
3145 4897 3404 4968 scriptum
3434 4905 3517 4952 est
3550 4915 3562 4950 :
3604 4899 3808 4954 Gratis

2191 4984 2510 5054 accepistis,
2536 4984 2715 5053 gratis
2743 4983 2874 5036 date
2905 4987 2926 5036 ?
2957 4984 3178 5052 (Matth.
3230 4987 3316 5054 ι.)
3346 4987 3411 5040 Ει
3467 5001 3590 5040 cum
3623 4986 3810 5055 prima

2190 5079 2384 5125 contra
2426 5079 2667 5125 sanctam
2712 5069 2810 5123 Dei
2851 5070 3154 5125 Ecclesiam
3205 5074 3510 5130 Simoniaca
3559 5073 3806 5128 haeresis

2191 5158 2262 5212 sit
2290 5167 2498 5224 exorta,
2526 5175 2623 5214 cur
2660 5175 2767 5212 non
2826 5160 3203 5228 perpenditur,
3233 5178 3332 5216 cur
3383 5178 3492 5216 non
3550 5161 3804 5224 videtur,

2191 5249 2319 5320 quia
2348 5265 2469 5304 eum
2493 5264 2652 5319 quem
2674 5246 2795 5318 quis
2821 5263 2945 5301 cum
2976 5250 3152 5317 pretio
3175 5249 3414 5312 ordinat,
3436 5251 3808 5320 provehendo

2190 5385 2288 5435 tota
2339 5382 2398 5434 ad
2457 5383 2890 5449 archiepiscopum,
2942 5384 3277 5436 Arelatensem
3323 5386 3486 5436 missa.
3517 5384 3650 5434 Illam
3709 5398 3807 5437 nos

2190 5451 2240 5568 :11
2288 5451 2380 5502 hac
2425 5448 2710 5503 collectione
2753 5448 3007 5502 omisimus
3054 5458 3284 5516 tanquam
3352 5463 3808 5517 supervacaneam.

2190 5529 2192 5534 ·
2240 5527 2368 5567 Λκςι.
