4072 6186
263 261 370 316 777

1473 262 1832 321 EPISTOLE
1889 263 1982 320 ET
2027 265 2372 324 DECRETA.

2971 89 3004 137 δ

3457 229 3562 322 77s

257 385 372 458 agit
401 393 460 439 ut
487 377 772 440 haereticus
802 383 944 441 ﬁat?
973 387 1158 458 Itaque
1201 387 1520 444 fraternitati
1565 397 1668 444 tum
1713 388 1862 444 vices
1888 387 1946 448 Α
1968 390 2178 446 recur'ri
2219 391 2567 462 praepositus,
2618 391 2824 448 idcirco
2861 398 3225 462 Opportunum
3271 403 3397 448 esse
3435 405 3564 464 per-

259 481 474 528 nosti-as
501 471 554 526 in
584 473 830 528 ecclesiis
859 491 981 546 qua:
1025 475 1126 530 sub
1176 492 1347 548 regno
1393 471 1698 532 Galliarum
1752 475 1878 532 sunt

257 560 416 629 juxta
443 561 724 633 antiquum
771 578 980 618 morem
1025 565 1139 620 Deo
1186 573 1410 621 auctore
1460 565 1870 630 committimus,

265 650 500 723 singulis
529 649 750 721 quidem
779 651 1139 722 metropolitis
1165 653 1470 709 secundum
1491 653 1727 724 priscam
1751 668 1876 709 con-

267 738 610 793 suetudinem
637 739 858 809 pr0prio
887 739 1096 796 honore
1125 750 1360 798 servato.
1393 741 1626 797 Pallium
1655 758 1872 814 quoque

265 825 644 883 concessimus
673 843 782 898 quo
829 826 1148 884 fraternitas
1191 838 1278 885 tua
1325 830 1640 887 decoretur.
1685 831 1872 887 Sicubi

263 922 446 970 autem
476 914 695 986 longius
722 915 1106 987 episcoporum
1135 917 1424 990 quisquam
1469 935 1702 992 pergere
1733 910 1871 974 forte

264 1002 518 1070 voluerit,
553 1003 672 1058 sine
700 1011 806 1060 tua
829 1003 1132 1060 sanctitatis
1177 1007 1498 1063 auctdritate
1545 1007 1595 1062 ei
1641 1007 1710 1062 ad
1753 1007 1872 1063 loca

261 1091 365 1146 alia
395 1092 632 1146 transire
663 1108 771 1147 non
817 1091 998 1148 liceat.
1051 1093 1109 1149 Si
1156 1111 1259 1166 qua
1302 1111 1434 1151 vero
1480 1095 1758 1168 inqui-sitio
1803 1095 1872 1152 de

263 1177 370 1234 fide
399 1179 488 1234 vel
519 1179 753 1236 fortasse
779 1179 1008 1235 aliarum
1035 1195 1214 1237 rerum
1235 1183 1377 1238 inter
1397 1183 1688 1255 cpiscOpos
1705 1199 1872 1239 causa

264 1267 556 1322 eme‘rserit
598 1283 724 1340 qum
771 1267 1014 1326 discerni
1060 1267 1334 1326 diﬁicilius
1379 1271 1568 1342 possit,
1626 1271 1872 1328 collectis

264 1356 555 1412 duodecim
587 1356 880 1428 episcopis,
913 1357 1202 1414 ventilatur
1230 1367 1394 1431 atque
1422 1360 1740 1426 decidatur;
1785 1360 1872 1416 sin

265 1453 446 1499 autem
495 1444 673 1501 decidi
720 1445 1050 1518 nequiverit,
1099 1447 1348 1502 discussa
1390 1448 1616 1504 veritate
1661 1448 1732 1504 ad
1773 1463 1872 1506 no-

265 1539 440 1586 strum
463 1532 728 1600 judicium
759 1532 1027 1589 referatur
1055 1534 1196 1604 (Huc
1227 1551 1400 1608 usque
1422 1537 1477 1593 S.
1507 1537 1707 1609 Greg.).
1733 1538 1872 1593 Proh

266 1621 424 1675 dolor
449 1619 464 1675 l
493 1630 620 1676 cum
647 1621 704 1674 in
734 1621 928 1678 Galliae
953 1623 1204 1692 partibus
1233 1638 1478 1678 essemus
1505 1625 1650 1680 inter
1677 1633 1873 1681 cetera

1975 479 2250 550 speximus
2277 478 2361 533 'in
2419 479 2667 536 ecclesiis
2720 495 2841 551 quae
2895 479 2997 534 sub
3046 494 3221 554 regno
3272 479 3564 536 Galliarum

1973 567 2274 623 secundum
2327 566 2600 640 antiquam
2657 567 3100 624 consuetudinem
3174 575 3336 635 sunt,
3413 567 3565 623 fratri

1971 663 2160 711 nostro
2187 655 2468 728 Rostagno
2495 655 2829 712 Arelatensis
2857 655 3092 712 civitatis
3119 655 3378 726 episcopo
3417 655 3567 712 vices

1973 752 2188 798 nostras
2217 743 2474 810 tribuere,
2517 751 2782 816 quatenus
2829 751 2882 800 et
2927 743 3208 801 catholicae
3253 742 3381 800 ﬁdei
3427 743 3566 799 inte-

1973 831 2163 901 gritas,
2197 831 2250 885 id
2289 837 2371 886 est
2419 839 2726 888 sanctarum
2775 839 3004 902 quatuor
3049 831 3401 903 synodorum,
3453 833 3569 889 Deo

1971 926 2312 992 protegente,
2345 918 2575 975 sollicita
2603 918 2892 976 devotione
2931 926 3208 986 servetur;
3239 927 3293 975 et
3339 919 3385 974 si
3431 919 3572 976 inter

1955 1001 2170 1058 .fratres
2222 1003 2748 1075 consacerdotesque
2806 1011 3022 1060 nostros
3087 1003 3270 1076 aliqua
3331 1003 3573 1059 evenerit

1973 1089 2112 1146 forte
2167 1090 2460 1159 contentio,
2519 1090 2854 1147 auctoritatis
2911 1106 3023 1147 sum
3078 1091 3269 1165 vigore
3291 1133 3306 1159 ,
3358 1091 3570 1148 vicibus

1972 1195 2168 1249 nempe
2199 1178 2350 1234 sedis
2395 1179 2709 1250 apostolicae
2753 1180 2989 1248 functus,
3034 1179 3267 1236 discreta
3311 1179 3569 1236 modera-

1972 1267 2120 1322 tione
2151 1275 2484 1338 compescat.
2523 1267 2623 1322 Cui
2663 1267 2830 1323 etiam
2869 1267 3202 1336 iniunximus
3246 1275 3304 1322 ut
3343 1267 3391 1324 si
3431 1283 3570 1340 qua-

1973 1355 2224 1410 rumdam
2252 1371 2548 1412 causarum
2581 1355 2688 1411 tale
2716 1355 2880 1410 fuerit
2903 1362 3180 1412 certamen
3206 1363 3474 1420 exortum,
3517 1355 3574 1411 in

1975 1459 2084 1516 quo
2131 1443 2359 1500 aliorum
2406 1445 2695 1514 presentia
2741 1460 2882 1514 opus
2929 1442 2997 1498 sit
3019 1486 3032 1505 .
3083 1443 3431 1517 congregatis
3467 1443 3572 1500 sibi

1974 1548 2204 1589 numero
2230 1531 2561 1602 competenti
2591 1530 2847 1586 fratribus
2877 1539 2931 1588 et
2969 1530 3311 1602 coepiscopis
3351 1530 3572 1600 nostris,

1974 1619 2266 1676 salubriter
2293 1627 2512 1676 servata
2539 1620 2645 1674 hoc
2685 1619 2943 1690 aequitate
2989 1618 3256 1688 discutiat,
3305 1627 3360 1675 et
3405 1634 3575 1676 cano-

268 1725 433 1763 unum
463 1709 621 1764 valde
655 1709 1057 1780 prohibendum
1105 1711 1411 1768 invenimus
1445 1729 1458 1766 :
1489 1713 1867 1785 metropolitr,
1900 1731 1954 1794 Β
1976 1708 2099 1786 nica
2127 1708 2450 1765 auctoritate
2479 1705 2727 1794 diﬁiniat.
2779 1707 2838 1762 Si
2871 1722 3050 1794 quam
3095 1723 3225 1763 vero
3269 1707 3578 1766 contentio-

267 1805 557 1868 antequam
587 1797 816 1868 pallium
841 1815 872 1852 a
903 1797 1034 1854 sede
1063 1799 1362 1870 apostolica
1391 1801 1710 1873 suscipiant,
1743 1817 1876 1858 con-
1904 1793 1939 1794 ί
1977 1813 2100 1852 nem
2129 1838 2144 1861 ,
2184 1795 2330 1868 quod
2367 1797 2532 1869 longe
2569 1793 2732 1851 faciat
2769 1793 2957 1850 divina
3002 1795 3244 1866 potentia
3263 1839 3282 1863 ,
3334 1795 3404 1852 de
3450 1793 3580 1852 ﬁdei

271 1885 633 1941 secratidnem
680 1885 860 1942 facere
908 1896 1265 1958 praesumunt,
1311 1890 1459 1960 quod
1495 1899 1876 1946 antecessores
1975 1899 2142 1942 causa
2171 1885 2390 1941 evenire
2436 1882 2748 1956 contigerit,
2798 1890 2894 1938 aut
2938 1883 3219 1954 negotium
3270 1882 3578 1951 emerserit,

271 1974 440 2029 nostri
487 1982 542 2030 et
587 1983 690 2030 nos
736 1975 1002 2032 canonico
1049 1977 1274 2032 decreto
1318 1993 1389 2032 ne
1440 1976 1599 2033 fleret
1645 1978 1876 2035 interdio

269 2061 466 2116 ximus.
503 2063 660 2118 Unde
700 2063 1088 2120 fraternitatem
1137 2071 1280 2119 tuam
1314 2074 1557 2122 sanctam
1597 2081 1696 2138 per
1743 2067 1877 2122 Gal—

271 2148 398 2204 liam
431 2157 676 2206 nostram
721 2150 896 2206 vicem
944 2159 1222 2208 tenentem
1264 2153 1560 2222 hortamur,
1611 2163 1879 2226 quatenus

271 2251 438 2310 super
469 2239 573 2294 hoc
603 2239 1025 2296 sollicitudinem
1057 2240 1282 2304 habeas.
1307 2250 1450 2298 etne
1477 2242 1619 2297 istud
1638 2243 1876 2310 adolent,

271 2327 590 2383 auctoritate
644 2326 939 2399 prohibeas
965 2369 978 2396 ,
1039 2337 1094 2385 et
1139 2336 1197 2384 ut
1245 2331 1544 2386 secundum
1600 2331 1878 2403 antiquum

271 2420 494 2471 morem‘
509 2425 768 2486 quaerere
783 2415 1041 2472 festinent
1069 2429 1318 2487 moneas,
1351 2418 1554 2475 incites'
1569 2427 1730 2492 atque
1745 2434 1882 2492 prm-

272 2503 484 2574 cipias;
517 2511 573 2559 et
599 2504 654 2559 si‘
676 2505 1090 2576 ipsi'obediant,
1124 2517 1320 2577 necne,
1347 2509 1882 2579 nostrospostclatui

275 2607 444 2663 super
473 2593 654 2648 omnia
681 2594 979 2661 renuntias,
1021 2594 1066 2649 si
1095 2603 1276 2666 potest
1321 2595 1375 2650 in
1422 2595 1698 2653 nativitate
1745 2611 1881 2669 apo-

274 2681 556 2749 stolorum,
601 2689 692 2736 aut
738 2693 1012 2753 per"vos,
1063 2690 1158 2738 aut
1205 2698 1306 2755 per
1346 2684 1590 2740 nostram
1641 2684 1882 2758 legatum

272 2769 512 2842 aliquem
543 2771 711 2825 certis
739 2769 932 2826 litteris
960 2771 1232 2839 intimare,
1266 2787 1334 2827 ne
1347 2771 1595 2830 differas.
1623 2772 1886 2845 Omnipo-

272 2865 398 2912 tens
426 2865 612 2913 autem
642 2859 791 2914 Deus
821 2870 916 2914 sua
947 2873 1048 2916 vos
1075 2860 1418 2931 protectione
1455 2861 1746 2928 custodiat,
1779 2863 1884 2918 h0-

272 2960 580 3018 noremque
609 2955 931 3019 perceptum
958 2962 1058 3003 vos
1085 2943 1150 3002 in'
1173 2948 1418 3004 moribus
1448 2963 1667 3006 ωηερε
1695 2963 1888 3006 concc-

273 3033 392 3089 dat.
423 3035 562 3090 Data
592 3039 658 3090 ut
685 3052 880 3108 supra.

893 3186 898 3192 ,
955 3124 1200 3180 CXXIV.
1661 3192 1664 3196 ί

561 3225 634 3266 ΑΙ)
671 3227 982 3268 υΝινειιεοε
1019 3227 1320 3268 EPISCOPOS
1357 3228 1589 3270 ῦΑιιιΑς.

902 3300 1094 3371 (Anno,
1113 3301 1263 3374 878.)

273 3391 343 3446 Ut
373 3388 1018 3463 Bastagpoﬁrelatensi
1037 3391 1314 3463 episcopo,
1363 3392 1458 3463 cui
1485 3393 1630 3448 vice:
1660 3407 1793 3448 suas
1821 3392 1884 3447 in

560 3459 744 3515 Gallia
763 3459 1085 3524 commisit;
1097 3459 1290 3517 omnes
1325 3461 1556 3518 obedian
1565 3466 1605 3518 t.

344 3547 616 3603 Omnibus
644 3546 1102 3613 reverentissimis
1131 3556 1186 3604 et
1216 3549 1571 3606 sanctissimis
1611 3549 1885 3621 episcopis

267 3643 324 3691 et
353 3634 619 3696 fratribus
646 3651 748 3706 per
778 3634 984 3690 Gallias
1013 3637 1338 3703 constitutis.

344 3721 432 3794 (5.
469 3721 794 3796 Greg.,.lib.
827 3738 904 3788 xv,
936 3740 1020 3796 ep.
1055 3721 1171 3795 52.)
1200 3725 1283 3780 Ad
1311 3723 1417 3782 hoc
1446 3723 1642 3781 divinae
1671 3725 1882 3798 dispen-

270 3811 507 3874 sationis
533 3809 776 3882 provisio
806 3811 1012 3886 gradus
1033 3820 1086 3868 et
1106 3812 1352 3868 diversos
1373 3813 1647 3870 constituit
1665 3814 1884 3870 ordines

269 3899 421 3956 inter
450 3916 513 3954 se
543 3899 848 3969 distinctos,
880 3909 937 3956 ut
967 3901 1097 3956 dum
1126 3903 1490 3957 reverentiam
1522 3902 1764 3959 minores
1793 3918 1882 3975 po-

264 3987 510 4043 tioribus
521 3987 864 4054 ,exbiberent,
891 3996 942 4043 et
960 3989 1205 4060 potiores
1225 3987 1526 4056 minoribus
1543 3989 1882 4064 diligentiam

265 4075 694 4148 impenderent,
754 4091 863 4132 una
923 4077 1234 4144 concordiae
1283 4076 1438 4144 fieret
1482 4093 1515 4132 a
1567 4077 1883 4134 diversitate

252 4164 578 4232 ,contextio,
611 4172 665 4219 et
694 4173 841 4220 recte
871 4163 1168 4221 ofﬁciorum
1187 4174 1474 4239 gereretur
1491 4163 1883 4222 administratio

265 4251 641 4326 singulorum.
673 4253 864 4324 Neque
895 4251 1039 4308 enim
1070 4252 1395 4322 universitas
1423 4252 1529 4308 alia
1556 4261 1767 4324 poterat
1796 4270 1882 4308 ra-

265 4341 425 4406 tione
457 4339 777 4407 subsistere,
811 4339 916 4394 nisi
943 4339 1252 4410 hujusmodi
1275 4357 1515 4414 magnus
1559 4357 1702 4412 eam,
1728 4340 1882 4397 diffe-

1977 1973 2138 2042 cujns
2201 1973 2496 2028 vehemens
2561 1971 2631 2026 sit
2677 1970 2912 2027 fortasse
2951 1969 3218 2040 dubietas,
3265 1979 3320 2026 et
3359 1986 3460 2042 pro
3498 1969 3580 2026 sui

1977 2059 2352 2133 magnitudine
2375 2059 2578 2129 judicio
2609 2059 2756 2114 sedis
2785 2057 3102 2130 apostolica
3130 2058 3396 2132 indigeat,
3444 2073 3580 2116 exa-

1979 2149 2180 2204 minata
2205 2148 2518 2221 diligentius
2547 2147 2794 2212 veritate,
2826 2147 3090 2203 relatione
3119 2163 3220 2204 sua
3237 2147 3309 2202 ad
3337 2155 3580 2204 nostram

1979 2237 2197 2292 studeat
2224 2235 2526 2308 perducere
2553 2236 2854 2302 notionem,
2885 2243 3152 2308 quatenus
3169 2251 3206 2291 a
3226 2235 3385 2292 nobis
3405 2235 3584 2292 valeat

1978 2325 2374 2398 congrua-sine
2403 2323 2568 2382 dubie
2615 2323 2884 2380 sententia
2923 2323 3223 2380 terminari.
3273 2323 3372 2381 Cui
3417 2323 3582 2380 etiam

1979 2413 2312 2483 iniunximus
2339 2419 2397 2468 nt
2425 2412 2630 2468 nullum
2658 2411 3127 2484 archiepiscopum
3160 2412 3215 2468 in
3235 2411 3322 2468 his
3339 2411 3587 2483 partibus

1983 2500 2102 2558 sine
2130 2501 2298 2573 pallio
2324 2517 2357 2556 a
2381 2502 2632 2558 Romano
2658 2501 2915 2572 pontifice
2959 2501 3172 2559 directo
3215 2498 3586 2558 consecratio—

1982 2606 2110 2646 nem
2139 2589 2326 2646 facere
2351 2589 2652 2661 permittat,
2684 2597 2740 2644 et
2759 2587 3024 2645 facientes
3051 2596 3240 2645 nostra
3265 2586 3588 2647 auctoritate

1973 2686 2193 2752 arguat.
2247 2678 2330 2733 Et
2374 2677 2636 2748 quoniam
2683 2693 2917 2734 necesse
2968 2685 3056 2733 est
3091 2684 3166 2732 .ut
3217 2677 3292 2734 ad
3337 2692 3462 2734 eum
3497 2675 3588 2734 cui

1983 2774 2207 2823 nostras
2227 2765 2385 2822 vices
2411 2765 2760 2831 indulsimus,
2796 2764 3009 2838 quoties
3025 2773 3280 2837 oportere
3297 2780 3587 2836 perspexe-

1983 2854 2070 2920 rit,
2123 2869 2223 2925 pro
2260 2853 2513 2912 facienda
2549 2853 2844 2912 collatione
2874 2853 3018 2924 aptis
3051 2847 3312 2912 debeant
3345 2851 3591 2925 θρίω)ρὶ

1985 2942 2322 3014 temporibus
2351 2941 2664 3008 convenire,
2698 2941 2983 2998 hortamur
3010 2949 3071 2998 ut
3095 2940 3281 2997 nullus
3319 2939 3594 3036 mandatis

1911 3079 1961 3142 C
1985 3030 2106 3100 eius
2135 3029 2459 3087 inobediens
2485 3045 2609 3086 esse
2635 3037 2954 3102 presumat,
3004 3044 3111 3086 nec
3159 3029 3432 3088 communi
3461 3029 3594 3086 co'n-

1983 3118 2292 3192 gregationi
2339 3119 2608 3176 interesse
2657 3125 2953 3189 postponat
2973 3159 2988 3184 ,
3034 3117 3144 3173 nisi
3193 3125 3289 3174 aut
3344 3116 3593 3189 corporis

1983 3205 2272 3262 inﬁrmitas
2299 3205 2608 3278 quempiam
2637 3204 2872 3262 fortasse
2901 3205 3150 3270 vetuerit,
3183 3212 3278 3263 aut
3311 3205 3594 3274 cujusdam

1985 3309 2110 3350 eum
2137 3307 2318 3351 causa
2337 3294 2501 3362 justm
2529 3292 2810 3350 excusatio
2836 3291 3062 3349 minimc
3103 3291 3290 3348 venire
3330 3289 3569 3362 permise

1983 3381 2073 3438 rit.
2103 3381 2169 3437 lii
2199 3389 2380 3439 tamen
2410 3381 2526 3452 qui,
2561 3380 2886 3452 prohibente
2914 3379 3104 3452 aliqua
3129 3379 3477 3449 necessitate,
3506 3395 3578 3436 ne

1970 3469 2223 3541 quierint
2248 3469 2308 3524 in
2322 3469 2592 3540 synodum
2611 3468 2932 3538 convenire,
2949 3467 3074 3525 loco
3095 3483 3198 3524 suo
3215 3467 3598 3540 presbyterum

1985 3565 2079 3614 aut
2107 3557 2402 3614 diaconum
2429 3557 2688 3629 dirigant,
2721 3564 2994 3628 quatenus
3022 3571 3144 3628 qum
3170 3571 3205 3613 a
3231 3563 3422 3612 nostro
3450 3555 3602 3614 vica-

1986 3645 2086 3716 rio,
2130 3646 2252 3701 Deo
2291 3645 2610 3710 auxiliante,
2665 3643 2865 3700 fuerint
2919 3642 3161 3710 deﬁnita.
3210 3642 3284 3700 ad
3325 3659 3460 3702 eum
3503 3643 3596 3716 qui

1987 3733 2192 3790 absens
2221 3740 2322 3800 est,
2355 3749 2458 3804 per
2485 3733 2666 3804 ipsum
2694 3747 2858 3803 quem
2900 3731 3128 3798 miserit,
3180 3730 3292 3788 fida
3336 3731 3599 3794 relatione

1985 3821 2335 3893 perveniant,
2391 3828 2450 3876 ut
2503 3819 2829 3878 inconvulsa
2870 3817 3125 3876 ﬁrmitate
3170 3827 3496 3888 servantur,
3539 3827 3594 3876 et

1989 3909 2188 3966 nullius
2216 3923 2284 3965 ea
2321 3908 2558 3965 audeant
2604 3907 2914 3965 occasionis
2957 3907 3310 3966 excusatione
3355 3905 3585 3964 violare.

1983 3999 2103 4054 Hoc
2133 3997 2296 4054 etiam
2325 4011 2425 4052 vos
2451 3997 2657 4068 pariter
2704 3996 3054 4068 previdimus
3093 3995 3491 4063 admonendos,
3538 4004 3598 4051 ut

1985 4085 2170 4144 nullus
2212 4093 2452 4144 vestrum
2497 4084 2568 4139 ad
2617 4084 2998 4158 longinquiora
3046 4083 3170 4142 loca
3217 4083 3337 4140 sine
3381 4082 3591 4156 praefati

1987 4173 2170 4230 fratris
2201 4182 2256 4228 et
2284 4171 2598 4244 coepiscopi
2629 4173 2801 4246 nostri
2829 4171 3096 4245 Rostagni
3125 4173 3442 4228 auctoritate
3471 4179 3595 4228 ten-

1990 4270 2068 4318 tet
2095 4262 2278 4333 aliquo
2306 4261 2471 4316 modo
2499 4259 2795 4332 proficisci,
2832 4261 3066 4316 scientes
3108 4259 3238 4332 quia
3283 4267 3336 4315 et
3379 4260 3594 4330 praede-

1996 4363 2282 4406 cessorum
2308 4350 2639 4413 uestrarum,
2671 4347 2766 4419 qui
2790 4347 2938 4402 vices
2969 4363 3096 4402 suas
3126 4347 3242 4416 ejus
3288 4346 3594 4418 praedeces-

265 4427 468 4486 rentia’:
513 4428 645 4491 Ordo
691 4436 956 4494 servaret.
1019 4427 1157 4498 Quia
1209 4445 1339 4485 vero
1389 4437 1645 4499 creatura
1689 4429 1745 4484 in
1793 4445 1897 4484 una
1928 4426 2209 4493 Dsoribus
2267 4442 2690 4505 concesserunt,
2751 4434 2832 4490 sic
2877 4435 3069 4506 procul
3123 4433 3290 4490 dubio
3339 4433 3597 4489 mandata

265 4518 584 4590 eademque
601 4516 907 4589 aequalitate
927 4517 1225 4589 gubernari
1243 4518 1330 4574 vel
1347 4517 1529 4574 vivere
1551 4534 1659 4574 non
1679 4525 1879 4592 potest,

264 4605 588 4670 caelestium
625 4603 936 4660 militiarum
987 4605 1234 4676 exempla
1275 4623 1383 4676 nos
1423 4605 1712 4674 instruunt,
1759 4607 1883 4679 quia

267 4695 409 4750 dum
461 4693 570 4748 sint
609 4693 814 4765 angeli,
859 4693 965 4748 sint
1005 4693 1340 4767 archangeli,
1389 4693 1560 4766 liquet
1607 4695 1732 4768 quia
1773 4709 1884 4751 non

249 4781 525 4856 mquales
553 4789 695 4850 sunt,
727 4781 825 4837 sed
851 4781 907 4837 in
939 4789 1206 4854 potestate
1225 4789 1278 4838 et
1298 4781 1510 4850 ordine,
1534 4782 1674 4839 sicut
1689 4782 1880 4849 nostis,

264 4867 460 4931 differt
491 4867 627 4924 alter
655 4869 722 4924 ab
752 4869 943 4936 altero.
991 4870 1048 4926 Si
1091 4886 1228 4942 ergo
1271 4871 1412 4926 inter
1454 4871 1586 4939 hos,
1632 4871 1724 4944 qui
1768 4871 1884 4928 sine

264 4965 506 5030 peccato
539 4966 679 5022 sunt,
713 4957 817 5024 ista
845 4965 1059 5024 constat
1087 4975 1211 5014 esse
1241 4958 1534 5026 distinctio,
1569 4959 1691 5031 quis
1720 4957 1890 5028 homi-

263 5062 412 5102 num
442 5045 650 5100 abnuat
679 5046 806 5101 huic
835 5063 896 5101 se
923 5045 1158 5102 libenter
1185 5046 1527 5118 dispositioni
1549 5047 1883 5115 submittere,

264 5135 362 5190 cui
392 5132 550 5188 novit
578 5133 743 5188 etiam
769 5134 999 5206 angelos
1026 5131 1248 5190 obedire
1272 5139 1296 5191 ἵ
1323 5135 1463 5191 Hinc
1480 5135 1678 5190 etenim
1697 5151 1802 5206 pax
1835 5143 1890 5191 et

261 5221 522 5279 charitas
549 5227 736 5275 mutua
764 5233 825 5276 se
857 5221 976 5278 vice
1002 5222 1400 5293 complectitur,
1436 5230 1491 5278 et
1519 5231 1704 5279 manet
1732 5222 1890 5279 ﬁrma

259 5307 596 5368 concordiae
622 5308 676 5362 in
706 5307 920 5364 alterna
950 5308 1008 5364 et
1033 5311 1150 5366 Deo
1186 5309 1384 5381 placita
1432 5310 1722 5367 dilectione
1769 5311 1888 5366 sin-

555 5395 695 5466 Quia
748 5395 915 5467 igitur
958 5398 1388 5471 unumquodque
1433 5406 1561 5456 tunc
1605 5399 1891 5456 salubriter

263 5485 608 5558 completur
623 5481 875 5551 oﬁcium,
906 5495 1033 5542 cum
1059 5485 1219 5542 fuerit
1249 5500 1392 5542 unus
1421 5487 1494 5542 ad
1526 5501 1690 5560 quem
1709 5488 1891 5561 possit

616 5599 860 5654 ΡΑτιιοι.
901 5600 1152 5656 CXXVI.

1961 4521 2272 4580 definiunt.
2307 4525 2602 4579 Hortamur
2629 4529 2892 4594 preterea
2939 4529 2998 4576 ut
3039 4521 3109 4578 'dc
3155 4520 3333 4578 ofﬁcio
3384 4535 3486 4576 suo
3531 4519 3603 4577 sit

1993 4612 2227 4685 quisque
2257 4619 2500 4669 vestrum
2530 4611 2814 4679 sollicitus,
2866 4617 2921 4666 et
2967 4609 3059 4683 qui
3096 4605 3423 4681 promissam
3450 4609 3600 4682 cupit

1984 4701 2173 4774 patrie
2225 4700 2542 4758 mercedem
2587 4699 2856 4772 partionis
2900 4699 3148 4770 accipere
3171 4739 3186 4765 ,
3233 4697 3587 4755 commissum

1985 4789 2090 4846 sibi
2117 4805 2350 4864 gregem
2380 4787 2744 4846 sollicitudine
2793 4795 2848 4844 et
2889 4786 3137 4844 oratione
3181 4785 3469 4853 custodiat,
3519 4803 3592 4844 ne

1985 4877 2146 4950 lupus
2169 4877 2442 4934 msidians
2467 4892 2604 4934 oves
2631 4875 2868 4932 creditas
2895 4873 3208 4931 invadendo
3243 4873 3491 4942 dilaniat.
3539 4883 3594 4931 et

1986 4965 2057 5022 sit
2076 4966 2138 5022 in
2165 4965 2530 5022 retributione
2549 4978 2714 5034 poma
2734 4977 3100 5034 promouere.
3123 4961 3390 5032 Optamus
3403 4962 3592 5034 igitur,

1986 5053 2188 5110 fratres
2215 5051 2550 5117 charissimi,
2585 5058 2640 5106 et
2667 5050 2792 5105 totis
2828 5049 3261 5121 omnipotentem
3301 5049 3596 5106 Dominum

1985 5141 2248 5214 precibus
2305 5154 2596 5196 exoramus
2617 5179 2631 5204 ,
2691 5145 2750 5194 ut
2791 5137 3140 5198 dilectionem
3183 5144 3418 5194 vestram
3464 5137 3599 5195 boni

1967 5228 2192 5284 “amoris
2239 5228 2326 5284 sui
2371 5225 2675 5284 constantia
2719 5223 2878 5282 faciat
2921 5226 3104 5298 magis
3147 5224 3440 5298 magisque
3483 5224 3596 5284 fer-

1987 5331 2231 5383 vescere,
2263 5323 2425 5388 atque
2451 5315 2510 5370 in
2537 5329 2671 5388 pace
2697 5313 2958 5371 Ecclesiae
2985 5321 3040 5370 et
3060 5327 3178 5370 una
3206 5302 3307 5370 vos
3329 5313 3595 5372 concedat

1985 5419 2211 5462 manere
2239 5402 2552 5460 concordia.
2600 5402 2918 5458 Nuntiatum
2961 5417 3096 5460 vero
3138 5400 3299 5462 nobis
3340 5407 3428 5464 est
3466 5401 3597 5475 quia

1987 5509 2088 5567 per
2107 5492 2471 5550 simoniacam
2495 5491 2754 5548 heresim
2779 5489 2852 5546 ad
2879 5505 3073 5548 sacros
3107 5489 3330 5551 aldina:
3371 5489 3598 5563 quidam

3212 5603 3286 5658 25
