  <div class='ocr_page' id='page_1' title='image "/cluster/home/n/w/nwhite01/storage/ocr_20150623/126/hvd.32044052819513/395.png"; bbox 0 0 4028 6180; ppageno 0'>
   <div class='ocr_carea' id='block_1_1' title="bbox 516 235 635 292">
    <p class='ocr_par' dir='ltr' id='par_1_1' title="bbox 516 235 635 292">
     <span class='ocr_line' id='line_1_1' title="bbox 516 235 635 292; baseline 0 0"><span class='ocrx_word' id='word_1_1' title='bbox 516 235 635 292; x_wconf 60' lang='grc' dir='ltr'><strong>τις</strong></span> 
     </span>
    </p>
   </div>
   <div class='ocr_carea' id='block_1_2' title="bbox 1729 228 2616 302">
    <p class='ocr_par' dir='ltr' id='par_1_2' title="bbox 1729 228 2616 302">
     <span class='ocr_line' id='line_1_2' title="bbox 1729 228 2616 302; baseline -0.005 -12"><span class='ocrx_word' id='word_1_2' title='bbox 1729 229 2062 302; x_wconf 53' lang='grc' dir='ltr'><strong>,ΙΟΑΝΝΙΒ-</strong></span> <span class='ocrx_word' id='word_1_3' title='bbox 2109 228 2304 290; x_wconf 68' lang='lat' dir='ltr'><strong>PAPE</strong></span> <span class='ocrx_word' id='word_1_4' title='bbox 2352 235 2524 290; x_wconf 62' lang='lat' dir='ltr'><strong>VIIL-</strong></span> <span class='ocrx_word' id='word_1_5' title='bbox 2612 263 2616 268; x_wconf 69' lang='grc' dir='ltr'><strong><em>ι</em></strong></span> 
     </span>
    </p>
   </div>
   <div class='ocr_carea' id='block_1_3' title="bbox 3708 233 3804 319">
    <p class='ocr_par' dir='ltr' id='par_1_3' title="bbox 3708 233 3804 319">
     <span class='ocr_line' id='line_1_3' title="bbox 3708 233 3804 319; baseline 0 0"><span class='ocrx_word' id='word_1_6' title='bbox 3708 233 3804 319; x_wconf 52' lang='lat' dir='ltr'><strong>te</strong></span> 
     </span>
    </p>
   </div>
   <div class='ocr_carea' id='block_1_4' title="bbox 514 357 3792 432">
    <p class='ocr_par' dir='ltr' id='par_1_4' title="bbox 514 357 3792 432">
     <span class='ocr_line' id='line_1_4' title="bbox 514 357 3792 432; baseline -0.001 -16"><span class='ocrx_word' id='word_1_7' title='bbox 514 359 877 425; x_wconf 80' lang='lat' dir='ltr'><strong>adducuntur,</strong></span> <span class='ocrx_word' id='word_1_8' title='bbox 898 367 966 415; x_wconf 77' lang='lat' dir='ltr'><strong>et</strong></span> <span class='ocrx_word' id='word_1_9' title='bbox 989 360 1100 415; x_wconf 79' lang='lat' dir='ltr'><strong>hoc</strong></span> <span class='ocrx_word' id='word_1_10' title='bbox 1127 366 1320 414; x_wconf 84' lang='lat' dir='ltr'><strong>sancto</strong></span> <span class='ocrx_word' id='word_1_11' title='bbox 1334 357 1487 413; x_wconf 81' lang='lat' dir='ltr'><strong>fratri</strong></span> <span class='ocrx_word' id='word_1_12' title='bbox 1508 366 1559 424; x_wconf 83' lang='lat' dir='ltr'><strong>et</strong></span> <span class='ocrx_word' id='word_1_13' title='bbox 1578 357 1905 428; x_wconf 87' lang='lat' dir='ltr'><strong>coepiscopo</strong></span> <span class='ocrx_word' id='word_1_14' title='bbox 1924 364 2110 412; x_wconf 85' lang='lat' dir='ltr'><strong>nostro</strong></span> <span class='ocrx_word' id='word_1_15' title='bbox 2140 357 2195 432; x_wconf 76' lang='grc' dir='ltr'>Α</span> <span class='ocrx_word' id='word_1_16' title='bbox 2217 357 2372 412; x_wconf 86' lang='lat' dir='ltr'><strong>nobis</strong></span> <span class='ocrx_word' id='word_1_17' title='bbox 2402 373 2674 430; x_wconf 80' lang='lat' dir='ltr'><strong>congruas</strong></span> <span class='ocrx_word' id='word_1_18' title='bbox 2703 357 3127 417; x_wconf 80' lang='lat' dir='ltr'><strong>mansionaticas</strong></span> <span class='ocrx_word' id='word_1_19' title='bbox 3157 366 3473 430; x_wconf 73' lang='lat' dir='ltr'><strong>praeparate,</strong></span> <span class='ocrx_word' id='word_1_20' title='bbox 3525 357 3581 414; x_wconf 88' lang='lat' dir='ltr'><strong>id</strong></span> <span class='ocrx_word' id='word_1_21' title='bbox 3627 366 3711 412; x_wconf 88' lang='lat' dir='ltr'><strong>est</strong></span> <span class='ocrx_word' id='word_1_22' title='bbox 3749 359 3792 412; x_wconf 87' lang='lat' dir='ltr'><strong>in</strong></span> 
     </span>
    </p>
   </div>
   <div class='ocr_carea' id='block_1_5' title="bbox 519 444 2109 521">
    <p class='ocr_par' dir='ltr' id='par_1_5' title="bbox 519 444 2109 521">
     <span class='ocr_line' id='line_1_5' title="bbox 519 444 2109 521; baseline -0.004 -16"><span class='ocrx_word' id='word_1_23' title='bbox 519 449 798 521; x_wconf 73' lang='lat' dir='ltr'><strong>Bosta&#39;g&#39;no</strong></span> <span class='ocrx_word' id='word_1_24' title='bbox 853 464 953 518; x_wconf 81' lang='lat' dir='ltr'><strong>per</strong></span> <span class='ocrx_word' id='word_1_25' title='bbox 1007 446 1190 502; x_wconf 88' lang='lat' dir='ltr'><strong>omnia</strong></span> <span class='ocrx_word' id='word_1_26' title='bbox 1241 445 1639 517; x_wconf 79' lang='lat' dir='ltr'><strong>prohibendum</strong></span> <span class='ocrx_word' id='word_1_27' title='bbox 1693 444 2109 510; x_wconf 85' lang='lat' dir='ltr'><strong>mandavimus;</strong></span> 
     </span>
    </p>
   </div>
   <div class='ocr_carea' id='block_1_6' title="bbox 519 531 2111 608">
    <p class='ocr_par' dir='ltr' id='par_1_6' title="bbox 519 531 2111 608">
     <span class='ocr_line' id='line_1_6' title="bbox 519 531 2111 608; baseline -0.003 -16"><span class='ocrx_word' id='word_1_28' title='bbox 519 537 666 608; x_wconf 87' lang='lat' dir='ltr'><strong>quod</strong></span> <span class='ocrx_word' id='word_1_29' title='bbox 694 535 1105 594; x_wconf 71' lang='lat' dir='ltr'><strong>utfraternitas</strong></span> <span class='ocrx_word' id='word_1_30' title='bbox 1149 541 1331 590; x_wconf 88' lang='lat' dir='ltr'><strong>vestra</strong></span> <span class='ocrx_word' id='word_1_31' title='bbox 1377 541 1675 606; x_wconf 77' lang='lat' dir='ltr'><strong>cognoscat</strong></span> <span class='ocrx_word' id='word_1_32' title='bbox 1722 541 1773 589; x_wconf 88' lang='lat' dir='ltr'><strong>et</strong></span> <span class='ocrx_word' id='word_1_33' title='bbox 1822 531 2111 598; x_wconf 72' lang='lat' dir='ltr'><strong>custodiat,</strong></span> 
     </span>
    </p>
   </div>
   <div class='ocr_carea' id='block_1_7' title="bbox 519 622 2020 696">
    <p class='ocr_par' dir='ltr' id='par_1_7' title="bbox 519 622 2020 696">
     <span class='ocr_line' id='line_1_7' title="bbox 519 622 2020 696; baseline -0.003 -15"><span class='ocrx_word' id='word_1_34' title='bbox 519 625 638 696; x_wconf 85' lang='lat' dir='ltr'><strong>ipsa</strong></span> <span class='ocrx_word' id='word_1_35' title='bbox 667 625 938 681; x_wconf 86' lang='lat' dir='ltr'><strong>vobis-est-</strong></span> <span class='ocrx_word' id='word_1_36' title='bbox 963 622 1535 696; x_wconf 77' lang='lat' dir='ltr'><strong>epistola-relegenda.</strong></span> <span class='ocrx_word' id='word_1_37' title='bbox 1568 624 1704 678; x_wconf 87' lang='lat' dir='ltr'><strong>Data</strong></span> <span class='ocrx_word' id='word_1_38' title='bbox 1731 625 1798 678; x_wconf 86' lang='lat' dir='ltr'><strong>ut</strong></span> <span class='ocrx_word' id='word_1_39' title='bbox 1827 638 2020 694; x_wconf 80' lang='lat' dir='ltr'><strong>supra.</strong></span> 
     </span>
    </p>
   </div>
   <div class='ocr_carea' id='block_1_8' title="bbox 535 746 1784 840">
    <p class='ocr_par' dir='ltr' id='par_1_8' title="bbox 535 746 1784 840">
     <span class='ocr_line' id='line_1_8' title="bbox 535 746 1784 840; baseline 0.005 -7"><span class='ocrx_word' id='word_1_40' title='bbox 740 829 780 833; x_wconf 80' lang='lat'><strong>._</strong></span> <span class='ocrx_word' id='word_1_41' title='bbox 969 829 1010 835; x_wconf 84' lang='lat'><strong>..</strong></span> <span class='ocrx_word' id='word_1_42' title='bbox 1157 746 1433 837; x_wconf 48' lang='grc' dir='ltr'><strong>ὀπί..</strong></span> <span class='ocrx_word' id='word_1_43' title='bbox 1530 747 1630 840; x_wconf 66' lang='grc' dir='ltr'><strong>ᾗ·</strong></span> <span class='ocrx_word' id='word_1_44' title='bbox 1782 752 1784 754; x_wconf 73' lang='grc'>’</span> 
     </span>
    </p>
   </div>
   <div class='ocr_carea' id='block_1_9' title="bbox 890 867 1618 928">
    <p class='ocr_par' dir='ltr' id='par_1_9' title="bbox 890 867 1618 928">
     <span class='ocr_line' id='line_1_9' title="bbox 890 867 1618 928; baseline -0.001 -21"><span class='ocrx_word' id='word_1_45' title='bbox 890 917 896 922; x_wconf 92' lang='lat'>_</span> <span class='ocrx_word' id='word_1_46' title='bbox 953 917 955 920; x_wconf 27' lang='grc' dir='ltr'>ι</span> <span class='ocrx_word' id='word_1_47' title='bbox 1006 867 1078 920; x_wconf 77' lang='lat' dir='ltr'><strong>AD</strong></span> <span class='ocrx_word' id='word_1_48' title='bbox 1116 867 1372 928; x_wconf 56' lang='lat' dir='ltr'><strong>canonum</strong></span> <span class='ocrx_word' id='word_1_49' title='bbox 1412 867 1618 908; x_wconf 68' lang='lat' dir='ltr'><strong>ascen.</strong></span> 
     </span>
    </p>
   </div>
   <div class='ocr_carea' id='block_1_10' title="bbox 1054 938 1512 1015">
    <p class='ocr_par' dir='ltr' id='par_1_10' title="bbox 1054 938 1512 1015">
     <span class='ocr_line' id='line_1_10' title="bbox 1054 938 1512 1015; baseline -0.004 -17"><span class='ocrx_word' id='word_1_50' title='bbox 1054 938 1057 940; x_wconf 72' lang='grc'><em>’</em></span> <span class='ocrx_word' id='word_1_51' title='bbox 1125 941 1305 1011; x_wconf 83' lang='lat' dir='ltr'><strong>(Anno</strong></span> <span class='ocrx_word' id='word_1_52' title='bbox 1349 942 1512 1015; x_wconf 22' lang='lat'><strong>.878.)</strong></span> 
     </span>
    </p>
   </div>
   <div class='ocr_carea' id='block_1_11' title="bbox 525 1003 2138 1102">
    <p class='ocr_par' dir='ltr' id='par_1_11' title="bbox 525 1009 2138 1102">
     <span class='ocr_line' id='line_1_11' title="bbox 525 1009 2138 1102; baseline -0.003 -15"><span class='ocrx_word' id='word_1_53' title='bbox 525 1034 776 1102; x_wconf 51' lang='lat' dir='ltr'><strong>incusat</strong></span> <span class='ocrx_word' id='word_1_54' title='bbox 802 1030 1031 1102; x_wconf 83' lang='lat' dir='ltr'><strong>sequod</strong></span> <span class='ocrx_word' id='word_1_55' title='bbox 1056 1030 1128 1096; x_wconf 84' lang='lat' dir='ltr'><strong>ad</strong></span> <span class='ocrx_word' id='word_1_56' title='bbox 1157 1046 1288 1086; x_wconf 88' lang='lat' dir='ltr'><strong>cum</strong></span> <span class='ocrx_word' id='word_1_57' title='bbox 1320 1011 1577 1102; x_wconf 12' lang='lat' dir='ltr'><strong>legatum,</strong></span> <span class='ocrx_word' id='word_1_58' title='bbox 1594 1009 1716 1084; x_wconf 5' lang='lat' dir='ltr'><strong>noni</strong></span> <span class='ocrx_word' id='word_1_59' title='bbox 1740 1010 2138 1102; x_wconf 27' lang='lat' dir='ltr'><strong>miserittin;</strong></span> 
     </span>
    </p>
   </div>
   <div class='ocr_carea' id='block_1_12' title="bbox 592 1100 1752 1174">
    <p class='ocr_par' dir='ltr' id='par_1_12' title="bbox 592 1100 1752 1174">
     <span class='ocr_line' id='line_1_12' title="bbox 592 1100 1752 1174; baseline -0.001 -19"><span class='ocrx_word' id='word_1_60' title='bbox 592 1101 842 1174; x_wconf 73' lang='lat' dir='ltr'><strong>terclusa</strong></span> <span class='ocrx_word' id='word_1_61' title='bbox 868 1100 975 1174; x_wconf 78' lang='lat' dir='ltr'><strong>sibi</strong></span> <span class='ocrx_word' id='word_1_62' title='bbox 996 1102 1094 1156; x_wconf 87' lang='lat' dir='ltr'><strong>&#39;via</strong></span> <span class='ocrx_word' id='word_1_63' title='bbox 1123 1117 1158 1156; x_wconf 90' lang='lat' dir='ltr'><strong>a</strong></span> <span class='ocrx_word' id='word_1_64' title='bbox 1187 1100 1497 1174; x_wconf 70' lang='lat' dir='ltr'><strong>Lamberto</strong></span> <span class='ocrx_word' id='word_1_65' title='bbox 1526 1101 1752 1174; x_wconf 76' lang='lat' dir='ltr'><strong>ejusque</strong></span> 
     </span>
    </p>
   </div>
   <div class='ocr_carea' id='block_1_13' title="bbox 527 1170 1794 1242">
    <p class='ocr_par' dir='ltr' id='par_1_13' title="bbox 527 1170 1794 1242">
     <span class='ocr_line' id='line_1_13' title="bbox 527 1170 1794 1242; baseline -0.002 -16"><span class='ocrx_word' id='word_1_66' title='bbox 527 1176 566 1190; x_wconf 88' lang='grc'><strong>·’</strong></span> <span class='ocrx_word' id='word_1_67' title='bbox 591 1171 687 1242; x_wconf 78' lang='lat' dir='ltr'><strong>qui</strong></span> <span class='ocrx_word' id='word_1_68' title='bbox 715 1170 911 1226; x_wconf 83' lang='lat' dir='ltr'><strong>urbem</strong></span> <span class='ocrx_word' id='word_1_69' title='bbox 941 1173 1173 1227; x_wconf 82' lang='lat' dir='ltr'><strong>Romam</strong></span> <span class='ocrx_word' id='word_1_70' title='bbox 1201 1171 1470 1226; x_wconf 79' lang='lat' dir='ltr'><strong>tenebant</strong></span> <span class='ocrx_word' id='word_1_71' title='bbox 1497 1170 1794 1226; x_wconf 76' lang='lat' dir='ltr'><strong>obsessam.</strong></span> 
     </span>
    </p>
   </div>
   <div class='ocr_carea' id='block_1_14' title="bbox 526 1256 1812 1330">
    <p class='ocr_par' dir='ltr' id='par_1_14' title="bbox 526 1256 1812 1330">
     <span class='ocr_line' id='line_1_14' title="bbox 526 1256 1812 1330; baseline -0.001 -18"><span class='ocrx_word' id='word_1_72' title='bbox 526 1275 541 1277; x_wconf 51' lang='grc' dir='ltr'><strong>-λ</strong></span> <span class='ocrx_word' id='word_1_73' title='bbox 589 1258 813 1313; x_wconf 61' lang='lat' dir='ltr'><strong>Canum</strong></span> <span class='ocrx_word' id='word_1_74' title='bbox 842 1258 1230 1330; x_wconf 80' lang='lat' dir='ltr'><strong>gloriOso&#39;regi</strong></span> <span class='ocrx_word' id='word_1_75' title='bbox 1259 1258 1457 1313; x_wconf 88' lang='lat' dir='ltr'><strong>dilecto</strong></span> <span class='ocrx_word' id='word_1_76' title='bbox 1486 1256 1619 1313; x_wconf 80' lang='lat' dir='ltr'><strong>tilio.</strong></span> <span class='ocrx_word' id='word_1_77' title='bbox 1693 1274 1696 1278; x_wconf 71' lang='lat'><strong><em>&#39;</em></strong></span> <span class='ocrx_word' id='word_1_78' title='bbox 1787 1273 1812 1284; x_wconf 60' lang='grc' dir='ltr'><strong>ι’</strong></span> 
     </span>
    </p>
   </div>
   <div class='ocr_carea' id='block_1_15' title="bbox 588 1338 2118 1420">
    <p class='ocr_par' dir='ltr' id='par_1_15' title="bbox 588 1338 2118 1420">
     <span class='ocr_line' id='line_1_15' title="bbox 588 1338 2118 1420; baseline -0.001 -20"><span class='ocrx_word' id='word_1_79' title='bbox 588 1346 768 1419; x_wconf 82' lang='lat' dir='ltr'><strong>Igitur</strong></span> <span class='ocrx_word' id='word_1_80' title='bbox 790 1347 982 1420; x_wconf 71' lang='lat' dir='ltr'><strong>gloria:</strong></span> <span class='ocrx_word' id='word_1_81' title='bbox 1023 1354 1219 1402; x_wconf 75' lang='lat' dir='ltr'><strong>ve‘Strae</strong></span> <span class='ocrx_word' id='word_1_82' title='bbox 1245 1338 1558 1401; x_wconf 86' lang='lat' dir='ltr'><strong>litterarum</strong></span> <span class='ocrx_word' id='word_1_83' title='bbox 1586 1345 1764 1400; x_wconf 63' lang='lat' dir='ltr'><strong>&#39;serie‘</strong></span> <span class='ocrx_word' id='word_1_84' title='bbox 1797 1352 2020 1415; x_wconf 88' lang='lat' dir='ltr'><strong>recepta</strong></span> <span class='ocrx_word' id='word_1_85' title='bbox 2037 1363 2042 1368; x_wconf 95' lang='grc'><strong>·</strong></span> <span class='ocrx_word' id='word_1_86' title='bbox 2058 1353 2118 1399; x_wconf 84' lang='lat' dir='ltr'><strong>et</strong></span> 
     </span>
    </p>
   </div>
   <div class='ocr_carea' id='block_1_16' title="bbox 517 1426 2117 1507">
    <p class='ocr_par' dir='ltr' id='par_1_16' title="bbox 517 1426 2117 1507">
     <span class='ocr_line' id='line_1_16' title="bbox 517 1426 2117 1507; baseline -0.001 -19"><span class='ocrx_word' id='word_1_87' title='bbox 517 1435 680 1502; x_wconf 89' lang='lat' dir='ltr'><strong>lecta,</strong></span> <span class='ocrx_word' id='word_1_88' title='bbox 714 1441 774 1489; x_wconf 83' lang='lat' dir='ltr'><strong>ut</strong></span> <span class='ocrx_word' id='word_1_89' title='bbox 799 1435 870 1490; x_wconf 92' lang='lat' dir='ltr'><strong>de</strong></span> <span class='ocrx_word' id='word_1_90' title='bbox 900 1426 1492 1490; x_wconf 79' lang='lat' dir='ltr'><strong>mere-antecessorum</strong></span> <span class='ocrx_word' id='word_1_91' title='bbox 1537 1447 1742 1507; x_wconf 83' lang='lat' dir='ltr'><strong>regum</strong></span> <span class='ocrx_word' id='word_1_92' title='bbox 1767 1432 2022 1489; x_wconf 83' lang='lat' dir='ltr'><strong>videlicet</strong></span> <span class='ocrx_word' id='word_1_93' title='bbox 2063 1442 2117 1489; x_wconf 88' lang='lat' dir='ltr'><strong>et</strong></span> 
     </span>
    </p>
   </div>
   <div class='ocr_carea' id='block_1_17' title="bbox 518 1517 2117 1594">
    <p class='ocr_par' dir='ltr' id='par_1_17' title="bbox 518 1517 2117 1594">
     <span class='ocr_line' id='line_1_17' title="bbox 518 1517 2117 1594; baseline -0.001 -18"><span class='ocrx_word' id='word_1_94' title='bbox 518 1523 923 1593; x_wconf 75' lang='lat' dir='ltr'><strong>imperatorum,</strong></span> <span class='ocrx_word' id='word_1_95' title='bbox 955 1530 1372 1594; x_wconf 88' lang='lat' dir='ltr'><strong>vestrorumque</strong></span> <span class='ocrx_word' id='word_1_96' title='bbox 1393 1517 1651 1578; x_wconf 76' lang='lat' dir='ltr'><strong>duntaxat</strong></span> <span class='ocrx_word' id='word_1_97' title='bbox 1667 1529 1958 1593; x_wconf 83' lang='lat' dir='ltr'><strong>parentum</strong></span> <span class='ocrx_word' id='word_1_98' title='bbox 1983 1535 2117 1594; x_wconf 83' lang='lat' dir='ltr'><strong>erga</strong></span> 
     </span>
    </p>
   </div>
   <div class='ocr_carea' id='block_1_18' title="bbox 518 1608 2116 1680">
    <p class='ocr_par' dir='ltr' id='par_1_18' title="bbox 518 1608 2116 1680">
     <span class='ocr_line' id='line_1_18' title="bbox 518 1608 2116 1680; baseline -0.001 -14"><span class='ocrx_word' id='word_1_99' title='bbox 518 1611 843 1666; x_wconf 76' lang='lat' dir='ltr'><strong>Romanam-</strong></span> <span class='ocrx_word' id='word_1_100' title='bbox 873 1609 1178 1666; x_wconf 80' lang='lat' dir='ltr'><strong>Ecclesium</strong></span> <span class='ocrx_word' id='word_1_101' title='bbox 1198 1653 1211 1677; x_wconf 92' lang='lat'><strong>,</strong></span> <span class='ocrx_word' id='word_1_102' title='bbox 1270 1611 1424 1679; x_wconf 87' lang='lat' dir='ltr'><strong>cujus</strong></span> <span class='ocrx_word' id='word_1_103' title='bbox 1483 1611 1567 1666; x_wconf 91' lang='lat' dir='ltr'><strong>lac</strong></span> <span class='ocrx_word' id='word_1_104' title='bbox 1619 1617 1856 1666; x_wconf 80' lang='lat' dir='ltr'><strong>vestram</strong></span> <span class='ocrx_word' id='word_1_105' title='bbox 1903 1608 2116 1680; x_wconf 79' lang='lat' dir='ltr'><strong>prolem</strong></span> 
     </span>
    </p>
   </div>
   <div class='ocr_carea' id='block_1_19' title="bbox 1799 1097 2116 1174">
    <p class='ocr_par' dir='ltr' id='par_1_19' title="bbox 1799 1097 2116 1174">
     <span class='ocr_line' id='line_1_19' title="bbox 1799 1097 2116 1174; baseline -0.006 -19"><span class='ocrx_word' id='word_1_106' title='bbox 1799 1097 2116 1174; x_wconf 70' lang='lat' dir='ltr'><strong>fautoribus</strong></span> 
     </span>
    </p>
   </div>
   <div class='ocr_carea' id='block_1_20' title="bbox 2216 445 3719 518">
    <p class='ocr_par' dir='ltr' id='par_1_20' title="bbox 2216 445 3719 518">
     <span class='ocr_line' id='line_1_20' title="bbox 2216 445 3719 518; baseline -0.002 -16"><span class='ocrx_word' id='word_1_107' title='bbox 2216 445 2338 502; x_wconf 86' lang='lat' dir='ltr'><strong>villa</strong></span> <span class='ocrx_word' id='word_1_108' title='bbox 2368 445 2683 511; x_wconf 81' lang='lat' dir='ltr'><strong>Marmania,</strong></span> <span class='ocrx_word' id='word_1_109' title='bbox 2719 446 2772 501; x_wconf 90' lang='lat' dir='ltr'><strong>in</strong></span> <span class='ocrx_word' id='word_1_110' title='bbox 2796 460 2946 518; x_wconf 78' lang='lat' dir='ltr'><strong>pago</strong></span> <span class='ocrx_word' id='word_1_111' title='bbox 2975 445 3222 505; x_wconf 77' lang='lat' dir='ltr'><strong>Alliensi.</strong></span> <span class='ocrx_word' id='word_1_112' title='bbox 3257 447 3392 500; x_wconf 88' lang='lat' dir='ltr'><strong>Data</strong></span> <span class='ocrx_word' id='word_1_113' title='bbox 3422 450 3489 502; x_wconf 84' lang='lat' dir='ltr'><strong>ut</strong></span> <span class='ocrx_word' id='word_1_114' title='bbox 3524 463 3719 518; x_wconf 82' lang='lat' dir='ltr'><strong>supra.</strong></span> 
     </span>
    </p>
   </div>
   <div class='ocr_carea' id='block_1_21' title="bbox 2871 567 3141 625">
    <p class='ocr_par' dir='ltr' id='par_1_21' title="bbox 2871 567 3141 625">
     <span class='ocr_line' id='line_1_21' title="bbox 2871 567 3141 625; baseline 0 0"><span class='ocrx_word' id='word_1_115' title='bbox 2871 567 3141 625; x_wconf 85' lang='lat' dir='ltr'><strong>CXXVII.</strong></span> 
     </span>
    </p>
   </div>
   <div class='ocr_carea' id='block_1_22' title="bbox 2639 653 3394 714">
    <p class='ocr_par' dir='ltr' id='par_1_22' title="bbox 2639 653 3394 714">
     <span class='ocr_line' id='line_1_22' title="bbox 2639 653 3394 714; baseline 0.001 -3"><span class='ocrx_word' id='word_1_116' title='bbox 2639 653 2734 711; x_wconf 72' lang='lat' dir='ltr'><strong>Au</strong></span> <span class='ocrx_word' id='word_1_117' title='bbox 2761 670 2949 714; x_wconf 63' lang='lat' dir='ltr'><strong>omnes</strong></span> <span class='ocrx_word' id='word_1_118' title='bbox 2997 672 3394 714; x_wconf 70' lang='lat' dir='ltr'><strong>cnatsnmos.</strong></span> 
     </span>
    </p>
   </div>
   <div class='ocr_carea' id='block_1_23' title="bbox 2689 743 3198 818">
    <p class='ocr_par' dir='ltr' id='par_1_23' title="bbox 2689 743 3198 818">
     <span class='ocr_line' id='line_1_23' title="bbox 2689 743 3198 818; baseline 0.002 -17"><span class='ocrx_word' id='word_1_119' title='bbox 2689 743 2692 746; x_wconf 81' lang='lat'>&#39;</span> <span class='ocrx_word' id='word_1_120' title='bbox 2827 747 3010 818; x_wconf 82' lang='lat' dir='ltr'><strong>(Anno</strong></span> <span class='ocrx_word' id='word_1_121' title='bbox 3037 747 3198 816; x_wconf 87' lang='lat'><strong>&#39;8&#39;18.)</strong></span> 
     </span>
    </p>
   </div>
   <div class='ocr_carea' id='block_1_24' title="bbox 2216 824 3795 918">
    <p class='ocr_par' dir='ltr' id='par_1_24' title="bbox 2216 824 3795 918">
     <span class='ocr_line' id='line_1_24' title="bbox 2216 824 3795 918; baseline 0.001 -29"><span class='ocrx_word' id='word_1_122' title='bbox 2216 824 2688 918; x_wconf 57' lang='lat' dir='ltr'><strong>Ergo-mmunicat</strong></span> <span class='ocrx_word' id='word_1_123' title='bbox 2709 850 2798 918; x_wconf 75' lang='lat' dir='ltr'><strong>eos</strong></span> <span class='ocrx_word' id='word_1_124' title='bbox 2819 835 3042 918; x_wconf 60' lang='lat' dir='ltr'><strong>quisioi</strong></span> <span class='ocrx_word' id='word_1_125' title='bbox 3060 848 3225 918; x_wconf 76' lang='lat' dir='ltr'><strong>equos</strong></span> <span class='ocrx_word' id='word_1_126' title='bbox 3257 839 3315 918; x_wconf 74' lang='lat' dir='ltr'><strong>et</strong></span> <span class='ocrx_word' id='word_1_127' title='bbox 3343 833 3686 918; x_wconf 65' lang='lat' dir='ltr'><strong>argeuteum</strong></span> <span class='ocrx_word' id='word_1_128' title='bbox 3711 851 3795 918; x_wconf 67' lang='lat' dir='ltr'><strong>pas</strong></span> 
     </span>
    </p>
   </div>
   <div class='ocr_carea' id='block_1_25' title="bbox 2285 906 3739 976">
    <p class='ocr_par' dir='ltr' id='par_1_25' title="bbox 2285 906 3739 976">
     <span class='ocr_line' id='line_1_25' title="bbox 2285 906 3739 976; baseline 0 -16"><span class='ocrx_word' id='word_1_129' title='bbox 2285 907 2470 974; x_wconf 83' lang='lat' dir='ltr'><strong>furati</strong></span> <span class='ocrx_word' id='word_1_130' title='bbox 2489 908 2745 976; x_wconf 73' lang='lat' dir='ltr'><strong>fuerant,</strong></span> <span class='ocrx_word' id='word_1_131' title='bbox 2768 906 2887 961; x_wconf 68' lang='lat' dir='ltr'><strong>nisi</strong></span> <span class='ocrx_word' id='word_1_132' title='bbox 2914 907 3076 962; x_wconf 76' lang='lat' dir='ltr'><strong>intra</strong></span> <span class='ocrx_word' id='word_1_133' title='bbox 3104 906 3222 962; x_wconf 75' lang='lat' dir='ltr'><strong>tres</strong></span> <span class='ocrx_word' id='word_1_134' title='bbox 3255 906 3374 962; x_wconf 72' lang='lat' dir='ltr'><strong>dies</strong></span> <span class='ocrx_word' id='word_1_135' title='bbox 3400 907 3739 962; x_wconf 78' lang='lat' dir='ltr'><strong>restituant.</strong></span> 
     </span>
    </p>
   </div>
   <div class='ocr_carea' id='block_1_26' title="bbox 2227 991 3798 1064">
    <p class='ocr_par' dir='ltr' id='par_1_26' title="bbox 2227 991 3798 1064">
     <span class='ocr_line' id='line_1_26' title="bbox 2227 991 3798 1064; baseline 0 -16"><span class='ocrx_word' id='word_1_136' title='bbox 2227 1021 2232 1026; x_wconf 93' lang='lat'><strong><em>-</em></strong></span> <span class='ocrx_word' id='word_1_137' title='bbox 2286 991 2552 1048; x_wconf 80' lang='lat' dir='ltr'><strong>Omnibus</strong></span> <span class='ocrx_word' id='word_1_138' title='bbox 2581 992 2873 1064; x_wconf 85' lang='lat' dir='ltr'><strong>episcopis,</strong></span> <span class='ocrx_word' id='word_1_139' title='bbox 2893 993 3214 1060; x_wconf 10' lang='lat' dir='ltr'><strong>(comitibus,</strong></span> <span class='ocrx_word' id='word_1_140' title='bbox 3265 1002 3320 1050; x_wconf 88' lang='lat' dir='ltr'><strong>et</strong></span> <span class='ocrx_word' id='word_1_141' title='bbox 3365 1001 3566 1051; x_wconf 81' lang='lat' dir='ltr'><strong>cuncto</strong></span> <span class='ocrx_word' id='word_1_142' title='bbox 3615 994 3798 1064; x_wconf 83' lang='lat' dir='ltr'><strong>populo</strong></span> 
     </span>
    </p>
   </div>
   <div class='ocr_carea' id='block_1_27' title="bbox 2216 1080 3104 1140">
    <p class='ocr_par' dir='ltr' id='par_1_27' title="bbox 2216 1080 3104 1140">
     <span class='ocr_line' id='line_1_27' title="bbox 2216 1080 3104 1140; baseline 0.005 -4"><span class='ocrx_word' id='word_1_143' title='bbox 2216 1080 2541 1136; x_wconf 79' lang='lat' dir='ltr'><strong>Christiano.</strong></span> <span class='ocrx_word' id='word_1_144' title='bbox 2781 1111 2784 1114; x_wconf 78' lang='lat'><strong><em>~</em></strong></span> <span class='ocrx_word' id='word_1_145' title='bbox 3099 1135 3104 1140; x_wconf 89' lang='lat'><strong>.</strong></span> 
     </span>
    </p>
   </div>
   <div class='ocr_carea' id='block_1_28' title="bbox 2284 1168 3799 1241">
    <p class='ocr_par' dir='ltr' id='par_1_28' title="bbox 2284 1168 3799 1241">
     <span class='ocr_line' id='line_1_28' title="bbox 2284 1168 3799 1241; baseline 0 -16"><span class='ocrx_word' id='word_1_146' title='bbox 2284 1168 2485 1225; x_wconf 90' lang='lat' dir='ltr'><strong>Notum</strong></span> <span class='ocrx_word' id='word_1_147' title='bbox 2513 1169 2582 1224; x_wconf 87' lang='lat' dir='ltr'><strong>sit</strong></span> <span class='ocrx_word' id='word_1_148' title='bbox 2609 1168 2738 1241; x_wconf 86' lang='lat' dir='ltr'><strong>quia</strong></span> <span class='ocrx_word' id='word_1_149' title='bbox 2767 1169 3026 1240; x_wconf 87' lang='lat' dir='ltr'><strong>dum-pro</strong></span> <span class='ocrx_word' id='word_1_150' title='bbox 3055 1185 3196 1241; x_wconf 82' lang='lat' dir='ltr'><strong>pace</strong></span> <span class='ocrx_word' id='word_1_151' title='bbox 3207 1169 3799 1226; x_wconf 82' lang='lat' dir='ltr'><strong>et&#39;unitate-sanctarum</strong></span> 
     </span>
    </p>
   </div>
   <div class='ocr_carea' id='block_1_29' title="bbox 2215 1257 3797 1330">
    <p class='ocr_par' dir='ltr' id='par_1_29' title="bbox 2215 1257 3797 1330">
     <span class='ocr_line' id='line_1_29' title="bbox 2215 1257 3797 1330; baseline 0.001 -18"><span class='ocrx_word' id='word_1_152' title='bbox 2215 1257 2315 1312; x_wconf 86' lang='lat' dir='ltr'><strong>Dei</strong></span> <span class='ocrx_word' id='word_1_153' title='bbox 2344 1257 2719 1317; x_wconf 80' lang='lat' dir='ltr'><strong>Ecclesiarum</strong></span> <span class='ocrx_word' id='word_1_154' title='bbox 2746 1258 2803 1313; x_wconf 92' lang='lat' dir='ltr'><strong>in</strong></span> <span class='ocrx_word' id='word_1_155' title='bbox 2831 1257 3038 1314; x_wconf 85' lang='lat' dir='ltr'><strong>Gallias</strong></span> <span class='ocrx_word' id='word_1_156' title='bbox 3066 1257 3428 1328; x_wconf 81' lang='lat' dir='ltr'><strong>venissemus,</strong></span> <span class='ocrx_word' id='word_1_157' title='bbox 3475 1258 3628 1330; x_wconf 83' lang='lat' dir='ltr'><strong>apud</strong></span> <span class='ocrx_word' id='word_1_158' title='bbox 3655 1257 3797 1314; x_wconf 83' lang='lat' dir='ltr'><strong>Gabi-</strong></span> 
     </span>
    </p>
   </div>
   <div class='ocr_carea' id='block_1_30' title="bbox 2215 1344 3796 1417">
    <p class='ocr_par' dir='ltr' id='par_1_30' title="bbox 2215 1344 3796 1417">
     <span class='ocr_line' id='line_1_30' title="bbox 2215 1344 3796 1417; baseline 0.002 -17"><span class='ocrx_word' id='word_1_159' title='bbox 2215 1344 2400 1402; x_wconf 89' lang='lat' dir='ltr'><strong>lo&#39;num</strong></span> <span class='ocrx_word' id='word_1_160' title='bbox 2424 1345 2720 1415; x_wconf 86' lang='lat' dir='ltr'><strong>civitatem,</strong></span> <span class='ocrx_word' id='word_1_161' title='bbox 2753 1346 2824 1401; x_wconf 87' lang='lat' dir='ltr'><strong>ad</strong></span> <span class='ocrx_word' id='word_1_162' title='bbox 2867 1346 3120 1416; x_wconf 84' lang='lat' dir='ltr'><strong>injuriam</strong></span> <span class='ocrx_word' id='word_1_163' title='bbox 3165 1353 3480 1406; x_wconf 82' lang='lat' dir='ltr'><strong>sanctorum</strong></span> <span class='ocrx_word' id='word_1_164' title='bbox 3529 1346 3796 1417; x_wconf 77' lang='lat' dir='ltr'><strong>apostolo-</strong></span> 
     </span>
    </p>
   </div>
   <div class='ocr_carea' id='block_1_31' title="bbox 2215 1434 3801 1501">
    <p class='ocr_par' dir='ltr' id='par_1_31' title="bbox 2215 1434 3801 1501">
     <span class='ocr_line' id='line_1_31' title="bbox 2215 1434 3801 1501; baseline 0.002 -13"><span class='ocrx_word' id='word_1_165' title='bbox 2215 1449 2336 1488; x_wconf 88' lang='lat' dir='ltr'><strong>rum</strong></span> <span class='ocrx_word' id='word_1_166' title='bbox 2365 1434 2510 1489; x_wconf 83' lang='lat' dir='ltr'><strong>Petri</strong></span> <span class='ocrx_word' id='word_1_167' title='bbox 2541 1443 2595 1491; x_wconf 87' lang='lat' dir='ltr'><strong>et</strong></span> <span class='ocrx_word' id='word_1_168' title='bbox 2617 1434 2792 1490; x_wconf 80' lang='lat' dir='ltr'><strong>Pauli</strong></span> <span class='ocrx_word' id='word_1_169' title='bbox 2839 1443 2892 1491; x_wconf 91' lang='lat' dir='ltr'><strong>et</strong></span> <span class='ocrx_word' id='word_1_170' title='bbox 2930 1443 3194 1501; x_wconf 86' lang='lat' dir='ltr'><strong>nostram,-</strong></span> <span class='ocrx_word' id='word_1_171' title='bbox 3242 1435 3470 1491; x_wconf 85' lang='lat' dir='ltr'><strong>multam</strong></span> <span class='ocrx_word' id='word_1_172' title='bbox 3520 1435 3801 1491; x_wconf 77' lang='lat' dir='ltr'><strong>inhonora-</strong></span> 
     </span>
    </p>
   </div>
   <div class='ocr_carea' id='block_1_32' title="bbox 2215 1521 3800 1595">
    <p class='ocr_par' dir='ltr' id='par_1_32' title="bbox 2215 1521 3800 1595">
     <span class='ocr_line' id='line_1_32' title="bbox 2215 1521 3800 1595; baseline 0.002 -19"><span class='ocrx_word' id='word_1_173' title='bbox 2215 1521 2414 1578; x_wconf 83' lang='lat' dir='ltr'><strong>tionem</strong></span> <span class='ocrx_word' id='word_1_174' title='bbox 2433 1523 2814 1578; x_wconf 88' lang='lat' dir='ltr'><strong>.sustinuimus.</strong></span> <span class='ocrx_word' id='word_1_175' title='bbox 2848 1524 2997 1578; x_wconf 87' lang='lat' dir='ltr'><strong>Inter</strong></span> <span class='ocrx_word' id='word_1_176' title='bbox 3025 1539 3148 1594; x_wconf 74' lang='lat' dir='ltr'><strong>qum</strong></span> <span class='ocrx_word' id='word_1_177' title='bbox 3175 1523 3301 1595; x_wconf 84' lang='lat' dir='ltr'><strong>equi</strong></span> <span class='ocrx_word' id='word_1_178' title='bbox 3331 1523 3507 1579; x_wconf 85' lang='lat' dir='ltr'><strong>nostri</strong></span> <span class='ocrx_word' id='word_1_179' title='bbox 3554 1532 3800 1579; x_wconf 80' lang='lat' dir='ltr'><strong>nocturno</strong></span> 
     </span>
    </p>
   </div>
   <div class='ocr_carea' id='block_1_33' title="bbox 2217 1609 3805 1683">
    <p class='ocr_par' dir='ltr' id='par_1_33' title="bbox 2217 1609 3805 1683">
     <span class='ocr_line' id='line_1_33' title="bbox 2217 1609 3805 1683; baseline 0.001 -19"><span class='ocrx_word' id='word_1_180' title='bbox 2217 1609 2685 1676; x_wconf 82' lang='lat' dir='ltr'><strong>silentio,&#39;uostris</strong></span> <span class='ocrx_word' id='word_1_181' title='bbox 2712 1610 3022 1666; x_wconf 88' lang='lat' dir='ltr'><strong>hominibus</strong></span> <span class='ocrx_word' id='word_1_182' title='bbox 3068 1622 3262 1667; x_wconf 82' lang='lat' dir='ltr'><strong>secure</strong></span> <span class='ocrx_word' id='word_1_183' title='bbox 3311 1611 3738 1683; x_wconf 80' lang='lat' dir='ltr'><strong>quiescentibus,</strong></span> <span class='ocrx_word' id='word_1_184' title='bbox 3775 1627 3805 1666; x_wconf 76' lang='grc' dir='ltr'><strong><em>ι</em></strong></span> 
     </span>
    </p>
   </div>
   <div class='ocr_carea' id='block_1_34' title="bbox 517 1695 3799 1769">
    <p class='ocr_par' dir='ltr' id='par_1_34' title="bbox 517 1695 3799 1769">
     <span class='ocr_line' id='line_1_34' title="bbox 517 1695 3799 1769; baseline 0 -17"><span class='ocrx_word' id='word_1_185' title='bbox 517 1699 778 1754; x_wconf 79' lang='lat' dir='ltr'><strong>hactenus</strong></span> <span class='ocrx_word' id='word_1_186' title='bbox 806 1699 1136 1766; x_wconf 59' lang='lat' dir='ltr'><strong>educat/erit,</strong></span> <span class='ocrx_word' id='word_1_187' title='bbox 1169 1699 1225 1753; x_wconf 85' lang='lat' dir='ltr'><strong>in</strong></span> <span class='ocrx_word' id='word_1_188' title='bbox 1245 1698 1453 1754; x_wconf 86' lang='lat' dir='ltr'><strong>cunctis</strong></span> <span class='ocrx_word' id='word_1_189' title='bbox 1475 1695 1660 1754; x_wconf 86' lang='lat' dir='ltr'><strong>omnia</strong></span> <span class='ocrx_word' id='word_1_190' title='bbox 1677 1706 1777 1755; x_wconf 86' lang='lat' dir='ltr'><strong>vos</strong></span> <span class='ocrx_word' id='word_1_191' title='bbox 1797 1697 2113 1754; x_wconf 85' lang='lat' dir='ltr'><strong>desiderare</strong></span> <span class='ocrx_word' id='word_1_192' title='bbox 2139 1706 2195 1768; x_wconf 82' lang='grc' dir='ltr'>Β</span> <span class='ocrx_word' id='word_1_193' title='bbox 2217 1698 2532 1755; x_wconf 77' lang='lat' dir='ltr'><strong>concivibus</strong></span> <span class='ocrx_word' id='word_1_194' title='bbox 2550 1699 2821 1769; x_wconf 65' lang='lat' dir='ltr'><strong>praedictae</strong></span> <span class='ocrx_word' id='word_1_195' title='bbox 2841 1698 3072 1754; x_wconf 81' lang='lat' dir='ltr'><strong>civitatis</strong></span> <span class='ocrx_word' id='word_1_196' title='bbox 3093 1699 3478 1756; x_wconf 78' lang='lat' dir='ltr'><strong>latrocinanter</strong></span> <span class='ocrx_word' id='word_1_197' title='bbox 3487 1698 3658 1756; x_wconf 82' lang='lat' dir='ltr'><strong>furati</strong></span> <span class='ocrx_word' id='word_1_198' title='bbox 3673 1707 3799 1754; x_wconf 89' lang='lat' dir='ltr'><strong>sunt.</strong></span> 
     </span>
    </p>
   </div>
   <div class='ocr_carea' id='block_1_35' title="bbox 517 1775 2112 1858">
    <p class='ocr_par' dir='ltr' id='par_1_35' title="bbox 517 1775 2112 1858">
     <span class='ocr_line' id='line_1_35' title="bbox 517 1775 2112 1858; baseline -0.001 -17"><span class='ocrx_word' id='word_1_199' title='bbox 517 1791 572 1841; x_wconf 88' lang='lat' dir='ltr'><strong>&#39;et</strong></span> <span class='ocrx_word' id='word_1_200' title='bbox 598 1775 817 1858; x_wconf 78' lang='lat' dir='ltr'><strong>assequi</strong></span> <span class='ocrx_word' id='word_1_201' title='bbox 844 1786 1114 1853; x_wconf 83' lang='lat' dir='ltr'><strong>novimus,</strong></span> <span class='ocrx_word' id='word_1_202' title='bbox 1146 1779 1370 1858; x_wconf 87' lang='lat' dir='ltr'><strong>paterno</strong></span> <span class='ocrx_word' id='word_1_203' title='bbox 1401 1785 1599 1843; x_wconf 79' lang='lat' dir='ltr'><strong>affectu</strong></span> <span class='ocrx_word' id='word_1_204' title='bbox 1627 1786 1832 1858; x_wconf 81' lang='lat' dir='ltr'><strong>gratias</strong></span> <span class='ocrx_word' id='word_1_205' title='bbox 1878 1785 2112 1858; x_wconf 82' lang='lat' dir='ltr'><strong>agimus,</strong></span> 
     </span>
    </p>
   </div>
   <div class='ocr_carea' id='block_1_36' title="bbox 515 1874 2116 1945">
    <p class='ocr_par' dir='ltr' id='par_1_36' title="bbox 515 1874 2116 1945">
     <span class='ocr_line' id='line_1_36' title="bbox 515 1874 2116 1945; baseline -0.001 -15"><span class='ocrx_word' id='word_1_206' title='bbox 515 1881 572 1930; x_wconf 88' lang='lat' dir='ltr'><strong>et</strong></span> <span class='ocrx_word' id='word_1_207' title='bbox 603 1874 834 1945; x_wconf 87' lang='lat' dir='ltr'><strong>qualiter</strong></span> <span class='ocrx_word' id='word_1_208' title='bbox 863 1874 1153 1945; x_wconf 84' lang='lat' dir='ltr'><strong>scripsistis</strong></span> <span class='ocrx_word' id='word_1_209' title='bbox 1183 1875 1292 1930; x_wconf 89' lang='lat' dir='ltr'><strong>imo</strong></span> <span class='ocrx_word' id='word_1_210' title='bbox 1321 1883 1588 1931; x_wconf 91' lang='lat' dir='ltr'><strong>tenemus.</strong></span> <span class='ocrx_word' id='word_1_211' title='bbox 1641 1875 1910 1930; x_wconf 68' lang='lat' dir='ltr'><strong>Caeterum</strong></span> <span class='ocrx_word' id='word_1_212' title='bbox 1939 1874 2116 1944; x_wconf 79' lang='lat' dir='ltr'><strong>penti-</strong></span> 
     </span>
    </p>
   </div>
   <div class='ocr_carea' id='block_1_37' title="bbox 521 1961 2117 2034">
    <p class='ocr_par' dir='ltr' id='par_1_37' title="bbox 521 1961 2117 2034">
     <span class='ocr_line' id='line_1_37' title="bbox 521 1961 2117 2034; baseline 0.001 -18"><span class='ocrx_word' id='word_1_213' title='bbox 521 1962 718 2019; x_wconf 85' lang='lat' dir='ltr'><strong>ticium&#39;</strong></span> <span class='ocrx_word' id='word_1_214' title='bbox 750 1967 998 2018; x_wconf 86' lang='lat' dir='ltr'><strong>nostrum</strong></span> <span class='ocrx_word' id='word_1_215' title='bbox 1044 1970 1221 2019; x_wconf 89' lang='lat' dir='ltr'><strong>vestra</strong></span> <span class='ocrx_word' id='word_1_216' title='bbox 1265 1962 1608 2034; x_wconf 85' lang='lat' dir='ltr'><strong>percunctari</strong></span> <span class='ocrx_word' id='word_1_217' title='bbox 1649 1963 1879 2018; x_wconf 83' lang='lat' dir='ltr'><strong>dilectio</strong></span> <span class='ocrx_word' id='word_1_218' title='bbox 1915 1961 2117 2018; x_wconf 89' lang='lat' dir='ltr'><strong>studuit</strong></span> 
     </span>
    </p>
   </div>
   <div class='ocr_carea' id='block_1_38' title="bbox 509 2047 2112 2123">
    <p class='ocr_par' dir='ltr' id='par_1_38' title="bbox 509 2047 2112 2123">
     <span class='ocr_line' id='line_1_38' title="bbox 509 2047 2112 2123; baseline -0.002 -16"><span class='ocrx_word' id='word_1_219' title='bbox 509 2065 618 2107; x_wconf 78' lang='lat' dir='ltr'><strong>cur</strong></span> <span class='ocrx_word' id='word_1_220' title='bbox 647 2049 805 2108; x_wconf 88' lang='lat' dir='ltr'><strong>vobis</strong></span> <span class='ocrx_word' id='word_1_221' title='bbox 835 2066 944 2107; x_wconf 91' lang='lat' dir='ltr'><strong>non</strong></span> <span class='ocrx_word' id='word_1_222' title='bbox 975 2051 1222 2106; x_wconf 85' lang='lat' dir='ltr'><strong>misimus</strong></span> <span class='ocrx_word' id='word_1_223' title='bbox 1251 2051 1324 2107; x_wconf 91' lang='lat' dir='ltr'><strong>ob</strong></span> <span class='ocrx_word' id='word_1_224' title='bbox 1359 2051 1490 2123; x_wconf 91' lang='lat' dir='ltr'><strong>quid</strong></span> <span class='ocrx_word' id='word_1_225' title='bbox 1532 2047 1706 2106; x_wconf 84' lang='lat' dir='ltr'><strong>taliter</strong></span> <span class='ocrx_word' id='word_1_226' title='bbox 1751 2049 2112 2107; x_wconf 68' lang='lat' dir='ltr'><strong>venissemus;</strong></span> 
     </span>
    </p>
   </div>
   <div class='ocr_carea' id='block_1_39' title="bbox 515 2136 2114 2218">
    <p class='ocr_par' dir='ltr' id='par_1_39' title="bbox 515 2136 2114 2218">
     <span class='ocr_line' id='line_1_39' title="bbox 515 2136 2114 2218; baseline -0.001 -23"><span class='ocrx_word' id='word_1_227' title='bbox 515 2139 771 2218; x_wconf 85' lang='lat' dir='ltr'><strong>Etvobis</strong></span> <span class='ocrx_word' id='word_1_228' title='bbox 799 2147 852 2196; x_wconf 87' lang='lat' dir='ltr'><strong>et</strong></span> <span class='ocrx_word' id='word_1_229' title='bbox 878 2139 1133 2196; x_wconf 84' lang='lat' dir='ltr'><strong>fratribus</strong></span> <span class='ocrx_word' id='word_1_230' title='bbox 1161 2140 1356 2196; x_wconf 82' lang='lat' dir='ltr'><strong>vestris</strong></span> <span class='ocrx_word' id='word_1_231' title='bbox 1387 2139 1640 2213; x_wconf 83' lang='lat' dir='ltr'><strong>gloriosis</strong></span> <span class='ocrx_word' id='word_1_232' title='bbox 1667 2136 1909 2212; x_wconf 81' lang='lat' dir='ltr'><strong>regibus,</strong></span> <span class='ocrx_word' id='word_1_233' title='bbox 1955 2143 2114 2194; x_wconf 58' lang='lat' dir='ltr'><strong>ante.</strong></span> 
     </span>
    </p>
   </div>
   <div class='ocr_carea' id='block_1_40' title="bbox 512 2226 2116 2300">
    <p class='ocr_par' dir='ltr' id='par_1_40' title="bbox 512 2226 2116 2300">
     <span class='ocr_line' id='line_1_40' title="bbox 512 2226 2116 2300; baseline -0.001 -17"><span class='ocrx_word' id='word_1_234' title='bbox 512 2244 679 2300; x_wconf 88' lang='lat' dir='ltr'><strong>quam</strong></span> <span class='ocrx_word' id='word_1_235' title='bbox 727 2244 791 2283; x_wconf 82' lang='lat' dir='ltr'><strong>ex</strong></span> <span class='ocrx_word' id='word_1_236' title='bbox 842 2229 992 2284; x_wconf 90' lang='lat' dir='ltr'><strong>Urbe</strong></span> <span class='ocrx_word' id='word_1_237' title='bbox 1025 2228 1308 2285; x_wconf 82' lang='lat' dir='ltr'><strong>exiremus</strong></span> <span class='ocrx_word' id='word_1_238' title='bbox 1333 2272 1346 2295; x_wconf 95' lang='lat'><strong>,</strong></span> <span class='ocrx_word' id='word_1_239' title='bbox 1401 2229 1610 2284; x_wconf 87' lang='lat' dir='ltr'><strong>mittere</strong></span> <span class='ocrx_word' id='word_1_240' title='bbox 1661 2226 1930 2283; x_wconf 88' lang='lat' dir='ltr'><strong>voluimus</strong></span> <span class='ocrx_word' id='word_1_241' title='bbox 1953 2269 1967 2294; x_wconf 97' lang='lat'><strong>,</strong></span> <span class='ocrx_word' id='word_1_242' title='bbox 2018 2227 2116 2282; x_wconf 88' lang='lat' dir='ltr'><strong>sed</strong></span> 
     </span>
    </p>
   </div>
   <div class='ocr_carea' id='block_1_41' title="bbox 509 2312 2114 2387">
    <p class='ocr_par' dir='ltr' id='par_1_41' title="bbox 509 2312 2114 2387">
     <span class='ocr_line' id='line_1_41' title="bbox 509 2312 2114 2387; baseline -0.001 -15"><span class='ocrx_word' id='word_1_243' title='bbox 509 2315 875 2372; x_wconf 74' lang='lat' dir='ltr'><strong>‘otiicientibus</strong></span> <span class='ocrx_word' id='word_1_244' title='bbox 917 2317 1210 2373; x_wconf 84' lang='lat' dir='ltr'><strong>&#39;Lamberto</strong></span> <span class='ocrx_word' id='word_1_245' title='bbox 1268 2324 1321 2372; x_wconf 92' lang='lat' dir='ltr'><strong>et</strong></span> <span class='ocrx_word' id='word_1_246' title='bbox 1367 2316 1664 2372; x_wconf 81' lang='lat' dir='ltr'><strong>Adelberto</strong></span> <span class='ocrx_word' id='word_1_247' title='bbox 1710 2312 2114 2387; x_wconf 83' lang='lat' dir='ltr'><strong>fautoribusque</strong></span> 
     </span>
    </p>
   </div>
   <div class='ocr_carea' id='block_1_42' title="bbox 513 2394 2117 2476">
    <p class='ocr_par' dir='ltr' id='par_1_42' title="bbox 513 2394 2117 2476">
     <span class='ocr_line' id='line_1_42' title="bbox 513 2394 2117 2476; baseline -0.001 -17"><span class='ocrx_word' id='word_1_248' title='bbox 513 2419 700 2460; x_wconf 86' lang='lat' dir='ltr'><strong>eorum</strong></span> <span class='ocrx_word' id='word_1_249' title='bbox 748 2394 1206 2461; x_wconf 87' lang='lat' dir='ltr'><strong>anathematizatis</strong></span> <span class='ocrx_word' id='word_1_250' title='bbox 1224 2445 1238 2474; x_wconf 93' lang='lat'><strong>,</strong></span> <span class='ocrx_word' id='word_1_251' title='bbox 1297 2405 1509 2460; x_wconf 88' lang='lat' dir='ltr'><strong>mittere</strong></span> <span class='ocrx_word' id='word_1_252' title='bbox 1573 2403 1932 2476; x_wconf 89' lang='lat' dir='ltr'><strong>nequivimus.</strong></span> <span class='ocrx_word' id='word_1_253' title='bbox 1999 2403 2117 2459; x_wconf 92' lang='lat' dir='ltr'><strong>Nec</strong></span> 
     </span>
    </p>
   </div>
   <div class='ocr_carea' id='block_1_43' title="bbox 503 2491 2117 2564">
    <p class='ocr_par' dir='ltr' id='par_1_43' title="bbox 503 2491 2117 2564">
     <span class='ocr_line' id='line_1_43' title="bbox 503 2491 2117 2564; baseline -0.001 -17"><span class='ocrx_word' id='word_1_254' title='bbox 503 2492 710 2548; x_wconf 84' lang='lat' dir='ltr'><strong>mirum</strong></span> <span class='ocrx_word' id='word_1_255' title='bbox 741 2493 788 2548; x_wconf 89' lang='lat' dir='ltr'><strong>si</strong></span> <span class='ocrx_word' id='word_1_256' title='bbox 816 2492 920 2564; x_wconf 88' lang='lat' dir='ltr'><strong>ipsi</strong></span> <span class='ocrx_word' id='word_1_257' title='bbox 949 2493 1107 2548; x_wconf 88' lang='lat' dir='ltr'><strong>nobis</strong></span> <span class='ocrx_word' id='word_1_258' title='bbox 1135 2493 1277 2548; x_wconf 89' lang='lat' dir='ltr'><strong>viam</strong></span> <span class='ocrx_word' id='word_1_259' title='bbox 1309 2492 1643 2559; x_wconf 85' lang='lat' dir='ltr'><strong>sustulerint,</strong></span> <span class='ocrx_word' id='word_1_260' title='bbox 1694 2507 1819 2548; x_wconf 91' lang='lat' dir='ltr'><strong>cum</strong></span> <span class='ocrx_word' id='word_1_261' title='bbox 1865 2499 1918 2547; x_wconf 91' lang='lat' dir='ltr'><strong>et</strong></span> <span class='ocrx_word' id='word_1_262' title='bbox 1945 2491 2117 2562; x_wconf 91' lang='lat' dir='ltr'><strong>ipsius</strong></span> 
     </span>
    </p>
   </div>
   <div class='ocr_carea' id='block_1_44' title="bbox 514 2579 2115 2653">
    <p class='ocr_par' dir='ltr' id='par_1_44' title="bbox 514 2579 2115 2653">
     <span class='ocr_line' id='line_1_44' title="bbox 514 2579 2115 2653; baseline -0.002 -16"><span class='ocrx_word' id='word_1_263' title='bbox 514 2581 661 2637; x_wconf 86' lang='lat' dir='ltr'><strong>beati</strong></span> <span class='ocrx_word' id='word_1_264' title='bbox 708 2581 855 2638; x_wconf 84' lang='lat' dir='ltr'><strong>Petri</strong></span> <span class='ocrx_word' id='word_1_265' title='bbox 899 2581 1268 2653; x_wconf 86' lang='lat' dir='ltr'><strong>apostolorum</strong></span> <span class='ocrx_word' id='word_1_266' title='bbox 1313 2580 1577 2652; x_wconf 86' lang='lat' dir='ltr'><strong>principis</strong></span> <span class='ocrx_word' id='word_1_267' title='bbox 1616 2579 1931 2636; x_wconf 72' lang='lat' dir='ltr'><strong>&#39;Ecclesiam</strong></span> <span class='ocrx_word' id='word_1_268' title='bbox 1952 2621 1966 2643; x_wconf 91' lang='lat'><strong>,</strong></span> <span class='ocrx_word' id='word_1_269' title='bbox 2015 2595 2115 2634; x_wconf 82' lang='lat' dir='ltr'><strong>ve-</strong></span> 
     </span>
    </p>
   </div>
   <div class='ocr_carea' id='block_1_45' title="bbox 515 2658 2115 2742">
    <p class='ocr_par' dir='ltr' id='par_1_45' title="bbox 515 2658 2115 2742">
     <span class='ocr_line' id='line_1_45' title="bbox 515 2658 2115 2742; baseline -0.003 -16"><span class='ocrx_word' id='word_1_270' title='bbox 515 2675 682 2726; x_wconf 85' lang='lat' dir='ltr'><strong>stram</strong></span> <span class='ocrx_word' id='word_1_271' title='bbox 713 2658 949 2742; x_wconf 87' lang='lat' dir='ltr'><strong>denique</strong></span> <span class='ocrx_word' id='word_1_272' title='bbox 979 2677 1228 2738; x_wconf 84' lang='lat' dir='ltr'><strong>matrem,</strong></span> <span class='ocrx_word' id='word_1_273' title='bbox 1261 2677 1316 2725; x_wconf 91' lang='lat' dir='ltr'><strong>et</strong></span> <span class='ocrx_word' id='word_1_274' title='bbox 1343 2669 1586 2725; x_wconf 88' lang='lat' dir='ltr'><strong>omnium</strong></span> <span class='ocrx_word' id='word_1_275' title='bbox 1613 2670 1713 2726; x_wconf 89' lang='lat' dir='ltr'><strong>Dei</strong></span> <span class='ocrx_word' id='word_1_276' title='bbox 1747 2667 2115 2724; x_wconf 76' lang='lat' dir='ltr'><strong>Ecclesium</strong></span> 
     </span>
    </p>
   </div>
   <div class='ocr_carea' id='block_1_46' title="bbox 515 2754 2115 2831">
    <p class='ocr_par' dir='ltr' id='par_1_46' title="bbox 515 2754 2115 2831">
     <span class='ocr_line' id='line_1_46' title="bbox 515 2754 2115 2831; baseline 0 -20"><span class='ocrx_word' id='word_1_277' title='bbox 515 2758 787 2824; x_wconf 88' lang='lat' dir='ltr'><strong>tutricem,</strong></span> <span class='ocrx_word' id='word_1_278' title='bbox 819 2757 985 2812; x_wconf 89' lang='lat' dir='ltr'><strong>armis</strong></span> <span class='ocrx_word' id='word_1_279' title='bbox 1017 2757 1238 2831; x_wconf 86' lang='lat' dir='ltr'><strong>triginta</strong></span> <span class='ocrx_word' id='word_1_280' title='bbox 1266 2757 1460 2814; x_wconf 88' lang='lat' dir='ltr'><strong>diebus</strong></span> <span class='ocrx_word' id='word_1_281' title='bbox 1492 2754 1880 2813; x_wconf 87' lang='lat' dir='ltr'><strong>circumdatam</strong></span> <span class='ocrx_word' id='word_1_282' title='bbox 1926 2763 2115 2811; x_wconf 88' lang='lat' dir='ltr'><strong>tenere</strong></span> 
     </span>
    </p>
   </div>
   <div class='ocr_carea' id='block_1_47' title="bbox 514 2834 2114 2916">
    <p class='ocr_par' dir='ltr' id='par_1_47' title="bbox 514 2834 2114 2916">
     <span class='ocr_line' id='line_1_47' title="bbox 514 2834 2114 2916; baseline -0.001 -16"><span class='ocrx_word' id='word_1_283' title='bbox 514 2860 625 2900; x_wconf 90' lang='lat' dir='ltr'><strong>non</strong></span> <span class='ocrx_word' id='word_1_284' title='bbox 667 2834 1116 2910; x_wconf 82' lang='lat' dir='ltr'><strong>formidaverint;</strong></span> <span class='ocrx_word' id='word_1_285' title='bbox 1177 2846 1253 2900; x_wconf 87' lang='lat' dir='ltr'><strong>ita</strong></span> <span class='ocrx_word' id='word_1_286' title='bbox 1300 2853 1361 2900; x_wconf 87' lang='lat' dir='ltr'><strong>ut</strong></span> <span class='ocrx_word' id='word_1_287' title='bbox 1406 2859 1511 2900; x_wconf 89' lang='lat' dir='ltr'><strong>nec</strong></span> <span class='ocrx_word' id='word_1_288' title='bbox 1557 2845 1630 2900; x_wconf 88' lang='lat' dir='ltr'><strong>ibi</strong></span> <span class='ocrx_word' id='word_1_289' title='bbox 1672 2843 1908 2916; x_wconf 87' lang='lat' dir='ltr'><strong>aliquam</strong></span> <span class='ocrx_word' id='word_1_290' title='bbox 1954 2843 2114 2900; x_wconf 90' lang='lat' dir='ltr'><strong>alicui</strong></span> 
     </span>
    </p>
   </div>
   <div class='ocr_carea' id='block_1_48' title="bbox 512 2931 2115 2999">
    <p class='ocr_par' dir='ltr' id='par_1_48' title="bbox 512 2931 2115 2999">
     <span class='ocr_line' id='line_1_48' title="bbox 512 2931 2115 2999; baseline 0.001 -13"><span class='ocrx_word' id='word_1_291' title='bbox 512 2931 796 2992; x_wconf 84' lang='lat' dir='ltr'><strong>lucernam</strong></span> <span class='ocrx_word' id='word_1_292' title='bbox 823 2931 1148 2999; x_wconf 88' lang='lat' dir='ltr'><strong>illuminare,</strong></span> <span class='ocrx_word' id='word_1_293' title='bbox 1179 2947 1282 2989; x_wconf 84' lang='lat' dir='ltr'><strong>nec</strong></span> <span class='ocrx_word' id='word_1_294' title='bbox 1308 2932 1503 2988; x_wconf 86' lang='lat' dir='ltr'><strong>laudes</strong></span> <span class='ocrx_word' id='word_1_295' title='bbox 1531 2934 1648 2988; x_wconf 84' lang='lat' dir='ltr'><strong>Deo</strong></span> <span class='ocrx_word' id='word_1_296' title='bbox 1685 2931 1940 2988; x_wconf 85' lang='lat' dir='ltr'><strong>conferre</strong></span> <span class='ocrx_word' id='word_1_297' title='bbox 1985 2932 2115 2988; x_wconf 86' lang='lat' dir='ltr'><strong>lice-</strong></span> 
     </span>
    </p>
   </div>
   <div class='ocr_carea' id='block_1_49' title="bbox 511 3019 2191 3118">
    <p class='ocr_par' dir='ltr' id='par_1_49' title="bbox 511 3019 2191 3118">
     <span class='ocr_line' id='line_1_49' title="bbox 511 3019 2191 3118; baseline 0.001 -43"><span class='ocrx_word' id='word_1_298' title='bbox 511 3027 634 3096; x_wconf 85' lang='lat' dir='ltr'><strong>ret,</strong></span> <span class='ocrx_word' id='word_1_299' title='bbox 685 3023 886 3093; x_wconf 59' lang='lat' dir='ltr'><strong>preter</strong></span> <span class='ocrx_word' id='word_1_300' title='bbox 931 3027 1223 3093; x_wconf 81' lang='lat' dir='ltr'><strong>p‘oatquam</strong></span> <span class='ocrx_word' id='word_1_301' title='bbox 1267 3021 1461 3076; x_wconf 87' lang='lat' dir='ltr'><strong>urbem</strong></span> <span class='ocrx_word' id='word_1_302' title='bbox 1509 3019 1810 3110; x_wconf 85' lang='lat' dir='ltr'><strong>exivimus;</strong></span> <span class='ocrx_word' id='word_1_303' title='bbox 1861 3019 2115 3076; x_wconf 84' lang='lat' dir='ltr'><strong>fratribus</strong></span> <span class='ocrx_word' id='word_1_304' title='bbox 2143 3055 2191 3118; x_wconf 65' lang='grc' dir='ltr'>Ο</span> 
     </span>
    </p>
   </div>
   <div class='ocr_carea' id='block_1_50' title="bbox 513 3105 2112 3182">
    <p class='ocr_par' dir='ltr' id='par_1_50' title="bbox 513 3105 2112 3182">
     <span class='ocr_line' id='line_1_50' title="bbox 513 3105 2112 3182; baseline -0.001 -18"><span class='ocrx_word' id='word_1_305' title='bbox 513 3109 706 3165; x_wconf 86' lang='lat' dir='ltr'><strong>vestris</strong></span> <span class='ocrx_word' id='word_1_306' title='bbox 735 3108 991 3182; x_wconf 86' lang='lat' dir='ltr'><strong>gloriosis</strong></span> <span class='ocrx_word' id='word_1_307' title='bbox 1019 3108 1244 3181; x_wconf 85' lang='lat' dir='ltr'><strong>regibus</strong></span> <span class='ocrx_word' id='word_1_308' title='bbox 1273 3108 1488 3165; x_wconf 83' lang='lat' dir='ltr'><strong>mittere</strong></span> <span class='ocrx_word' id='word_1_309' title='bbox 1514 3105 1836 3182; x_wconf 72' lang='lat' dir='ltr'><strong>satagimus,</strong></span> <span class='ocrx_word' id='word_1_310' title='bbox 1871 3115 1931 3164; x_wconf 89' lang='lat' dir='ltr'><strong>ut</strong></span> <span class='ocrx_word' id='word_1_311' title='bbox 1956 3107 2112 3165; x_wconf 85' lang='lat' dir='ltr'><strong>vobis</strong></span> 
     </span>
    </p>
   </div>
   <div class='ocr_carea' id='block_1_51' title="bbox 511 3195 2112 3272">
    <p class='ocr_par' dir='ltr' id='par_1_51' title="bbox 511 3195 2112 3272">
     <span class='ocr_line' id='line_1_51' title="bbox 511 3195 2112 3272; baseline -0.001 -20"><span class='ocrx_word' id='word_1_312' title='bbox 511 3212 681 3272; x_wconf 85' lang='lat' dir='ltr'><strong>super</strong></span> <span class='ocrx_word' id='word_1_313' title='bbox 707 3195 903 3253; x_wconf 91' lang='lat' dir='ltr'><strong>talibus</strong></span> <span class='ocrx_word' id='word_1_314' title='bbox 931 3197 1308 3252; x_wconf 83' lang='lat' dir='ltr'><strong>intimaremus</strong></span> <span class='ocrx_word' id='word_1_315' title='bbox 1339 3211 1354 3252; x_wconf 74' lang='grc' dir='ltr'><strong><em>τ</em></strong></span> <span class='ocrx_word' id='word_1_316' title='bbox 1383 3197 1483 3252; x_wconf 90' lang='lat' dir='ltr'><strong>sed</strong></span> <span class='ocrx_word' id='word_1_317' title='bbox 1511 3207 1637 3254; x_wconf 84' lang='lat' dir='ltr'><strong>cum</strong></span> <span class='ocrx_word' id='word_1_318' title='bbox 1657 3210 1757 3253; x_wconf 84' lang='lat' dir='ltr'><strong>vos</strong></span> <span class='ocrx_word' id='word_1_319' title='bbox 1771 3196 1956 3268; x_wconf 77' lang='lat' dir='ltr'><strong>magis</strong></span> <span class='ocrx_word' id='word_1_320' title='bbox 1963 3197 2112 3265; x_wconf 80' lang='lat' dir='ltr'><strong>juxta</strong></span> 
     </span>
    </p>
   </div>
   <div class='ocr_carea' id='block_1_52' title="bbox 512 3277 2112 3358">
    <p class='ocr_par' dir='ltr' id='par_1_52' title="bbox 512 3277 2112 3358">
     <span class='ocr_line' id='line_1_52' title="bbox 512 3277 2112 3358; baseline -0.001 -18"><span class='ocrx_word' id='word_1_321' title='bbox 512 3285 784 3353; x_wconf 82' lang='lat' dir='ltr'><strong>audimus,</strong></span> <span class='ocrx_word' id='word_1_322' title='bbox 815 3285 889 3342; x_wconf 87' lang='lat' dir='ltr'><strong>ita</strong></span> <span class='ocrx_word' id='word_1_323' title='bbox 916 3285 1132 3341; x_wconf 84' lang='lat' dir='ltr'><strong>mittere</strong></span> <span class='ocrx_word' id='word_1_324' title='bbox 1159 3277 1539 3358; x_wconf 79' lang='lat' dir='ltr'><strong>cogitavinms.</strong></span> <span class='ocrx_word' id='word_1_325' title='bbox 1578 3283 1700 3354; x_wconf 82' lang='lat' dir='ltr'><strong>Quo</strong></span> <span class='ocrx_word' id='word_1_326' title='bbox 1721 3283 1850 3341; x_wconf 90' lang='lat' dir='ltr'><strong>loco</strong></span> <span class='ocrx_word' id='word_1_327' title='bbox 1879 3285 1949 3340; x_wconf 88' lang='lat' dir='ltr'><strong>ab</strong></span> <span class='ocrx_word' id='word_1_328' title='bbox 1977 3284 2112 3355; x_wconf 83' lang='lat' dir='ltr'><strong>ipsis</strong></span> 
     </span>
    </p>
   </div>
   <div class='ocr_carea' id='block_1_53' title="bbox 517 3365 2113 3453">
    <p class='ocr_par' dir='ltr' id='par_1_53' title="bbox 517 3365 2113 3453">
     <span class='ocr_line' id='line_1_53' title="bbox 517 3365 2113 3453; baseline -0.001 -25"><span class='ocrx_word' id='word_1_329' title='bbox 517 3373 857 3453; x_wconf 78' lang='lat' dir='ltr'><strong>signiﬁcatur</strong></span> <span class='ocrx_word' id='word_1_330' title='bbox 912 3381 1015 3446; x_wconf 82' lang='lat' dir='ltr'><strong>pro</strong></span> <span class='ocrx_word' id='word_1_331' title='bbox 1051 3365 1218 3445; x_wconf 79' lang='lat' dir='ltr'><strong>pacis</strong></span> <span class='ocrx_word' id='word_1_332' title='bbox 1266 3381 1318 3429; x_wconf 87' lang='lat' dir='ltr'><strong>et</strong></span> <span class='ocrx_word' id='word_1_333' title='bbox 1363 3373 1589 3430; x_wconf 80' lang='lat' dir='ltr'><strong>unitatis</strong></span> <span class='ocrx_word' id='word_1_334' title='bbox 1632 3371 2113 3445; x_wconf 61' lang='lat' dir='ltr'><strong>tranquilita&#39;tisque</strong></span> 
     </span>
    </p>
   </div>
   <div class='ocr_carea' id='block_1_54' title="bbox 513 3453 2108 3535">
    <p class='ocr_par' dir='ltr' id='par_1_54' title="bbox 513 3453 2108 3535">
     <span class='ocr_line' id='line_1_54' title="bbox 513 3453 2108 3535; baseline -0.001 -17"><span class='ocrx_word' id='word_1_335' title='bbox 513 3462 755 3518; x_wconf 88' lang='lat' dir='ltr'><strong>omnium</strong></span> <span class='ocrx_word' id='word_1_336' title='bbox 783 3462 884 3518; x_wconf 89' lang='lat' dir='ltr'><strong>Dei</strong></span> <span class='ocrx_word' id='word_1_337' title='bbox 911 3453 1288 3519; x_wconf 82' lang='lat' dir='ltr'><strong>Ecclesiarum</strong></span> <span class='ocrx_word' id='word_1_338' title='bbox 1322 3462 1584 3535; x_wconf 84' lang='lat' dir='ltr'><strong>negotio;</strong></span> <span class='ocrx_word' id='word_1_339' title='bbox 1614 3461 1796 3532; x_wconf 88' lang='lat' dir='ltr'><strong>primo</strong></span> <span class='ocrx_word' id='word_1_340' title='bbox 1840 3460 2108 3530; x_wconf 86' lang='lat' dir='ltr'><strong>venimus,</strong></span> 
     </span>
    </p>
   </div>
   <div class='ocr_carea' id='block_1_55' title="bbox 475 3547 2114 3624">
    <p class='ocr_par' dir='ltr' id='par_1_55' title="bbox 475 3547 2114 3624">
     <span class='ocr_line' id='line_1_55' title="bbox 475 3547 2114 3624; baseline -0.002 -19"><span class='ocrx_word' id='word_1_341' title='bbox 475 3564 486 3569; x_wconf 77' lang='lat'><strong>&#39;</strong></span> <span class='ocrx_word' id='word_1_342' title='bbox 513 3552 621 3622; x_wconf 87' lang='lat' dir='ltr'><strong>quo</strong></span> <span class='ocrx_word' id='word_1_343' title='bbox 649 3565 748 3606; x_wconf 91' lang='lat' dir='ltr'><strong>vos</strong></span> <span class='ocrx_word' id='word_1_344' title='bbox 777 3555 1010 3624; x_wconf 83' lang='lat' dir='ltr'><strong>quatuor</strong></span> <span class='ocrx_word' id='word_1_345' title='bbox 1037 3558 1196 3622; x_wconf 83' lang='lat' dir='ltr'><strong>rege‘s</strong></span> <span class='ocrx_word' id='word_1_346' title='bbox 1224 3557 1395 3606; x_wconf 81' lang='lat' dir='ltr'><strong>unum</strong></span> <span class='ocrx_word' id='word_1_347' title='bbox 1411 3549 1826 3623; x_wconf 79' lang='lat' dir='ltr'><strong>legitimumque</strong></span> <span class='ocrx_word' id='word_1_348' title='bbox 1845 3547 2004 3615; x_wconf 88' lang='lat' dir='ltr'><strong>velle,</strong></span> <span class='ocrx_word' id='word_1_349' title='bbox 2023 3564 2114 3602; x_wconf 89' lang='lat' dir='ltr'><strong>an-</strong></span> 
     </span>
    </p>
   </div>
   <div class='ocr_carea' id='block_1_56' title="bbox 517 3628 2110 3708">
    <p class='ocr_par' dir='ltr' id='par_1_56' title="bbox 517 3628 2110 3708">
     <span class='ocr_line' id='line_1_56' title="bbox 517 3628 2110 3708; baseline -0.002 -14"><span class='ocrx_word' id='word_1_350' title='bbox 517 3640 718 3696; x_wconf 87' lang='lat' dir='ltr'><strong>nuente</strong></span> <span class='ocrx_word' id='word_1_351' title='bbox 743 3640 878 3708; x_wconf 90' lang='lat' dir='ltr'><strong>Deo,</strong></span> <span class='ocrx_word' id='word_1_352' title='bbox 913 3628 1266 3695; x_wconf 82' lang='lat' dir='ltr'><strong>nihilominus</strong></span> <span class='ocrx_word' id='word_1_353' title='bbox 1297 3637 1573 3705; x_wconf 77' lang='lat' dir='ltr'><strong>faciamus,</strong></span> <span class='ocrx_word' id='word_1_354' title='bbox 1603 3645 1662 3694; x_wconf 85' lang='lat' dir='ltr'><strong>ut</strong></span> <span class='ocrx_word' id='word_1_355' title='bbox 1690 3637 1992 3694; x_wconf 85' lang='lat' dir='ltr'><strong>Psalmista.</strong></span> <span class='ocrx_word' id='word_1_356' title='bbox 2010 3651 2110 3692; x_wconf 86' lang='lat' dir='ltr'><strong>ce-</strong></span> 
     </span>
    </p>
   </div>
   <div class='ocr_carea' id='block_1_57' title="bbox 519 3725 2114 3800">
    <p class='ocr_par' dir='ltr' id='par_1_57' title="bbox 519 3725 2114 3800">
     <span class='ocr_line' id='line_1_57' title="bbox 519 3725 2114 3800; baseline 0 -19"><span class='ocrx_word' id='word_1_357' title='bbox 519 3726 652 3782; x_wconf 88' lang='lat' dir='ltr'><strong>cinit</strong></span> <span class='ocrx_word' id='word_1_358' title='bbox 675 3745 688 3782; x_wconf 87' lang='lat'><strong>:</strong></span> <span class='ocrx_word' id='word_1_359' title='bbox 711 3727 851 3783; x_wconf 87' lang='lat' dir='ltr'><strong>Ecce</strong></span> <span class='ocrx_word' id='word_1_360' title='bbox 869 3744 1036 3800; x_wconf 86' lang='lat' dir='ltr'><strong>quam</strong></span> <span class='ocrx_word' id='word_1_361' title='bbox 1055 3727 1261 3784; x_wconf 81' lang='lat' dir='ltr'><strong>bonum</strong></span> <span class='ocrx_word' id='word_1_362' title='bbox 1280 3731 1338 3783; x_wconf 87' lang='lat' dir='ltr'><strong>et</strong></span> <span class='ocrx_word' id='word_1_363' title='bbox 1347 3743 1516 3800; x_wconf 85' lang='lat' dir='ltr'><strong>quam</strong></span> <span class='ocrx_word' id='word_1_364' title='bbox 1522 3727 1849 3798; x_wconf 76' lang='lat' dir='ltr'><strong>jucundum</strong></span> <span class='ocrx_word' id='word_1_365' title='bbox 1869 3730 1956 3782; x_wconf 86' lang='lat' dir='ltr'><strong>est</strong></span> <span class='ocrx_word' id='word_1_366' title='bbox 1965 3725 2114 3781; x_wconf 81' lang='lat' dir='ltr'><strong>habi-</strong></span> 
     </span>
    </p>
   </div>
   <div class='ocr_carea' id='block_1_58' title="bbox 524 3813 2113 3888">
    <p class='ocr_par' dir='ltr' id='par_1_58' title="bbox 524 3813 2113 3888">
     <span class='ocr_line' id='line_1_58' title="bbox 524 3813 2113 3888; baseline 0 -20"><span class='ocrx_word' id='word_1_367' title='bbox 524 3818 647 3871; x_wconf 79' lang='lat' dir='ltr'><strong>tare</strong></span> <span class='ocrx_word' id='word_1_368' title='bbox 665 3815 878 3888; x_wconf 81' lang='lat' dir='ltr'><strong>fratres</strong></span> <span class='ocrx_word' id='word_1_369' title='bbox 896 3817 962 3870; x_wconf 80' lang='lat' dir='ltr'><strong>in</strong></span> <span class='ocrx_word' id='word_1_370' title='bbox 977 3830 1178 3883; x_wconf 81' lang='lat' dir='ltr'><strong>unum,</strong></span> <span class='ocrx_word' id='word_1_371' title='bbox 1217 3821 1271 3869; x_wconf 91' lang='lat' dir='ltr'><strong>et</strong></span> <span class='ocrx_word' id='word_1_372' title='bbox 1291 3814 1503 3886; x_wconf 87' lang='lat' dir='ltr'><strong>reliqua</strong></span> <span class='ocrx_word' id='word_1_373' title='bbox 1532 3814 1708 3884; x_wconf 84' lang='lat' dir='ltr'><strong>(Psal.</strong></span> <span class='ocrx_word' id='word_1_374' title='bbox 1733 3816 1978 3879; x_wconf 74' lang='lat' dir='ltr'><strong>cxxxn).</strong></span> <span class='ocrx_word' id='word_1_375' title='bbox 2012 3813 2113 3868; x_wconf 88' lang='lat' dir='ltr'><strong>De-</strong></span> 
     </span>
    </p>
   </div>
   <div class='ocr_carea' id='block_1_59' title="bbox 490 3901 2115 3973">
    <p class='ocr_par' dir='ltr' id='par_1_59' title="bbox 490 3901 2115 3973">
     <span class='ocr_line' id='line_1_59' title="bbox 490 3901 2115 3973; baseline 0 -17"><span class='ocrx_word' id='word_1_376' title='bbox 490 3927 492 3930; x_wconf 87' lang='lat'><strong><em>-</em></strong></span> <span class='ocrx_word' id='word_1_377' title='bbox 514 3901 642 3956; x_wconf 82' lang='lat' dir='ltr'><strong>hinc</strong></span> <span class='ocrx_word' id='word_1_378' title='bbox 670 3901 919 3956; x_wconf 89' lang='lat' dir='ltr'><strong>volumus</strong></span> <span class='ocrx_word' id='word_1_379' title='bbox 937 3907 996 3956; x_wconf 92' lang='lat' dir='ltr'><strong>ut</strong></span> <span class='ocrx_word' id='word_1_380' title='bbox 1015 3902 1087 3956; x_wconf 90' lang='lat' dir='ltr'><strong>ita</strong></span> <span class='ocrx_word' id='word_1_381' title='bbox 1107 3903 1359 3958; x_wconf 89' lang='lat' dir='ltr'><strong>conventi</strong></span> <span class='ocrx_word' id='word_1_382' title='bbox 1379 3910 1592 3957; x_wconf 84' lang='lat' dir='ltr'><strong>nostras</strong></span> <span class='ocrx_word' id='word_1_383' title='bbox 1613 3901 1998 3973; x_wconf 84' lang='lat' dir='ltr'><strong>oppressiones</strong></span> <span class='ocrx_word' id='word_1_384' title='bbox 2017 3916 2115 3956; x_wconf 85' lang='lat' dir='ltr'><strong>au-</strong></span> 
     </span>
    </p>
   </div>
   <div class='ocr_carea' id='block_1_60' title="bbox 519 3987 2116 4061">
    <p class='ocr_par' dir='ltr' id='par_1_60' title="bbox 519 3987 2116 4061">
     <span class='ocr_line' id='line_1_60' title="bbox 519 3987 2116 4061; baseline 0 -17"><span class='ocrx_word' id='word_1_385' title='bbox 519 3988 639 4044; x_wconf 88' lang='lat' dir='ltr'><strong>dire</strong></span> <span class='ocrx_word' id='word_1_386' title='bbox 671 3987 1086 4059; x_wconf 87' lang='lat' dir='ltr'><strong>compatiamini.</strong></span> <span class='ocrx_word' id='word_1_387' title='bbox 1119 3988 1481 4060; x_wconf 80' lang='lat' dir='ltr'><strong>Quapmpter,</strong></span> <span class='ocrx_word' id='word_1_388' title='bbox 1515 3987 1590 4044; x_wconf 83' lang='lat' dir='ltr'><strong>ﬁli</strong></span> <span class='ocrx_word' id='word_1_389' title='bbox 1622 3989 1963 4055; x_wconf 78' lang='lat' dir='ltr'><strong>charissima,</strong></span> <span class='ocrx_word' id='word_1_390' title='bbox 1985 4004 2116 4061; x_wconf 86' lang='lat' dir='ltr'><strong>quo-</strong></span> 
     </span>
    </p>
   </div>
   <div class='ocr_carea' id='block_1_61' title="bbox 511 4075 2110 4151">
    <p class='ocr_par' dir='ltr' id='par_1_61' title="bbox 511 4075 2110 4151">
     <span class='ocr_line' id='line_1_61' title="bbox 511 4075 2110 4151; baseline 0.001 -21"><span class='ocrx_word' id='word_1_391' title='bbox 511 4075 666 4131; x_wconf 81' lang='lat' dir='ltr'><strong>niam</strong></span> <span class='ocrx_word' id='word_1_392' title='bbox 696 4083 750 4131; x_wconf 90' lang='lat' dir='ltr'><strong>te</strong></span> <span class='ocrx_word' id='word_1_393' title='bbox 777 4075 935 4132; x_wconf 85' lang='lat' dir='ltr'><strong>valde</strong></span> <span class='ocrx_word' id='word_1_394' title='bbox 963 4075 1134 4132; x_wconf 84' lang='lat' dir='ltr'><strong>illuxit</strong></span> <span class='ocrx_word' id='word_1_395' title='bbox 1165 4077 1343 4148; x_wconf 86' lang='lat' dir='ltr'><strong>(deest</strong></span> <span class='ocrx_word' id='word_1_396' title='bbox 1370 4077 1631 4151; x_wconf 74' lang='lat' dir='ltr'><strong>aliquid).</strong></span> <span class='ocrx_word' id='word_1_397' title='bbox 1657 4078 1796 4134; x_wconf 83' lang='lat' dir='ltr'><strong>Data</strong></span> <span class='ocrx_word' id='word_1_398' title='bbox 1832 4081 1901 4133; x_wconf 87' lang='lat' dir='ltr'><strong>ut</strong></span> <span class='ocrx_word' id='word_1_399' title='bbox 1918 4093 2110 4149; x_wconf 77' lang='lat' dir='ltr'><strong>supra.</strong></span> 
     </span>
    </p>
   </div>
   <div class='ocr_carea' id='block_1_62' title="bbox 1195 4218 1440 4274">
    <p class='ocr_par' dir='ltr' id='par_1_62' title="bbox 1195 4218 1440 4274">
     <span class='ocr_line' id='line_1_62' title="bbox 1195 4218 1440 4274; baseline 0 0"><span class='ocrx_word' id='word_1_400' title='bbox 1195 4218 1440 4274; x_wconf 79' lang='lat' dir='ltr'><strong>CXXVI.</strong></span> 
     </span>
    </p>
   </div>
   <div class='ocr_carea' id='block_1_63' title="bbox 783 4328 1850 4382">
    <p class='ocr_par' dir='ltr' id='par_1_63' title="bbox 783 4328 1850 4382">
     <span class='ocr_line' id='line_1_63' title="bbox 783 4328 1850 4382; baseline 0 -12"><span class='ocrx_word' id='word_1_401' title='bbox 783 4330 856 4370; x_wconf 75' lang='lat' dir='ltr'><strong>AD</strong></span> <span class='ocrx_word' id='word_1_402' title='bbox 893 4328 1052 4372; x_wconf 76' lang='lat' dir='ltr'><strong>ISMO</strong></span> <span class='ocrx_word' id='word_1_403' title='bbox 1088 4330 1394 4373; x_wconf 72' lang='grc' dir='ltr'><strong>εριεοθιιωί</strong></span> <span class='ocrx_word' id='word_1_404' title='bbox 1431 4329 1850 4382; x_wconf 66' lang='grc' dir='ltr'><strong>ΜΝΕΟΝΒΝΒΕΠ.</strong></span> 
     </span>
    </p>
   </div>
   <div class='ocr_carea' id='block_1_64' title="bbox 1135 4404 1496 4473">
    <p class='ocr_par' dir='ltr' id='par_1_64' title="bbox 1135 4404 1496 4473">
     <span class='ocr_line' id='line_1_64' title="bbox 1135 4404 1496 4473; baseline 0.003 -15"><span class='ocrx_word' id='word_1_405' title='bbox 1135 4404 1317 4473; x_wconf 75' lang='lat' dir='ltr'><strong>(Anno</strong></span> <span class='ocrx_word' id='word_1_406' title='bbox 1345 4404 1496 4472; x_wconf 85' lang='lat'><strong>8&#39;18.)</strong></span> 
     </span>
    </p>
   </div>
   <div class='ocr_carea' id='block_1_65' title="bbox 2217 1785 3805 1858">
    <p class='ocr_par' dir='ltr' id='par_1_65' title="bbox 2217 1785 3805 1858">
     <span class='ocr_line' id='line_1_65' title="bbox 2217 1785 3805 1858; baseline 0.001 -18"><span class='ocrx_word' id='word_1_407' title='bbox 2217 1785 2562 1857; x_wconf 83' lang='lat' dir='ltr'><strong>Quapropter</strong></span> <span class='ocrx_word' id='word_1_408' title='bbox 2599 1803 2718 1854; x_wconf 91' lang='lat' dir='ltr'><strong>nos,</strong></span> <span class='ocrx_word' id='word_1_409' title='bbox 2769 1787 2862 1858; x_wconf 88' lang='lat' dir='ltr'><strong>qui</strong></span> <span class='ocrx_word' id='word_1_410' title='bbox 2909 1787 3204 1843; x_wconf 84' lang='lat' dir='ltr'><strong>secundum</strong></span> <span class='ocrx_word' id='word_1_411' title='bbox 3236 1787 3483 1844; x_wconf 64' lang='lat' dir='ltr'><strong>oﬁcium</strong></span> <span class='ocrx_word' id='word_1_412' title='bbox 3530 1786 3805 1842; x_wconf 84' lang='lat' dir='ltr'><strong>ministerii</strong></span> 
     </span>
    </p>
   </div>
   <div class='ocr_carea' id='block_1_66' title="bbox 2214 1874 3803 1948">
    <p class='ocr_par' dir='ltr' id='par_1_66' title="bbox 2214 1874 3803 1948">
     <span class='ocr_line' id='line_1_66' title="bbox 2214 1874 3803 1948; baseline 0.001 -20"><span class='ocrx_word' id='word_1_413' title='bbox 2214 1874 2387 1929; x_wconf 89' lang='lat' dir='ltr'><strong>nostri</strong></span> <span class='ocrx_word' id='word_1_414' title='bbox 2414 1874 2734 1945; x_wconf 84' lang='lat' dir='ltr'><strong>pullulantia</strong></span> <span class='ocrx_word' id='word_1_415' title='bbox 2764 1875 2894 1935; x_wconf 85' lang='lat' dir='ltr'><strong>vitia</strong></span> <span class='ocrx_word' id='word_1_416' title='bbox 2921 1875 3109 1948; x_wconf 86' lang='lat' dir='ltr'><strong>gladio</strong></span> <span class='ocrx_word' id='word_1_417' title='bbox 3127 1874 3369 1946; x_wconf 79' lang='lat' dir='ltr'><strong>spiritali</strong></span> <span class='ocrx_word' id='word_1_418' title='bbox 3415 1891 3679 1932; x_wconf 78' lang='lat' dir='ltr'><strong>resecare</strong></span> <span class='ocrx_word' id='word_1_419' title='bbox 3704 1890 3803 1930; x_wconf 84' lang='lat' dir='ltr'><strong>ma-</strong></span> 
     </span>
    </p>
   </div>
   <div class='ocr_carea' id='block_1_67' title="bbox 2214 1962 3804 2034">
    <p class='ocr_par' dir='ltr' id='par_1_67' title="bbox 2214 1962 3804 2034">
     <span class='ocr_line' id='line_1_67' title="bbox 2214 1962 3804 2034; baseline 0.001 -18"><span class='ocrx_word' id='word_1_420' title='bbox 2214 1968 2336 2017; x_wconf 88' lang='lat' dir='ltr'><strong>ture</strong></span> <span class='ocrx_word' id='word_1_421' title='bbox 2365 1962 2648 2027; x_wconf 83' lang='lat' dir='ltr'><strong>debemus,</strong></span> <span class='ocrx_word' id='word_1_422' title='bbox 2680 1964 2786 2019; x_wconf 84' lang='lat' dir='ltr'><strong>hoc</strong></span> <span class='ocrx_word' id='word_1_423' title='bbox 2810 1963 3011 2019; x_wconf 77' lang='lat' dir='ltr'><strong>malum</strong></span> <span class='ocrx_word' id='word_1_424' title='bbox 3028 1963 3252 2020; x_wconf 21' lang='lat' dir='ltr'><strong>iamlesti</strong></span> <span class='ocrx_word' id='word_1_425' title='bbox 3287 1978 3551 2020; x_wconf 83' lang='lat' dir='ltr'><strong>mucrone</strong></span> <span class='ocrx_word' id='word_1_426' title='bbox 3575 1964 3804 2034; x_wconf 82' lang='lat' dir='ltr'><strong>percuti-</strong></span> 
     </span>
    </p>
   </div>
   <div class='ocr_carea' id='block_1_68' title="bbox 2213 2050 3803 2123">
    <p class='ocr_par' dir='ltr' id='par_1_68' title="bbox 2213 2050 3803 2123">
     <span class='ocr_line' id='line_1_68' title="bbox 2213 2050 3803 2123; baseline 0 -18"><span class='ocrx_word' id='word_1_427' title='bbox 2213 2065 2335 2105; x_wconf 86' lang='lat' dir='ltr'><strong>mus</strong></span> <span class='ocrx_word' id='word_1_428' title='bbox 2359 2070 2372 2116; x_wconf 90' lang='lat'><strong>;</strong></span> <span class='ocrx_word' id='word_1_429' title='bbox 2405 2050 2476 2106; x_wconf 87' lang='lat' dir='ltr'><strong>ita</strong></span> <span class='ocrx_word' id='word_1_430' title='bbox 2505 2058 2563 2106; x_wconf 93' lang='lat' dir='ltr'><strong>ut</strong></span> <span class='ocrx_word' id='word_1_431' title='bbox 2590 2051 2702 2106; x_wconf 85' lang='lat' dir='ltr'><strong>nisi</strong></span> <span class='ocrx_word' id='word_1_432' title='bbox 2721 2051 2966 2122; x_wconf 67' lang='lat' dir='ltr'><strong>prmdioti</strong></span> <span class='ocrx_word' id='word_1_433' title='bbox 2995 2051 3141 2123; x_wconf 87' lang='lat' dir='ltr'><strong>equi,</strong></span> <span class='ocrx_word' id='word_1_434' title='bbox 3169 2060 3226 2108; x_wconf 78' lang='lat' dir='ltr'><strong>‘et</strong></span> <span class='ocrx_word' id='word_1_435' title='bbox 3251 2052 3360 2106; x_wconf 87' lang='lat' dir='ltr'><strong>alia</strong></span> <span class='ocrx_word' id='word_1_436' title='bbox 3405 2051 3578 2118; x_wconf 67' lang='lat' dir='ltr'><strong>furta,“</strong></span> <span class='ocrx_word' id='word_1_437' title='bbox 3616 2051 3803 2113; x_wconf 82' lang='lat' dir='ltr'><strong>nostris</strong></span> 
     </span>
    </p>
   </div>
   <div class='ocr_carea' id='block_1_69' title="bbox 2214 2139 3803 2211">
    <p class='ocr_par' dir='ltr' id='par_1_69' title="bbox 2214 2139 3803 2211">
     <span class='ocr_line' id='line_1_69' title="bbox 2214 2139 3803 2211; baseline 0.001 -17"><span class='ocrx_word' id='word_1_438' title='bbox 2214 2139 2531 2196; x_wconf 74' lang='lat' dir='ltr'><strong>hominibus.</strong></span> <span class='ocrx_word' id='word_1_439' title='bbox 2552 2140 2692 2195; x_wconf 89' lang='lat' dir='ltr'><strong>intra</strong></span> <span class='ocrx_word' id='word_1_440' title='bbox 2720 2140 2935 2196; x_wconf 88' lang='lat' dir='ltr'><strong>tertium</strong></span> <span class='ocrx_word' id='word_1_441' title='bbox 2965 2140 3113 2195; x_wconf 83' lang='lat' dir='ltr'><strong>diem</strong></span> <span class='ocrx_word' id='word_1_442' title='bbox 3144 2140 3358 2196; x_wconf 83' lang='lat' dir='ltr'><strong>reddita</strong></span> <span class='ocrx_word' id='word_1_443' title='bbox 3399 2139 3628 2204; x_wconf 72' lang='lat' dir='ltr'><strong>fuerint,</strong></span> <span class='ocrx_word' id='word_1_444' title='bbox 3649 2175 3652 2177; x_wconf 98' lang='lat'><em>-</em></span> <span class='ocrx_word' id='word_1_445' title='bbox 3672 2155 3803 2211; x_wconf 50' lang='lat' dir='ltr'><strong>pra-6</strong></span> 
     </span>
    </p>
   </div>
   <div class='ocr_carea' id='block_1_70' title="bbox 2210 2226 3802 2296">
    <p class='ocr_par' dir='ltr' id='par_1_70' title="bbox 2210 2226 3802 2296">
     <span class='ocr_line' id='line_1_70' title="bbox 2210 2226 3802 2296; baseline -0.001 -14"><span class='ocrx_word' id='word_1_446' title='bbox 2210 2226 2390 2288; x_wconf 80' lang='lat' dir='ltr'><strong>.dict‘os</strong></span> <span class='ocrx_word' id='word_1_447' title='bbox 2436 2226 2605 2294; x_wconf 87' lang='lat' dir='ltr'><strong>fures,</strong></span> <span class='ocrx_word' id='word_1_448' title='bbox 2656 2243 2781 2284; x_wconf 90' lang='lat' dir='ltr'><strong>cum</strong></span> <span class='ocrx_word' id='word_1_449' title='bbox 2827 2227 3080 2284; x_wconf 86' lang='lat' dir='ltr'><strong>omnibus</strong></span> <span class='ocrx_word' id='word_1_450' title='bbox 3119 2228 3522 2285; x_wconf 54' lang='lat' dir='ltr'><strong>consentaneis»</strong></span> <span class='ocrx_word' id='word_1_451' title='bbox 3551 2228 3703 2296; x_wconf 85' lang='lat' dir='ltr'><strong>suis,</strong></span> <span class='ocrx_word' id='word_1_452' title='bbox 3739 2243 3802 2282; x_wconf 79' lang='lat' dir='ltr'><strong>eo</strong></span> 
     </span>
    </p>
   </div>
   <div class='ocr_carea' id='block_1_71' title="bbox 2211 2315 3805 2387">
    <p class='ocr_par' dir='ltr' id='par_1_71' title="bbox 2211 2315 3805 2387">
     <span class='ocr_line' id='line_1_71' title="bbox 2211 2315 3805 2387; baseline 0 -17"><span class='ocrx_word' id='word_1_453' title='bbox 2211 2315 2359 2386; x_wconf 88' lang='lat' dir='ltr'><strong>quod</strong></span> <span class='ocrx_word' id='word_1_454' title='bbox 2390 2315 2696 2371; x_wconf 81' lang='lat' dir='ltr'><strong>latronibus</strong></span> <span class='ocrx_word' id='word_1_455' title='bbox 2721 2315 2956 2371; x_wconf 85' lang='lat' dir='ltr'><strong>latebras</strong></span> <span class='ocrx_word' id='word_1_456' title='bbox 2993 2315 3291 2387; x_wconf 72' lang='lat' dir='ltr'><strong>praebeant,</strong></span> <span class='ocrx_word' id='word_1_457' title='bbox 3341 2324 3397 2371; x_wconf 90' lang='lat' dir='ltr'><strong>et</strong></span> <span class='ocrx_word' id='word_1_458' title='bbox 3427 2315 3805 2372; x_wconf 78' lang='lat' dir='ltr'><strong>excommuni-</strong></span> 
     </span>
    </p>
   </div>
   <div class='ocr_carea' id='block_1_72' title="bbox 2207 2403 3804 2461">
    <p class='ocr_par' dir='ltr' id='par_1_72' title="bbox 2207 2403 3804 2461">
     <span class='ocr_line' id='line_1_72' title="bbox 2207 2403 3804 2461; baseline 0.001 -2"><span class='ocrx_word' id='word_1_459' title='bbox 2207 2403 2456 2459; x_wconf 83' lang='lat' dir='ltr'><strong>cabimus</strong></span> <span class='ocrx_word' id='word_1_460' title='bbox 2511 2412 2565 2459; x_wconf 90' lang='lat' dir='ltr'><strong>et</strong></span> <span class='ocrx_word' id='word_1_461' title='bbox 2627 2404 2950 2461; x_wconf 83' lang='lat' dir='ltr'><strong>anathemati</strong></span> <span class='ocrx_word' id='word_1_462' title='bbox 3017 2404 3416 2460; x_wconf 83' lang='lat' dir='ltr'><strong>submittemus.</strong></span> <span class='ocrx_word' id='word_1_463' title='bbox 3484 2405 3640 2460; x_wconf 79' lang='lat' dir='ltr'><strong>Inter</strong></span> <span class='ocrx_word' id='word_1_464' title='bbox 3703 2405 3804 2460; x_wconf 70' lang='lat' dir='ltr'><strong>haec</strong></span> 
     </span>
    </p>
   </div>
   <div class='ocr_carea' id='block_1_73' title="bbox 2214 2491 3830 2564">
    <p class='ocr_par' dir='ltr' id='par_1_73' title="bbox 2214 2491 3830 2564">
     <span class='ocr_line' id='line_1_73' title="bbox 2214 2491 3830 2564; baseline 0.001 -18"><span class='ocrx_word' id='word_1_465' title='bbox 2214 2492 2566 2548; x_wconf 75' lang='lat' dir='ltr'><strong>Aduvardum</strong></span> <span class='ocrx_word' id='word_1_466' title='bbox 2595 2492 2995 2564; x_wconf 87' lang='lat' dir='ltr'><strong>presbyterum,</strong></span> <span class='ocrx_word' id='word_1_467' title='bbox 3045 2492 3140 2564; x_wconf 87' lang='lat' dir='ltr'><strong>qui</strong></span> <span class='ocrx_word' id='word_1_468' title='bbox 3182 2492 3343 2548; x_wconf 89' lang='lat' dir='ltr'><strong>nobis</strong></span> <span class='ocrx_word' id='word_1_469' title='bbox 3390 2491 3446 2548; x_wconf 85' lang='lat' dir='ltr'><strong>in</strong></span> <span class='ocrx_word' id='word_1_470' title='bbox 3479 2492 3830 2548; x_wconf 65' lang='lat' dir='ltr'><strong>monasteria</strong></span> 
     </span>
    </p>
   </div>
   <div class='ocr_carea' id='block_1_74' title="bbox 2206 2579 3803 2650">
    <p class='ocr_par' dir='ltr' id='par_1_74' title="bbox 2206 2579 3803 2650">
     <span class='ocr_line' id='line_1_74' title="bbox 2206 2579 3803 2650; baseline 0.002 -16"><span class='ocrx_word' id='word_1_471' title='bbox 2206 2579 2521 2637; x_wconf 74' lang='lat' dir='ltr'><strong>.Flaviniaco</strong></span> <span class='ocrx_word' id='word_1_472' title='bbox 2549 2581 2891 2644; x_wconf 82' lang='lat' dir='ltr'><strong>ministravit,</strong></span> <span class='ocrx_word' id='word_1_473' title='bbox 2923 2581 3077 2650; x_wconf 87' lang='lat' dir='ltr'><strong>cujus</strong></span> <span class='ocrx_word' id='word_1_474' title='bbox 3105 2580 3355 2637; x_wconf 82' lang='lat' dir='ltr'><strong>homines</strong></span> <span class='ocrx_word' id='word_1_475' title='bbox 3389 2581 3696 2638; x_wconf 81' lang='lat' dir='ltr'><strong>scutellam</strong></span> <span class='ocrx_word' id='word_1_476' title='bbox 3728 2596 3803 2637; x_wconf 83' lang='lat' dir='ltr'><strong>sr-</strong></span> 
     </span>
    </p>
   </div>
   <div class='ocr_carea' id='block_1_75' title="bbox 2213 2668 3802 2740">
    <p class='ocr_par' dir='ltr' id='par_1_75' title="bbox 2213 2668 3802 2740">
     <span class='ocr_line' id='line_1_75' title="bbox 2213 2668 3802 2740; baseline 0.003 -17"><span class='ocrx_word' id='word_1_477' title='bbox 2213 2675 2466 2740; x_wconf 82' lang='lat' dir='ltr'><strong>genteam</strong></span> <span class='ocrx_word' id='word_1_478' title='bbox 2494 2669 2664 2724; x_wconf 87' lang='lat' dir='ltr'><strong>sancti</strong></span> <span class='ocrx_word' id='word_1_479' title='bbox 2693 2669 2860 2735; x_wconf 89' lang='lat' dir='ltr'><strong>Petri,</strong></span> <span class='ocrx_word' id='word_1_480' title='bbox 2893 2668 3080 2727; x_wconf 85' lang='lat' dir='ltr'><strong>nescio</strong></span> <span class='ocrx_word' id='word_1_481' title='bbox 3108 2678 3286 2724; x_wconf 87' lang='lat' dir='ltr'><strong>utrum</strong></span> <span class='ocrx_word' id='word_1_482' title='bbox 3324 2685 3604 2738; x_wconf 81' lang='lat' dir='ltr'><strong>consensu</strong></span> <span class='ocrx_word' id='word_1_483' title='bbox 3651 2669 3802 2734; x_wconf 85' lang='lat' dir='ltr'><strong>illius,</strong></span> 
     </span>
    </p>
   </div>
   <div class='ocr_carea' id='block_1_76' title="bbox 2199 2756 3805 2830">
    <p class='ocr_par' dir='ltr' id='par_1_76' title="bbox 2199 2756 3805 2830">
     <span class='ocr_line' id='line_1_76' title="bbox 2199 2756 3805 2830; baseline 0.001 -19"><span class='ocrx_word' id='word_1_484' title='bbox 2199 2772 2284 2811; x_wconf 77' lang='lat' dir='ltr'><strong>an</strong></span> <span class='ocrx_word' id='word_1_485' title='bbox 2312 2772 2440 2823; x_wconf 86' lang='lat' dir='ltr'><strong>non,</strong></span> <span class='ocrx_word' id='word_1_486' title='bbox 2470 2756 2631 2824; x_wconf 83' lang='lat' dir='ltr'><strong>furati</strong></span> <span class='ocrx_word' id='word_1_487' title='bbox 2659 2765 2807 2824; x_wconf 87' lang='lat' dir='ltr'><strong>sunt,-</strong></span> <span class='ocrx_word' id='word_1_488' title='bbox 2849 2773 2952 2829; x_wconf 84' lang='lat' dir='ltr'><strong>pro</strong></span> <span class='ocrx_word' id='word_1_489' title='bbox 2992 2757 3285 2830; x_wconf 78' lang='lat' dir='ltr'><strong>sacrilegio</strong></span> <span class='ocrx_word' id='word_1_490' title='bbox 3325 2757 3462 2813; x_wconf 78' lang='lat' dir='ltr'><strong>furti</strong></span> <span class='ocrx_word' id='word_1_491' title='bbox 3503 2773 3805 2814; x_wconf 80' lang='lat' dir='ltr'><strong>excommu-</strong></span> 
     </span>
    </p>
   </div>
   <div class='ocr_carea' id='block_1_77' title="bbox 2213 2845 3801 2917">
    <p class='ocr_par' dir='ltr' id='par_1_77' title="bbox 2213 2845 3801 2917">
     <span class='ocr_line' id='line_1_77' title="bbox 2213 2845 3801 2917; baseline 0.003 -19"><span class='ocrx_word' id='word_1_492' title='bbox 2213 2845 2478 2914; x_wconf 86' lang='lat' dir='ltr'><strong>nicamus,</strong></span> <span class='ocrx_word' id='word_1_493' title='bbox 2510 2854 2564 2900; x_wconf 89' lang='lat' dir='ltr'><strong>et</strong></span> <span class='ocrx_word' id='word_1_494' title='bbox 2590 2845 2711 2917; x_wconf 87' lang='lat' dir='ltr'><strong>pari</strong></span> <span class='ocrx_word' id='word_1_495' title='bbox 2739 2845 3003 2902; x_wconf 81' lang='lat' dir='ltr'><strong>sententia</strong></span> <span class='ocrx_word' id='word_1_496' title='bbox 3032 2854 3091 2902; x_wconf 81' lang='lat' dir='ltr'><strong>ut</strong></span> <span class='ocrx_word' id='word_1_497' title='bbox 3116 2862 3301 2917; x_wconf 84' lang='lat' dir='ltr'><strong>supra,</strong></span> <span class='ocrx_word' id='word_1_498' title='bbox 3336 2846 3441 2903; x_wconf 90' lang='lat' dir='ltr'><strong>nisi</strong></span> <span class='ocrx_word' id='word_1_499' title='bbox 3471 2863 3602 2903; x_wconf 84' lang='lat' dir='ltr'><strong>eam</strong></span> <span class='ocrx_word' id='word_1_500' title='bbox 3633 2846 3801 2903; x_wconf 80' lang='lat' dir='ltr'><strong>reddi-</strong></span> 
     </span>
    </p>
   </div>
   <div class='ocr_carea' id='block_1_78' title="bbox 2195 2933 3460 3007">
    <p class='ocr_par' dir='ltr' id='par_1_78' title="bbox 2195 2933 3460 3007">
     <span class='ocr_line' id='line_1_78' title="bbox 2195 2933 3460 3007; baseline 0 -19"><span class='ocrx_word' id='word_1_501' title='bbox 2195 2933 2411 3000; x_wconf 74' lang='lat' dir='ltr'><strong>derint,</strong></span> <span class='ocrx_word' id='word_1_502' title='bbox 2442 2933 2889 3005; x_wconf 80' lang='lat' dir='ltr'><strong>constringitnus.</strong></span> <span class='ocrx_word' id='word_1_503' title='bbox 2924 2935 3058 2990; x_wconf 87' lang='lat' dir='ltr'><strong>Data</strong></span> <span class='ocrx_word' id='word_1_504' title='bbox 3083 2938 3156 2990; x_wconf 89' lang='lat' dir='ltr'><strong>ut-</strong></span> <span class='ocrx_word' id='word_1_505' title='bbox 3173 2951 3371 3007; x_wconf 81' lang='lat' dir='ltr'><strong>supra.</strong></span> <span class='ocrx_word' id='word_1_506' title='bbox 3457 2968 3460 2971; x_wconf 93' lang='lat'><strong>-</strong></span> 
     </span>
    </p>
   </div>
   <div class='ocr_carea' id='block_1_79' title="bbox 2863 3055 3332 3132">
    <p class='ocr_par' dir='ltr' id='par_1_79' title="bbox 2863 3055 3332 3132">
     <span class='ocr_line' id='line_1_79' title="bbox 2863 3055 3332 3132; baseline -0.009 0"><span class='ocrx_word' id='word_1_507' title='bbox 2863 3074 3155 3132; x_wconf 75' lang='lat' dir='ltr'><strong>CXXVIII.</strong></span> <span class='ocrx_word' id='word_1_508' title='bbox 3221 3055 3225 3059; x_wconf 81' lang='grc'><em>’</em></span> <span class='ocrx_word' id='word_1_509' title='bbox 3329 3057 3332 3059; x_wconf 49' lang='lat'><em>‘</em></span> 
     </span>
    </p>
   </div>
   <div class='ocr_carea' id='block_1_80' title="bbox 2351 3175 3672 3244">
    <p class='ocr_par' dir='ltr' id='par_1_80' title="bbox 2351 3175 3672 3244">
     <span class='ocr_line' id='line_1_80' title="bbox 2351 3175 3672 3244; baseline 0.002 -28"><span class='ocrx_word' id='word_1_510' title='bbox 2351 3177 2424 3216; x_wconf 75' lang='lat' dir='ltr'><strong>AD</strong></span> <span class='ocrx_word' id='word_1_511' title='bbox 2463 3175 2762 3230; x_wconf 68' lang='lat' dir='ltr'><strong>EPISCOPOS</strong></span> <span class='ocrx_word' id='word_1_512' title='bbox 2790 3176 3223 3234; x_wconf 63' lang='lat' dir='ltr'><strong>SUFFHAGANEOS</strong></span> <span class='ocrx_word' id='word_1_513' title='bbox 3250 3176 3672 3244; x_wconf 64' lang='grc' dir='ltr'><strong>Αιιαηιερῃεοονι</strong></span> 
     </span>
    </p>
   </div>
   <div class='ocr_carea' id='block_1_81' title="bbox 2489 3247 3208 3307">
    <p class='ocr_par' dir='ltr' id='par_1_81' title="bbox 2489 3247 3208 3307">
     <span class='ocr_line' id='line_1_81' title="bbox 2489 3247 3208 3307; baseline 0 -20"><span class='ocrx_word' id='word_1_514' title='bbox 2489 3251 2492 3254; x_wconf 65' lang='grc'><strong>’</strong></span> <span class='ocrx_word' id='word_1_515' title='bbox 2541 3297 2544 3302; x_wconf 29' lang='grc' dir='ltr'><strong>η</strong></span> <span class='ocrx_word' id='word_1_516' title='bbox 2813 3247 3208 3307; x_wconf 67' lang='grc' dir='ltr'><strong>ΑιιειΑτεΝειε.</strong></span> 
     </span>
    </p>
   </div>
   <div class='ocr_carea' id='block_1_82' title="bbox 2811 3317 3204 3394">
    <p class='ocr_par' dir='ltr' id='par_1_82' title="bbox 2811 3317 3204 3394">
     <span class='ocr_line' id='line_1_82' title="bbox 2811 3317 3204 3394; baseline 0.003 -19"><span class='ocrx_word' id='word_1_517' title='bbox 2811 3320 2994 3393; x_wconf 81' lang='lat' dir='ltr'><strong>(Anno</strong></span> <span class='ocrx_word' id='word_1_518' title='bbox 3051 3317 3204 3394; x_wconf 78' lang='lat'><strong>8&#39;18.)</strong></span> 
     </span>
    </p>
   </div>
   <div class='ocr_carea' id='block_1_83' title="bbox 2210 3403 3806 3482">
    <p class='ocr_par' dir='ltr' id='par_1_83' title="bbox 2210 3403 3806 3482">
     <span class='ocr_line' id='line_1_83' title="bbox 2210 3403 3806 3482; baseline 0.001 -20"><span class='ocrx_word' id='word_1_519' title='bbox 2210 3405 2384 3482; x_wconf 70' lang='lat' dir='ltr'><strong>lubet</strong></span> <span class='ocrx_word' id='word_1_520' title='bbox 2404 3403 2476 3463; x_wconf 84' lang='lat' dir='ltr'><strong>ut</strong></span> <span class='ocrx_word' id='word_1_521' title='bbox 2493 3423 2634 3482; x_wconf 70' lang='lat' dir='ltr'><strong>cum</strong></span> <span class='ocrx_word' id='word_1_522' title='bbox 2681 3409 3095 3482; x_wconf 63' lang='lat' dir='ltr'><strong>archiepiswpo</strong></span> <span class='ocrx_word' id='word_1_523' title='bbox 3139 3425 3276 3482; x_wconf 50' lang='lat' dir='ltr'><strong>suo,</strong></span> <span class='ocrx_word' id='word_1_524' title='bbox 3303 3408 3481 3466; x_wconf 81' lang='lat' dir='ltr'><strong>simul</strong></span> <span class='ocrx_word' id='word_1_525' title='bbox 3512 3427 3582 3466; x_wconf 88' lang='lat' dir='ltr'><strong>ac</strong></span> <span class='ocrx_word' id='word_1_526' title='bbox 3633 3411 3806 3467; x_wconf 79' lang='lat' dir='ltr'><strong>vocati</strong></span> 
     </span>
    </p>
   </div>
   <div class='ocr_carea' id='block_1_84' title="bbox 2351 3478 3669 3552">
    <p class='ocr_par' dir='ltr' id='par_1_84' title="bbox 2351 3478 3669 3552">
     <span class='ocr_line' id='line_1_84' title="bbox 2351 3478 3669 3552; baseline 0.002 -20"><span class='ocrx_word' id='word_1_527' title='bbox 2351 3478 2592 3547; x_wconf 78' lang='lat' dir='ltr'><strong>fuerint,</strong></span> <span class='ocrx_word' id='word_1_528' title='bbox 2631 3478 2704 3533; x_wconf 88' lang='lat' dir='ltr'><strong>ad</strong></span> <span class='ocrx_word' id='word_1_529' title='bbox 2751 3478 3074 3535; x_wconf 49' lang='lat' dir='ltr'><strong>Trec‘ensem</strong></span> <span class='ocrx_word' id='word_1_530' title='bbox 3103 3479 3376 3552; x_wconf 77' lang='lat' dir='ltr'><strong>synodum</strong></span> <span class='ocrx_word' id='word_1_531' title='bbox 3405 3483 3669 3536; x_wconf 78' lang='lat' dir='ltr'><strong>veniant.</strong></span> 
     </span>
    </p>
   </div>
   <div class='ocr_carea' id='block_1_85' title="bbox 2282 3573 3806 3662">
    <p class='ocr_par' dir='ltr' id='par_1_85' title="bbox 2282 3573 3806 3662">
     <span class='ocr_line' id='line_1_85' title="bbox 2282 3573 3806 3662; baseline 0.003 -24"><span class='ocrx_word' id='word_1_532' title='bbox 2282 3581 2548 3638; x_wconf 90' lang='lat' dir='ltr'><strong>Omnibus</strong></span> <span class='ocrx_word' id='word_1_533' title='bbox 2576 3584 2979 3640; x_wconf 87' lang='lat' dir='ltr'><strong>venerabilibus</strong></span> <span class='ocrx_word' id='word_1_534' title='bbox 3008 3585 3280 3657; x_wconf 88' lang='lat' dir='ltr'><strong>episcopis</strong></span> <span class='ocrx_word' id='word_1_535' title='bbox 3328 3573 3693 3662; x_wconf 75' lang='lat' dir='ltr'><strong>suffraganeis</strong></span> <span class='ocrx_word' id='word_1_536' title='bbox 3729 3601 3806 3642; x_wconf 89' lang='lat' dir='ltr'><strong>co-</strong></span> 
     </span>
    </p>
   </div>
   <div class='ocr_carea' id='block_1_86' title="bbox 2212 3670 3730 3746">
    <p class='ocr_par' dir='ltr' id='par_1_86' title="bbox 2212 3670 3730 3746">
     <span class='ocr_line' id='line_1_86' title="bbox 2212 3670 3730 3746; baseline 0.002 -20"><span class='ocrx_word' id='word_1_537' title='bbox 2212 3671 2454 3743; x_wconf 87' lang='lat' dir='ltr'><strong>episcopi</strong></span> <span class='ocrx_word' id='word_1_538' title='bbox 2484 3678 2538 3726; x_wconf 89' lang='lat' dir='ltr'><strong>et</strong></span> <span class='ocrx_word' id='word_1_539' title='bbox 2562 3670 2848 3729; x_wconf 84' lang='lat' dir='ltr'><strong>confratris</strong></span> <span class='ocrx_word' id='word_1_540' title='bbox 2876 3673 3049 3730; x_wconf 88' lang='lat' dir='ltr'><strong>nostri</strong></span> <span class='ocrx_word' id='word_1_541' title='bbox 3079 3672 3344 3746; x_wconf 82' lang='lat' dir='ltr'><strong>Rostagni</strong></span> <span class='ocrx_word' id='word_1_542' title='bbox 3375 3673 3730 3732; x_wconf 77' lang='lat' dir='ltr'><strong>Arelatensis.</strong></span> 
     </span>
    </p>
   </div>
   <div class='ocr_carea' id='block_1_87' title="bbox 2282 3747 3805 3834">
    <p class='ocr_par' dir='ltr' id='par_1_87' title="bbox 2282 3747 3805 3834">
     <span class='ocr_line' id='line_1_87' title="bbox 2282 3747 3805 3834; baseline 0.001 -20"><span class='ocrx_word' id='word_1_543' title='bbox 2282 3759 2483 3815; x_wconf 90' lang='lat' dir='ltr'><strong>Notum</strong></span> <span class='ocrx_word' id='word_1_544' title='bbox 2510 3759 2579 3815; x_wconf 90' lang='lat' dir='ltr'><strong>sit</strong></span> <span class='ocrx_word' id='word_1_545' title='bbox 2609 3759 2851 3832; x_wconf 87' lang='lat' dir='ltr'><strong>omnium</strong></span> <span class='ocrx_word' id='word_1_546' title='bbox 2881 3747 3147 3818; x_wconf 82' lang='lat' dir='ltr'><strong>sanctitati</strong></span> <span class='ocrx_word' id='word_1_547' title='bbox 3171 3761 3320 3834; x_wconf 88' lang='lat' dir='ltr'><strong>quia,</strong></span> <span class='ocrx_word' id='word_1_548' title='bbox 3355 3761 3594 3819; x_wconf 84' lang='lat' dir='ltr'><strong>Domino</strong></span> <span class='ocrx_word' id='word_1_549' title='bbox 3643 3764 3805 3834; x_wconf 84' lang='lat' dir='ltr'><strong>opitu-</strong></span> 
     </span>
    </p>
   </div>
   <div class='ocr_carea' id='block_1_88' title="bbox 2210 3847 3808 3926">
    <p class='ocr_par' dir='ltr' id='par_1_88' title="bbox 2210 3847 3808 3926">
     <span class='ocr_line' id='line_1_88' title="bbox 2210 3847 3808 3926; baseline 0.001 -23"><span class='ocrx_word' id='word_1_550' title='bbox 2210 3847 2371 3914; x_wconf 86' lang='lat' dir='ltr'><strong>laute,</strong></span> <span class='ocrx_word' id='word_1_551' title='bbox 2421 3849 2890 3918; x_wconf 87' lang='lat' dir='ltr'><strong>pernecessariam</strong></span> <span class='ocrx_word' id='word_1_552' title='bbox 2937 3849 3249 3915; x_wconf 87' lang='lat' dir='ltr'><strong>universam</strong></span> <span class='ocrx_word' id='word_1_553' title='bbox 3298 3851 3570 3926; x_wconf 74' lang='lat' dir='ltr'><strong>synodum</strong></span> <span class='ocrx_word' id='word_1_554' title='bbox 3624 3867 3808 3906; x_wconf 89' lang='lat' dir='ltr'><strong>sumus</strong></span> 
     </span>
    </p>
   </div>
   <div class='ocr_carea' id='block_1_89' title="bbox 2213 3937 3806 4011">
    <p class='ocr_par' dir='ltr' id='par_1_89' title="bbox 2213 3937 3806 4011">
     <span class='ocr_line' id='line_1_89' title="bbox 2213 3937 3806 4011; baseline 0.004 -19"><span class='ocrx_word' id='word_1_555' title='bbox 2213 3937 2536 3992; x_wconf 89' lang='lat' dir='ltr'><strong>celebraturi</strong></span> <span class='ocrx_word' id='word_1_556' title='bbox 2569 3954 2581 4008; x_wconf 90' lang='lat'>:_</span> <span class='ocrx_word' id='word_1_557' title='bbox 2615 3937 2684 3992; x_wconf 90' lang='lat' dir='ltr'><strong>ad</strong></span> <span class='ocrx_word' id='word_1_558' title='bbox 2730 3954 2910 4011; x_wconf 89' lang='lat' dir='ltr'><strong>quam,</strong></span> <span class='ocrx_word' id='word_1_559' title='bbox 2957 3954 3083 3994; x_wconf 87' lang='lat' dir='ltr'><strong>mox</strong></span> <span class='ocrx_word' id='word_1_560' title='bbox 3130 3946 3188 3994; x_wconf 87' lang='lat' dir='ltr'><strong>ut</strong></span> <span class='ocrx_word' id='word_1_561' title='bbox 3225 3944 3334 3995; x_wconf 90' lang='lat' dir='ltr'><strong>&#39;vos</strong></span> <span class='ocrx_word' id='word_1_562' title='bbox 3377 3940 3676 4011; x_wconf 65' lang='lat' dir='ltr'><strong>prmdictus</strong></span> <span class='ocrx_word' id='word_1_563' title='bbox 3723 3955 3806 3998; x_wconf 84' lang='lat' dir='ltr'><strong>ar-</strong></span> 
     </span>
    </p>
   </div>
   <div class='ocr_carea' id='block_1_90' title="bbox 2213 4023 3807 4098">
    <p class='ocr_par' dir='ltr' id='par_1_90' title="bbox 2213 4023 3807 4098">
     <span class='ocr_line' id='line_1_90' title="bbox 2213 4023 3807 4098; baseline 0.001 -16"><span class='ocrx_word' id='word_1_564' title='bbox 2213 4023 2589 4097; x_wconf 87' lang='lat' dir='ltr'><strong>chiepiscopus</strong></span> <span class='ocrx_word' id='word_1_565' title='bbox 2632 4033 2814 4082; x_wconf 86' lang='lat' dir='ltr'><strong>vester</strong></span> <span class='ocrx_word' id='word_1_566' title='bbox 2854 4027 3188 4098; x_wconf 86' lang='lat' dir='ltr'><strong>apostolatus</strong></span> <span class='ocrx_word' id='word_1_567' title='bbox 3227 4027 3401 4082; x_wconf 90' lang='lat' dir='ltr'><strong>nostri</strong></span> <span class='ocrx_word' id='word_1_568' title='bbox 3442 4028 3639 4086; x_wconf 88' lang='lat' dir='ltr'><strong>litteris</strong></span> <span class='ocrx_word' id='word_1_569' title='bbox 3681 4043 3807 4084; x_wconf 78' lang='lat' dir='ltr'><strong>con-</strong></span> 
     </span>
    </p>
   </div>
   <div class='ocr_carea' id='block_1_91' title="bbox 2187 4104 3807 4192">
    <p class='ocr_par' dir='ltr' id='par_1_91' title="bbox 2187 4104 3807 4192">
     <span class='ocr_line' id='line_1_91' title="bbox 2187 4104 3807 4192; baseline 0.004 -25"><span class='ocrx_word' id='word_1_570' title='bbox 2187 4113 2488 4187; x_wconf 7' lang='lat' dir='ltr'><strong>{vocaverit</strong></span> <span class='ocrx_word' id='word_1_571' title='bbox 2512 4157 2526 4181; x_wconf 93' lang='lat'><strong>,</strong></span> <span class='ocrx_word' id='word_1_572' title='bbox 2586 4113 2734 4184; x_wconf 86' lang='lat' dir='ltr'><strong>omni</strong></span> <span class='ocrx_word' id='word_1_573' title='bbox 2779 4114 3081 4187; x_wconf 88' lang='lat' dir='ltr'><strong>postposita</strong></span> <span class='ocrx_word' id='word_1_574' title='bbox 3126 4113 3440 4189; x_wconf 84' lang='lat' dir='ltr'><strong>occasione,</strong></span> <span class='ocrx_word' id='word_1_575' title='bbox 3483 4104 3807 4192; x_wconf 70' lang='lat' dir='ltr'><strong>obedientia</strong></span> 
     </span>
    </p>
   </div>
   <div class='ocr_carea' id='block_1_92' title="bbox 2191 4200 3809 4281">
    <p class='ocr_par' dir='ltr' id='par_1_92' title="bbox 2191 4200 3809 4281">
     <span class='ocr_line' id='line_1_92' title="bbox 2191 4200 3809 4281; baseline 0.001 -24"><span class='ocrx_word' id='word_1_576' title='bbox 2191 4200 2393 4281; x_wconf 86' lang='lat' dir='ltr'><strong>_vicino</strong></span> <span class='ocrx_word' id='word_1_577' title='bbox 2419 4217 2612 4274; x_wconf 89' lang='lat' dir='ltr'><strong>gressu</strong></span> <span class='ocrx_word' id='word_1_578' title='bbox 2641 4217 2929 4273; x_wconf 83' lang='lat' dir='ltr'><strong>occurrere</strong></span> <span class='ocrx_word' id='word_1_579' title='bbox 2959 4203 3220 4278; x_wconf 81' lang='lat' dir='ltr'><strong>satagatis</strong></span> <span class='ocrx_word' id='word_1_580' title='bbox 3252 4221 3265 4257; x_wconf 89' lang='lat'><strong>:</strong></span> <span class='ocrx_word' id='word_1_581' title='bbox 3299 4203 3557 4278; x_wconf 83' lang='lat' dir='ltr'><strong>quoniam</strong></span> <span class='ocrx_word' id='word_1_582' title='bbox 3588 4205 3724 4261; x_wconf 85' lang='lat' dir='ltr'><strong>sicut</strong></span> <span class='ocrx_word' id='word_1_583' title='bbox 3752 4205 3809 4259; x_wconf 90' lang='lat' dir='ltr'><strong>in</strong></span> 
     </span>
    </p>
   </div>
   <div class='ocr_carea' id='block_1_93' title="bbox 2193 4289 3808 4368">
    <p class='ocr_par' dir='ltr' id='par_1_93' title="bbox 2193 4289 3808 4368">
     <span class='ocr_line' id='line_1_93' title="bbox 2193 4289 3808 4368; baseline 0.002 -25"><span class='ocrx_word' id='word_1_584' title='bbox 2193 4289 2486 4368; x_wconf 71' lang='lat' dir='ltr'><strong>communi</strong></span> <span class='ocrx_word' id='word_1_585' title='bbox 2533 4299 2842 4357; x_wconf 88' lang='lat' dir='ltr'><strong>conventu,</strong></span> <span class='ocrx_word' id='word_1_586' title='bbox 2887 4291 3296 4365; x_wconf 84' lang='lat' dir='ltr'><strong>gratiaChristi</strong></span> <span class='ocrx_word' id='word_1_587' title='bbox 3338 4292 3513 4362; x_wconf 88' lang='lat' dir='ltr'><strong>duce,</strong></span> <span class='ocrx_word' id='word_1_588' title='bbox 3566 4291 3808 4366; x_wconf 87' lang='lat' dir='ltr'><strong>paternis</strong></span> 
     </span>
    </p>
   </div>
   <div class='ocr_carea' id='block_1_94' title="bbox 2119 4376 3806 4470">
    <p class='ocr_par' dir='ltr' id='par_1_94' title="bbox 2119 4376 3806 4470">
     <span class='ocr_line' id='line_1_94' title="bbox 2119 4376 3806 4470; baseline 0.003 -39"><span class='ocrx_word' id='word_1_589' title='bbox 2119 4409 2193 4470; x_wconf 83' lang='lat' dir='ltr'><strong>.D</strong></span> <span class='ocrx_word' id='word_1_590' title='bbox 2214 4376 2527 4449; x_wconf 89' lang='lat' dir='ltr'><strong>parentibus</strong></span> <span class='ocrx_word' id='word_1_591' title='bbox 2549 4378 2720 4449; x_wconf 87' lang='lat' dir='ltr'><strong>jussis</strong></span> <span class='ocrx_word' id='word_1_592' title='bbox 2749 4379 2852 4434; x_wconf 91' lang='lat' dir='ltr'><strong>erit</strong></span> <span class='ocrx_word' id='word_1_593' title='bbox 2881 4379 3157 4450; x_wconf 77' lang='lat' dir='ltr'><strong>exultatio,</strong></span> <span class='ocrx_word' id='word_1_594' title='bbox 3200 4379 3295 4450; x_wconf 80' lang='lat' dir='ltr'><strong>ita,</strong></span> <span class='ocrx_word' id='word_1_595' title='bbox 3337 4381 3485 4452; x_wconf 89' lang='lat' dir='ltr'><strong>quod</strong></span> <span class='ocrx_word' id='word_1_596' title='bbox 3515 4397 3626 4437; x_wconf 91' lang='lat' dir='ltr'><strong>non</strong></span> <span class='ocrx_word' id='word_1_597' title='bbox 3655 4388 3806 4453; x_wconf 83' lang='lat' dir='ltr'><strong>opta-</strong></span> 
     </span>
    </p>
   </div>
   <div class='ocr_carea' id='block_1_95' title="bbox 529 4432 3811 4563">
    <p class='ocr_par' dir='ltr' id='par_1_95' title="bbox 529 4432 3811 4563">
     <span class='ocr_line' id='line_1_95' title="bbox 529 4432 3811 4563; baseline -0.004 -29"><span class='ocrx_word' id='word_1_598' title='bbox 529 4495 597 4550; x_wconf 70' lang='lat' dir='ltr'><strong>m</strong></span> <span class='ocrx_word' id='word_1_599' title='bbox 631 4432 829 4549; x_wconf 60' lang='lat' dir='ltr'><strong>mm</strong></span> <span class='ocrx_word' id='word_1_600' title='bbox 857 4491 930 4546; x_wconf 65' lang='lat' dir='ltr'><strong>ad</strong></span> <span class='ocrx_word' id='word_1_601' title='bbox 948 4432 1530 4563; x_wconf 59' lang='grc' dir='ltr'><strong>,νηοατζῖιᾚηῖέῖέι</strong></span> <span class='ocrx_word' id='word_1_602' title='bbox 1549 4491 1878 4548; x_wconf 53' lang='lat' dir='ltr'><strong>magna”,</strong></span> <span class='ocrx_word' id='word_1_603' title='bbox 1894 4491 2113 4563; x_wconf 53' lang='lat' dir='ltr'><strong>cum,</strong></span> <span class='ocrx_word' id='word_1_604' title='bbox 2213 4432 2355 4563; x_wconf 72' lang='lat' dir='ltr'><strong>mus,</strong></span> <span class='ocrx_word' id='word_1_605' title='bbox 2389 4432 2827 4563; x_wconf 69' lang='lat' dir='ltr'><strong>subtrahentibus</strong></span> <span class='ocrx_word' id='word_1_606' title='bbox 2843 4432 2926 4522; x_wconf 47' lang='lat'><strong>..*</strong></span> <span class='ocrx_word' id='word_1_607' title='bbox 2943 4432 3157 4524; x_wconf 56' lang='lat' dir='ltr'><strong>an;</strong></span> <span class='ocrx_word' id='word_1_608' title='bbox 3197 4432 3409 4541; x_wconf 63' lang='grc' dir='ltr'><strong>ὲιῖἐειῖἇ</strong></span> <span class='ocrx_word' id='word_1_609' title='bbox 3421 4432 3811 4546; x_wconf 36' lang='lat' dir='ltr'><strong>{aliis}:</strong></span> 
     </span>
    </p>
   </div>
   <div class='ocr_carea' id='block_1_96' title="bbox 769 4561 2043 4637">
    <p class='ocr_par' dir='ltr' id='par_1_96' title="bbox 769 4561 2043 4637">
     <span class='ocr_line' id='line_1_96' title="bbox 769 4561 2043 4637; baseline 0.001 -20"><span class='ocrx_word' id='word_1_610' title='bbox 769 4561 1095 4637; x_wconf 30' lang='lat' dir='ltr'><strong>mittat‘qui</strong></span> <span class='ocrx_word' id='word_1_611' title='bbox 1116 4562 1538 4634; x_wconf 79' lang='lat' dir='ltr'><strong>pontiﬁcem-e0</strong></span> <span class='ocrx_word' id='word_1_612' title='bbox 1565 4561 1864 4620; x_wconf 73' lang='lat' dir='ltr'><strong>deducant.</strong></span> <span class='ocrx_word' id='word_1_613' title='bbox 1993 4561 2004 4563; x_wconf 73' lang='grc'><em>’</em></span> <span class='ocrx_word' id='word_1_614' title='bbox 2041 4625 2043 4627; x_wconf 46' lang='grc'><strong><em>,</em></strong></span> 
     </span>
    </p>
   </div>
   <div class='ocr_carea' id='block_1_97' title="bbox 590 4673 2113 4748">
    <p class='ocr_par' dir='ltr' id='par_1_97' title="bbox 590 4673 2113 4748">
     <span class='ocr_line' id='line_1_97' title="bbox 590 4673 2113 4748; baseline -0.001 -15"><span class='ocrx_word' id='word_1_615' title='bbox 590 4675 1050 4734; x_wconf 78' lang='lat' dir='ltr'><strong>Reverentissimo</strong></span> <span class='ocrx_word' id='word_1_616' title='bbox 1078 4676 1242 4730; x_wconf 71' lang='grc' dir='ltr'><strong>ΙεΑΑο</strong></span> <span class='ocrx_word' id='word_1_617' title='bbox 1270 4673 1562 4730; x_wconf 82' lang='lat' dir='ltr'><strong>venerabili</strong></span> <span class='ocrx_word' id='word_1_618' title='bbox 1607 4675 1866 4746; x_wconf 87' lang='lat' dir='ltr'><strong>episcopo</strong></span> <span class='ocrx_word' id='word_1_619' title='bbox 1914 4674 2113 4748; x_wconf 73' lang='lat' dir='ltr'><strong>Lingo-</strong></span> 
     </span>
    </p>
   </div>
   <div class='ocr_carea' id='block_1_98' title="bbox 517 4779 694 4820">
    <p class='ocr_par' dir='ltr' id='par_1_98' title="bbox 517 4779 694 4820">
     <span class='ocr_line' id='line_1_98' title="bbox 517 4779 694 4820; baseline -0.006 -1"><span class='ocrx_word' id='word_1_620' title='bbox 517 4779 694 4820; x_wconf 80' lang='lat' dir='ltr'><strong>nensi.</strong></span> 
     </span>
    </p>
   </div>
   <div class='ocr_carea' id='block_1_99' title="bbox 575 4859 2106 4933">
    <p class='ocr_par' dir='ltr' id='par_1_99' title="bbox 575 4859 2106 4933">
     <span class='ocr_line' id='line_1_99' title="bbox 575 4859 2106 4933; baseline -0.001 -16"><span class='ocrx_word' id='word_1_621' title='bbox 575 4861 743 4930; x_wconf 76' lang='lat' dir='ltr'><strong>Quod</strong></span> <span class='ocrx_word' id='word_1_622' title='bbox 773 4860 1040 4918; x_wconf 88' lang='lat' dir='ltr'><strong>sanctitati</strong></span> <span class='ocrx_word' id='word_1_623' title='bbox 1065 4868 1174 4917; x_wconf 66' lang='lat' dir='ltr'><strong>tum</strong></span> <span class='ocrx_word' id='word_1_624' title='bbox 1202 4867 1386 4916; x_wconf 88' lang='lat' dir='ltr'><strong>notum</strong></span> <span class='ocrx_word' id='word_1_625' title='bbox 1435 4875 1559 4915; x_wconf 90' lang='lat' dir='ltr'><strong>esse</strong></span> <span class='ocrx_word' id='word_1_626' title='bbox 1599 4873 1708 4914; x_wconf 90' lang='lat' dir='ltr'><strong>non</strong></span> <span class='ocrx_word' id='word_1_627' title='bbox 1755 4859 2106 4933; x_wconf 79' lang='lat' dir='ltr'><strong>ambigimus,</strong></span> 
     </span>
    </p>
   </div>
   <div class='ocr_carea' id='block_1_100' title="bbox 473 4947 2108 5022">
    <p class='ocr_par' dir='ltr' id='par_1_100' title="bbox 473 4947 2108 5022">
     <span class='ocr_line' id='line_1_100' title="bbox 473 4947 2108 5022; baseline 0 -18"><span class='ocrx_word' id='word_1_628' title='bbox 473 4982 476 4986; x_wconf 97' lang='lat'><strong><em>-</em></strong></span> <span class='ocrx_word' id='word_1_629' title='bbox 507 4959 613 5022; x_wconf 88' lang='lat' dir='ltr'><strong>pro</strong></span> <span class='ocrx_word' id='word_1_630' title='bbox 641 4956 951 5006; x_wconf 79' lang='lat' dir='ltr'><strong>sanctarum</strong></span> <span class='ocrx_word' id='word_1_631' title='bbox 965 4949 1336 5006; x_wconf 82' lang='lat' dir='ltr'><strong>ecclesiarum</strong></span> <span class='ocrx_word' id='word_1_632' title='bbox 1355 4954 1498 5004; x_wconf 89' lang='lat' dir='ltr'><strong>statu</strong></span> <span class='ocrx_word' id='word_1_633' title='bbox 1515 4948 1595 5003; x_wconf 88' lang='lat' dir='ltr'><strong>ad</strong></span> <span class='ocrx_word' id='word_1_634' title='bbox 1606 4947 1904 5003; x_wconf 85' lang='lat' dir='ltr'><strong>Galliarum</strong></span> <span class='ocrx_word' id='word_1_635' title='bbox 1925 4954 2108 5019; x_wconf 88' lang='lat' dir='ltr'><strong>partes</strong></span> 
     </span>
    </p>
   </div>
   <div class='ocr_carea' id='block_1_101' title="bbox 504 5035 2185 5110">
    <p class='ocr_par' dir='ltr' id='par_1_101' title="bbox 504 5035 2185 5110">
     <span class='ocr_line' id='line_1_101' title="bbox 504 5035 2185 5110; baseline -0.002 -15"><span class='ocrx_word' id='word_1_636' title='bbox 504 5038 847 5096; x_wconf 83' lang='lat' dir='ltr'><strong>devenimus.</strong></span> <span class='ocrx_word' id='word_1_637' title='bbox 901 5037 1272 5110; x_wconf 86' lang='lat' dir='ltr'><strong>Quapropter,</strong></span> <span class='ocrx_word' id='word_1_638' title='bbox 1317 5036 1548 5092; x_wconf 90' lang='lat' dir='ltr'><strong>Domino</strong></span> <span class='ocrx_word' id='word_1_639' title='bbox 1595 5035 1909 5103; x_wconf 79' lang='lat' dir='ltr'><strong>auxiliante,</strong></span> <span class='ocrx_word' id='word_1_640' title='bbox 1960 5035 2107 5106; x_wconf 85' lang='lat' dir='ltr'><strong>apud</strong></span> <span class='ocrx_word' id='word_1_641' title='bbox 2180 5085 2185 5091; x_wconf 94' lang='lat'><strong>.</strong></span> 
     </span>
    </p>
   </div>
   <div class='ocr_carea' id='block_1_102' title="bbox 501 5119 2110 5198">
    <p class='ocr_par' dir='ltr' id='par_1_102' title="bbox 501 5119 2110 5198">
     <span class='ocr_line' id='line_1_102' title="bbox 501 5119 2110 5198; baseline -0.002 -16"><span class='ocrx_word' id='word_1_642' title='bbox 501 5119 702 5184; x_wconf 81' lang='lat' dir='ltr'><strong>&#39;l‘recas</strong></span> <span class='ocrx_word' id='word_1_643' title='bbox 731 5126 1001 5198; x_wconf 86' lang='lat' dir='ltr'><strong>synodum</strong></span> <span class='ocrx_word' id='word_1_644' title='bbox 1030 5139 1218 5180; x_wconf 88' lang='lat' dir='ltr'><strong>sumus</strong></span> <span class='ocrx_word' id='word_1_645' title='bbox 1249 5124 1599 5191; x_wconf 88' lang='lat' dir='ltr'><strong>celebraturi,</strong></span> <span class='ocrx_word' id='word_1_646' title='bbox 1619 5125 1886 5196; x_wconf 85' lang='lat' dir='ltr'><strong>adquam</strong></span> <span class='ocrx_word' id='word_1_647' title='bbox 1915 5123 2110 5180; x_wconf 86' lang='lat' dir='ltr'><strong>sancti-</strong></span> 
     </span>
    </p>
   </div>
   <div class='ocr_carea' id='block_1_103' title="bbox 499 5212 2104 5286">
    <p class='ocr_par' dir='ltr' id='par_1_103' title="bbox 499 5212 2104 5286">
     <span class='ocr_line' id='line_1_103' title="bbox 499 5212 2104 5286; baseline -0.001 -16"><span class='ocrx_word' id='word_1_648' title='bbox 499 5222 668 5271; x_wconf 88' lang='lat' dir='ltr'><strong>tatem</strong></span> <span class='ocrx_word' id='word_1_649' title='bbox 699 5223 841 5286; x_wconf 86' lang='lat' dir='ltr'><strong>tuam</strong></span> <span class='ocrx_word' id='word_1_650' title='bbox 889 5213 1141 5270; x_wconf 89' lang='lat' dir='ltr'><strong>volumus</strong></span> <span class='ocrx_word' id='word_1_651' title='bbox 1185 5212 1406 5269; x_wconf 87' lang='lat' dir='ltr'><strong>omnino</strong></span> <span class='ocrx_word' id='word_1_652' title='bbox 1456 5213 1668 5269; x_wconf 85' lang='lat' dir='ltr'><strong>adesse.</strong></span> <span class='ocrx_word' id='word_1_653' title='bbox 1719 5212 1878 5268; x_wconf 89' lang='lat' dir='ltr'><strong>Prius</strong></span> <span class='ocrx_word' id='word_1_654' title='bbox 1920 5219 2104 5268; x_wconf 86' lang='lat' dir='ltr'><strong>tamen</strong></span> 
     </span>
    </p>
   </div>
   <div class='ocr_carea' id='block_1_104' title="bbox 494 5299 2104 5373">
    <p class='ocr_par' dir='ltr' id='par_1_104' title="bbox 494 5299 2104 5373">
     <span class='ocr_line' id='line_1_104' title="bbox 494 5299 2104 5373; baseline -0.002 -15"><span class='ocrx_word' id='word_1_655' title='bbox 494 5302 880 5359; x_wconf 84' lang='lat' dir='ltr'><strong>venerabilitas</strong></span> <span class='ocrx_word' id='word_1_656' title='bbox 918 5309 1007 5358; x_wconf 86' lang='lat' dir='ltr'><strong>tua</strong></span> <span class='ocrx_word' id='word_1_657' title='bbox 1043 5299 1205 5358; x_wconf 89' lang='lat' dir='ltr'><strong>nobis</strong></span> <span class='ocrx_word' id='word_1_658' title='bbox 1255 5300 1455 5356; x_wconf 87' lang='lat' dir='ltr'><strong>missos</strong></span> <span class='ocrx_word' id='word_1_659' title='bbox 1500 5301 1833 5357; x_wconf 83' lang='lat' dir='ltr'><strong>Cabilonum.</strong></span> <span class='ocrx_word' id='word_1_660' title='bbox 1864 5299 2104 5373; x_wconf 81' lang='lat' dir='ltr'><strong>dirigere</strong></span> 
     </span>
    </p>
   </div>
   <div class='ocr_carea' id='block_1_105' title="bbox 491 5388 2172 5463">
    <p class='ocr_par' dir='ltr' id='par_1_105' title="bbox 491 5388 2172 5463">
     <span class='ocr_line' id='line_1_105' title="bbox 491 5388 2172 5463; baseline 0.001 -19"><span class='ocrx_word' id='word_1_661' title='bbox 491 5390 746 5456; x_wconf 85' lang='lat' dir='ltr'><strong>studeat,</strong></span> <span class='ocrx_word' id='word_1_662' title='bbox 809 5391 902 5463; x_wconf 83' lang='lat' dir='ltr'><strong>qui</strong></span> <span class='ocrx_word' id='word_1_663' title='bbox 949 5390 1054 5446; x_wconf 88' lang='lat' dir='ltr'><strong>iter</strong></span> <span class='ocrx_word' id='word_1_664' title='bbox 1091 5397 1345 5446; x_wconf 83' lang='lat' dir='ltr'><strong>nostrum</strong></span> <span class='ocrx_word' id='word_1_665' title='bbox 1393 5393 1548 5445; x_wconf 78' lang='lat' dir='ltr'><strong>recto</strong></span> <span class='ocrx_word' id='word_1_666' title='bbox 1587 5389 1804 5444; x_wconf 87' lang='lat' dir='ltr'><strong>tramite</strong></span> <span class='ocrx_word' id='word_1_667' title='bbox 1849 5388 1919 5445; x_wconf 80' lang='lat' dir='ltr'><strong>ad</strong></span> <span class='ocrx_word' id='word_1_668' title='bbox 1960 5403 2104 5460; x_wconf 67' lang='lat' dir='ltr'><strong>prc-</strong></span> <span class='ocrx_word' id='word_1_669' title='bbox 2169 5411 2172 5415; x_wconf 91' lang='grc'><strong>·</strong></span> 
     </span>
    </p>
   </div>
   <div class='ocr_carea' id='block_1_106' title="bbox 489 5475 2099 5552">
    <p class='ocr_par' dir='ltr' id='par_1_106' title="bbox 489 5475 2099 5552">
     <span class='ocr_line' id='line_1_106' title="bbox 489 5475 2099 5552; baseline 0.001 -18"><span class='ocrx_word' id='word_1_670' title='bbox 489 5475 700 5534; x_wconf 82' lang='lat' dir='ltr'><strong>dictum</strong></span> <span class='ocrx_word' id='word_1_671' title='bbox 741 5477 980 5552; x_wconf 68' lang='lat' dir='ltr'><strong>dirigant</strong></span> <span class='ocrx_word' id='word_1_672' title='bbox 1026 5475 1242 5551; x_wconf 58' lang='lat' dir='ltr'><strong>locarat;</strong></span> <span class='ocrx_word' id='word_1_673' title='bbox 1274 5486 1330 5534; x_wconf 89' lang='lat' dir='ltr'><strong>et</strong></span> <span class='ocrx_word' id='word_1_674' title='bbox 1347 5491 1460 5548; x_wconf 83' lang='lat' dir='ltr'><strong>per</strong></span> <span class='ocrx_word' id='word_1_675' title='bbox 1497 5479 1818 5548; x_wconf 77' lang='lat' dir='ltr'><strong>parochiam</strong></span> <span class='ocrx_word' id='word_1_676' title='bbox 1858 5485 2099 5535; x_wconf 76' lang='lat' dir='ltr'><strong>vestram</strong></span> 
     </span>
    </p>
   </div>
   <div class='ocr_carea' id='block_1_107' title="bbox 2188 4553 3808 4631">
    <p class='ocr_par' dir='ltr' id='par_1_107' title="bbox 2188 4553 3808 4631">
     <span class='ocr_line' id='line_1_107' title="bbox 2188 4553 3808 4631; baseline 0.002 -24"><span class='ocrx_word' id='word_1_677' title='bbox 2188 4553 2568 4610; x_wconf 78' lang='lat' dir='ltr'><strong>&#39;subsecutura</strong></span> <span class='ocrx_word' id='word_1_678' title='bbox 2598 4553 2866 4611; x_wconf 84' lang='lat' dir='ltr'><strong>confusio.</strong></span> <span class='ocrx_word' id='word_1_679' title='bbox 2898 4555 3057 4628; x_wconf 86' lang='lat' dir='ltr'><strong>Apud</strong></span> <span class='ocrx_word' id='word_1_680' title='bbox 3085 4555 3277 4630; x_wconf 85' lang='lat' dir='ltr'><strong>urbem</strong></span> <span class='ocrx_word' id='word_1_681' title='bbox 3317 4555 3720 4631; x_wconf 84' lang='lat' dir='ltr'><strong>Lingonensem</strong></span> <span class='ocrx_word' id='word_1_682' title='bbox 3750 4569 3808 4611; x_wconf 80' lang='lat' dir='ltr'><strong>Iv</strong></span> 
     </span>
    </p>
   </div>
   <div class='ocr_carea' id='block_1_108' title="bbox 2209 4641 3809 4720">
    <p class='ocr_par' dir='ltr' id='par_1_108' title="bbox 2209 4641 3809 4720">
     <span class='ocr_line' id='line_1_108' title="bbox 2209 4641 3809 4720; baseline 0.004 -24"><span class='ocrx_word' id='word_1_683' title='bbox 2209 4641 2358 4697; x_wconf 74' lang='lat' dir='ltr'><strong>Non.</strong></span> <span class='ocrx_word' id='word_1_684' title='bbox 2406 4641 2613 4698; x_wconf 74' lang='lat' dir='ltr'><strong>lunias.</strong></span> <span class='ocrx_word' id='word_1_685' title='bbox 2675 4643 2956 4699; x_wconf 82' lang='lat' dir='ltr'><strong>Similiter</strong></span> <span class='ocrx_word' id='word_1_686' title='bbox 3009 4644 3338 4701; x_wconf 77' lang='lat' dir='ltr'><strong>Otteramno</strong></span> <span class='ocrx_word' id='word_1_687' title='bbox 3391 4646 3809 4720; x_wconf 75' lang='lat' dir='ltr'><strong>archiepiscopo</strong></span> 
     </span>
    </p>
   </div>
   <div class='ocr_carea' id='block_1_109' title="bbox 2185 4725 3802 4807">
    <p class='ocr_par' dir='ltr' id='par_1_109' title="bbox 2185 4725 3802 4807">
     <span class='ocr_line' id='line_1_109' title="bbox 2185 4725 3802 4807; baseline 0.002 -21"><span class='ocrx_word' id='word_1_688' title='bbox 2185 4725 2516 4787; x_wconf 61' lang='lat' dir='ltr'><strong>Viennensi</strong></span> <span class='ocrx_word' id='word_1_689' title='bbox 2537 4774 2576 4806; x_wconf 93' lang='lat'><strong>,_</strong></span> <span class='ocrx_word' id='word_1_690' title='bbox 2601 4732 2907 4788; x_wconf 76' lang='lat' dir='ltr'><strong>Aureliano</strong></span> <span class='ocrx_word' id='word_1_691' title='bbox 2953 4731 3366 4806; x_wconf 81' lang='lat' dir='ltr'><strong>archiepiscopo</strong></span> <span class='ocrx_word' id='word_1_692' title='bbox 3402 4733 3768 4807; x_wconf 77' lang='lat' dir='ltr'><strong>Lugdunenst&#39;</strong></span> <span class='ocrx_word' id='word_1_693' title='bbox 3787 4775 3802 4797; x_wconf 92' lang='lat'><strong>,</strong></span> 
     </span>
    </p>
   </div>
   <div class='ocr_carea' id='block_1_110' title="bbox 2183 4817 3805 4894">
    <p class='ocr_par' dir='ltr' id='par_1_110' title="bbox 2183 4817 3805 4894">
     <span class='ocr_line' id='line_1_110' title="bbox 2183 4817 3805 4894; baseline 0.002 -19"><span class='ocrx_word' id='word_1_694' title='bbox 2183 4819 2463 4892; x_wconf 28' lang='lat' dir='ltr'><strong>:Rotberto</strong></span> <span class='ocrx_word' id='word_1_695' title='bbox 2484 4817 2896 4894; x_wconf 82' lang='lat' dir='ltr'><strong>archiepiscopo</strong></span> <span class='ocrx_word' id='word_1_696' title='bbox 2934 4819 3198 4891; x_wconf 80' lang='lat' dir='ltr'><strong>Aquensi,</strong></span> <span class='ocrx_word' id='word_1_697' title='bbox 3237 4822 3561 4880; x_wconf 79' lang='lat' dir='ltr'><strong>Teutranno</strong></span> <span class='ocrx_word' id='word_1_698' title='bbox 3591 4822 3805 4878; x_wconf 84' lang='lat' dir='ltr'><strong>archie-</strong></span> 
     </span>
    </p>
   </div>
   <div class='ocr_carea' id='block_1_111' title="bbox 2203 4905 3802 4983">
    <p class='ocr_par' dir='ltr' id='par_1_111' title="bbox 2203 4905 3802 4983">
     <span class='ocr_line' id='line_1_111' title="bbox 2203 4905 3802 4983; baseline 0.001 -22"><span class='ocrx_word' id='word_1_699' title='bbox 2203 4905 2427 4980; x_wconf 85' lang='lat' dir='ltr'><strong>piscopo</strong></span> <span class='ocrx_word' id='word_1_700' title='bbox 2457 4907 2904 4974; x_wconf 77' lang='lat' dir='ltr'><strong>Tarantasienst,</strong></span> <span class='ocrx_word' id='word_1_701' title='bbox 2951 4907 3198 4979; x_wconf 80' lang='lat' dir='ltr'><strong>Sigibo’do</strong></span> <span class='ocrx_word' id='word_1_702' title='bbox 3219 4909 3634 4983; x_wconf 81' lang='lat' dir='ltr'><strong>archiepiscopo</strong></span> <span class='ocrx_word' id='word_1_703' title='bbox 3657 4909 3802 4964; x_wconf 79' lang='lat' dir='ltr'><strong>Nar-</strong></span> 
     </span>
    </p>
   </div>
   <div class='ocr_carea' id='block_1_112' title="bbox 2206 4989 3599 5071">
    <p class='ocr_par' dir='ltr' id='par_1_112' title="bbox 2206 4989 3599 5071">
     <span class='ocr_line' id='line_1_112' title="bbox 2206 4989 3599 5071; baseline 0.001 -21"><span class='ocrx_word' id='word_1_704' title='bbox 2206 4993 2456 5060; x_wconf 79' lang='lat' dir='ltr'><strong>bonensi,</strong></span> <span class='ocrx_word' id='word_1_705' title='bbox 2486 4995 2739 5052; x_wconf 81' lang='lat' dir='ltr'><strong>Ariberto</strong></span> <span class='ocrx_word' id='word_1_706' title='bbox 2759 4995 3174 5071; x_wconf 81' lang='lat' dir='ltr'><strong>archiepiscapo</strong></span> <span class='ocrx_word' id='word_1_707' title='bbox 3195 4989 3599 5054; x_wconf 80' lang='lat' dir='ltr'><strong>Ebredimemi.</strong></span> 
     </span>
    </p>
   </div>
   <div class='ocr_carea' id='block_1_113' title="bbox 2877 5123 3126 5181">
    <p class='ocr_par' dir='ltr' id='par_1_113' title="bbox 2877 5123 3126 5181">
     <span class='ocr_line' id='line_1_113' title="bbox 2877 5123 3126 5181; baseline -0.004 -1"><span class='ocrx_word' id='word_1_708' title='bbox 2877 5123 3126 5181; x_wconf 81' lang='lat' dir='ltr'><strong>CXXIX.</strong></span> 
     </span>
    </p>
   </div>
   <div class='ocr_carea' id='block_1_114' title="bbox 2378 5222 3621 5270">
    <p class='ocr_par' dir='ltr' id='par_1_114' title="bbox 2378 5222 3621 5270">
     <span class='ocr_line' id='line_1_114' title="bbox 2378 5222 3621 5270; baseline 0.004 -5"><span class='ocrx_word' id='word_1_709' title='bbox 2378 5223 2460 5266; x_wconf 70' lang='grc' dir='ltr'><strong>ΑΒ</strong></span> <span class='ocrx_word' id='word_1_710' title='bbox 2488 5222 2843 5268; x_wconf 59' lang='lat' dir='ltr'><strong>“VERBth</strong></span> <span class='ocrx_word' id='word_1_711' title='bbox 2878 5222 3085 5268; x_wconf 66' lang='grc' dir='ltr'><strong>ειυιωι</strong></span> <span class='ocrx_word' id='word_1_712' title='bbox 3134 5225 3621 5270; x_wconf 63' lang='lat' dir='ltr'><strong>“memoras.</strong></span> 
     </span>
    </p>
   </div>
   <div class='ocr_carea' id='block_1_115' title="bbox 2816 5300 3187 5371">
    <p class='ocr_par' dir='ltr' id='par_1_115' title="bbox 2816 5300 3187 5371">
     <span class='ocr_line' id='line_1_115' title="bbox 2816 5300 3187 5371; baseline 0.005 -17"><span class='ocrx_word' id='word_1_713' title='bbox 2816 5300 2997 5371; x_wconf 76' lang='lat' dir='ltr'><strong>(Anno</strong></span> <span class='ocrx_word' id='word_1_714' title='bbox 3041 5301 3187 5370; x_wconf 84' lang='lat'><strong>878.)</strong></span> 
     </span>
    </p>
   </div>
   <div class='ocr_carea' id='block_1_116' title="bbox 2271 5386 3807 5458">
    <p class='ocr_par' dir='ltr' id='par_1_116' title="bbox 2271 5386 3807 5458">
     <span class='ocr_line' id='line_1_116' title="bbox 2271 5386 3807 5458; baseline 0 -15"><span class='ocrx_word' id='word_1_715' title='bbox 2271 5386 2568 5443; x_wconf 71' lang='lat' dir='ltr'><strong>HINGIAIO</strong></span> <span class='ocrx_word' id='word_1_716' title='bbox 2591 5386 3008 5458; x_wconf 83' lang='lat' dir='ltr'><strong>archiepiscopo</strong></span> <span class='ocrx_word' id='word_1_717' title='bbox 3035 5388 3350 5455; x_wconf 77' lang='lat' dir='ltr'><strong>Rhemeusi,</strong></span> <span class='ocrx_word' id='word_1_718' title='bbox 3399 5393 3671 5447; x_wconf 72' lang='lat' dir='ltr'><strong>meum</strong></span> <span class='ocrx_word' id='word_1_719' title='bbox 3716 5404 3807 5443; x_wconf 78' lang='lat' dir='ltr'><strong>ar-</strong></span> 
     </span>
    </p>
   </div>
   <div class='ocr_carea' id='block_1_117' title="bbox 2196 5473 3798 5550">
    <p class='ocr_par' dir='ltr' id='par_1_117' title="bbox 2196 5473 3798 5550">
     <span class='ocr_line' id='line_1_117' title="bbox 2196 5473 3798 5550; baseline 0.002 -20"><span class='ocrx_word' id='word_1_720' title='bbox 2196 5473 2546 5547; x_wconf 80' lang='lat' dir='ltr'><strong>chiepiscopo</strong></span> <span class='ocrx_word' id='word_1_721' title='bbox 2573 5474 2900 5541; x_wconf 72' lang='lat' dir='ltr'><strong>Semensi,</strong></span> <span class='ocrx_word' id='word_1_722' title='bbox 2925 5475 3228 5534; x_wconf 68' lang='grc' dir='ltr'><strong>Εισπιιιιο-</strong></span> <span class='ocrx_word' id='word_1_723' title='bbox 3257 5477 3665 5550; x_wconf 75' lang='lat' dir='ltr'><strong>archiepiscopo</strong></span> <span class='ocrx_word' id='word_1_724' title='bbox 3697 5476 3798 5533; x_wconf 75' lang='lat' dir='ltr'><strong>li-</strong></span> 
     </span>
    </p>
   </div>
  </div>
