4072 6186
281 268 376 324 781

1483 256 1840 315 EPISTOLzE
1893 259 1982 314 ET
2039 260 2382 318 DECRETA.

3460 268 3564 326 782

279 390 792 456 turicensi,Joaxvm
819 388 1232 459 archiepiscopo
1263 382 1709 456 Rothomagensi,
1734 384 1880 436 ΑΒΕ·-
1908 386 1958 442 A
1979 383 2093 452 jam
2146 385 2239 440 diu
2296 387 2567 457 suspensi,
2628 402 2914 443 monemus
2969 388 3299 444 fraternitam
3340 396 3484 445 tuam
3513 398 3573 445 ut

279 494 461 535 uano
492 478 903 550 archiepiscopo
932 476 1255 543 Turonensi,
1290 491 1321 530 a
1349 472 1588 545 paribus.

1979 472 2135 527 nobis
2163 471 2319 529 citius
2344 488 2637 530 occurrere
2687 491 2811 531 cum
2853 474 2960 531 tuis
3005 473 3382 550 suﬁ‘raganeis,
3432 491 3572 549 quos

352 567 629 623 Canonica
670 565 912 622 instituta
959 572 1261 629 servantes,
1311 568 1529 633 oportet
1568 575 1689 629 nos,
1736 571 1878 630 quo-
1976 568 2157 616 tecum
2204 561 2475 618 adducere
2522 562 2939 633 praesentialiter
2984 565 3208 636 poteris,
3260 581 3368 621 non
3410 564 3573 622 diffe-

279 656 603 727 tiescunque
630 654 892 711 Ecclesiae
921 654 1170 727 ingerunt
1201 651 1507 724 passiones,
1533 647 1879 703 sacerdotum

278 743 515 816 collegia
543 758 870 816 aggregare,
903 751 958 797 ut
983 742 1067 797 his
1098 739 1258 796 simul
1286 736 1753 800 convenientibus,
1787 748 1878 789 sa-

282 831 438 886 lubre
470 830 739 887 universa:
768 830 1029 887 Ecclesiae
1075 827 1382 893 consilium,
1434 832 1487 881 et
1525 824 1687 880 totius
1717 821 1878 878 Chri-

286 919 570 974 stianitatis
599 917 760 974 ﬁdem
793 918 971 974 eidem
1013 917 1313 988 imponant,
1345 922 1398 970 et
1427 912 1736 986 mquitalum
1763 926 1880 965 mo-

283 1006 562 1062 deramina
591 1014 789 1079 queant
820 1022 1063 1078 congrue
1091 1003 1341 1058 dilaniari
1380 1002 1477 1074 [αι.
1510 998 1881 1055 moderamine

286 1111 340 1165 q.
390 1110 441 1150 c.
482 1094 733 1160 dilimari,
774 1094 831 1149 id
878 1098 963 1149 est
1010 1090 1344 1162 examinari].
1398 1088 1609 1145 Idcirco
1645 1094 1879 1143 vestram

283 1185 566 1239 hortamur
607 1181 973 1247 sanctitatem,
1038 1181 1167 1235 dum
1222 1180 1291 1234 de
1347 1176 1606 1233 Ludovici
1654 1173 1881 1247 gloriosi

284 1272 432 1343 regis
461 1270 700 1327 adventu
727 1268 1031 1336 audieritis,
1050 1268 1269 1340 quando
1291 1266 1360 1322 ad
1376 1281 1477 1321 nos
1507 1264 1693 1320 venire
1723 1277 1883 1319 cona-

282 1359 443 1425 verit,
468 1359 526 1413 in
554 1374 620 1414 eo
649 1358 771 1413 loco
801 1356 1131 1413 celebraturi
1164 1355 1453 1411 concilium
1486 1353 1692 1409 incerte
1724 1358 1880 1406 tene—

286 1464 429 1512 mus,
463 1447 560 1501 sed
591 1461 689 1502 vos
715 1445 997 1501 audientes
1019 1442 1388 1515 comperietis,
1410 1457 1538 1497 mox
1556 1448 1615 1495 ut
1640 1454 1882 1511 praesen-

1979 663 2089 714 ras,
2148 657 2206 704 ut
2262 649 2423 705 simul
2480 650 2549 706 de
2603 650 2831 709 utilitate
2876 652 3139 709 Ecclesiae
3178 661 3285 709 tuae
3339 660 3575 710 tractare

1979 736 2274 792 valeamus.
2331 738 2727 795 Innotescimus
2781 740 3015 812 denique
3073 742 3199 812 quia
3244 740 3576 797 venerabilis

1981 823 2148 880 frater
2201 833 2253 881 et
2308 827 2667 899 coepiscopus
2721 836 2912 884 noster
2962 828 3269 898 Bernarius,
3332 838 3579 886 nostram

1980 927 2153 985 nuper
2209 914 2438 970 audiens
2493 916 2865 986 praesentiam,
2927 916 3239 973 reclamavit
3295 933 3354 972 se
3411 933 3579 988 super

1980 1000 2148 1057 fratre
2176 1002 2471 1058 Adalberto
2500 1003 2852 1076 suﬂ‘raganeo
2882 1012 2996 1069 tuo,
3029 1005 3098 1061 de
3128 1021 3236 1079 quo
3261 1006 3371 1074 jam
3394 1006 3581 1062 Roma

1980 1089 2411 1161 proclamaverat
2442 1099 2495 1147 et
2523 1091 2766 1148 libellum
2807 1109 2921 1149 suae
2965 1093 3365 1149 reclamationis
3388 1100 3578 1149 osten-

1981 1178 2153 1233 derat.
2186 1179 2342 1235 Unde
2368 1179 2464 1235 tibi
2493 1188 2546 1235 et
2580 1178 2876 1236 Viennensi
2924 1181 3335 1253 archiepiscopo
3373 1181 3583 1253 episto-

1981 1265 2065 1323 las
2112 1266 2430 1333 direximus,
2475 1275 2534 1323 ut
2580 1268 2865 1324 amborum
2913 1269 3276 1341 querimonias
3311 1268 3582 1325 ventilan-

1981 1362 2083 1423 tes,
2118 1372 2239 1427 quae
2270 1370 2541 1412 canonum
2592 1364 2719 1411 sunt
2762 1356 3005 1413 instituta
3051 1357 3417 1428 dijudicaretis
3451 1375 3465 1412 :
3497 1357 3585 1413 in-

1983 1458 2151 1513 super
2189 1444 2572 1500 Arelatensem
2623 1445 3118 1517 archiepiscopum,
3150 1446 3589 1502 Valentinensem

290 1545 373 1592 tes
418 1533 767 1605 susceperitis
813 1542 1031 1588 nostras
1078 1531 1407 1603 apostolicas
1453 1529 1688 1596 litteras,
1734 1526 1884 1582 omni
1985 1547 2201 1603 quoque
2245 1540 2299 1587 et
2345 1532 2718 1588 Vivariensem
2766 1534 3079 1605 episcOpus,
3129 1533 3255 1589 huic
3303 1532 3591 1590 assertioni

288 1641 440 1679 mora
469 1622 725 1694 seposita,
756 1622 825 1677 ad
856 1638 958 1677 nos
988 1622 1174 1676 venire
1205 1636 1316 1675 non
1344 1615 1624 1673 diﬁ‘eralis.
1659 1617 1738 1670 Ita
1764 1629 1885 1686 pro-
1984 1626 2150 1674 testes
2180 1619 2378 1676 adesse
2404 1619 2685 1690 jussimus.
2738 1622 2847 1678 Sed
2895 1622 3019 1694 quia
3048 1621 3216 1679 variis
3243 1622 3589 1695 prmpediené

287 1712 434 1768 fecto
490 1712 559 1767 de
605 1718 799 1767 vestrae
863 1707 1231 1764 unanimitatis
1288 1714 1341 1762 et
1392 1705 1543 1779 pacis
1597 1701 1885 1760 concordia
1912 1706 2129 1792 Btibus
2158 1707 2360 1775 causis,
2394 1708 2655 1766 hactenus
2693 1726 2884 1765 eorum
2912 1710 3220 1767 indiscussa
3249 1718 3429 1766 manet
3458 1725 3590 1767 cau-

288 1799 487 1856 mentis
511 1798 822 1870 jucunditas
859 1797 1079 1853 uberius
1121 1794 1525 1866 multiplicetur,
1556 1801 1615 1847 ut
1645 1807 1888 1848 conven-
1990 1795 2150 1865 satio,
2177 1796 2294 1865 jam
2323 1796 2671 1869 praecipimus
2718 1799 2975 1854 monendi
3021 1798 3345 1855 auctoritate
3377 1806 3434 1853 ut
3463 1798 3591 1854 ubi-

289 1898 377 1944 tus
405 1889 806 1954 universorum,
834 1894 887 1941 et
906 1893 1101 1941 vestrae
1120 1883 1425 1939 devotionis
1446 1896 1764 1946 conversus,
1790 1893 1891 1934 nec
1990 1899 2205 1956 cunque
2260 1899 2293 1939 a
2350 1884 2509 1941 nobis
2564 1883 2723 1940 fuerit
2779 1887 3020 1958 synodus
3064 1886 3286 1954 indicta,
3327 1887 3590 1944 canonice

289 1977 469 2034 solum
498 1976 570 2032 ad
601 1974 839 2030 favorem
870 1974 1171 2040 hominum,
1196 1972 1293 2027 sed
1314 1970 1563 2027 ecclesiis
1586 1968 1654 2024 ad
1674 1968 1892 2024 laudem
1990 1988 2112 2027 eum
2169 1971 2304 2027 inibi
2358 1972 2555 2029 adesse
2597 1974 2811 2044 jubeas,
2857 1982 3103 2046 paratum
3142 1976 3197 2030 in
3242 1976 3493 2031 omnibus
3519 1975 3589 2031 ad

286 2065 631 2137 potissimum
658 2062 908 2135 proﬁciat
939 2060 1228 2118 Creatoris.
1278 2059 1546 2131 Optamus
1576 2056 1890 2113 fraternita—
1991 2060 2253 2115 rationem
2284 2059 2639 2117 reddendam.
2675 2060 2835 2131 Quod
2864 2064 2910 2118 si
2939 2061 3191 2128 defuerit,
3227 2062 3350 2118 vide
3376 2079 3445 2118 ne
3471 2063 3587 2132 ejus

289 2161 400 2209 tem
432 2160 671 2210 vestram
721 2152 777 2206 in
823 2151 1047 2207 Christo'
1083 2150 1224 2207 bene
1268 2147 1469 2204 valere.
1513 2147 1651 2202 Data
1678 2161 1735 2199 IV
1764 2144 1893 2199 Idus
1991 2147 2047 2202 in
2089 2155 2140 2204 te
2189 2157 2572 2221 retorqueatur
2624 2150 2887 2206 sententia
2921 2168 2935 2206 :
2968 2151 3085 2222 ipse
3121 2166 3250 2206 vero
3279 2151 3435 2219 sciat,
3469 2166 3497 2205 a
3526 2165 3586 2206 se

286 2240 496 2307 Iunias,
530 2240 641 2295 ind.
674 2255 753 2295 ιιι.

626 2340 635 2351 ⁸
975 2327 1201 2384 CXXX.

744 2432 816 2471 AD
852 2432 1125 2471 HUGONEM
1161 2429 1439 2470 ABBATEI.

921 2504 1100 2577 (Anno
1131 2505 1280 2574 878.)

292 2611 569 2667 Hortatur
611 2604 847 2662 suadeat
892 2602 1161 2658 Ludovico
1199 2601 1317 2673 regi
1344 2605 1412 2673 ut
1452 2600 1523 2656 ad
1560 2616 1618 2655 se
1650 2599 1840 2673 veniat
1872 2617 1890 2653 :

365 2680 557 2734 monet
592 2676 766 2731 etiam
811 2677 877 2729 ut
919 2689 979 2729 se
1019 2691 1053 2729 α
1080 2670 1451 2747 quorumdam
1498 2670 1891 2727 communione

366 2750 609 2821 separet.

362 2846 587 2901 Honora
645 2851 884 2910 strenuo,
944 2840 1151 2906 nobili,
1211 2839 1381 2913 regali
1438 2837 1690 2910 prosapie
1746 2836 1891 2893 edito

291 2943 457 3008 atque
487 2929 941 2988 excellentissimo
971 2928 1171 2984 abbati.

1990 2235 2060 2291 de
2089 2235 2338 2292 absentia
2369 2254 2469 2293 sua
2496 2236 2707 2294 lucrum
2749 2254 2860 2295 non
2889 2238 3319 2311 percipiendum.
3355 2239 3493 2295 Data
3521 2242 3587 2295 ut

1990 2340 2184 2397 supra.

2659 2414 2937 2471 CXXXII.

2087 2514 2160 2555 ΑΙ)
2189 2516 2527 2560 ROSTAGNUM
2556 2518 3035 2579 ARCHIEPISCOPUM
3062 2520 3482 2564 ΑιιειΑτεΝεΒκ.

2606 2593 2787 2663 (Anno
2817 2593 2966 2664 878.)

1995 2678 2061 2735 Ut
2089 2677 2161 2734 ad
2180 2678 2454 2750 synodum
2476 2696 2607 2736 cum
2627 2681 3000 2809 διιῖῐςῧὲιέηείδ
3019 2685 3139 2740 suis
3164 2684 3585 2757 quamprimum

2061 2836 2366 2892 ROSTAGNO
2396 2837 2695 2893 venerabili
2723 2839 3138 2913 archiepiscopo
3168 2841 3490 2898 Arelatensi.

2062 2922 2201 2993 Quia
2246 2924 2632 2997 omnipotentis
2679 2926 2781 2982 Dei
2824 2927 3172 2985 miseratione
3218 2929 3587 2987 universalem

361 3022 577 3093 Quanto
605 3035 721 3085 vos,
755 3018 1073 3075 charissime
1103 3016 1199 3080 fili,
1234 3031 1421 3072 amore
1450 3014 1727 3088 diligimus
1757 3012 1893 3069 cele-
1921 3079 1965 3097 ﬁ
1992 3011 2261 3084 synodum
2289 3029 2474 3069 sumus
2504 3014 2833 3071 celebraturi
2879 3015 2933 3073 in
2979 3017 3248 3089 proximo,
3279 3026 3330 3075 te
3362 3034 3589 3097 omnes-

289 3079 527 3167 berrima
559 3109 697 3164 fama
726 3108 891 3163 vestri
939 3106 1068 3162 boni
1114 3105 1299 3177 operis
1344 3104 1769 3175 circumquaque
1800 3116 1891 3157 ac-
1919 3079 1968 3142 (ἶ
1992 3116 2097 3171 que
2127 3107 2245 3156 tuos
2273 3101 2633 3174 coepiscopus
2664 3102 3043 3177 suifraganeos
3082 3106 3350 3172 volumus,
3378 3083 3590 3163 autori-
3648 3144 3654 3151 .

288 3199 462 3265 censi,
496 3197 772 3270 explicare
816 3194 1001 3251 verbis
1031 3193 1338 3249 nullatenus
1385 3207 1697 3263 possumus.
1733 3188 1892 3258 Qua-
1994 3195 2102 3243 tate
2130 3188 2432 3259 apostolica
2460 3190 2821 3248 admonemus
2851 3208 3221 3265 expresseque
3250 3194 3592 3261 mandamus,

290 3296 533 3360 pmpter,
568 3293 623 3341 ut
654 3291 843 3341 nostro
890 3281 1167 3339 desiderio
1212 3280 1515 3352 praesentiae
1559 3287 1757 3335 vestrae
1795 3292 1894 3334 ca-
1993 3274 2062 3330 ad
2117 3275 2278 3341 hanc,
2337 3276 2484 3331 omni
2537 3279 2836 3349 postposita
2895 3279 3207 3346 occasione,
3269 3282 3593 3352 quantocius

297 3376 510 3447 piamus
539 3372 813 3438 effectum,
864 3378 1073 3426 mature
1118 3369 1364 3425 volumus
1404 3366 1695 3424 hortemini
1723 3366 1897 3421 Ludo-
1993 3371 2347 3435 praesentare,
2372 3364 2611 3435 exceptis
2632 3365 2710 3421 eis
2731 3367 3027 3441 obstaculis
3054 3367 3252 3440 quibus
3282 3369 3593 3424 remorandi

296 3464 478 3520 vicum
509 3477 699 3534 regem
731 3459 900 3515 ﬁlium
928 3467 1416 3528 nostrum,vosque
1445 3472 1573 3512 cum
1601 3471 1668 3511 eo
1693 3455 1765 3510 ad
1793 3468 1894 3509 nos

294 3552 509 3609 concite
564 3564 879 3623 properare,
932 3555 1198 3619 quatenus
1219 3589 1238 3614 ,
1284 3545 1501 3600 Christo
1542 3550 1892 3614 cooperante,

292 3639 684 3697 exaltationem
722 3637 884 3694 totius
931 3633 1345 3694 Christianitatis
1372 3631 1731 3690 communiter
1759 3646 1894 3703 ope-

297 3744 499 3785 remur.
545 3727 636 3783 Sic
681 3734 806 3799 agat
847 3732 1030 3780 vestra
1070 3722 1291 3778 dilectio
1338 3730 1398 3777 ut
1440 3720 1711 3776 tristitiam
1737 3734 1896 3791 quam

295 3817 482 3872 animo
509 3815 579 3870 de
608 3821 792 3870 vestra
820 3811 1064 3868 absentia
1106 3826 1278 3881 nuper
1318 3809 1483 3882 Papia
1513 3807 1785 3874 intulistis,
1819 3806 1898 3862 le-

293 3904 413 3960 nire
457 3902 890 3959 moderatissime
933 3898 1176 3956 valeatis.
1227 3899 1376 3954 Inter
1421 3898 1538 3953 hinc
1571 3897 1640 3952 ab
1668 3894 1815 3952 omni
1845 3902 1897 3949 te

294 3990 577 4049 consortio
606 3989 854 4045 Formosi
882 3986 1315 4043 anathematizati
1362 3993 1632 4057 optamus,
1664 3983 1740 4039 ﬁli
1769 3984 1898 4039 cha-

294 4080 536 4142 rissime,
560 4092 836 4148 separare,
858 4075 1083 4131 Joannis
1105 4072 1505 4145 archiepiscopi
1534 4070 1901 4128 Bodomensis

292 4167 397 4240 [αι.
412 4164 777 4233 Rodonensis,
792 4165 853 4220 id
872 4167 957 4220 est
973 4163 1449 4235 Rothomagensis,
1462 4176 1567 4218 nec
1597 4160 1900 4233 quidquam

297 4252 684 4326 mutandum],
709 4251 964 4308 Adelardi
983 4249 1333 4314 Turonensis,
1356 4247 1584 4303 Frotarii
1602 4246 1900 4303 Biturieen-

296 4343 377 4399 sis
407 4341 565 4414 [edit.
601 4343 753 4398 Rom.
785 4337 1177 4410 Beduriensis].
1213 4338 1353 4392 Data
1377 4340 1445 4392 ut
1472 4352 1668 4408 supra.

1187 4469 1229 4524 Ι.

976 4469 1229 4526 CXXXI.

297 4580 371 4620 an
420 4575 801 4619 rsurammm
858 4573 1360 4616 ramusmxsan
1406 4566 1899 4611 Ascntspiscorun.

926 4647 1106 4719 (Anno
1136 4648 1286 4714 878.)

303 4758 491 4815 Monet
521 4759 588 4811 ut
619 4755 725 4811 sibi
744 4752 1268 4824 eumsuﬂ’ragarteis
1295 4750 1415 4824 suis
1445 4750 1660 4824 obviam
1690 4746 1902 4824 ueniat,

376 4831 437 4884 et
464 4826 828 4897 Adalbertum
856 4818 1285 4897 synodofadesse
1302 4821 1517 4897 jubeat,
1541 4821 1602 4874 at
1624 4818 1907 4897 rationem

376 4896 582 4953 reddat
637 4912 832 4953 eorum
878 4889 943 4951 de
991 4892 1188 4966 quibus
1250 4889 1561 4949 Bérnarius
1615 4889 1908 4962 episcopus

376 4971 609 5041 questus
636 4968 849 5038 fuerat.

376 5062 687 5119 Venerabili
716 5058 1129 5131 archiepiscopo
1159 5057 1524 5114 Tauraarmo.

373 5152 637 5207 Miramur
669 5148 1066 5205 fraternitatem
1113 5154 1259 5203 tuam
1301 5162 1420 5213 cur,
1451 5150 1699 5201 nostrum
1723 5141 1780 5198 in
1809 5140 1910 5197 has

300 5248 491 5313 partes
522 5238 751 5294 audiens
780 5238 1097 5303 adventum,
1137 5250 1239 5292 nos
1266 5235 1340 5291 ob
1368 5232 1735 5291 reverentiam
1761 5229 1909 5285 beati

302 5328 452 5384 Petri
483 5326 854 5398 apostolorum
883 5323 1167 5397 principis,
1222 5330 1275 5379 et
1318 5330 1581 5387 nostram,
1616 5334 1769 5376 more
1797 5333 1909 5374 ca:-

300 5425 550 5472 terorum
608 5413 997 5470 venerabilium
1055 5411 1590 5483 archiepiscoporum
1611 5453 1629 5476 ,
1686 5406 1912 5480 minime

302 5502 581 5575 consolari
631 5512 683 5559 et
730 5516 1019 5559 occurrere
1070 5498 1341 5557 studuisti.
1388 5497 1509 5569 Qua
1555 5493 1910 5553 admiratione

1995 3449 2269 3506 licentiam
2313 3451 2451 3506 sacri
2497 3467 2736 3509 canones
2782 3453 3039 3510 tribuunt.
3090 3454 3259 3523 Alias,
3307 3456 3454 3529 quod
3483 3471 3595 3512 non

1996 3546 2266 3610 optamus,
2299 3539 2609 3613 quicunque
2626 3557 2686 3597 se
2706 3557 2738 3596 a
2755 3549 2900 3598 tanto
2928 3543 3029 3600 hac
3059 3544 3175 3601 vice
3206 3543 3440 3618 collegio
3467 3545 3597 3600 sub-

1995 3625 2241 3692 traxerit,
2290 3626 2563 3699 particeps
2599 3627 2669 3685 de
2718 3629 2929 3703 reliquo
2966 3639 3169 3688 nostra;
3197 3633 3597 3691 communionis

1997 3731 2119 3771 esse
2150 3713 2454 3770 nullatenus
2483 3714 2701 3772 valebit.
2734 3718 2873 3774 Data
2900 3724 2970 3776 ut
2994 3736 3189 3793 supra.

2649 3840 2953 3899 CXXXIII.

2139 3942 2213 3983 AD
2240 3940 2576 3985 ιιιΝαιΑιυι
2605 3943 2916 3987 IBEHOIUI
2953 3945 3451 3989 Αιιοιιιειιιεωρυιί.

2623 4017 2807 4088 (Αιιιιο
2837 4018 2988 4089 878.)
3466 4085 3470 4089 η

2004 4106 2073 4163 ω
2101 4104 2174 4161 ad
2200 4106 2478 4177 synodum
2504 4108 2834 4191 Trecensem
2850 4106 3054 4191 absque
3072 4123 3234 4166 mora
3253 4123 3384 4166 cum
3403 4107 3609 4182 δαῆνα-

2479 4192 2673 4249 ganeas
2701 4192 2822 4233 suis
2851 4193 3122 4251 episcopo.

2072 4272 2370 4326 Hthuaao
2398 4271 2693 4327 venerabili
2723 4271 3054 4328 Bhemorum
3084 4273 3363 4344 episcopo.

2074 4359 2239 4414 Fama
2268 4366 2375 4414 tuae
2402 4357 2756 4417 fraternitatis
2802 4359 2971 4431 longo
3000 4367 3194 4417 exacto
3215 4360 3327 4430 jam
3358 4367 3606 4432 tempore

1922 4424 1975 4484 D
2006 4446 2152 4501 bona
2206 4445 2398 4501 notitia
2451 4461 2553 4501 nos
2610 4461 2827 4517 quoque
2870 4424 3235 4504 celeberrime
3272 4424 3603 4516 letiﬁcavit;

2005 4540 2316 4605 quantoque
2345 4542 2399 4590 te
2426 4532 2702 4591 desiderio
2730 4533 3088 4605 contemle
3135 4534 3404 4607 cupimus,
3435 4535 3608 4607 expli-

2004 4636 2134 4676 care
2188 4620 2373 4676 verbis
2426 4620 2734 4677 nullatenus
2761 4637 3073 4694 possumus,
3121 4622 3423 4693 praesertim
3479 4638 3605 4679 cum

2007 4723 2173 4766 causa
2215 4708 2502 4782 exigendae
2547 4709 2796 4765 utilitatis
2844 4710 3228 4767 ecclesiasticas
3271 4717 3458 4781 petere
3502 4712 3605 4767 has

2006 4803 2189 4867 partes
2238 4795 2666 4853 decreverimus.
2712 4796 3057 4871 Quapropter
3099 4798 3450 4869 praesentiam
3480 4797 3608 4855 reli-

2008 4883 2180 4958 giosae
2210 4884 2510 4941 sanctitatis
2558 4891 2756 4941 vestras
2805 4884 2896 4941 diu
2942 4885 3310 4942 desideratam
3339 4886 3607 4942 miramur

2008 4989 2040 5029 a
2067 4980 2121 5029 te
2149 4973 2307 5029 nobis
2334 4974 2600 5030 hactenus
2642 4972 2879 5041 dilatari.
2931 4972 3090 5029 Unde
3118 4975 3416 5045 apostolica
3444 4983 3609 5047 atque

2008 5069 2229 5135 paterna
2257 5060 2576 5118 auctoritate
2620 5075 2906 5117 monemus
2953 5061 3021 5116 ad
3066 5061 3330 5132 synodum
3358 5077 3608 5133 prasen-

2008 5158 2138 5219 tem,
2172 5164 2352 5222 quam,
2385 5150 2503 5205 Deo
2533 5156 2774 5218 auctore,
2821 5148 3008 5206 Trecis
3045 5164 3231 5205 sumus
3257 5148 3607 5219 celebraturi,

2011 5239 2220 5309 absque
2273 5251 2425 5294 mora
2474 5252 2598 5293 cum
2647 5236 2857 5293 cunctis
2900 5235 3258 5309 suﬁ'raganeis
3306 5237 3611 5295 diceeeseos

2011 5332 2209 5381 vestrae
2258 5325 2521 5382 studeatis
2563 5340 2869 5381 occurrere.
2922 5324 3005 5380 Ad
3032 5325 3212 5382 locum
3243 5326 3611 5397 prenomina-

2010 5421 2125 5469 tum
2169 5411 2368 5469 iterum
2418 5411 2722 5485 iterumque
2766 5414 3069 5478 hortamur,
3122 5414 3269 5469 omni
3314 5415 3616 5488 postposita

2014 5500 2288 5567 tarditate,
2324 5500 2648 5574 quantocius
2675 5509 2966 5573 properate
2998 5501 3208 5568 venire,
3231 5503 3490 5575 quoniam
3520 5518 3620 5563 an-
