4072 6186
497 296 602 355 ’783

1778 299 2073 353 JOANNIS
2138 296 2329 353 PAPJ‘I
2383 296 2525 353 VIII.

3689 281 3793 354 7st

496 433 715 496 tequam
770 424 888 496 ipse
943 423 1100 479 nobis
1156 422 1374 479 charior
1419 431 1580 494 atque
1628 423 1808 478 utilior
1851 423 2088 487 veneris,
2124 426 2175 483 A
2193 424 2370 479 dictus
2402 441 2496 478 rex
2544 425 2869 494 praepeditus
2920 423 3102 485 fuerit,
3150 433 3220 480 et.
3271 433 3324 477 ut
3367 440 3473 478 non
3520 433 3792 493 optamus,

497 520 805 569 sanctarum
828 512 928 567 Dei
957 511 1331 568 Ecclesiarum
1381 526 1576 566 causas
1626 518 1856 567 tractare
1886 508 2100 565 differi-

501 617 644 658 mus.
690 601 919 656 Tantum
967 616 1271 664 monemus,
1318 613 1508 670 rumpe
1559 615 1764 667 moras,
1813 607 1867 653 et
1907 607 2100 671 satage

496 704 798 761 properare
828 688 1115 745 celerrime
1142 696 1305 759 atque
1332 687 1566 760 agiliter.
1602 689 1739 743 Data
1775 691 1837 743 ut
1867 703 2062 759 supra.

1152 775 1450 831 CXXXIV.

818 882 849 919 Λ
859 881 891 919 D
923 879 1238 927 FIOTARIU!
1277 878 1751 918 Αιιοηιείιιεεορυιι
1761 905 1773 917 .

1121 955 1303 1021 (Auno
1331 953 1480 1019 878.)

597 1044 663 1099 Ut
690 1042 761 1097 ad
789 1042 1061 1115 synodum
1090 1042 1211 1096 suis
1239 1056 1388 1164 curnt
1406 1040 1785 1111 suifragam’is
1820 1041 2013 1094 Trccus

1202 1127 1359 1164 venia
1396 1152 1408 1164 .

1202 1127 1408 1166 veniat.

571 1200 855 1255 FROTABIO
887 1198 1181 1255 venerabili
1209 1198 1621 1268 archiepiscopo
1654 1195 2002 1269 Biturigeusi.

574 1288 784 1345 Auditis
812 1288 1046 1359 denique
1093 1286 1471 1357 deploratione
1515 1294 1674 1356 atque
1724 1284 1980 1357 angustia
2012 1284 2100 1338 lit-

502 1378 633 1436 teris
663 1386 767 1432 tuae
795 1372 1187 1438 fraternitatis,
1214 1390 1337 1445 qua:
1383 1374 1538 1428 vobis
1585 1373 1654 1427 ab
1685 1373 1935 1428 omnibus
1965 1373 2100 1426 Ber-

504 1465 665 1522 nardi
712 1463 927 1521 comitis
974 1470 1095 1517 sunt
1141 1461 1319 1526 illatzn,
1377 1477 1568 1517 recens
1614 1462 1772 1516 dolor
1820 1460 1988 1531 priori
2019 1468 2103 1514 est

506 1561 909 1625 augmentatus,
941 1559 994 1606 et
1020 1550 1166 1622 quod
1196 1550 1291 1604 tibi
1323 1550 1469 1605 sedis
1519 1559 1621 1605 tute
1650 1549 1826 1604 aditus
1860 1548 2097 1612 clausus,

508 1640 753 1697 mihimet
783 1639 884 1711 ipsi
914 1639 969 1694 id
1001 1646 1210 1710 reputo.
1264 1639 1554 1693 IIortamur
1602 1638 1817 1693 interim
1848 1637 2099 1693 dilectio-

506 1745 632 1785 nem
663 1737 807 1783 tuam
836 1727 1099 1798 patienter
1126 1726 1371 1790 sufferre,
1422 1734 1475 1782 et
1504 1727 1571 1782 ad
1610 1727 1809 1782 Trecas
1838 1742 1960 1780 cum
1995 1725 2101 1781 fra-

507 1825 651 1872 trum
680 1816 1237 1888 coepiscoporumque
1284 1823 1595 1871 nostrorum
1626 1814 1861 1885 collegio
1892 1814 2096 1869 didice-

506 1920 632 1961 aeos
659 1914 767 1960 tua:
794 1904 861 1959 ad
892 1904 1178 1975 synodum.
1204 1904 1438 1959 Domino
1456 1911 1803 1975 cooperante,
1828 1901 2105 1957 celebrau-

506 1994 636 2050 dum
668 1992 987 2065 quantocius
1016 2006 1329 2063 properare.
1381 1991 1638 2047 Ludovici
1667 1991 1816 2061 regis
1847 1989 2106 2045 amantis-

508 2082 630 2137 simi
660 2080 754 2136 ﬁlii
784 2080 956 2136 nostri
986 2080 1276 2136 adventum
1325 2079 1703 2150 praestolamur
1743 2078 1985 2150 quotidie
2014 2078 2103 2133 in-

503 2169 829 2241 hianterque
857 2169 1253 2225 desideramus.
1288 2168 1552 2239 Optamus
1581 2167 1924 2224 sanctitatem
1956 2175 2101 2222 tuam

498 2257 557 2313 in
586 2258 797 2314 Christo
828 2257 967 2313 bene
997 2257 1197 2312 valere.
1230 2257 1365 2311 Data
1392 2261 1459 2312 ut
1478 2273 1671 2329 supra.

1159 2344 1433 2400 CXXXV.

876 2448 947 2487 ΑΒ
977 2446 1316 2488 ιειιυιωωι
1344 2446 1708 2486 ΜΛΒΕΒΙΟΝΕᾺΙ
1717 2472 1730 2485 .

1125 2522 1305 2589 (Anno
1335 2521 1484 2591 878.)

505 2612 684 2669 Honet
714 2615 777 2666 ut
805 2612 1062 2669 Frotario
1104 2610 1333 2752 adittun}
1357 2609 1447 2734 tad
1481 2625 1645 2665 suam
1688 2608 1879 2665 sedem
1902 2612 2100 2680 patere

1225 2697 1350 2737 acia
1386 2721 1399 2734 .

1225 2697 1399 2737 αειαι.

568 2769 933 2839 Dilectissimo
962 2768 1072 2824 tilio
1099 2769 1405 2824 leuvsano
1452 2768 1795 2824 nobilissimo
1829 2767 2101 2824 marchio—

495 2873 645 2915 num.

563 2943 699 3014 Quia
729 2952 974 3014 tempore
1019 2943 1309 2999 nonnullos
1352 2943 1630 3015 diligimus
1670 2943 1982 3015 specialius,
2016 2944 2091 2998 id-

493 3030 641 3087 circo
668 3031 726 3087 in
754 3030 839 3085 his
884 3048 1002 3103 qua:
1049 3030 1385 3086 nobilitatem
1431 3040 1669 3086 vestram
1717 3032 1891 3086 Deum
1922 3029 2095 3087 offen-

492 3119 626 3175 dere
654 3119 1042 3193 cognoscimus
1090 3134 1188 3174 vos
1238 3127 1462 3189 paterno
1492 3119 1837 3191 increpamus
1865 3118 2094 3185 affectu;

497 3208 806 3281 praesertim
851 3208 919 3263 de
967 3223 1133 3264 causa
1178 3206 1407 3262 Frotarii
1455 3207 1784 3263 venerabilis
1831 3207 2091 3279 episcopi,

488 3296 596 3364 cui,
628 3304 685 3352 ut
713 3296 980 3365 audimus,
1027 3296 1195 3353 vestri
1244 3296 1492 3351 homines
1535 3296 1638 3350 iter
1686 3296 1920 3351 civitatis
1958 3312 2090 3359 sum,

487 3401 557 3443 ne
585 3386 655 3442 ad
681 3386 869 3441 sedem
899 3400 1056 3440 suam
1105 3383 1503 3457 ingrederetur,
1558 3384 1848 3440 temerarie
1876 3384 2093 3440 clause-

484 3482 625 3530 runt.
671 3473 1073 3546 Episcoporum
1110 3472 1375 3543 judicium
1402 3514 1416 3542 ,
1466 3471 1540 3527 ﬁli
1588 3472 1944 3540 charissima,
1993 3488 2093 3528 suo

482 3562 861 3618 tantummodo
921 3561 1186 3617 Dominus
1244 3561 1481 3617 servavit
1535 3560 1794 3624 arbitrio,
1867 3578 1967 3617 uec
2023 3561 2092 3616 de

482 3648 757 3721 episcopis
787 3648 900 3705 vult
931 3648 1100 3705 laicos
1124 3649 1391 3717 judicare.
1447 3649 1599 3704 Unde
1642 3664 1931 3704 mouemus
1956 3649 2093 3705 dile-

488 3737 725 3795 ctionem
772 3745 878 3793 tua:
925 3736 1222 3802 charitatis,
1274 3745 1332 3791 ut
1380 3736 1641 3809 quidquid
1693 3736 1745 3790 in
1796 3738 1900 3792 hac
1928 3752 2093 3793 causa

481 3825 727 3897 praedicti
753 3825 996 3896 episcopi
1027 3824 1350 3896 deliquistis,
1401 3825 1503 3878 sub
1553 3824 1830 3880 celeritate
1862 3833 1914 3879 et
1944 3824 2092 3896 lega-

481 3913 607 3968 liter
656 3912 949 3968 emendare
998 3911 1277 3974 studeatis,
1329 3912 1458 3982 quia
1501 3926 1602 3966 nos
1651 3911 1802 3978 illud,
1857 3912 1960 3967 nisi
1991 3928 2092 3984 pro

480 4000 654 4073 digna
682 3998 1085 4069 emendatione,
1140 3998 1367 4053 inultum
1421 4014 1702 4054 remanere
1748 3999 1900 4054 nullo
1928 4001 2091 4057 modo

482 4088 723 4158 patimur
750 4086 930 4143 officio
976 4102 1040 4142 ac
1094 4085 1394 4141 ministerio
1441 4086 1792 4143 sacerdotali.
1826 4087 2091 4159 Optamus

485 4175 823 4232 nobilitatem
855 4183 1090 4232 vestram
1124 4175 1264 4230 bene
1293 4174 1494 4231 valere.
1528 4176 1664 4230 Data
1694 4179 1759 4231 ut
1788 4193 1979 4248 supra.

1137 4273 1436 4329 CXXXVI.

788 4358 860 4399 AD
890 4358 1364 4400 Λιεηικριεοονυι
1392 4359 1781 4401 Ιοσυκτικωί.

1110 4433 1292 4502 (Anno
1318 4433 1469 4502 878.)

498 4524 562 4582 Ut
606 4521 945 4595 Ludovicum
985 4521 1304 4595 Germanic
1329 4537 1553 4595 regem.
1600 4525 1827 4595 ejusque
1873 4526 2084 4594 fratres

567 4592 905 4718 actitatettur
945 4596 1013 4647 ut
1048 4592 1121 4647 ad
1166 4592 1441 4663 synodum
1488 4592 2095 4665 veniant'aut'legatos

562 4681 623 4718 m
736 4680 776 4718 η
810 4704 824 4717 .

569 4750 881 4807 Venerabili
909 4749 1319 4822 archiepiscOpo
1338 4750 1652 4807 Lttrrm'ro
1682 4752 2018 4824 Moguntino.

567 4837 952 4894 Ecclesiastica
975 4837 1228 4909 exigente
1250 4826 1501 4905 utilitate,
1535 4839 1788 4911 quoniam
1821 4841 1936 4895 Deo
1955 4840 2093 4896 duce

497 4941 680 4984 caussa
701 4926 773 4982 ad
798 4925 1095 4980 Galliarum
1125 4934 1307 4997 partes
1335 4926 1523 4982 venire
1552 4928 1899 4983 commodum
1930 4928 2091 4984 duxi-

498 5032 622 5072 mus
654 5030 667 5070 :
702 5022 1034 5086 quapropter
1059 5003 1450 5082 fraternitatem
1492 5023 1730 5071 vestram
1778 5017 2093 5074 necessario

497 5118 846 5162 commouere
875 5102 1176 5168 studemus,
1222 5112 1278 5158 ut
1310 5103 1614 5160 secundum
1643 5104 1855 5161 coalitus
1884 5106 1979 5161 tibi
2006 5123 2090 5161 sa-

495 5192 753 5263 pientiam
782 5192 981 5255 deum,
1014 5189 1277 5262 frequenti
1305 5191 1680 5247 adhortatione
1701 5208 1970 5266 suggeras
1989 5194 2091 5249 Lu-

492 5279 691 5335 dovico
719 5279 859 5352 regi,
892 5277 1124 5350 aliisque
1152 5277 1533 5345 centratribus,
1567 5287 1625 5334 ut
1652 5280 1719 5335 ad
1748 5288 1949 5337 nostra:
1975 5297 2089 5336 me-

499 5364 801 5422 diocritatis
840 5366 1171 5437 colloquium
1217 5374 1380 5438 atque
1427 5368 1740 5440 generalem
1779 5369 2048 5440 synodum
2069 5412 2084 5435 ,

490 5453 645 5522 juxta
670 5454 869 5511 Christi
897 5454 1248 5519 voluntatem,
1279 5455 1425 5526 apud
1451 5456 1650 5513 Trecas
1679 5465 2084 5531 congregatum,

496 5541 683 5596 venire
712 5558 817 5597 non
856 5542 1084 5607 omittat,
1133 5543 1217 5599 vel
1267 5542 1311 5597 si
1358 5543 1539 5614 aliqua
1589 5544 1910 5601 necessitate
1940 5562 2085 5615 pra:-

2204 527 2502 583 properare
2533 511 2801 566 distulerit
2828 512 2895 567 ad
2935 512 3115 567 locum
3164 512 3501 581 praedictum,
3535 527 3645 583 quo
3675 527 3802 567 cum

2204 599 2475 655 Ludovico
2506 616 2635 670 rege
2684 600 2914 656 locuturi
2961 616 3165 667 sumus,
3220 600 3603 655 uomiueteuus
3632 599 3803 655 desti-

2202 696 2294 741 net
2328 706 2341 741 :
2374 696 2641 758 quatenus
2699 688 2799 742 sub
2862 696 3057 743 cuncta
3110 686 3385 744 celeritate
3433 703 3628 758 regum
3675 687 3803 742 tiliis

2204 775 2570 848 congregatis,
2624 776 2787 830 totius
2831 775 3268 839 Christianitatis,
3304 775 3401 830 Dei
3431 775 3606 848 gratia
3638 774 3799 835 duce.

2200 863 2488 920 consulere
2516 864 2872 919 communiter
2916 864 3196 918 valeamus
3238 862 3469 917 utilitati.
3514 864 3803 920 Similiter

2210 953 2512 1009 ll'illiberto
2580 953 2992 1025 archiepiscopo
3050 953 3389 1024 Agrippimr.
3444 953 3803 1007 Wittcchcrio

2204 1041 2512 1096 venerabili
2541 1043 2810 1113 episcopo,
2844 1045 2901 1095 ct
2940 1041 3191 1111 Bertulfo
3221 1042 3636 1112 archiepiscopo
3667 1041 3802 1096 Tre—

2205 1129 2434 1183 vircusi.
2462 1129 2597 1182 Data
2628 1133 2691 1184 ut
2719 1146 2911 1199 supra.

2845 1216 3167 1271 CXXXVII.

2558 1302 2631 1342 AD
2669 1302 3077 1342 Ακαειιιειιϐλιι
3115 1302 3408 1341 AUGUSTAI
3418 1330 3429 1341 .

2817 1359 2997 1429 (Anno
3031 1360 3180 1419 878.)

2208 1447 2410 1501 Scribit
2443 1448 2504 1502 in
2532 1446 2925 1503 anniversario
2954 1447 3045 1501 die
3066 1446 3322 1502 Ludovici
3352 1449 3474 1518 cjus
3495 1448 3616 1518 viri
3635 1463 3801 1501 sacra

2271 1533 2373 1587 pro
2404 1534 2464 1573 eo
2499 1534 2558 1572 se
2586 1520 2883 1588 facturum
2914 1521 3100 1588 rogat;
3154 1521 3217 1571 ut
3249 1519 3309 1572 in
3339 1518 3430 1588 sui
3467 1517 3800 1587 defensione

2271 1534 2373 1587 pro
2404 1534 2464 1573 eo
2499 1534 2558 1572 se
2586 1534 2883 1588 [acturum
2914 1534 2975 1572 ro
3012 1534 3100 1581 at;
3154 1534 3217 1571 ut
3249 1534 3309 1572 in
3339 1534 3430 1572 sui
3467 1534 3800 1587 ae/enswne

2271 1593 2585 1725 piersteveret
2606 1607 2625 1653 ;
2648 1588 2921 1659 synodum
2959 1534 3142 1642 freeis
3168 1603 3226 1641 se
3265 1587 3594 1643 habiturum
3623 1588 3801 1658 signi-

2314 1674 2379 1713 ra
2414 1699 2426 1711 .

2314 1674 2426 1713 ται.

2272 1745 2495 1801 Dilecta:
2522 1744 2647 1802 filia:
2675 1748 3071 1801 Amenanus-1
3118 1745 3466 1816 imperatrici.
3517 1744 3659 1799 diva:
3688 1762 3805 1799 me-

2205 1834 2393 1890 moria:
2424 1835 2696 1905 quondam
2730 1835 2914 1889 domui
2945 1833 3201 1888 Ludovici
3239 1833 3465 1905 piissimi
3497 1832 3803 1905 imperato-

2203 1921 2281 1976 ris
2308 1922 2547 1995 conjugi.
3642 1936 3651 1939 ‘

2275 2008 2411 2078 Quia
2433 2010 2693 2065 iutimasti
2721 2008 2995 2082 pontificio
3026 2020 3216 2067 nostro
3259 2010 3659 2068 anniversalcm
3691 2029 3804 2068 ma-

2200 2114 2325 2170 gum
2348 2099 2739 2154 recordationis
2774 2100 2960 2154 domui
2990 2100 3248 2163 Ludovici
3283 2100 3627 2172 imperatoris
3657 2100 3799 2167 fieri,

2201 2194 2253 2241 et
2284 2195 2338 2241 ut
2366 2202 2469 2258 pro
2498 2203 2563 2243 eo
2592 2187 2841 2258 proprias
2857 2188 3126 2244 orationes
3147 2188 3549 2244 celebraremus
3592 2190 3801 2261 rogasti

2200 2275 2520 2346 gaudemus,
2553 2284 2608 2331 et
2637 2275 2869 2348 impigre
2899 2292 2997 2331 suo
3016 2292 3117 2347 pro
3137 2277 3332 2332 merito
3353 2276 3529 2333 modis
3543 2277 3801 2333 omnibus

2199 2362 2480 2418 faciemus.
2539 2364 2802 2419 Caeterum
2846 2380 3104 2437 rogamus
3156 2373 3233 2431 ut,
3285 2381 3380 2420 seu
3430 2367 3695 2421 hactenus
3741 2366 3800 2420 in

2200 2451 2398 2507 nostris
2429 2451 2602 2506 fuistis
2634 2452 2887 2516 sollicita,
2913 2454 3056 2507 haud
3085 2470 3242 2508 secus
3271 2462 3322 2508 et
3352 2470 3495 2509 nunc
3522 2463 3574 2509 et
3607 2470 3805 2525 perpe-

2200 2549 2291 2596 tuo
2321 2556 2463 2602 esse.
2495 2549 2654 2611 prout
2686 2542 2984 2605 credimus,
3045 2558 3154 2597 non
3200 2541 3485 2607 differatis,
3528 2551 3802 2613 quatenus

2198 2637 2377 2684 vestro
2404 2628 2593 2684 labore
2622 2637 2913 2701 vestroque
2961 2629 3207 2686 consulto
3250 2630 3357 2686 cito
3400 2631 3469 2685 ad
3515 2632 3797 2702 prapriam

2198 2717 2385 2772 sedem
2413 2725 2471 2771 ut
2497 2717 2768 2790 congruit,
2813 2734 2937 2772 cum
2979 2718 3181 2790 gaudio
3221 2734 3322 2789 per
3354 2719 3544 2773 merita
3576 2729 3798 2790 aposto-

2195 2804 2375 2861 lorum
2402 2804 2710 2877 principum
2740 2805 2939 2862 reverti
2968 2822 3291 2862 mereamur.
3330 2808 3497 2862 Porro
3522 2824 3622 2863 vos
3654 2809 3798 2865 scire

2195 2894 2443 2964 cupimus
2471 2893 2595 2965 quia
2623 2894 2765 2965 apud
2794 2894 2995 2952 Trecas
3044 2894 3097 2948 in
3130 2894 3391 2950 Kalendis
3422 2895 3658 2968 Augusti
3692 2914 3797 2951 una

2193 2997 2316 3038 cum
2342 2997 2472 3052 rege
2503 2981 2775 3037 Ludovico
2818 2982 3157 3052 imperatoris
3201 2982 3383 3039 Caroli
3413 2981 3544 3048 ﬁlio,
3582 2993 3636 3038 et
3670 3001 3793 3041 cum

2193 3069 2466 3124 universis
2495 3069 2687 3125 Gallia:
2717 3069 2987 3141 episcopis
3018 3071 3285 3141 synodum
3316 3070 3685 3128 universalem
3706 3089 3798 3129 ce-

2121 3127 2170 3192 Ο
2194 3156 2561 3224 lebrabimus;
2609 3127 2806 3214 dehinc
2853 3127 3308 3214 caroloinanuum
3338 3176 3525 3232 regem
3555 3127 3799 3233 suosque

2192 3261 2487 3318 germanos
2507 3246 2867 3318 alloquemur,
2899 3254 2957 3301 ut
2986 3246 3104 3318 pari
3133 3247 3370 3302 omnium
3403 3247 3637 3305 consilio
3665 3265 3798 3305 con-

2192 3333 2511 3389 solatioaem
2545 3342 2746 3390 nostra:
2770 3334 3035 3391 Ecclesia:
3064 3335 3414 3407 reperiamus.

2813 3423 3161 3479 CXXXVIII.

2639 3507 2711 3546 AD
2750 3509 3041 3548 SUPPONEH
3081 3509 3345 3551 COXITEM.

2815 3567 2995 3635 (Anno
3025 3567 3173 3635 878.)

2193 3653 2318 3725 Agit
2346 3653 2562 3725 gratias
2578 3652 2644 3708 de
2664 3653 2879 3725 ﬁdelita
2888 3656 2940 3725 te
2960 3670 3090 3725 erga
3109 3655 3415 3710 Romanam
3439 3656 3753 3711 Ecclesium
3779 3673 3792 3709 :

2262 3723 2517 3805 quietiam
2563 3723 2714 3795 apud
2783 3723 3259 3781 Carolomannum
3310 3726 3643 3796 faciendum
3696 3729 3796 3782 in-

2254 3795 2468 3865 jungit.

2263 3881 2472 3938 Dilecto
2501 3880 2612 3936 filio
2642 3882 2885 3937 Surroxt
2916 3882 3158 3954 glorioso
3185 3883 3386 3939 comiti.

2264 3968 2498 4024 Primum
2531 3970 2746 4041 quidem
2783 3970 3059 4026 devotioni
3098 3979 3295 4027 vestrm
3322 3988 3557 4045 magnas
3585 3973 3798 4046 gratias

2189 4057 2403 4131 agimus
2450 4059 2574 4130 quia
2616 4059 2854 4130 priorem
2898 4058 3230 4126 ﬁdelitatem,
3275 4077 3437 4132 quam
3474 4062 3626 4118 circa
3654 4078 3794 4117 sau-

2188 4153 2331 4202 ctam
2363 4147 2664 4202 Romanam
2693 4147 2995 4203 Ecclesiam
3026 4149 3313 4215 habueras,
3346 4148 3401 4203 in
3431 4150 3796 4221 sequentibus

2188 4234 2504 4306 quotidiauo
2553 4224 2742 4291 libere
2786 4251 2952 4307 opere
3006 4237 3380 4293 admonstrare
3419 4254 3529 4293 non
3556 4238 3792 4294 desinis.

2186 4322 2300 4377 Nos
2349 4339 2564 4395 quoque
2610 4340 2727 4394 pra:
2773 4325 3026 4379 omnibus
3076 4341 3172 4380 vos
3220 4325 3531 4396 diligentes,
3589 4328 3798 4382 vestris

2185 4411 2365 4480 potius
2394 4411 2637 4467 consiliis
2683 4428 2796 4482 pra:
2839 4413 3050 4467 cunctis
3101 4413 3522 4485 acquiescimus.
3555 4414 3797 4469 Tantum

2115 4480 2167 4539 D
2200 4499 2478 4554 vobiscum
2508 4480 2832 4570 Auspertum
2865 4508 2918 4555 et
2947 4480 3282 4557 Wibbodum
3313 4502 3601 4574 episcopus
3628 4519 3798 4559 assu-

2193 4587 2340 4652 mite,
2394 4594 2445 4641 et
2492 4587 2637 4658 apud
2679 4588 3136 4644 Carolomannum
3180 4605 3371 4663 regem
3401 4589 3582 4645 omnia
3609 4598 3800 4647 nostra

2191 4674 2563 4730 ordiuabiliter
2586 4676 2788 4746 ponite.
2834 4677 2951 4733 IIoc
2994 4685 3175 4732 tamen
3220 4693 3569 4749 summopere
3598 4688 3798 4735 cavete

2191 4778 2261 4818 ne
2289 4762 2472 4836 aliqua
2500 4762 2704 4819 fraudis
2751 4764 2948 4820 astutia
2994 4764 3363 4836 decipiamur;
3416 4764 3470 4821 et
3519 4766 3797 4839 quidquid

2192 4867 2257 4909 ex
2288 4852 2392 4908 hoc
2421 4851 2652 4920 facietis,
2685 4853 2788 4907 sub
2834 4853 2981 4907 omni
3030 4852 3374 4908 festinatione
3405 4852 3593 4909 facere
3621 4870 3796 4912 acce-

2190 4939 2359 4995 lerate
2389 4958 2402 4995 :
2434 4940 2565 4995 mihi
2615 4948 2826 5011 tempus
2872 4948 2925 4994 et
2968 4939 3147 4997 locum
3190 4941 3507 4997 denuntiata
3546 4959 3655 5014 quo
3688 4959 3796 5000 oc-

2190 5041 2413 5084 currere
2440 5028 2684 5084 debeatis
2714 5028 2783 5085 ad
2812 5043 2913 5084 nos
2943 5027 3373 5101 recolligendum
3398 5048 3412 5094 ;
3453 5038 3506 5084 et
3553 5046 3624 5086 ne
3651 5029 3797 5087 forte

2187 5115 2371 5188 aliqua
2412 5115 2661 5172 dubietas
2703 5115 2884 5171 animo
2926 5124 3108 5173 vestro
3156 5116 3405 5181 insideat,
3451 5117 3589 5173 duas
3629 5134 3798 5173 man-

2186 5202 2381 5259 damus
2407 5202 2667 5276 epistolas
2712 5203 2975 5275 prazdicto
3022 5203 3179 5276 regi;
3224 5220 3456 5277 quarum
3488 5222 3653 5262 unam
3691 5222 3799 5262 vos

2188 5287 2350 5361 legite
2377 5296 2434 5343 ut
2461 5288 2809 5361 cognoscatis
2855 5288 2999 5360 quod
3044 5288 3303 5354 continet,
3347 5304 3509 5361 quam
3539 5301 3626 5345 aut
3670 5291 3799 5363 ipse

2185 5371 2402 5428 deferas
2449 5372 2699 5428 volumus
2723 5416 2736 5436 ,
2782 5380 2872 5427 aut
2913 5388 3015 5443 per
3059 5372 3317 5428 idoneum
3362 5374 3635 5429 hominem
3689 5391 3792 5431 ve-

2183 5467 2360 5515 strum
2389 5460 2688 5517 trasmittas
2722 5478 2734 5515 :
2775 5459 2903 5532 quia
2932 5476 3033 5515 nos
3062 5459 3116 5516 iu
3162 5461 3265 5516 hac
3314 5469 3459 5516 terra
3501 5470 3643 5517 stare
3678 5480 3798 5519 non

2185 5562 2476 5618 passumus
2524 5548 2627 5604 nisi
2671 5565 2844 5620 usque
2899 5546 2951 5603 iu
3002 5548 3276 5604 Kalendas
3322 5552 3611 5621 Augustas,
3660 5551 3800 5622 quia
