4028 6180
267 281 372 333 785

269 506 400 562 rege
427 489 578 560 loqui
605 489 891 546 debemus.
912 489 1129 546 Festina
1157 490 1482 562 quantocius
1512 489 1651 546 sicut
1679 487 1869 545 solitus

268 594 348 644 es,
378 586 581 633 nostra
601 577 867 635 Ecclesia
885 593 1111 635 causam
1130 593 1417 649 peragere,
1440 586 1499 633 ut
1517 577 1664 648 apud
1689 575 1871 633 Domi-

266 682 393 721 num
414 680 629 722 merces
649 674 833 722 vestra
852 666 1074 738 copiose
1095 674 1397 723 accrescat.
1423 667 1559 722 Data
1581 670 1644 722 ut
1667 681 1863 738 supra.

913 772 1217 828 CXXXIX.

656 877 728 916 ΔΙ)
766 875 1224 917 (Ὰιιοιωιλκκωι
1265 876 1452 916 REGE!
1460 901 1472 914 .

882 951 1065 1015 (Anno
1093 951 1243 1019 878.)

271 1059 512 1136 Miratur
552 1058 719 1136 illum
764 1057 846 1136 ad
881 1057 1041 1136 binas
1075 1057 1299 1136 litteras
1346 1055 1859 1136 non‘rrspondissc.

354 1128 742 1200 Valetudinem
794 1130 915 1200 ejus
967 1128 1265 1200 deplorat;
1322 1128 1482 1182 addit
1537 1127 1602 1181 (Ιὲ
1656 1127 1863 1197 synodo

348 1200 529 1253 Trecis
560 1199 912 1253 celebranda.

335 1297 362 1322 ³
390 1286 735 1341 Sabbatinum
767 1286 1100 1357 episcopum.

337 1374 687 1430 Sabbatinum
716 1374 1030 1446 episcopum
1059 1374 1292 1445 primum
1323 1383 1373 1429 et
1401 1382 1590 1445 postea
1621 1388 1717 1444 per
1743 1376 1858 1427 An-

263 1472 501 1535 spertum
532 1463 1008 1528 Mediolaneusem,
1061 1464 1128 1517 de
1178 1478 1284 1535 qua
1326 1463 1550 1518 multum
1584 1462 1855 1526 miramur,

262 1567 362 1609 cur
392 1567 502 1607 non
521 1552 637 1621 jam
665 1568 695 1605 a
724 1551 880 1608 vobis
910 1568 1232 1623 responsum
1277 1552 1358 1606 vcl
1400 1550 1597 1605 missos
1636 1550 1856 1621 accepi-

263 1657 383 1693 mus
419 1657 434 1694 ε
464 1653 566 1694 nos
596 1655 719 1694 cum
765 1638 902 1695 foret
947 1640 1206 1710 possibile
1248 1640 1504 1710 primum,
1545 1638 1732 1693 saltem
1763 1654 1861 1709 per

1471 275 1825 333 Εριδτοιωῖ
1873 274 1966 330 ΕΤ
2021 275 2366 334 DECRETA.

267 408 554 473 postquam
586 401 643 456 in
673 409 876 458 terram
920 403 1061 458 hanc
1112 401 1378 469 venimus,
1428 416 1553 458 cum
1584 399 1861 457 Ludovico
1889 399 1943 459 A

3461 277 3568 335 786

2666 400 2852 456 CXLI.

2384 544 2393 554 ,
2427 504 2503 544 Αι)
2539 503 2859 545 ιυυονιοωι
2898 504 3110 546 uacui.

2586 580 2768 648 (Anno
2797 576 2950 649 878.)

2224 667 2494 739 Ejusdem
2522 683 2591 723 ac
2616 667 2943 740 praecedens
2974 668 3319 739 argumenti.

2041 755 2252 811 Dilecto
2282 754 2392 810 ﬁlio
2421 756 2706 811 Lunovtco
2734 753 2980 828 glorioso
3008 754 3144 828 regi.

2038 841 2197 911 Quod
2224 859 2325 914 pro
2354 859 2491 914 pace
2533 851 2589 900 et
2635 844 2841 899 unitate
2890 852 3206 901 sanctarum
3239 842 3341 898 Dei
3367 842 3565 900 Eccle-

1967 931 2169 987 siarum
2218 932 2567 1004 omniumque
2611 932 3035 988 Christianorum
3083 946 3118 987 a
3159 930 3401 987 Romana
3430 931 3564 988 sede

1962 1020 2020 1075 in
2048 1028 2235 1091 partes
2264 1020 2453 1076 Galliae
2481 1021 2807 1086 venerimus,
2838 1021 2891 1076 in
2921 1020 3148 1092 epistola
3177 1034 3339 1093 quam
3368 1018 3563 1092 gloriae

1965 1116 2162 1163 vestrae
2191 1108 2440 1163 misimus
2486 1108 2802 1179 plenissime
2849 1107 3160 1180 signiﬁcare
3202 1107 3508 1164 studuimus
3541 1124 3557 1164 :

1964 1196 2237 1252 nescimus
2267 1205 2449 1252 tamen
2476 1213 2584 1269 quo
2615 1204 2858 1268 tempore
2886 1197 2954 1252 ad
2985 1213 3082 1253 vos
3111 1195 3374 1268 pervenit,
3407 1204 3461 1253 et
3489 1196 3558 1251 de

1961 1301 2027 1341 eo
2058 1300 2165 1357 qua
2194 1301 2255 1340 re
2286 1285 2444 1340 nobis
2474 1301 2583 1340 non
2612 1284 2761 1341 dedit
2776 1285 2994 1341 dilectio
3017 1294 3196 1341 vestra
3211 1300 3554 1357 responsum.

1961 1371 2303 1445 Quapropter
2332 1389 2539 1445 quaeso,
2559 1372 2633 1428 ﬁli
2665 1372 3007 1443 charissima,
3027 1373 3096 1429 ad
3125 1390 3226 1429 nos
3256 1381 3312 1429 ut
3342 1373 3411 1429 ad
3441 1372 3557 1430 col-

1960 1461 2201 1534 loquium
2233 1462 2377 1533 quod
2406 1478 2528 1517 cum
2560 1462 2833 1518 Ludovico
2852 1477 2983 1532 rege
3013 1461 3189 1517 Caroli
3217 1460 3555 1532 imperatoris

1958 1548 2070 1604 ﬁlio
2097 1550 2245 1620 apud
2276 1550 2478 1605 'I‘recas
2506 1549 2743 1605 habituri
2775 1566 2981 1616 sumus,
3013 1548 3060 1604 si
3090 1548 3417 1620 possibilitas
3444 1563 3555 1606 non

1957 1638 2207 1705 obsistat,
2240 1638 2426 1693 venire
2454 1638 2803 1703 acceleretis;
2855 1638 2940 1693 vel
2988 1637 3033 1693 si
3062 1636 3246 1709 aliquo
3271 1637 3555 1694 obstaculo

259 1729 471 1799 legatos
500 1727 778 1783 vobiscum
809 1728 956 1799 loqui
985 1743 1326 1799 caperemus,
1375 1727 1573 1783 deinde
1605 1743 1728 1781 cum
1762 1742 1853 1780 re-
1885 1755 1937 1814 B
1960 1726 2352 1797 prmpedimini,
2386 1735 2443 1780 ut
2473 1742 2580 1782 non
2611 1735 2878 1797 Optamus,
2899 1735 3148 1781 strenuos
3168 1725 3382 1799 legatos
3398 1725 3557 1785 nobis

260 1816 425 1889 liquis
450 1815 701 1871 fratribus
730 1817 965 1873 vestris:
988 1816 1134 1888 quod
1163 1817 1287 1889 quin
1317 1826 1497 1872 vestra
1527 1814 1852 1879 inﬁrmitate,

261 1920 430 1976 quam
485 1905 709 1961 nimium
764 1903 1033 1967 dolemus,
1088 1914 1171 1959 est
1219 1904 1662 1975 praetermissum,
1714 1919 1858 1959 nunc

259 1995 409 2064 apud
453 1995 673 2055 Trecas,
725 1993 937 2049 Christo
980 1994 1307 2065 opitulante;
1359 1993 1623 2064 synodum
1673 2008 1857 2047 sumus

259 2081 608 2147 celebraturi,
637 2082 1033 2154 loquemurque
1080 2098 1201 2136 cum
1244 2081 1518 2137 Ludovico
1550 2089 1603 2135 et
1633 2080 1858 2152 reliquis

260 2171 463 2225 vestris
490 2169 764 2233 fratribus.
793 2178 846 2225 et
898 2180 1020 2242 post
1054 2169 1331 2226 Kalendas
1362 2172 1635 2241 Augustas
1660 2169 1730 2223 ad
1760 2185 1858 2225 vos

260 2267 598 2315 revertemur
620 2277 634 2312 :
653 2267 858 2315 tantum
889 2258 1069 2315 locum
1101 2258 1259 2314 nobis
1286 2258 1523 2314 dicendo
1550 2258 1616 2312 ad
1647 2266 1858 2328 tempus

258 2346 511 2403 mandate
539 2363 650 2419 quo
677 2347 838 2403 nobis
881 2346 1128 2402 debeatis
1170 2362 1485 2411 occurrere,
1536 2355 1585 2401 et
1615 2345 1856 2401 laborem

259 2451 363 2507 pro
393 2445 577 2491 vestra
604 2444 775 2490 matre
824 2444 1009 2491 sancta
1054 2436 1297 2491 Romana
1345 2434 1596 2493 Ecclesia
1624 2450 1732 2490 non
1767 2451 1857 2489 re-

258 2532 447 2580 cusate
472 2540 770 2590 assumere,
803 2524 931 2597 quia
958 2525 1009 2580 si
1026 2526 1261 2595 fueritis
1281 2525 1418 2580 socii
1435 2523 1662 2588 laboris,
1684 2524 1858 2579 simul

259 2614 424 2667 eritis
454 2617 510 2668 et
538 2614 943 2669 aemulationis
963 2614 1043 2684 (ll
1070 2614 1189 2669 Cor.
1222 2614 1283 2680 ι).
1324 2619 1378 2667 et
1405 2611 1461 2667 in
1493 2612 1615 2675 hoc,
1648 2625 1854 2682 quieso,

257 2698 593 2770 perﬁciendo
620 2715 726 2757 non
759 2700 825 2754 sit
856 2701 963 2756 ulla
992 2700 1199 2756 dilatio.
1233 2701 1371 2756 Data
1401 2704 1469 2755 ut
1495 2716 1685 2771 supra.

984 2807 1145 2862 CXL.

751 2910 821 2949 ΑΙ)
862 2909 1118 2951 ελιοιωι
1157 2909 1364 2950 RBG“.

880 2984 1065 3056 (Anno
1094 2985 1243 3053 8‘18.)

1963 1815 2181 1888 dirigite
2211 1831 2310 1886 per
2340 1831 2477 1886 quos
2506 1814 2696 1886 gloria
2736 1824 2935 1870 veslrre
2960 1814 3142 1870 omnia
3171 1822 3403 1885 secreta,
3431 1830 3555 1887 quae

1957 1903 2139 1958 animo
2168 1913 2356 1959 nostro
2388 1903 2647 1966 resident,
2681 1902 2911 1958 ﬁdenter
2940 1902 3203 1959 mandare
3232 1903 3551 1969 valeamus;

1960 1992 2136 2048 locum
2170 1992 2328 2046 nobis
2357 1991 2519 2046 simul
2551 1991 2930 2047 nominetenus
2966 1990 3276 2063 designate,
3306 2006 3416 2063 quo
3443 1989 3551 2047 frui

1958 2089 2143 2136 vestro
2197 2080 2469 2153 colloquio
2514 2089 2566 2135 et
2610 2080 2856 2150 germani
2905 2079 3069 2135 vestri
3114 2078 3299 2135 Caroli
3322 2078 3551 2150 gloriosi

1958 2170 2104 2240 regis
2133 2169 2432 2224 valeamus.
2478 2167 2749 2238 Quoniam
2795 2168 2864 2224 de
2912 2170 3015 2224 hac
3043 2175 3184 2223 terra
3211 2167 3361 2224 nullo
3387 2166 3551 2223 modo

1959 2256 2354 2330 regrediemur,
2403 2257 2736 2328 priusquam,
2790 2258 2905 2312 Deo
2952 2255 3264 2323 auxiliante,
3314 2270 3549 2328 percon-

1956 2363 2088 2417 grua
2118 2354 2171 2401 et
2198 2354 2384 2401 mutua
2416 2345 2699 2402 vobiscum
2729 2345 3057 2401 misceamus
3083 2343 3376 2416 colloquia.
3419 2345 3555 2401 Data

1957 2439 2025 2491 ut
2044 2451 2235 2507 supra.

2646 2522 2854 2578 CXLII.

2443 2626 2515 2666 A0
2552 2625 2811 2666 CAIOLUI
2849 2624 3058 2666 118081.

2571 2700 2753 2770 (Anno
2781 2698 2932 2767 878.)

1958 2789 2158 2862 Arguit
2186 2790 2328 2862 quod
2357 2793 2583 2845 vocatus
2611 2789 2683 2843 ad
2711 2804 2767 2843 sc
2786 2804 2902 2843 non
2922 2788 3162 2862 uenerit,
3197 2785 3552 2862 sicutLudo-

2029 2858 2313 2915 ἰνίου-(νεα)
2341 2863 2575 2932 fecerat,
2620 2862 2815 2932 monet
2853 2859 2953 2932 sub
2997 2858 3549 2932 excommunicatio-

2030 2932 2119 3002 m’s
2134 2947 2320 3002 poma,
2342 2929 2417 2987 ut
2448 2932 2538 2986 sui
2566 2930 2730 3002 regni
2757 2929 2966 3002 ﬁnibus
2995 2932 3297 2985 contentus
3327 2929 3552 2984 nullam

2031 3001 2227 3057 Bosoni
2258 3002 2580 3057 molestiam
2609 3001 2893 3057 exhibeat.

259 3085 393 3168 Agit
424 3084 646 3167 gratias
671 3083 739 3170 de
768 3083 1119 3170 observantia
1161 3085 1632 3170 ergarl‘lomauam
1653 3081 1856 3170 ,ξςςξς-
1886 3107 1936 3170 C
2031 3089 2240 3146 Dilecto
2270 3090 2494 3145 Caaoao
2525 3088 2768 3159 glorioso
2798 3088 2940 3160 regi.

334 3151 484 3210 siam
514 3174 533 3209 :
554 3155 815 3210 miratur
843 3153 985 3222 quod
1013 3152 1087 3207 ad
1113 3168 1172 3208 se
1204 3151 1413 3222 legatos
1444 3168 1560 3207 non
1588 3151 1811 3207 miserit
1839 3173 1858 3209 :

328 3229 491 3296 rogat
512 3228 578 3280 ut
603 3228 741 3279 ante
754 3223 1095 3295 colloquium
1114 3223 1257 3295 quod
1277 3223 1860 3296 cum_Ludovico_rege

330 3293 629 3353 habiturus
649 3299 752 3361 est,
777 3299 883 3350 aut
909 3293 1026 3367 ipse
1047 3293 1258 3359 veniat,
1288 3298 1392 3349 aut
1411 3293 1617 3365 legatos
1642 3293 1855 3348 mittat.

327 3402 543 3458 Dilecto
574 3400 686 3455 ﬁlio
714 3402 939 3456 Caaow
970 3399 1214 3472 glorioso
1242 3400 1381 3471 regi.

327 3490 491 3559 Quod
520 3505 617 3560 pro
644 3504 781 3561 pace
811 3498 863 3544 et
892 3489 1093 3544 unitate
1122 3497 1432 3544 sanctorum
1462 3488 1560 3543 Dei
1587 3486 1854 3544 Ecclesia-

256 3596 379 3636 rum
412 3579 763 3650 omniumque
810 3577 1239 3632 Christianorum
1287 3576 1341 3631 in
1388 3576 1572 3648 priore
1605 3576 1853 3648 cpistola,

255 3684 428 3740 quam
488 3675 685 3722 vestrm
742 3666 990 3722 misimus
1046 3665 1352 3731 dilectioni,
1412 3664 1854 3736 significavimus,

251 3757 454 3829 gloria:
483 3754 834 3810 nihilominus
864 3762 1059 3810 vestra:
1101 3754 1297 3810 uberes
1342 3753 1636 3825 gratiarum
1668 3753 1859 3809 laudes

255 3844 653 3917 rependimus;
699 3843 824 3914 quia
871 3859 973 3898 nos
1020 3851 1206 3897 vestra
1234 3842 1465 3913 epistola
1494 3842 1650 3896 valde
1676 3840 1858 3898 laetiti-

250 3933 423 3989 castis
473 3932 528 3987 in
573 3933 673 3987 hoc
721 3932 869 4003 quod
914 3931 1259 3986 dilectionem
1309 3930 1472 3985 animi
1518 3931 1684 3986 vestri
1713 3930 1859 3986 circa

251 4023 560 4078 Romanam
589 4019 914 4084 Ecclesiam,
935 4019 1072 4074 sicut
1094 4019 1261 4073 vestri
1292 4027 1546 4090 parentes
1573 4034 1638 4074 ac
1670 4019 1859 4089 proavi

253 4111 582 4172 habuerunt,
615 4109 820 4164 habere
845 4108 1079 4162 ubertim
1109 4106 1457 4178 significatis;
1491 4107 1649 4164 valde
1680 4115 1856 4162 tamen

250 4200 523 4254 miramur
547 4212 647 4253 cur
676 4196 747 4251 ad
778 4212 878 4252 nos
916 4196 1128 4269 legatos
1178 4203 1392 4250 vestros
1424 4212 1532 4250 non
1561 4194 1854 4261 direxistis,

250 4288 397 4343 sicut
426 4286 631 4357 precati
661 4301 864 4339 sumus.
914 4283 1257 4354 Quapropter
1304 4299 1510 4356 quaeso,
1544 4282 1620 4339 ﬁli
1649 4284 1857 4339 charis-

250 4376 415 4441 sime,
453 4383 509 4428 ut
539 4374 696 4444 (edit.
752 4376 904 4430 Rom.
955 4373 1117 4428 addit
1165 4373 1234 4427 ad
1276 4372 1400 4441 nos)
1430 4371 1494 4425 ad
1528 4371 1857 4443 colloquium

249 4463 405 4558 quod
436 4478 560 4558 cum
573 4461 888 4558 Ludovico
910 4477 1042 4558 rege
1088 4459 1269 4515 Caroli
1316 4459 1660 4558 imperatoris
1710 4460 1856 4532 regis
1885 4465 1936 4524 D
1958 4459 2081 4558 δ’ἐιὲ

251 4552 369 4607 ﬁlio
399 4550 545 4621 apud
573 4550 771 4606 Trecas
800 4549 1036 4604 habituri
1068 4566 1275 4615 sumus,
1308 4548 1354 4602 si
1384 4547 1718 4619 possibilitas
1750 4563 1858 4603 non

247 4640 496 4705 obsistit,
529 4639 711 4693 venire
740 4638 1093 4701 acceleretis;
1146 4638 1230 4692 vel
1276 4637 1321 4691 si
1367 4637 1548 4708 aliquo
1576 4636 1858 4692 obstaculo

250 4727 659 4798 praepedimini,
683 4735 738 4781 ut
769 4742 876 4781 non
899 4735 1171 4797 optamus,
1196 4735 1450 4781 strenuos
1471 4726 1685 4798 legatos
1700 4724 1858 4780 nobis

247 4816 500 4888 dirigite,
525 4831 625 4885 per
654 4830 790 4887 quos
821 4814 1011 4885 gloria:
1042 4823 1238 4869 vestra:
1267 4815 1447 4869 omnia
1479 4822 1710 4877 secreta,
1737 4830 1859 4886 quae

248 4906 443 4960 animo
473 4913 660 4959 nostro
694 4904 954 4970 resident,
997 4903 1226 4958 fidenter
1254 4904 1513 4958 mandare
1541 4903 1854 4967 valeamus;

248 4994 441 5048 locum
472 4992 629 5046 nobis
659 4991 816 5047 simul
864 4992 1245 5047 nominetcnus
1292 4992 1575 5063 designate
1614 5007 1723 5063 quo
1752 4990 1857 5046 frui

250 5089 441 5137 vestro
471 5080 740 5151 colloquio
771 5089 823 5135 et
861 5080 1118 5134 Germani
1152 5080 1313 5134 vestri
1346 5079 1599 5135 Ludovici
1631 5079 1857 5152 gloriosi

249 5170 406 5242 regis
439 5168 734 5231 valeamus,
788 5168 1042 5240 quoniam
1094 5169 1162 5223 de
1212 5169 1313 5224 hac
1342 5177 1488 5223 terra
1519 5168 1667 5223 nullo
1696 5168 1859 5222 modo

250 5257 660 5331 regrediemur,
683 5256 1017 5327 priusquam,
1045 5257 1157 5311 Deo
1180 5256 1493 5321 auxiliante,
1514 5273 1858 5329 percongrua

249 5356 306 5401 et
336 5355 531 5401 mutua
561 5345 840 5400 vobiscum
890 5345 1217 5400 misceamus
1258 5346 1546 5417 colloquia.
1599 5345 1860 5417 Optamus

251 5436 492 5508 gloriam
525 5442 757 5489 vestram
789 5433 891 5503 piis
924 5436 1117 5487 ﬂorere
1151 5434 1516 5488 sum-ossibus.

322 5564 342 5588 .
368 5547 557 5605 »οδω
579 5544 760 5611 aliqua.

2035 3177 2272 3233 Servans
2328 3176 2488 3233 tidem
2547 3177 2877 3232 Francorum
2935 3176 3195 3249 regibus,
3255 3174 3555 3231 secundum

1959 3266 2427 3337 praedecessorum
2458 3281 2698 3320 meorum
2721 3262 3078 3335 pontiﬁcium,
3098 3263 3299 3318 multos
3314 3271 3367 3318 et
3387 3263 3555 3318 duros

1959 3354 2170 3410 labores
2202 3355 2256 3408 in
2285 3354 2422 3409 mari
2451 3362 2502 3408 et
2534 3353 2588 3408 in
2618 3361 2760 3409 terra
2789 3351 3020 3423 pertuli;
3075 3352 3144 3406 ab
3192 3351 3329 3406 urbe
3358 3360 3409 3406 et
3437 3350 3553 3406 llo-

1959 3457 2120 3497 mana
2151 3443 2280 3497 sede
2310 3442 2365 3496 in
2394 3441 2674 3498 Franciam
2703 3441 2828 3496 veni
2855 3458 2871 3495 :
2902 3456 3096 3495 omnes
3122 3455 3221 3495 vos
3247 3438 3557 3512 legatorum

1958 3540 2068 3585 tam
2099 3530 2221 3586 viva
2250 3546 2386 3587 voce
2414 3546 2578 3603 quam
2617 3529 2862 3601 epistolis
2908 3528 3091 3584 studui
3134 3542 3460 3594 convocare,
3497 3534 3556 3584 ut

1957 3627 2171 3690 pactum
2202 3619 2347 3690 quod
2372 3619 2458 3674 avi
2503 3626 2556 3675 et
2604 3626 2785 3690 patres
2831 3617 3000 3673 vestri
3048 3625 3260 3673 sancta.
3294 3616 3555 3672 Romane

1959 3708 2218 3764 Ecclesia
2241 3707 2600 3777 jurejurando
2649 3706 3039 3778 promiserunt,
3089 3705 3387 3777 adimplere
3416 3719 3556 3760 con-

1957 3796 2273 3852 tenderetis.
2307 3797 2415 3851 Sed
2444 3798 2568 3861 heu,
2601 3796 2739 3867 proh
2776 3794 2969 3850 dolor!
3015 3793 3194 3850 cuncti
3241 3793 3430 3849 venire
3456 3807 3559 3863 per

1958 3884 2382 3940 inobedientiam
2411 3883 2748 3957 neglexistis,
2781 3891 2980 3954 praeter
3007 3882 3342 3938 Ludovicum
3373 3894 3561 3953 regem

1958 3974 2097 4029 divae
2124 3974 2403 4030 memoria:
2435 3973 2616 4028 Caroli
2645 3971 2989 4044 imperatoris
3020 3970 3208 4035 ﬁlium,
3240 3971 3395 4040 cuius
3424 3984 3562 4026 con-

1959 4063 2080 4119 silio
2112 4072 2273 4135 atque
2315 4063 2549 4129 hortatu,
2598 4062 2866 4117 Bosonem
2916 4060 3215 4134 gloriosum
3260 4058 3563 4132 principem

1958 4168 2058 4222 per
2084 4151 2396 4222 adoptionis
2423 4151 2657 4222 gratiam
2683 4148 2852 4204 ﬁlium
2872 4165 3057 4205 meum
3077 4147 3269 4215 etl'eci;
3305 4155 3363 4204 ut
3385 4147 3476 4203 ille
3508 4146 3566 4205 in

1958 4239 2250 4293 mundanis
2269 4238 2630 4306 discursibus,
2651 4253 2752 4293 nos
2774 4238 2941 4292 libere
2960 4237 3014 4291 in
3036 4236 3121 4291 his
3136 4253 3259 4308 qua
3286 4236 3354 4292 ad
3387 4236 3563 4291 Deum

1957 4327 2253 4398 pertinent.
2316 4342 2508 4383 vacare
2563 4326 2863 4382 valeamus.
2924 4323 3266 4395 Quapropter
3322 4321 3566 4379 contenti

1958 4415 2189 4471 termino
2220 4415 2377 4487 regni
2409 4414 2595 4477 vestri,
2626 4428 2820 4484 pacem
2860 4421 2912 4467 ct
2944 4412 3181 4483 quietem
3214 4411 3417 4467 habere
3447 4416 3563 4464 stu-

2086 4547 2102 4569 ,
2135 4502 2257 4573 quia
2287 4503 2449 4557 modo
2480 4510 2533 4557 et
2560 4501 2822 4572 deinceps
2873 4498 3403 4556 excommunicamus
3436 4512 3561 4553 om-

1956 4607 2055 4646 nes
2087 4590 2179 4661 qui
2208 4599 2402 4646 contra
2430 4590 2751 4662 praedictum
2797 4587 2965 4645 ﬁlium
2996 4596 3239 4644 nostrum
3271 4586 3558 4659 insurgere

1957 4679 2294 4735 tentaverint.
2330 4680 2465 4735 Data
2489 4684 2555 4736 ut
2583 4696 2776 4751 supra.

2631 4767 2864 4823 CXLIII.

2260 4874 2291 4911 Α
2300 4873 2333 4911 υ
2374 4872 2722 4912 ιιυτιιιειιτυκ
2762 4870 3254 4911 ARCIIIEPISCOPUM.

2577 4948 2757 5015 (Anno
2788 4946 2937 5015 878.)

2030 5037 2209 5092 Monet
2245 5040 2307 5090 ut
2337 5037 2564 5092 Bosonis
2584 5033 3227 5176 ﬁljrtbus‘lta’reditatern
3258 5032 3485 5089 restitui

2686 5122 2810 5160 acia
2845 5147 2858 5160 .

2686 5122 2858 5160 amat.

2030 5194 2494 5250 Reverentissimo
2542 5202 2594 5248 et
2644 5193 2991 5249 sanctissimo
3049 5191 3310 5248 contratri
3369 5197 3558 5248 nostro

1960 5286 2275 5339 Lwraau'ro
2303 5282 2735 5355 archiepiscopo.

2036 5372 2448 5427 Fraternitatem
2496 5378 2641 5426 tuam
2710 5371 2988 5428 recordari
3037 5369 3285 5426 volumus
3329 5367 3564 5443 qualiter

1956 5461 2063 5533 jam
2087 5461 2153 5514 de
2172 5460 2599 5536 proprietatibus
2621 5460 2906 5515 Bosouiset
2928 5458 3275 5533 Engeltrudis
3288 5459 3383 5513 tibi
3398 5458 3562 5532 scrip-
