4072 6186
509 286 616 348 ’787

1803 286 2103 351 JOANNIS
2159 292 2356 350 PAPE
2428 290 2569 351 Vill.

3692 294 3802 349 788

506 415 761 485 serimus,
793 425 1078 473 monentes
1124 426 1181 473 ut
1216 408 1386 487 ipsas,
1434 433 1570 488 quas
1617 433 1716 473 vos
1762 416 2000 473 allodum
2028 416 2182 478 di-A
2208 425 2466 475 vestram.
2528 417 2878 490 Quapropter
2940 427 3046 475 tua:
3109 417 3430 475 fraternitati
3484 417 3805 475 auctoritate

514 504 658 572 citis,
712 502 928 559 ﬁliabus
969 516 1155 561 eorum
1201 520 1348 576 saepe
1402 504 1830 561 reclamantibus
1875 504 2107 560 reddere

502 592 760 648 deberitis
792 610 806 646 :
839 593 1097 665 quoniam
1123 594 1364 649 omnium
1394 592 1578 666 legum
1606 592 1926 648 auctoritate
1957 592 2103 666 legi-

503 680 619 737 timi
646 680 744 736 ﬁlii
774 688 900 736 sunt
928 682 1042 737 veri
1090 682 1341 738 heredes
1385 682 1470 753 (in
1516 682 1756 737 authent.
1788 682 1856 737 de
1887 681 2103 737 ered.

502 770 570 825 ab
596 770 766 825 intes.
799 786 945 836 ven.,
977 769 1009 842 ἓ
1040 770 1112 840 t),
1146 777 1205 824 ut
1251 777 1437 826 vestra
1490 770 1631 825 bene
1682 769 1861 825 noscit
1887 768 2106 841 religio-

501 856 652 927 sitas,
684 858 992 929 iterumque
1022 859 1302 914 hortantes
1348 872 1655 925 mouemus,
1690 857 2102 929 apostolicaque

498 945 810 1003 auctoritate
840 961 1101 1018 expresse
1133 947 1420 1017 jubemus;
1460 947 1573 1016 jam
1604 946 1733 1019 quia
1761 953 1979 1001 nostras
2010 945 2103 1000 lit-

497 1041 648 1091 teras
676 1034 863 1090 audire
908 1034 1218 1102 dismleras,
1266 1043 1321 1091 et
1368 1051 1535 1107 super
1583 1035 1668 1089 his
1715 1035 1976 1089 hactenus
2006 1050 2099 1090 re—

498 1123 771 1195 spondere
818 1123 1165 1196 neglexeras,
1218 1123 1468 1178 volumus
1513 1129 1570 1177 ut
1616 1123 1688 1177 ad
1733 1137 1828 1177 cor
1857 1122 2097 1189 rediens,

496 1211 643 1282 ipsas
670 1226 817 1282 saepe
848 1211 1276 1277 reclamatrices,
1324 1218 1416 1265 aut
1465 1210 1713 1265 homines
1742 1210 1985 1281 ipsarum
2017 1210 2100 1264 in-

488 1300 700 1355 vestire
726 1300 797 1355 de
822 1300 933 1369 jam
961 1299 1121 1354 dictis
1149 1297 1571 1369 preprietatibus
1603 1305 1839 1370 satagas,
1866 1305 2104 1354 vestros-

498 1402 604 1459 que
630 1402 819 1443 earum
848 1394 903 1442 et
933 1386 1070 1441 alios
1112 1386 1395 1441 invasores
1425 1385 1672 1441 similiter
1701 1385 1959 1453 facturos,
1990 1401 2095 1443 no-

494 1483 607 1531 stra
632 1474 956 1530 auctoritate
986 1473 1504 1529 exeommunicando
1544 1489 1870 1544 permoneas
1904 1490 1917 1529 :
1952 1489 2093 1545 quo-

490 1563 643 1618 niam
667 1562 848 1630 justus
877 1561 1139 1618 Dominus
1161 1562 1429 1631 justitiam
1460 1560 1666 1628 dilexit,
1699 1569 1752 1617 et
1782 1562 2092 1633 mquitatem

488 1650 627 1707 vidit
653 1650 834 1705 vultus
862 1650 998 1719 ejus.
1036 1673 1059 1697 υ
1093 1650 1203 1705 ιΕι
1231 1650 1277 1705 si
1305 1649 1445 1706 forte
1475 1650 1695 1721 spurius
1723 1649 2087 1707 Godefredus.

2208 507 2383 561 nostri
2410 508 2745 578 apostolatus
2765 508 3039 576 iubemus,
3079 506 3339 563 attentius
3362 505 3608 577 praedicti
3637 506 3799 579 geni-

2208 595 2313 650 tori
2342 610 2565 650 causam
2593 596 2919 652 sacerdotali
2948 596 3257 652 succinctus
3284 596 3479 666 vigore
3500 595 3796 666 inquirere,

2206 682 2367 755 eique
2393 684 2559 739 tinem
2586 683 2944 756 legaliterque
2990 684 3280 740 terminum
3328 684 3477 752 dare,
3519 682 3568 737 si
3594 683 3800 755 negotii

2206 778 2376 827 status
2404 772 2750 845 inambiguus
2766 772 2957 829 futuris
2971 772 3319 844 prospicitur.
3343 771 3501 841 Quod
3522 771 3569 826 si
3599 786 3801 841 anceps

2206 868 2389 916 vestro
2443 860 2606 917 fuerit
2660 862 2774 919 visa
2826 861 3124 927 libramini,
3177 868 3434 932 utrasque
3474 868 3658 931 partes
3686 860 3802 914 suis

2204 948 2619 1022 allegationibus
2665 950 2960 1006 instructas
3007 949 3195 1006 venire
3242 948 3298 1003 in
3326 947 3674 1019 praesentiam
3701 963 3800 1002 no-

2203 1044 2367 1094 stram
2397 1038 2618 1094 omnino
2646 1046 2851 1094 mature
2881 1038 3219 1094 mandamus.
3253 1038 3390 1093 Data
3419 1040 3485 1093 ut
3503 1052 3699 1110 supra.

2883 1189 3115 1245 CXLVI.

2201 1308 2271 1346 AD
2330 1308 2725 1351 THEODORICUM
2782 1309 3258 1351 ARCHIEPISCOPUI
3318 1306 3795 1350 RISUNTINKNSEI.

2813 1402 2994 1471 (Anno
3025 1401 3175 1471 8’78.)

2196 1507 2357 1562 lubet
2386 1510 2451 1562 ut
2480 1509 2900 1579 quamprimum
2932 1507 3123 1563 veniat
3168 1511 3224 1563 et
3256 1507 3577 1579 episcopum
3608 1504 3671 1579 in
3698 1520 3797 1561 ec-

2266 1579 2441 1651 clesia
2467 1577 2842 1643 Lausanensi,
2871 1583 3104 1651 propter
3131 1577 3441 1651 electorum
3459 1577 3797 1651 divisiones,

2263 1648 2599 1720 priusquam
2614 1666 2734 1704 una
2760 1648 3178 1722 colloquantur,
3211 1649 3470 1706 ordinari
3497 1652 3676 1705 vetat.

490 1746 589 1794 aut
615 1737 882 1809 aliquibus
928 1738 1048 1809 ipsa
1092 1739 1372 1794 mcecbans
1419 1738 1792 1811 Engeltrudis,
1840 1738 1959 1793 sine
1989 1738 2089 1792 viri

2276 1753 2737 1810 Reverentissimo
2763 1763 2816 1809 et
2845 1754 3189 1809 sanctissimo
3223 1755 3591 1808 Tnsoooarco
3616 1752 3803 1809 archi-

498 1840 771 1883 consensu
800 1840 1019 1898 quoquo
1047 1827 1212 1881 modo
1240 1827 1543 1892 donaverit,
1563 1826 1894 1882 contendere
1912 1826 2090 1882 volue-

492 1915 598 1983 rit;
631 1922 820 1970 nostra
844 1915 1146 1986 apostolica
1173 1916 1509 1979 auctoritate,
1533 1916 1709 1970 donec
1737 1915 2090 1984 reddiderint,
2142 1926 2151 1940 '

494 2002 624 2075 quia
643 2003 1008 2060 sancientibus
1033 2003 1242 2060 Joanne
1269 2018 1410 2075 papa
1434 2005 1680 2060 Romano
1709 2010 1764 2059 et
1787 2003 2093 2058 Justiniano

492 2088 824 2163 imperatore
854 2092 1119 2163 scriptum
1151 2100 1232 2147 est
1262 2094 1348 2164 (In
1377 2092 1621 2147 authent.
1655 2093 1807 2149 Bona
1848 2092 2091 2148 damna-

486 2183 706 2247 torum,
736 2180 925 2236 codice
952 2181 1019 2237 de
1061 2181 1190 2237 don.
1234 2196 1417 2253 prose.
1465 2196 1564 2237 seu
1601 2178 1841 2249 damn),
1875 2180 2092 2249 spurios

490 2269 630 2324 satis
657 2269 966 2338 iujuriosos,
1000 2269 1242 2341 satisque
1271 2268 1522 2337 acerbos,
1555 2276 1609 2324 et
1639 2268 1844 2324 nostris
1872 2274 2090 2338 tempo-

490 2356 645 2411 ribus
675 2372 894 2428 semper
922 2357 1178 2429 indignos
1192 2372 1321 2412 esse
1339 2356 1695 2425 dijudicamus
1718 2373 1733 2410 :
1756 2364 2092 2428 quapropter

494 2444 749 2501 convenit
780 2444 1137 2501 reverentiam
1166 2453 1406 2499 vestram
1435 2444 1587 2499 ilium
1608 2458 2085 2515 sempermonere.

491 2532 663 2589 Porro
692 2534 973 2589 hortamur
1018 2541 1075 2589 ut
1124 2546 1342 2605 quoquo
1388 2533 1554 2589 modo
1594 2532 1903 2588 monuimus
1932 2549 2088 2589 com-

493 2621 665 2693 pleas,
710 2622 962 2694 quoniam
1005 2622 1051 2677 si
1097 2622 1253 2677 aliter
1305 2620 1522 2689 feceris,
1573 2621 1720 2678 scias
1750 2630 1802 2677 te
1830 2622 2089 2678 canonica

491 2711 863 2766 damnandum
892 2726 1142 2777 censura,
1192 2719 1250 2765 ut
1297 2711 1503 2767 debeas
1549 2710 1675 2767 illos
1710 2710 2087 2766 excommuni-

487 2810 636 2855 care.
672 2799 811 2855 Data
837 2803 903 2856 ut
930 2815 1122 2871 supra.

1172 2918 1407 2974 CXLIV.

909 3020 979 3060 AD
1019 3021 1359 3062 ιίΑτηΒυυκ
1394 3018 1663 3061 00111⁸81.

1110 3094 1291 3162 (Ληηο
1319 3095 1468 3165 878,)

561 3184 745 3241 lauet
770 3187 837 3239 ut
864 3185 1093 3240 Βοωηὼ
1120 3185 1342 3240 comitis
1368 3183 1593 3253 ﬁliabus
1623 3183 2011 3240 hereditatem

1136 3256 1425 3312 restituat.

559 3362 872 3417 MA'H'IIDO
904 3360 1102 3418 illustri
1129 3360 1333 3417 comiti.

554 3450 993 3524 Suggerentibus
1020 3449 1274 3505 videlicet
1300 3448 1514 3504 ﬁliabus
1533 3449 1762 3506 Bosonis
1790 3464 1968 3521 nuper
1994 3464 2083 3505 co-

482 3540 652 3606 mitis,
684 3546 737 3594 et
766 3538 1116 3613 Engeltrudis
1144 3539 1413 3614 conjugis,
1450 3540 1710 3611 proximae
1738 3546 1957 3603 vestrae,
1987 3554 2083 3593 au-

483 3628 717 3684 divimus
745 3635 800 3688 ut
829 3627 1036 3683 allodes
1082 3643 1212 3684 suos
1261 3644 1361 3684 vos
1407 3628 1727 3684 invadentes
1755 3635 1941 3682 tenere
1971 3642 2081 3682 non

483 3716 803 3773 formidetis.
836 3715 1015 3787 Super
1042 3732 1152 3788 quo
1178 3717 1437 3771 miramur
1480 3730 1582 3771 cur
1611 3723 1774 3772 tanta:
1805 3716 2081 3787 sapientia:

482 3805 567 3861 vir
593 3806 699 3860 hoc
725 3803 909 3859 facere
936 3819 1045 3859 non
1076 3805 1389 3860 erubescas.
1422 3805 1618 3859 Nonne
1647 3803 1797 3859 scitis
1825 3805 2080 3875 quoniam

482 3893 876 3949 iubareditate
922 3892 1265 3963 suscipienda
1309 3893 1561 3946 omnibus
1604 3891 1852 3963 cognatis
1880 3892 2079 3962 praefe-

485 3980 643 4035 rendi
667 3987 793 4035 sunt
823 3978 960 4034 lilii?
990 3979 1087 4033 illa
1112 3994 1246 4035 vero
1274 3981 1578 4045 maschans,
1617 3980 1778 4037 alicui
1795 3982 1913 4036 sine
1943 3996 2080 4037 con-

484 4081 650 4122 sensu
671 4067 771 4120 viri
806 4082 872 4121 ex
900 4066 986 4120 bis
1014 4066 1218 4138 aliquid
1261 4067 1399 4122 dare
1448 4068 1693 4139 nequivit
1725 4068 1967 4124 omnium
1994 4069 2077 4123 le-

486 4170 618 4228 gum
672 4154 1013 4210 auctoritate.
1076 4155 1232 4210 Unde
1288 4169 1386 4210 vos
1439 4172 1745 4223 monemus,
1804 4157 2081 4211 hortamur

478 4241 890 4315 apostolieaque
919 4244 1242 4300 auctoritare
1265 4244 1540 4313 jubemus,
1572 4254 1630 4300 ut
1655 4246 1805 4316 ipsas
1832 4245 2079 4316 proprie-

482 4338 619 4388 tates
656 4332 764 4387 illis
818 4330 1029 4389 ﬁliabus
1084 4346 1274 4388 eorum
1331 4334 1565 4390 reddere
1620 4350 1717 4405 pro
1772 4333 2080 4389 reverentia

2202 1841 2460 1913 episcopo
2488 1843 2853 1898 Bisuntinensi
2886 1842 3143 1898 confratri
3174 1851 3379 1898 nostro.

2265 1930 2436 2003 Igitur
2462 1930 2589 2001 quia
2619 1930 2930 1986 fraternitas
2960 1940 3047 1986 tua
3076 1931 3388 2002 apostolicae
3418 1937 3474 1985 et
3499 1930 3797 1985 universa-

2193 2018 2259 2072 lis
2317 2019 2415 2073 Dei
2469 2020 2733 2075 Ecclesize
2786 2020 3194 2091 persecutiones
3249 2020 3496 2084 audiens,
3557 2020 3799 2089 compati

2191 2107 2369 2163 modis
2397 2108 2649 2163 omnibus
2695 2109 2918 2178 distulit,
2971 2124 3199 2181 nosque,
3250 2123 3353 2180 pro
3401 2122 3470 2163 eo
3497 2115 3554 2163 et
3583 2107 3797 2164 cunctis

2191 2195 2314 2251 aliis
2342 2196 2584 2252 laborem
2616 2205 2909 2257 sumentes.
2958 2213 3174 2269 quoquo
3222 2197 3387 2253 modo
3433 2196 3664 2252 visitare
3690 2211 3797 2251 ne—

2190 2284 2377 2356 glexit,
2430 2285 2558 2340 satis
2602 2285 2866 2341 miramur
2912 2296 2966 2341 et
3013 2302 3079 2341 ex
3133 2293 3287 2357 parte
3332 2286 3638 2350 turbamur,
3670 2300 3796 2340 cum

2188 2372 2245 2427 in
2274 2381 2327 2429 te
2354 2373 2531 2428 taliter
2556 2374 2872 2430 charitatem
2914 2374 3115 2447 frigere
3156 2374 3562 2447 cognoscimus.
3596 2374 3795 2428 Nonne

2194 2461 2404 2516 Veritas
2445 2462 2522 2516 ait
2569 2479 2583 2516 :
2638 2463 2697 2519 Si
2738 2466 2925 2535 frater
2970 2466 3213 2534 fratrem
3261 2463 3582 2534 adjuvant,
3629 2462 3793 2518 ambo

2188 2551 2848 2621 exaltabuntur?(Prov.
2882 2551 3047 2618 xvm)
3098 2552 3163 2606 Et
3193 2551 3468 2621 Sapientia
3500 2550 3745 2621 loquitur
3778 2566 3793 2603 :

2189 2638 2387 2693 Frater
2415 2642 2472 2693 et
2500 2639 2718 2694 amicus
2761 2641 2825 2694 in
2873 2640 3150 2696 laboribus
3178 2640 3573 2712 comprobatur
3601 2638 3790 2709 (Prov.

2187 2724 2350 2795 ιιι-ιι).
2384 2726 2452 2780 Et
2480 2726 2855 2797 praedecessor
2870 2735 3056 2782 noster
3074 2726 3325 2782 Gelasius
3342 2742 3481 2797 papa
3494 2768 3507 2794 ,
3530 2727 3793 2782 terrendo

2188 2814 2241 2867 in
2274 2814 2386 2869 suis
2414 2813 2798 2881 decretalibus,
2832 2815 3104 2886 episcopis
3131 2814 3653 2886 parvipendentibus
3685 2813 3790 2868 fra-

2187 2908 2328 2956 trum
2360 2902 2672 2958 vexationes
2700 2903 2886 2960 scribit
2910 2921 2925 2958 :
2946 2903 3059 2959 Cur
3088 2919 3196 2959 non
3225 2902 3498 2974 compassi
3528 2902 3709 2958 estis?
3738 2910 3791 2958 et

2187 2989 2418 3061 reliqua.
2452 2989 2801 3062 Quapropter
2827 3006 3116 3048 monemus
3143 2999 3203 3046 ut
3230 2992 3495 3046 hactenus
3526 2998 3581 3045 te
3609 2990 3790 3063 negli—

2186 3085 2400 3148 gentem
2430 3094 2745 3148 pernoscas,
2777 3086 2831 3134 et
2857 3080 2927 3135 ad
2954 3080 3266 3150 despectam
3296 3078 3615 3136 charitatem
3646 3078 3793 3133 nihi-

2184 3166 2440 3235 lominus,
2472 3167 2900 3239 postpositisque
2927 3168 3179 3222 omnibus
3216 3168 3382 3235 curis,
3415 3168 3486 3221 ad
3510 3182 3617 3221 nos
3647 3167 3791 3221 visi-

2183 3254 2376 3310 tandos
2403 3270 2513 3311 una
2542 3268 2664 3311 cum
2694 3257 2798 3312 hoc
2827 3264 3016 3312 nostro
3043 3256 3213 3311 misso
3242 3254 3665 3327 presentialiter
3694 3271 3789 3310 ve-

2182 3342 2297 3398 nire
2326 3352 2568 3416 satagas.
2594 3344 2855 3400 Caeterum
2896 3345 3279 3410 audivimus,et
3301 3344 3489 3399 auditu
3510 3343 3789 3411 dolemus,

2178 3439 2238 3485 ut
2265 3430 2319 3485 in
2353 3432 2601 3487 Ecclesia
2630 3433 2981 3499 Lausanensi,
3007 3449 3128 3505 qua
3150 3433 3267 3488 sine
3297 3432 3458 3487 Patre
3487 3447 3634 3487 nunc
3665 3447 3791 3488 cer-

2181 3519 2345 3585 nitur,
2378 3519 2447 3575 sit
2475 3528 2589 3575 orta
2619 3522 2914 3588 contentio,
2948 3522 3169 3593 ejusque
3190 3519 3421 3576 ﬁliorum
3441 3520 3497 3574 in
3517 3519 3789 3575 electione

2181 3608 2436 3663 antistitis
2479 3609 2546 3664 sit
2593 3609 2829 3665 nefanda
2874 3610 3088 3665 divisio.
3152 3610 3306 3666 Unde
3354 3624 3639 3664 monemus
3690 3624 3790 3680 per

2183 3697 2354 3753 Deum
2384 3698 2615 3763 Patrem,
2668 3707 2720 3753 et
2764 3698 2973 3769 Filium,
3025 3706 3077 3753 et
3110 3705 3355 3754 sanctum
3384 3697 3646 3768 Spiritum
3678 3698 3787 3753 ob-

2180 3792 2461 3850 testamur,
2495 3786 2903 3858 aposlolicaque
2952 3786 3275 3842 auctoritate
3317 3801 3576 3857 expresse
3613 3785 3783 3853 jube-

2182 3889 2321 3939 mus,
2355 3882 2409 3929 et
2438 3874 2833 3941 interdicimus,
2885 3884 2943 3930 ut
2992 3875 3170 3947 quoad
3215 3876 3287 3930 ad
3335 3889 3628 3931 commune
3657 3874 3780 3929 elo-

2182 3962 2369 4033 quium
2427 3972 2676 4018 nostrum
2731 3964 3040 4035 pervenias,
3096 3964 3171 4018 ibi
3220 3964 3536 4034 episcopum
3596 3978 3778 4034 neque

2174 4050 2331 4118 jussu
2362 4051 2511 4121 regis
2541 4062 2719 4124 neque
2749 4068 2815 4108 ex
2845 4053 3014 4123 petitu
3034 4051 3209 4122 plebis
3232 4067 3556 4107 consecrare
3574 4066 3780 4121 prmsu—

2181 4154 2315 4203 mas,
2350 4147 2616 4211 quatenus
2646 4156 2770 4196 cum
2799 4156 2902 4196 una
2931 4139 3146 4196 allocuti
3176 4140 3457 4200 fuerimus,
3485 4138 3779 4193 auxiliante

2181 4227 2316 4293 Deo,
2349 4243 2470 4282 cum
2503 4229 2774 4283 communi
2803 4228 3067 4291 consulto,
3101 4244 3261 4300 quem
3290 4228 3561 4282 utiliorem
3592 4227 3781 4297 praevi-

2180 4314 2437 4377 derimus,
2471 4330 2799 4372 consecrare
2831 4318 3202 4386 permittamus
3232 4317 3300 4372 de
3332 4331 3500 4371 more.
3526 4314 3663 4384 Quae
3690 4316 3777 4369 hic

476 4421 790 4493 Principum
838 4422 1236 4493 apostolorum,
1281 4439 1313 4476 ε
1356 4423 1555 4494 quibus
1602 4402 1700 4494 ﬁer
1741 4438 1829 4478 me
1876 4423 2077 4493 ναίει-ε
2109 4402 2422 4494 1“scribere
2457 4404 2769 4494 omisimus,
2826 4406 2960 4494 huic
3007 4405 3192 4478 legato
3241 4411 3432 4460 nostro
3477 4403 3775 4494 Deusdedit

476 4472 692 4493 ,_-_--r
707 4472 790 4476 π
839 4472 1236 4493 armum“,
1284 4472 1313 4476 _
1359 4472 1552 4494 γη--
1602 4472 1686 4494 Γ--
1741 4472 1827 4478 -_-
1877 4472 2075 4493 rm---

474 4510 761 4577 auxilium,
791 4510 1015 4566 minime
1044 4509 1284 4576 differas,
1318 4512 1570 4582 quoniam
1602 4513 1648 4565 si
1674 4512 1830 4566 aliter
1856 4511 2075 4574 feceris,

2193 4490 2422 4563 glorioso
2452 4492 2717 4564 magistro
2764 4493 3014 4559 militum,
3065 4472 3119 4548 et
3166 4494 3311 4561 duci,
3353 4491 3786 4564 consiliarioque

478 4599 626 4659 scias
653 4608 706 4655 te
733 4600 996 4656 canonica
1025 4598 1327 4655 feriendum
1346 4615 1601 4655 censura.
1623 4600 1759 4655 Data
1788 4604 1855 4656 ut
1882 4616 2074 4672 supra.

1178 4721 1383 4779 CXLV.

1021 4844 1095 4884 AD
1134 4843 1512 4886 νΑιυειιΑιιυΜ
1521 4870 1533 4883 .

1096 4931 1277 5001 (Anno
1307 4930 1458 5002 878.)

479 5021 665 5079 Mouet
691 5022 759 5077 ut
793 5019 1105 5091 Valderami
1145 5035 1380 5091 causam
1419 5020 1491 5075 ad
1534 5020 1757 5076 exitum
1799 5022 2074 5091 perducat

984 5090 1070 5145 vel
1099 5089 1171 5145 ad
1199 5107 1257 5146 se
1289 5091 1566 5147 remittat.

548 5207 899 5262 Vannenuo
928 5204 1245 5261 venerabili.

548 5295 901 5351 Prmsentium
932 5292 1074 5349 lator
1100 5292 1420 5358 litterarum,
1439 5291 1660 5348 nomine
1693 5291 2066 5355 Valderamus,

476 5380 547 5436 ad
574 5391 814 5437 vestram
844 5382 1238 5438 fraternitatem
1267 5395 1451 5436 coram
1465 5381 1625 5436 nobis
1644 5380 1871 5436 veniens
1897 5381 2074 5453 lacry-

477 5467 742 5525 mabiliter
774 5477 1002 5541 questus
1029 5477 1111 5525 est
1140 5477 1344 5539 patrem
1366 5484 1522 5523 suum
1551 5484 1582 5523 a
1610 5469 1844 5540 quodam
1876 5469 2070 5539 injuste

480 5557 715 5613 carceris
762 5557 1005 5613 custodia
1054 5557 1227 5612 teneri
1270 5557 1549 5612 detrusum
1598 5557 1733 5611 intra
1761 5557 2069 5628 parochiam

2181 4588 2384 4641 nostro.
2418 4588 2474 4635 ut
2503 4581 2684 4635 verbis
2730 4581 2874 4636 dicat
2922 4581 3248 4650 injunximus
3280 4599 3295 4635 :
3326 4596 3488 4652 quem
3539 4580 3772 4652 benigne

2178 4667 2425 4739 recipite,
2458 4676 2509 4724 et
2540 4684 2663 4739 qua:
2694 4669 2849 4724 vobis
2880 4686 2943 4724 ex
2976 4677 3159 4725 nostra
3188 4677 3344 4740 parte
3378 4668 3574 4737 tulerit,
3609 4666 3772 4723 indif-

2178 4754 2416 4811 ferenter
2444 4756 2642 4812 audite.
2678 4758 2809 4812 Data
2841 4762 2906 4812 ut
2934 4774 3127 4830 supra.

2842 4917 3100 4972 CXLVII.

2568 5045 2640 5084 AD
2679 5044 2929 5086 AMETIUM
2968 5045 3383 5086 PRESBYTERUI.

2795 5137 2976 5210 (Anno
3009 5137 3156 5209 878.)

2236 5242 2539 5314 Privilegio
2562 5259 2666 5315 pro
2695 5247 3038 5370 mogusterto
3070 5245 3267 5328 Sancti
3299 5244 3459 5299 Petri
3490 5245 3555 5299 in
3578 5259 3715 5315 pago

2825 5332 3163 5370 emausensz.

2825 5332 3163 5371 emausensz.

2171 5398 2348 5472 [Apud
2382 5401 2444 5454 D.
2479 5400 2740 5473 Bouquet,
2775 5405 3000 5527 Recuei‘
3149 5403 3481 5466 Historians,
3515 5409 3645 5456 tom.
3678 5398 3764 5459 IV,

2808 5489 2935 5527 nae.
3052 5496 3099 5527 ι).

2846 5490 2935 5528 82.
2982 5490 3000 5527 1
3015 5490 3099 5528 δε).

2808 5489 2935 5544 patr.
2982 5474 3126 5545 l653.]

2239 5558 2495 5613 JOANNES
2524 5561 2834 5631 episcopus,
2879 5518 3077 5616 ζει-νας
3126 5546 3405 5617 servorum
3457 5559 3574 5623 Dei,
3608 5572 3766 5613 reve-

537 5692 561 5720 ι
583 5683 700 5735 Erat
722 5681 1009 5734 adulterium
1032 5681 1241 5734 delatum
1266 5682 1314 5732 in
1332 5681 1585 5746 judicium,
1604 5685 1657 5733 ut
1684 5694 1744 5734 ex
1769 5682 1913 5746 epist.
1945 5683 2039 5734 143
2064 5687 2284 5749 apparet.
