4072 6186
309 242 420 330 πῖ)

1553 243 2050 322 errarem-ar
2102 247 2448 321 caenam.

3503 255 3610 319 7‘91)

314 379 638 454 rentissimis
667 369 1277 452 sacet'doti‘lius‘Auiiuo
1309 385 1632 464 presbytero
1663 396 1717 445 et
1737 379 2199 455 Laoms'A'ditiis;
2234 405 2330 444 seu
2359 387 2650 445 ecclesiam
2672 387 3314 462 Sancti'Stephanil'cum
3361 379 3614 444 omnibus

316 485 519 542 abbati.

385 573 546 644 Quod
573 571 885 646 postulastis
914 587 946 626 a
973 571 1153 638 nobis,
1195 569 1551 626 concedimus
1581 565 1924 640 religiositati

305 671 513 719 'vestraa
541 661 932 717 monasterium
961 659 1144 716 Sancti
1177 658 1472 714 Petri'cum
1501 656 1753 712 omnibus
1773 653 1923 712 cellis

311 757 369 810 et
397 751 558 808 rebus
589 751 716 805 sibi"
747 747 1164 820 pertinentibus,
1221 747 1277 802 in
1317 761 1425 820 quo
1460 744 1691 817 quiescit
1723 757 1923 814 corpus

315 841 459 897 beati
487 838 685 910 Egidii
713 839 766 893 in
798 837 951 894 Valle
979 836 1260 905 Flaviana,
1289 836 1344 891 in
1374 850 1519 907 pago
1541 830 1919 896 Nemausensi,

316 930 374 984 in
403 928 602 984 ﬁnibus
632 926 844 983 Gothiae
875 942 888 980 :
923 939 1081 998 quam
1132 924 1341 980 Vallem
1387 923 1603 978 Flavius
1649 920 1923 994 quondam

320 1033 440 1087 rex,
500 1015 726 1088 praefato
779 1015 936 1070 beato
983 1012 1198 1086 Egidio
1244 1011 1483 1067 donavit.
1548 1008 1651 1079 Qui
1702 1015 1924 1065 sanctus

319 1104 568 1178 Egidius
598 1103 793 1159 exinde
820 1102 1170 1158 donationem
1219 1100 1502 1173 integriter
1529 1098 1787 1154 Romanas
1811 1097 1923 1154 Ec-

321 1194 508 1252 clesia:
537 1192 680 1260 fecit,
714 1200 766 1248 et
795 1191 871 1246 ibi
897 1191 951 1245 in
983 1189 1336 1246 veneratione
1363 1187 1672 1261 principum
1699 1193 1922 1258 aposto-

315 1283 494 1338 lorum
526 1280 670 1337 Petri
701 1287 754 1335 et
796 1278 946 1334 Pauli
994 1277 1381 1334 monasterium
1410 1273 1718 1333 adiﬁcavit.
1755 1275 1922 1330 Porro

320 1371 452 1425 dum
483 1369 718 1440 spatium
747 1375 910 1424 terrae
939 1367 1073 1422 illud
1102 1366 1411 1423 comobium
1443 1381 1475 1421 a
1505 1365 1741 1421 Romana
1761 1378 1922 1434 sepa-

313 1466 460 1514 raret
503 1456 780 1524 Ecclesia,
828 1456 955 1528 quia
998 1467 1111 1527 pro
1145 1455 1268 1510 aliis
1313 1453 1460 1510 curis
1507 1452 1638 1509 illuc
1678 1452 1920 1524 legatum

314 1548 532 1602 mittere
586 1545 948 1618 nequiverat,
996 1542 1390 1600 Nemausensis
1461 1541 1688 1597 antistes
1740 1541 1918 1610 ipsum

313 1636 548 1708 quadam
578 1634 880 1690 temeritate
912 1632 1176 1688 invadens
1207 1630 1534 1686 sustulerat:
1560 1629 1756 1684 deinde
1778 1643 1917 1700 prae-

2027 476 2141 532 suis
2170 476 2494 550 appenditiis
2519 496 2532 542 ;
2566 477 2654 534 vel
2681 477 2832 549 ipsos
2860 477 3048 533 alodes
3077 477 3169 550 qui
3197 477 3263 532 ad
3289 476 3618 549 ipsum-mo-

2007 566 2320 621 nasterium
2349 565 2549 622 debent
2575 581 2700 621 esse
2740 564 3117 636 pertinentes;
3161 565 3386 620 Seuram
3433 565 3616 621 villam

2023 670 2146 711 cum
2163 653 2488 726 appenditiis
2509 653 2640 720 suis,
2664 653 2750 710 vel
2774 654 2946 708 servis
2965 653 3618 724 ibidempartinentibus;

2005 742 2281 799 'Brascam
2308 758 2430 798 cum
2461 741 2786 814 appenditiis
2825 741 2973 808 suis;
3005 741 3386 798 Bionum-cum
3414 757 3622 814 appen-

2023 828 2172 887 ditiis
2199 832 2343 898 suis;
2371 831 2431 886 in
2456 831 2724 887 Bruciano
2754 832 2944 887 hortos
2983 838 3038 886 et
3080 837 3352 902 campos;
3409 832 3616 887 Luvam

2024 933 2146 975 cum
2178 919 2503 990 appenditiis
2532 919 2673 985 suis;
2721 920 2892 992 ripam
2937 917 3267 987 Gothicam;
3291 919 3614 990 Aspiranum

2023 1021 2149 1064 cum
2177 1007 2428 1063 omnibus
2457 1008 2783 1079 appenditiis
2812 1008 2960 1075 suis;
2990 1007 3058 1063 in-
3079 1007 3366 1064 Generaco
3396 1021 3618 1078 campos

2023 1099 2076 1148 et
2104 1091 2290 1148 vineas
2318 1107 2439 1147 cum
2469 1091 2715 1147 terminis
2736 1091 2881 1157 suis;
2915 1091 2968 1146 in
2990 1091 3383 1147 Costaballenis
3430 1092 3619 1148 vineas

2023 1195 2146 1238 cum
2176 1181 2423 1236 terminis
2443 1181 2592 1246 suis;
2625 1179 2678 1235 in
2709 1179 2912 1253 Gurgis
2943 1195 3162 1252 campos
3194 1187 3246 1235 et
3273 1180 3459 1236 vineas
3495 1195 3618 1236 cum

2022 1268 2267 1325 terminis
2287 1269 2402 1324 suis
2426 1288 2440 1335 ;
2464 1269 2520 1323 in
2539 1269 2760 1324 Tovana
2781 1282 3003 1339 campos
3015 1277 3065 1324 et
3084 1268 3305 1335 vineas;
3364 1269 3419 1322 in
3466 1271 3618 1340 Aqua

2009 1357 2145 1413 ‘viva
2174 1371 2400 1428 campos
2431 1364 2484 1413 et
2513 1357 2701 1412 vineas
2725 1375 2739 1424 ;
2762 1357 2815 1410 in
2840 1357 3078 1412 Alburno
3108 1371 3332 1427 campos
3355 1364 3407 1412 et
3428 1357 3615 1412 vineas

2017 1454 2144 1502 ‘cum
2157 1445 2405 1501 omnibus
2427 1445 2540 1500 suis
2559 1443 2919 1516 pertinentiis;
2945 1444 3614 1516 inglocojquijdiciturStap

2021 1533 2297 1589 cionensis
2309 1549 2535 1604 campos
2549 1540 2601 1588 et
2618 1533 2802 1588 vineas
2813 1547 2936 1590 cum
2950 1533 3202 1589 omnibus
3219 1533 3330 1587 suis
3344 1533 3619 1604 pertinen-

2021 1620 2141 1687 tiis;
2175 1623 2448 1678 Coconem
2471 1637 2594 1677 cum
2615 1622 2868 1676 omnibus
2889 1622 3002 1677 suis
3039 1621 3545 1677 consuetudinariis.

312 1733 532 1796 ceptum
564 1739 630 1779 ex
679 1737 807 1795 rege
855 1722 1188 1778 Francorum
1239 1726 1563 1790 exceperat;
1595 1719 1648 1772 in
1678 1731 1787 1788 quo
1815 1732 1917 1773 nec
1938 1741 1990 1802 Β
2017 1739 2020 1742 ·
2093 1724 2440 1797 Quapropter
2460 1724 2706 1779 volumus
2729 1733 2779 1779 et
2801 1723 3148 1796 praecipimus
3179 1731 3233 1779 ut
3264 1732 3457 1780 cuncta
3504 1725 3622 1781 haec

313 1811 623 1868 ﬁrmitatem
640 1811 892 1876 credens,
914 1810 1217 1865 Romanum
1241 1805 1552 1880 pontiﬁcem
1568 1805 1697 1862 adiit
1716 1825 1730 1872 ;
1755 1820 1920 1876 super

313 1903 417 1958 hoc
450 1901 608 1956 etiam
639 1899 1016 1956 auctoritatem
1047 1897 1250 1963 furtim,
1298 1895 1454 1968 quasi
1496 1895 1564 1950 de
1613 1895 1743 1964 suis,
1778 1909 1916 1966 apo-

312 1989 558 2045 stolicam
593 1987 900 2060 exquisivit.
924 1986 1032 2043 Sed
1049 1993 1252 2042 sanctae
1267 1982 1663 2040 recordationis
1685 1982 1918 2038 domnus

311 2077 592 2143 Nicolaus,
640 2076 766 2133 licet
809 2076 970 2146 hujus
1019 2075 1224 2130 fraudis
1272 2080 1416 2129 esset
1460 2072 1702 2144 ignarus,
1736 2070 1918 2126 divino

311 2176 494 2223 tamen
525 2166 723 2238 Spiritu
752 2165 967 2238 plenus,
993 2179 1183 2220 omnes
1205 2163 1273 2218 de
1296 2163 1398 2218 hoc
1415 2162 1595 2234 legem
1614 2168 1919 2232 quaerentes

314 2271 582 2312 excusare
631 2255 843 2328 sategit.
893 2253 1002 2310 Sed
1046 2263 1150 2308 nes
1199 2267 1322 2308 cum
1366 2251 1421 2305 in
1463 2255 1648 2306 nostro
1689 2248 1919 2304 archivo

310 2345 644 2400 monimenta
696 2344 1002 2400 chartarum
1051 2341 1474 2412 requireremus,
1507 2338 1580 2393 ibi
1627 2337 1758 2392 illud
1789 2353 1922 2408 prae-

311 2441 529 2506 ceptum
570 2433 728 2488 beato
776 2431 990 2503 Egidio
1039 2429 1294 2485 traditum
1336 2426 1662 2499 reperimus.
1709 2425 1919 2481 Dehinc

311 2537 436 2578 cum
487 2521 754 2576 Arelatem
799 2518 1112 2574 maritimali
1155 2517 1344 2572 itinere
1389 2530 1492 2587 pro
1540 2515 1918 2570 universarum

313 2609 688 2666 Ecclesiarum
721 2609 817 2664 Dei
840 2607 1062 2680 negotio
1080 2603 1522 2670 veniremus,hoc
1545 2603 1916 2667 recordantes,

313 2699 489 2770 ipsum
524 2696 913 2753 monasterium
943 2712 1043 2767 per
1072 2694 1291 2751 Deusde
1334 2691 1918 2754 ducem'Ravennates,

313 2788 631 2843 advocatum
661 2794 926 2851 nostrum,
951 2793 1143 2840 contra
1159 2783 1470 2840 Girbertum
1492 2782 1921 2836 Nemausensem

313 2877 627 2948 episcopum
659 2873 1025 2947 qumsivimus.
1077 2873 1190 2928 Imo
1235 2871 1520 2926 ambarum
1557 2869 1792 2942 partium
1824 2867 1924 2923 ad-

315 2964 521 3020 vocatis
549 2979 648 3034 per
675 2962 1052 3032 ﬁdejussorem
1075 2960 1288 3032 legatis,
1323 2963 1640 3015 exsecutore
1661 2957 1923 3012 duntaxat

313 3052 558 3125 Georgio
587 3051 890 3116 scriniario,
950 3059 1002 3106 et
1051 3049 1266 3106 Deusde
1315 3055 1530 3121 agente,
1581 3047 1748 3102 voluit
1778 3045 1919 3100 idem

310 3140 597 3197 Girbertus
625 3140 917 3213 episcopus
983 3155 1083 3210 per
1116 3145 1450 3210 praeceptum
1497 3135 1682 3190 domni
1714 3133 1925 3190 Nicolai

306 3230 412 3302 pize
443 3229 721 3284 memoria:
749 3228 823 3282 ibi
854 3228 1121 3284 relectum
1164 3243 1224 3282 se
1253 3224 1569 3281 defendere.
1599 3223 1706 3279 Sed
1727 3222 1922 3278 Bosta-

307 3335 453 3392 gnus
485 3317 818 3373 Arelatensis
844 3315 1312 3386 archiepiscopus,
1348 3322 1399 3369 et
1431 3312 1738 3386 Sigebodus
1773 3312 1921 3367 Nar-

307 3406 568 3463 bonensis
599 3405 1060 3477 archiepiscopus,
1107 3412 1160 3460 et
1199 3403 1480 3459 Aribertus
1515 3401 1924 3457 Ebredunensis

304 3495 785 3567 archiepiscopus,
842 3493 1164 3548 Walbertus
1243 3491 1560 3547 Portuensis
1609 3491 1918 3560 episcopus,

307 3583 590 3640 Paschalis
639 3582 923 3639 Amerinus
970 3582 1280 3652 episcopus,
1334 3579 1622 3636 Ratbertus
1667 3577 1921 3633 Valeatiae

314 3673 630 3745 episcOpus,
663 3671 963 3726 Litidumus
991 3667 1348 3724 Massiliensis
1378 3667 1687 3739 episcopus,
1713 3666 1918 3721 Alicta-

306 3763 418 3817 rius
451 3760 784 3816 Vivariensis
804 3760 1113 3831 episcopus,
1138 3765 1191 3814 et
1210 3757 1301 3813 alii
1317 3754 1557 3828 episcOpi
1575 3754 1876 3827 provinciae
1900 3781 1913 3828 ς

305 3858 359 3907 et
382 3850 620 3918 judices,
651 3843 889 3903 Joannes
919 3848 1028 3902 'dux
1060 3854 1112 3902 et
1139 3846 1393 3918 princeps
1410 3843 1908 3909 Ravennzn,Ardus,

303 3939 596 4004 Adbertus,
630 3935 990 4006 Giselfredus,
1023 3935 1346 3999 Alderadus,
1381 3933 1686 4001 Godultius,
1731 3939 1782 3986 et
1820 3931 1913 3986 alii

301 4026 548 4084 nonnulli
579 4025 940 4098 provinciales
965 4023 1204 4102 judices,
1251 4030 1309 4078 ut
1338 4037 1671 4094 praeceptum
1711 4020 1911 4076 lectum

309 4115 622 4180 audierunt,
645 4129 770 4168 mox
801 4120 1179 4186 cognoverunt
1209 4111 1563 4183 apostolicam
1600 4109 1783 4165 domni
1811 4107 1912 4163 Ni-

301 4204 442 4260 colai
474 4218 765 4259 censuram
795 4216 1056 4258 excusare
1085 4202 1154 4256 de
1198 4201 1303 4256 hoc
1353 4199 1533 4271 legem
1581 4205 1906 4269 quaerentes,

305 4301 359 4349 et
379 4294 634 4348 dixerunt
671 4308 770 4363 per
812 4291 943 4346 illud
987 4297 1319 4361 prmceptum
1369 4289 1472 4344 hoc
1518 4285 1907 4341 monasterium

1943 3099 1992 3160 C

2019 1812 2263 1886 praefata,
2285 1811 2370 1868 vel
2392 1829 2512 1885 qua:
2543 1809 2726 1868 offerri
2757 1811 3042 1885 contigerit
3074 1812 3424 1885 subsequenti
3475 1821 3617 1868 tem-

2015 1917 2171 1974 pore,
2207 1900 2404 1956 illibata
2430 1908 2481 1955 et
2501 1900 2617 1955 sine
2640 1900 3012 1972 inquietudine
3051 1901 3104 1955 in
3153 1911 3311 1955 usum
3351 1901 3607 1967 coenobii,

2018 1997 2071 2046 et
2101 1990 2154 2044 in
2185 1987 2386 2044 salario
2416 1989 2558 2044 beati
2591 1988 2734 2044 Petri
2783 1987 3013 2059 apostoli
3063 1988 3461 2071 pessideantu'r.
3489 1990 3617 2071 ’νεξ-

2017 2085 2324 2134 rumtamen
2353 2084 2410 2132 ut
2441 2077 2543 2131 sibi
2574 2087 2683 2148 pro
2704 2076 3068 2150 quorumlibet
3117 2065 3509 2133 sustentatione
3559 2065 3623 2134 ac

2018 2165 2410 2238 gubernatione
2435 2181 2694 2221 concessa
2713 2173 2857 2231 sunt,
2885 2162 3026 2220 'fiant
3052 2165 3229 2220 modis
3254 2165 3504 2220 omnibus
3522 2181 3624 2237 pro

2019 2253 2220 2323 futura,
2254 2269 2320 2309 ea
2348 2253 2657 2310 conditione
2685 2260 2742 2308 ut
2773 2253 2956 2308 nullus
2985 2265 3368 2310 successorum
3404 2261 3622 2311 no‘stro-

2021 2354 2142 2398 rum
2171 2343 2224 2397 in
2254 2342 2354 2398 hac
2383 2349 2570 2398 sancta
2601 2342 2752 2408 sede,
2786 2342 2873 2398 eui
2903 2350 3127 2398 auctore
3159 2341 3410 2408 Domino,
3444 2343 3628 2399 deser-

2018 2432 2214 2496 vimus,
2238 2446 2479 2505 unquam
2508 2430 2594 2485 vel
2625 2446 2856 2504 usquam
2892 2431 3096 2503 aliquid
3124 2431 3192 2486 de
3224 2431 3416 2487 iisdem
3462 2433 3627 2488 rebus

2015 2517 2368 2586 beneﬁciare,
2400 2527 2753 2584 commutare,
2789 2533 2852 2575 ac
2881 2519 3180 2574 s‘ub'ce'nsu
3201 2519 3500 2576 concedere
3528 2537 3626 2592 per

2021 2607 2201 2663 futura
2228 2616 2474 2679 tempora
2504 2608 2761 2679 patiatur,
2787 2607 2904 2663 nisi
2927 2607 3195 2663 Amelium
3227 2609 3624 2681 presbyterum,

2021 2696 2112 2769 qui
2143 2703 2330 2752 noster
2377 2695 2599 2752 Omnino
2655 2695 3036 2769 dignoscitur.‘
3073 2696 3243 2766 Hujus
3277 2696 3380 2752 "rei
3449 2698 3622 2771 gratia

2019 2784 2466 2842 Commendamus
2496 2784 2653 2840 vobis
2683 2785 2827 2841 hanc
2857 2785 3109 2840 notitiam
3139 2785 3208 2839 ad
3239 2783 3540 2857 regendum
3571 2785 3622 2843 et

2019 2874 2275 2929 tuendum
2306 2881 2360 2929 et
2389 2874 2527 2928 bene
2558 2871 2934 2928 aediﬁcandum
2975 2873 3308 2944 coenobium,
3369 2874 3442 2930 ita
3495 2881 3625 2931 sane

2021 2959 2140 3017 ut'a
2169 2961 2342 3031 'vobi's,
2374 2961 2604 3032 singulis
2654 2961 3066 3034 q‘uibuscunque
3112 2949 3298 3028 annis,
3344 2961 3623 3033 pensionis

2022 3050 2260 3118 nomine,
2295 3051 2349 3105 in
2388 3049 2688 3105 rationibus
2719 3048 3106 3122 ecclesiasticis
3134 3061 3208 3106 ἰ’
3233 3051 3445 3124 argenti
3486 3051 3622 3109 solt-

2027 3139 2205 3208 diana,
2265 3139 2514 3195 denarius
2571 3149 2656 3194 xxi-
2710 3138 3086 3210 accipierit'es,‘
3120 3138 3623 3210 pia:"'paternitatis

2025 3225 2347 3301 s‘uil‘ragium
2360 3227 2534 3282 eidem
2561 3227 2894 3282 monasterio
2907 3235 3095 3282 contra
3105 3239 3292 3282 omnes
3307 3227 3626 3300 infestantes

2022 3317 2340 3387 impendere
2372 3316 2644 3370 studeant.
2675 3315 2930 3386 Itemque
2951 3316 3251 3370 'Statuimus
3281 3323 3358 3382 ut,
3391 3313 3624 3373 obeunte

2019 3405 2212 3459 abbate
2245 3403 2491 3476 praedicti
2521 3403 2854 3472 monasterii,
2888 3409 2998 3459 non
3026 3402 3163 3459 alius
3193 3401 3266 3458 ibi
3296 3415 3623 3478 quocunque

2020 3491 2562 3566 obreptioni‘s’studio
2592 3491 2896 3559 ordinetur,
2946 3491 3051 3547 nisi
3089 3479 3262 3564 quem
3320 3497 3624 3549 c0ns'enSus

2019 3583 2430 3648 monachorum,
2463 3581 2766 3638 secundum
2796 3581 3050 3637 timorem
3080 3581 3296 3638 Domini
3326 3591 3378 3638 et
3407 3583 3610 3639 institu-

2023 3671 2222 3727 tionem
2254 3670 2463 3744 regulae
2491 3667 2994 3736 sancti'Benedicti,
3046 3670 3294 3744 eiegerit,
3352 3679 3405 3726 et
3459 3673 3622 3749 hujus

2018 3759 2344 3830 apostolicm'
2359 3757 2505 3814 sedis
2522 3753 2761 3829 pontifex
2783 3751 3083 3829 providerit
3112 3757 3494 3830 ordinandum,
3521 3759 3624 3815 'aut

2017 3848 2300 3921 suggestio
2329 3847 2725 3903 monachorum
2764 3846 3105 3903 consenserit
3166 3847 3473 3902 ordinatum
3503 3849 3617 3905 Ro—

2015 3949 2162 3991 mam
2193 3935 2410 3992 adduci.
2445 3937 2558 3992 Hoc
2589 3951 2804 4008 quoque
2858 3935 3094 4007 capitulo
3133 3937 3388 4007 prasenti
3437 3937 3622 4006 adjun‘

2013 4026 2213 4096 gimus,
2247 4033 2303 4080 ut
2335 4025 2513 4080 locum
2552 4024 2791 4080 avaritiae
2857 4023 3225 4091 recludamus,
3285 4025 3490 4081 nullum
3546 4026 3613 4081 de

2013 4113 2614 4186 regibua,'nullum.de
2667 4113 3069 4179 sacerdotibus,
3117 4113 3204 4169 vel
3236 4129 3612 4186 quemcunque

2012 4200 2278 4267 fidelium,
2293 4217 2393 4272 per
2423 4201 2761 4272 suppositam
2778 4201 2982 4272 vel‘per
3001 4199 3282 4258 suffectum
3299 4217 3606 4272 personam,

2009 4289 2077 4344 de
2107 4289 2450 4344 ordinatione
2481 4290 2725 4358 ejusdem
2755 4289 2982 4355 abbatis,
3015 4291 3099 4344 vel
3129 4289 3474 4356 clericorum,
3523 4291 3614 4347 vel

303 4398 414 4438 non
443 4396 608 4452 posse
651 4379 907 4445 defendi;
937 4379 1241 4448 judicantes
1289 4377 1468 4431 statim
1518 4384 1574 4429 ut
1621 4374 1904 4446 prmfatum
2008 4377 2579 4448 presbyterorum,vel
2602 4379 2670 4432 de
2692 4377 2980 4450 largitione
3013 4377 3347 4444 chrismatis,
3375 4385 3463 4434 aut
3479 4395 3611 4435 con-

300 4469 690 4525 monasterium
731 4467 939 4524 Amelio
995 4467 1316 4538 presbytero
1377 4473 1431 4519 et
1491 4463 1656 4519 Leoni
1713 4462 1896 4518 abbati
1928 4453 2308 4520 Dsecratione
2330 4464 2590 4531 basilicas,
2623 4473 2714 4519 aut
2741 4465 2811 4520 de
2857 4480 3178 4538 quacunque
3227 4467 3614 4523 commoditate

309 4559 598 4614 Girbertus
656 4556 944 4628 episcopus
975 4555 1247 4622 redderet,
1283 4562 1334 4608 et
1362 4568 1577 4625 poenam
1609 4551 1903 4606 invasionis

304 4647 463 4702 nobis
493 4653 867 4716 componeret.
902 4644 1015 4699 Nos
1045 4658 1264 4714 poenam
1291 4657 1394 4713 pro
1425 4641 1539 4710 ejus
1587 4646 1902 4712 paupertate

301 4734 399 4803 illi,
434 4736 480 4788 si
508 4733 742 4806 amplius
766 4747 876 4788 non
919 4731 1243 4804 peccaverit,
1294 4730 1648 4802 reliquimus;
1689 4736 1742 4783 et
1780 4742 1900 4782 mo-

300 4824 595 4879 nasterium
627 4823 730 4876 sub
773 4821 920 4876 omni
968 4820 1279 4892 integritate
1326 4819 1673 4889 recepimus;
1725 4816 1902 4888 ipsum

301 4912 622 4968 advocatum
654 4918 901 4966 nostrum
941 4909 1156 4964 Deusde
1203 4908 1400 4963 ducem
1441 4907 1571 4962 illuc
1620 4905 1900 4961 transmit-

301 5009 495 5068 tentes,
531 5000 623 5072 qui
655 5015 823 5071 super
871 4999 975 5054 hoc
1023 4997 1394 5068 comporalem
1442 4996 1782 5050 traditionem
1833 4995 1901 5049 de

298 5089 551 5145 omnibus
583 5089 748 5144 rebus
779 5087 1027 5158 praedicti
1058 5085 1374 5141 monasterii
1427 5101 1457 5138 a
1500 5084 1726 5154 praefato
1776 5083 1900 5138 Gir-

303 5180 454 5234 berto
494 5177 703 5250 accepit
766 5176 1056 5250 episcOpo;
1119 5174 1302 5230 villam
1356 5173 1729 5246 Agarnelliam
1776 5188 1900 5228 cum

300 5263 533 5319 ecclesia
556 5261 738 5318 Sancti
757 5260 967 5328 Jacobi,
993 5260 1081 5315 vel
1105 5275 1229 5314 cum
1259 5257 1514 5315 omnibus
1545 5256 1655 5311 suis
1689 5272 1898 5327 appen-

299 5351 485 5415 ditiis;
518 5349 767 5405 similiter
798 5349 1088 5405 ecclesiam
1121 5347 1305 5403 Sancti
1337 5345 1571 5402 Andreas
1613 5361 1735 5401 cum
1786 5345 1899 5399 suis

303 5439 683 5508 pertinentiis;
733 5446 783 5493 et
843 5437 1127 5493 ecclesiam
1192 5436 1404 5492 Sanctae
1452 5434 1700 5500 Carcilias,
1735 5441 1897 5504 atque

297 5527 587 5583 ecclesiam
609 5527 789 5582 Sancti
813 5527 1090 5582 Saturnini
1110 5540 1234 5581 cum
1260 5524 1510 5579 omnibus
1532 5523 1644 5577 suis
1687 5537 1895 5595 appen-

2005 4551 2756 4625 spiritualis.vel-temporalis
2786 4553 3055 4624 obsequii,
3101 4553 3218 4609 sive
3263 4555 3333 4610 de
3377 4554 3606 4626 quibus...

2005 4657 2221 4713 cunque
2247 4641 2426 4697 causis
2456 4641 2523 4696 ad
2555 4641 2701 4697 idem
2743 4642 3136 4697 monasterium
3183 4643 3600 4713 pertinentibus,

2004 4731 2060 4784 in
2089 4746 2218 4797 ere,
2254 4730 2308 4784 in
2339 4745 2496 4799 auro,
2525 4730 2613 4785 vel
2641 4729 2749 4786 alia
2799 4730 3036 4803 qualibet
3080 4729 3286 4801 specie,
3333 4731 3603 4787 commodi

2004 4819 2090 4874 vel
2121 4819 2298 4874 exenii
2325 4819 2467 4885 loco,
2501 4819 2798 4892 quidquam
2826 4819 3095 4892 accipere,
3127 4835 3306 4892 neque
3351 4820 3601 4876 eumdem

2002 4907 2271 4972 abbatem,
2305 4907 2661 4964 ordinationis
2690 4923 2803 4964 sua:
2830 4923 3015 4973 causa,
3049 4908 3182 4963 dare
3211 4923 3548 4980 presumere
3581 4930 3594 4975 ;

2003 5013 2072 5053 ne
2102 4998 2202 5053 hac
2232 4996 2524 5052 occasione
2552 5011 2637 5065 ea,
2671 5011 2792 5068 quas
2821 5013 2852 5052 a
2882 4995 3134 5054 fidelibus
3161 5013 3263 5068 pro
3294 4997 3416 5054 loco
3463 4997 3614 5054 oil'e"

2003 5092 2213 5150 runtur,
2249 5093 2339 5140 aut
2363 5085 2477 5154 jam
2507 5084 2691 5140 oblata
2736 5094 2900 5150 sunt,
2939 5093 3345 5141 consumantur;
3407 5086 3610 5158 Neque-

2002 5175 2291 5245 episcOpus
2321 5173 2551 5230 civitatis
2580 5173 2751 5244 ipsius
2786 5174 3082 5245 parochias,
3103 5174 3228 5230 -nisi
3274 5174 3346 5230 ab
3370 5175 3596 5231 abbate

1999 5262 2170 5333 ipsius
2197 5262 2510 5318 monasterii
2540 5263 2816 5329 invitatus,
2862 5263 3063 5318 ibidem
3102 5263 3349 5334 publicas
3395 5263 3593 5320 missas

1999 5358 2147 5423 agat,
2183 5366 2360 5422 neque
2391 5351 2648 5406 stationes
2680 5351 2733 5405 in
2766 5350 3018 5407 emnobio
3047 5352 3241 5408 eodem
3259 5351 3497 5418 inducat,
3519 5369 3590 5410 ne
3617 5369 3622 5380 '

1999 5454 2284 5494 servorum
2315 5439 2414 5494 Dei
2449 5439 2601 5510 quies
2633 5440 3021 5511 quoquomodo
3049 5440 3295 5511 populari
3323 5449 3590 5497 conventu

1999 5527 2178 5584 valeat
2208 5527 2732 5599 perturbari;neque
2763 5527 3041 5602 ponticae
3063 5537 3153 5584 aut
3168 5529 3618 5589 mansionaticas-
