4028 6180
252 259 359 313 793

1464 250 1816 309 Εριετοωε
1872 249 1962 305 ΕΤ
2015 247 2362 305 DECRETA.

3448 249 3554 307 τθι

198 416 202 419 Α
258 396 381 435 ram
407 393 674 436 excusare
701 378 904 453 legem,
954 385 1243 451 querentes
1270 377 1529 434 dixerunt
1574 393 1676 448 per
1719 375 1853 432 illud
1882 376 1935 436 A
1955 390 2314 455 comminans,
2347 405 2539 447 omnes
2594 405 2694 461 ρει-
2749 391 3067 462 propheta;
3109 389 3410 462 alloquitur,
3462 390 3552 449 di-

256 476 588 540 praeceptum
608 469 710 523 hoc
740 468 1132 524 monasterium
1163 483 1273 522 non
1302 483 1467 538 posse
1489 464 1730 530 defendi,
1757 465 1850 533 ju-

254 558 506 612 dicantes
526 556 708 612 statim
737 564 793 610 ut
819 555 1103 627 praefatum
1133 554 1523 612 monasterium
1560 554 1851 610 Girbertus

251 646 547 716 episcOpus
577 645 831 700 redderet
856 644 1033 709 nobis,
1066 652 1119 700 et
1137 660 1357 716 pmnam
1381 643 1680 699 invasionis
1719 641 1850 697 mihi

251 741 627 804 componeret.
658 733 774 787 Nos
800 748 1020 803 poenam
1051 748 1151 804 pro
1183 732 1300 801 ejus
1334 740 1662 804 paupertate
1691 731 1791 800 illi,
1804 730 1851 786 si

251 821 486 893 amplius
515 837 627 875 non
653 821 981 891 peccaverit,
1014 820 1349 891 reliquimus,
1384 829 1435 875 et
1458 819 1850 875 monasterium

248 911 352 964 sub
401 908 547 979 omni
590 910 903 981 integritate
932 909 1241 980 recepimus
1279 929 1293 974 ;
1328 909 1616 980 ipsumque
1675 909 1848 964 advo-

249 1006 436 1054 catum
512 998 727 1052 Deusde
793 998 987 1053 ducem
1058 998 1184 1053 illuc
1254 998 1699 1065 transmittentes,
1759 997 1850 1070 qui

245 1103 418 1157 super
448 1087 551 1141 hoc
579 1086 923 1156 corporalem
940 1086 1283 1141 traditionem
1304 1086 1373 1141 de
1411 1086 1664 1142 omnibus
1685 1086 1848 1141 rebus

246 1174 497 1245 praedicti
526 1174 847 1230 monasterii
877 1190 910 1228 a
940 1174 1166 1245 praefato
1190 1174 1444 1230 Girberto
1474 1175 1681 1245 accepit
1727 1174 1848 1247 epi-

249 1278 443 1334 scopo.

322 1350 411 1407 Ob
430 1351 485 1407 id
508 1352 673 1406 etiam
702 1351 891 1406 divino
924 1350 1097 1405 fretus
1121 1351 1417 1421 juvamine,
1443 1368 1547 1423 ego
1577 1360 1629 1407 et
1657 1367 1848 1407 omnes

244 1440 494 1511 episcopi
525 1441 684 1509 hujus
706 1439 941 1504 concilii,
998 1456 1061 1494 ex
1093 1441 1412 1495 auctoritate
1437 1440 1652 1495 Domini
1682 1440 1848 1495 nostri

244 1530 378 1583 Iesu
411 1528 627 1594 Christi,
662 1544 759 1599 per
783 1544 961 1598 quem,
996 1537 1047 1582 et
1067 1545 1166 1599 per
1197 1546 1391 1599 ipsum,
1425 1538 1478 1583 et
1498 1530 1553 1583 in
1582 1545 1689 1600 quo
1709 1545 1846 1584 con-

246 1626 392 1671 stant
422 1616 622 1680 omnia,
677 1617 779 1670 sub
810 1616 956 1671 omni
1003 1618 1351 1671 anathemate
1403 1618 1753 1686 detestamus,
1796 1627 1847 1672 et

1953 494 2083 535 cens
2117 497 2129 533 :
2154 481 2319 543 Deus,
2355 496 2427 535 ne
2456 483 2643 536 taceas
2672 480 2796 544 tibi,
2832 495 2903 536 ne
2930 480 3195 542 sileas.et
3214 481 3550 552 nequicscas

1949 569 2118 632 Deus,
2151 576 2253 623 etc.
2280 568 2340 622 ln
2359 567 2589 638 epistola
2606 582 2766 640 papae
2783 566 3094 639 Symmachi
3127 585 3140 621 :
3177 591 3198 615 ιι
3235 567 3380 622 Nulli
3412 582 3548 638 apo.

1953 656 2159 712 stolicae
2179 656 2326 710 sedis
2372 655 2589 728 praesuli
2615 672 2648 712 a
2670 656 2925 728 praesenti
2955 656 3065 723 die,
3116 656 3314 719 donec.
3355 655 3549 726 dispo-

1952 752 2112 799 nente
2169 744 2422 810 Domino,
2472 744 2720 801 doctrina
2776 744 3057 800 catholicae
3107 743 3233 799 fidei
3291 743 3558 799 manserit

1953 833 2265 899 Salvatoris,
2307 833 2574 904 praedium
2610 833 3061 898 ecclesiasticum,
3119 841 3554 904 quantaecunque

1952 922 2020 976 sit
2047 921 2436 993 magnitudinis
2469 923 2553 976 vel
2581 922 2912 994 exiguitatis,
2956 922 3056 976 sub
3102 929 3362 993 perpetua
3411 920 3551 976 alie-

1951 1010 2167 1065 natione
2189 1010 2273 1064 vel
2302 1011 2724 1066 commutatione
2754 1011 2824 1066 ad
2876 1009 3164 1080 cujuslibet
3192 1009 3315 1078 jura
3363 1018 3547 1064 trans-

1952 1097 2093 1153 ferre
2125 1098 2301 1153 liceat.
2334 1120 2355 1148 ι
2390 1099 2460 1153 Et
2508 1113 2579 1153 ex
2633 1099 2865 1169 epistola
2895 1114 3051 1170 papa:
3080 1098 3366 1169 Simplicii.
3400 1118 3421 1148 ι
3485 1097 3552 1154 Ut

1952 1202 2062 1241 non
2092 1186 2255 1241 liceat
2286 1186 2603 1258 episcopum
2636 1186 2914 1242 titulorum
2946 1202 3166 1242 suorum
3188 1186 3414 1257 praedia,
3448 1200 3547 1242 seu

1949 1275 2213 1346 quidquid
2234 1275 2376 1344 juris
2407 1291 2596 1331 eorum
2627 1274 2805 1337 fuerit,
2841 1275 3083 1347 quolibet
3110 1276 3273 1332 modo
3305 1275 3549 1330 alienare

1951 1364 2038 1419 vel
2065 1371 2404 1419 commutare
2440 1380 2453 1420 :
2488 1364 2579 1436 qui
2611 1380 2744 1420 vero
2775 1364 2878 1419 hoc
2908 1379 3078 1436 agere
3106 1364 3416 1428 tentaverit,
3462 1378 3551 1419 or-

1948 1451 2092 1505 dinis
2139 1452 2224 1506 sui
2267 1452 2595 1508 detrimento
2648 1452 2931 1523 plectatur.
2969 1475 2989 1501 ι
3027 1454 3161 1507 ltem
3206 1452 3260 1506 in
3305 1453 3497 1507 eodem
3532 1470 3547 1508 :

1953 1561 1974 1590 α
2008 1539 2110 1609 Qui
2165 1540 2383 1610 petierit
2426 1540 2692 1611 prmdium
2748 1540 3011 1605 ecclesiae,
3072 1548 3125 1595 et
3181 1540 3452 1610 acceperit
3494 1540 3551 1596 in

1946 1628 2171 1699 praprio
2194 1629 2352 1697 jure;
2377 1636 2470 1683 aut
2489 1629 2536 1683 si
2565 1629 2686 1701 quis
2736 1629 3179 1701 presbyterorum
3225 1636 3315 1683 aut
3361 1628 3550 1684 diaco-

246 1705 638 1772 interdicimus,
691 1713 743 1760 et
774 1706 1327 1773 excommunicamus,
1378 1714 1435 1761 ut
1484 1706 1662 1761 nullus
1718 1722 1846 1762 suc-
1882 1732 2171 1791 Hum-um,
2216 1732 2316 1772 nec
2373 1732 2482 1772 non
2538 1716 2887 1772 defensorum
2943 1716 3093 1771 denti
3150 1716 3550 1787 subscripserit,

241 1811 530 1849 cessorum
560 1802 873 1849 nostrorum
904 1794 957 1848 in
998 1795 1099 1848 hac
1129 1801 1316 1849 sancta
1363 1796 1658 1864 apostolica
1698 1796 1848 1862 sede,

244 1883 333 1939 cui
348 1892 569 1938 auctore
591 1882 847 1948 Domino,
869 1882 1231 1949 deservimus,
1256 1899 1494 1955 unquam
1518 1884 1604 1939 vel
1625 1899 1854 1955 usquam

242 1971 616 2042 praesentibus
663 1971 750 2026 vel
791 1969 987 2026 futuris
1042 1972 1379 2041 temporibus
1428 1973 1725 2045 quidquam
1783 1973 1853 2027 de

241 2060 441 2114 iisdem
509 2060 688 2127 rebus,
748 2075 847 2114 nec
905 2058 1218 2129 imperator,
1283 2077 1382 2116 nec
1428 2077 1543 2137 res,
1605 2077 1703 2115 nec
1746 2061 1853 2116 ulla

240 2148 543 2202 mundialis
563 2156 804 2218 potestas
852 2148 1202 2217 beneficiare,
1245 2158 1597 2215 commutare,
1641 2166 1701 2205 ac
1751 2150 1852 2205 sub

240 2253 418 2293 censu
447 2237 752 2293 concedere
769 2252 869 2307 per
885 2235 1062 2291 futura
1082 2244 1332 2308 tempora
1372 2239 1565 2309 possit;
1582 2255 1683 2295 nec
1709 2255 1852 2310 pon-

244 2324 382 2380 tifex
404 2325 648 2394 ejusdem
667 2324 944 2389 dimcesis,
978 2325 1047 2379 ad
1066 2326 1221 2394 cujus
1257 2327 1572 2397 parochiam
1617 2327 1853 2398 pertinet

241 2414 402 2470 locus
420 2414 561 2484 ipse,
588 2429 691 2469 nec
721 2428 915 2468 omnes
945 2413 1188 2482 ejusdem
1218 2416 1502 2484 potestatis
1549 2416 1850 2488 quidquam

238 2519 305 2558 ex
336 2503 601 2558 monitate
631 2503 886 2573 accipere
929 2501 1102 2572 ipsius
1149 2504 1468 2558 monasterii
1521 2505 1738 2560 audeat.
1782 2505 1851 2560 Et

234 2591 467 2662 insuper
505 2591 638 2646 nulli
684 2591 907 2646 omnino
965 2590 1130 2646 liceat
1171 2607 1389 2663 quoquo
1436 2594 1602 2649 modo
1646 2595 1700 2648 in
1764 2594 1850 2649 bis

234 2680 497 2734 omnibus
524 2679 765 2751 aliquam
809 2679 1226 2735 minorationem
1272 2680 1359 2736 vel
1407 2680 1636 2737 forciam
1686 2683 1847 2756 inge-

237 2784 391 2824 rere.
429 2769 613 2824 Potius
641 2776 825 2823 autem
854 2785 884 2821 a
914 2768 1167 2838 prmsenti
1214 2769 1447 2825 concilio
1495 2771 1678 2826 omnia
1731 2772 1846 2827 hinc

232 2858 304 2911 ad
327 2858 444 2926 jam
488 2857 696 2913 dictum
748 2855 1137 2912 monasterium
1196 2872 1320 2912 cum
1350 2860 1604 2914 omnibus
1634 2875 1846 2930 appen~

229 2945 406 3015 ditiis,
456 2953 511 3000 et
554 2944 837 3011 cathedra,
868 2944 975 2999 alia
1013 2943 1135 3000 loca
1166 2947 1384 3002 mobilia
1414 2948 1843 3020 immobiliaque,

229 3051 352 3106 quae
375 3050 479 3104 per
500 3036 674 3090 Deum
690 3035 993 3094 timentium
1015 3038 1324 3109 largitatem
1346 3037 1477 3091 inibi
1494 3037 1689 3093 collata
1720 3054 1842 3093 esse

227 3132 559 3188 noscuntur,
596 3124 719 3180 huic
749 3126 965 3183 Amulio
986 3129 1312 3199 presbytero
1359 3135 1413 3182 et
1453 3126 1841 3182 archidiacono

229 3212 571 3268 Uzeticensis
604 3214 854 3271 ecclesiae
884 3216 1290 3273 confirmamus.
1322 3215 1493 3284 Hujus
1532 3215 1611 3269 rei
1667 3215 1841 3287 gratia

225 3302 681 3356 commendamus
711 3303 867 3358 vobis
895 3305 1032 3361 hanc
1062 3305 1310 3361 notitiam
1349 3304 1416 3358 ad
1453 3303 1753 3375 regendum
1781 3311 1833 3358 et

225 3390 494 3445 tuendum
515 3398 569 3445 et
589 3391 726 3448 bene
745 3393 1127 3450 aedificandum
1144 3393 1457 3450 cmuobium
1489 3412 1502 3459 ;
1527 3393 1602 3447 ita
1634 3408 1764 3446 sane
1788 3400 1847 3448 ut

225 3493 259 3532 a
300 3477 482 3546 vobis,
515 3479 747 3551 singulis
777 3482 1193 3554 quibuscunque
1224 3482 1403 3550 annis,
1423 3480 1707 3552 pensionis
1739 3496 1844 3536 no-

224 3566 400 3632 mine,
427 3567 482 3621 in
513 3568 812 3624 rationibus
833 3571 1219 3627 ecclesiasticis
1249 3588 1281 3626 x
1313 3570 1522 3642 argenti
1554 3568 1842 3636 solidiana,

222 3655 494 3711 denarios
521 3670 603 3711 xu
620 3658 973 3729 accipientes,
1020 3660 1125 3731 piae
1154 3658 1497 3730 paternitatis
1527 3656 1841 3728 suffragium

225 3744 414 3799 eidem
435 3747 770 3802 monasterio
811 3756 1002 3803 contra
1031 3765 1223 3805 omnes
1266 3747 1587 3803 infestantes
1625 3747 1841 3819 impen-

220 3834 361 3888 dere
396 3833 671 3888 studeant.
693 3835 837 3890 Nulli
871 3852 1002 3893 vero
1031 3838 1257 3892 dubium
1287 3846 1391 3902 est,
1446 3836 1661 3901 fratres,
1695 3836 1842 3907 quod

221 3922 533 3992 apostolica
574 3923 818 3979 Ecclesia
862 3934 1037 3981 mater
1079 3926 1148 3980 sit
1168 3926 1411 3981 omnium
1461 3924 1839 3994 ecclesiarum,

218 4027 251 4064 a
284 4011 450 4079 cujus
483 4028 584 4067 nos
605 4013 815 4084 regulis
853 4014 1162 4070 nullatenus
1191 4015 1445 4071 convenit
1491 4014 1715 4069 deviare
1747 4022 1841 4069 :et

221 4100 370 4154 sicut
413 4100 581 4155 Filius
610 4101 709 4155 Dei
741 4103 886 4159 venit
906 4102 1089 4158 facere
1124 4103 1459 4158 voluntatem
1506 4103 1699 4167 Patris,
1761 4102 1839 4157 sic

222 4198 277 4243 et
314 4204 417 4243 vos
450 4188 778 4245 voluntatem
808 4201 1001 4247 vestrae
1042 4192 1312 4264 impleatis
1351 4192 1558 4255 matris,
1594 4209 1714 4263 quae
1757 4200 1839 4246 est

223 4278 507 4344 Ecclesia,
541 4280 695 4349 cujus
742 4289 924 4351 caput,
980 4289 1034 4336 ut
1078 4281 1400 4352 praedictum
1443 4290 1545 4344 est,
1596 4282 1838 4337 Romana

217 4366 410 4421 existit
433 4367 702 4423 Ecclesia.
728 4368 889 4425 Pater
916 4386 1054 4443 ergo
1085 4378 1272 4426 noster
1302 4370 1419 4425 sine
1451 4370 1616 4424 dubio
1668 4370 1834 4432 Deus,

1955 1806 2302 1862 anathemate
2347 1805 2586 1860 feriatur.
2655 1826 2679 1855 ι
2732 1805 2867 1860 ltem
2925 1804 2983 1859 in
3056 1805 3354 1860 canonibus
3387 1823 3400 1859 :
3437 1828 3460 1852 α
3496 1804 3554 1860 Si

1953 1893 2245 1965 episcopus
2275 1895 2494 1950 condito
2522 1901 2848 1949 testamento
2869 1892 3075 1965 ahquid
3105 1893 3174 1948 de
3193 1892 3553 1950 ecclesiastici

1945 1981 2086 2051 juris
2142 1983 2478 2053 proprietate
2531 1981 2816 2053 legaverit,
2858 1982 3018 2035 aliter
3047 1997 3156 2036 non
3188 1981 3409 2049 valebit,
3442 1981 3552 2037 nisi

1952 2078 2156 2126 tantum
2183 2071 2253 2126 de
2274 2071 2416 2141 juris
2444 2071 2647 2143 proprii
2675 2069 2934 2129 facultate
2985 2069 3339 2141 suppleverit.
3381 2092 3402 2120 ι

2022 2159 2194 2231 Igitur
2224 2167 2332 2215 tam
2361 2175 2468 2233 ego
2496 2176 2654 2232 quam
2685 2175 2876 2216 omnes
2926 2158 3171 2230 episcopi
3228 2158 3389 2227 hujus
3419 2174 3551 2215 con-

1950 2246 2080 2313 cilii,
2113 2247 2462 2303 insidiatores
2489 2265 2555 2304 ea
2584 2249 2689 2304 hoc
2716 2247 3049 2303 monasterio
3087 2246 3401 2317 apostolica
3456 2262 3550 2303 se-

1951 2336 2063 2404 dis,
2091 2344 2142 2389 et
2174 2336 2300 2391 huic
2328 2336 2652 2408 presbytero
2682 2336 2727 2390 si
2758 2334 2954 2407 aliquis
2996 2335 3317 2391 adversatus
3363 2334 3547 2402 fuerit,

1951 2423 2077 2488 tale,
2129 2425 2312 2480 scelus
2370 2433 2764 2496 perpetrantes,
2825 2439 3018 2479 omnes
3074 2439 3107 2478 a
3163 2425 3550 2480 communione

1950 2512 2150 2567 Christi
2179 2514 2426 2583 corporis
2455 2528 2521 2569 ac
2560 2510 2910 2568 fraternitatis
2951 2511 3247 2577 consortio,
3281 2511 3397 2567 sive
3425 2527 3549 2568 om-

1949 2600 2099 2656 nium
2125 2601 2542 2657 christianorum
2591 2600 2826 2673 collegio
2857 2608 3283 2672 sequestramus,
3310 2600 3543 2656 damna-

1948 2706 2089 2754 mus,
2143 2699 2195 2744 et
2241 2690 2342 2744 sub
2398 2690 2546 2744 omni
2601 2691 2941 2745 anathemate
2990 2689 3546 2745 excommunicamus.

1949 2777 2066 2833 Sint
2094 2778 2174 2832 illi
2223 2778 2496 2834 maledicti
2551 2778 2604 2832 in
2648 2778 2885 2846 civitate,
2944 2776 3220 2834 maledicti
3277 2777 3334 2833 in
3362 2792 3547 2849 agro;

1946 2866 2272 2923 maledictus
2293 2865 2502 2923 fructus
2530 2875 2689 2921 terra:
2719 2881 2931 2921 eorum.
2976 2865 3094 2921 Sint
3126 2865 3417 2923 maledicta
3464 2866 3548 2922 in-

1947 2955 2148 3010 teriora
2180 2971 2371 3010 eorum
2394 2964 2446 3009 et
2475 2955 2771 3010 exteriora.
2806 2954 3017 3009 Caelum
3050 2954 3198 3025 quod
3235 2970 3404 3025 super
3422 2954 3550 3013 illos

1900 3092 1922 3115 η
1948 3051 2051 3109 est,
2084 3043 2153 3098 sit
2181 3060 2418 3109 aereum;
2486 3053 2539 3099 et
2580 3053 2726 3099 terra
2756 3059 2923 3116 quam
2979 3042 3177 3112 calcat,
3234 3043 3304 3098 sit
3357 3043 3549 3100 ferrea.

1954 3131 2144 3188 Oratio
2174 3148 2362 3188 eorum
2392 3142 2516 3187 ante
2546 3134 2719 3189 Deum
2742 3133 2960 3188 veniant
2982 3132 3038 3188 in
3057 3139 3343 3203 peccatum
3369 3149 3383 3187 :
3413 3133 3554 3191 sicut

1950 3221 2122 3274 Datan
2153 3228 2205 3275 et
2235 3221 2440 3276 Abiron
2494 3228 2616 3275 eant
2647 3220 2886 3277 viventes
2934 3220 2987 3274 in
3018 3219 3310 3276 infernum.
3343 3219 3551 3277 Omnes

1948 3309 2193 3379 quicum
2239 3309 2347 3363 illis
2395 3308 2857 3380 participaveriut,
2914 3316 3006 3362 aut
3060 3324 3185 3365 cum
3235 3308 3315 3364 eis
3369 3308 3549 3364 cibum

1947 3397 2296 3467 sumpserint,
2360 3405 2451 3452 aut
2503 3397 2718 3452 cantica
2767 3412 2959 3453 eorum
3016 3396 3307 3452 maledicta
3359 3397 3549 3454 audire

1946 3484 2311 3554 decreverint,
2343 3484 2582 3542 scientes
2611 3486 2755 3540 hanc
2783 3483 3238 3551 maledictionem,
3258 3500 3382 3541 cum
3411 3485 3552 3542 Iuda

1947 3572 2195 3629 Scarioth
2252 3572 2534 3640 traditore,
2592 3572 2796 3627 Christi
2854 3572 3152 3644 participes
3208 3570 3357 3627 ﬁant.
3390 3576 3549 3645 Aqua

1943 3677 2135 3717 eorum
2190 3660 2443 3732 putrefiat
2472 3682 2485 3727 ;
2519 3662 2702 3717 vinum
2758 3678 2948 3717 eorum
3013 3661 3268 3718 scaturiat
3300 3681 3315 3727 ;
3349 3677 3544 3733 panem

1944 3765 2130 3805 eorum
2186 3750 2380 3824 rubigo
2425 3760 2727 3816 consumat,
2789 3750 3110 3823 vestirpenta
3155 3766 3343 3806 eorum
3401 3752 3546 3809 tinea

1942 3839 2210 3895 comedat.
2244 3839 2312 3895 Et
2339 3839 2467 3910 quid
2487 3840 2638 3910 plura
2667 3840 2695 3895 ?
2726 3838 2932 3895 Omnes
2965 3838 3377 3897 maledictiones
3405 3839 3546 3896 Novi

1943 3942 2008 3983 ac
2039 3928 2252 3982 Veteris
2303 3928 2638 3984 Testamenti
2686 3928 2906 3983 veniant
2955 3944 3126 3999 super
3179 3928 3322 3995 illos,
3370 3944 3545 4001 usque

1941 4017 2069 4070 dum
2099 4017 2166 4070 ad
2196 4017 2419 4088 dignam
2449 4017 2873 4073 satisfactionem
2905 4026 2957 4072 et
2988 4017 3318 4091 condignam
3357 4018 3539 4090 poeni-

1939 4105 2163 4160 tentiam
2190 4106 2382 4161 matris
2404 4106 2666 4162 Ecclesiae
2697 4108 2930 4162 veniant.
2962 4107 3202 4162 Joannes
3229 4107 3545 4178 apostolica

1911 4199 1914 4202 ’
1940 4194 2088 4248 sedis
2119 4195 2263 4249 Petri
2292 4195 2547 4265 apostoli,
2577 4196 2828 4250 omnibus
2859 4195 3056 4250 Christi
3100 4195 3347 4252 ecclesiis
3406 4196 3544 4253 bene

1941 4276 2125 4336 valete‘
2143 4283 2275 4338 dicit
2303 4283 2409 4338 ista
2438 4284 2802 4339 servantibus.

2011 4370 2335 4426 Hincmarus
2363 4370 2689 4427 Rhemensis
2718 4371 3170 4442 archiepiscopus
3199 4370 3398 4438 ﬁrmat,
3431 4376 3544 4431 An-

215 4457 443 4527 quinos
464 4458 689 4523 creavit,
730 4467 786 4513 et
823 4468 999 4514 mater
1037 4467 1222 4514 nostra
1245 4459 1515 4523 Ecclesia,
1577 4475 1697 4530 quae
1735 4475 1836 4514 nos
1867 4448 1917 4506 D
1939 4458 2141 4531 sigisus
2170 4459 2504 4514 Senonensis
2517 4459 2965 4531 archiepiscopus
2984 4459 3182 4525 firmat,
3211 4460 3542 4516 Aurelianus

215 4545 274 4598 in
314 4545 593 4615 baptismo
648 4546 965 4616 spiritaliter
1013 4547 1382 4621 regeneravit,
1441 4556 1493 4602 et
1552 4547 1679 4602 ideo
1747 4552 1838 4619 qui

215 4632 426 4687 Christi
472 4633 734 4703 pecunias
762 4621 819 4691 et
875 4636 1139 4691 Ecclesia:
1192 4635 1395 4702 aufert,
1467 4635 1746 4691 fraudetur
1785 4645 1838 4691 et

209 4722 379 4791 rapit,
412 4722 687 4777 homicida
714 4723 770 4777 in
797 4732 1095 4794 conspectu
1135 4724 1334 4794 judicis
1370 4725 1500 4793 justi
1523 4741 1645 4779 esse
1662 4724 1836 4795 depu~

213 4810 443 4865 labitur.
507 4811 661 4866 Unde
718 4812 980 4883 scriptum
1026 4821 1147 4867 est:
1194 4813 1285 4885 qui
1330 4813 1469 4884 rapit
1552 4813 1832 4884 pecuniam

208 4898 455 4968 proximi
485 4898 570 4953 sui
608 4898 949 4970 iniquitatem
997 4900 1121 4956 facit
1155 4921 1168 4967 ;
1205 4901 1294 4973 qui
1345 4910 1528 4957 autem
1573 4903 1835 4973 pecunias

206 4996 307 5042 aut
346 5004 441 5041 res
470 4986 731 5043 Ecclesiae
760 4990 961 5055 tulerit,
992 4990 1348 5061 sacrilegium
1380 4990 1510 5046 facit
1535 5011 1549 5055 ;
1608 4992 1752 5046 unde
1780 5008 1832 5054 et

206 5077 386 5131 Judas
407 5075 500 5147 qui
521 5077 809 5146 pecuniam
839 5076 1125 5147 fraudavit,
1161 5096 1282 5151 quae
1312 5080 1503 5134 usibus
1543 5080 1829 5153 Ecclesiae,

202 5164 263 5218 id
279 5173 367 5218 est
390 5165 745 5235 pauperibus,
800 5183 938 5237 quos
970 5167 1216 5223 Ecclesia
1247 5183 1474 5238 pascere
1494 5168 1677 5232 debet.
1713 5169 1830 5224 dis-

203 5252 556 5307 tribuebatur
577 5252 734 5321 jussu
793 5254 1112 5322 Salvatoris,
1171 5257 1325 5324 cujus
1376 5257 1551 5314 vicem
1590 5255 1833 5329 episcOpi

206 5349 419 5409 tenent,
467 5357 569 5395 nec
613 5342 792 5397 solum
852 5342 961 5409 fur,
1004 5345 1100 5399 sed
1146 5354 1196 5399 et
1227 5345 1381 5414 latro,
1430 5355 1484 5400 et
1528 5347 1831 5418 sacrilegus

203 5428 438 5485 effectus
469 5437 571 5484 est.
612 5431 687 5484 De
727 5432 925 5486 talibus
957 5433 1123 5498 enim,
1182 5434 1237 5488 id
1289 5434 1493 5505 estqui
1546 5434 1830 5491 facultates

206 5518 481 5573 Ecclesiae
521 5519 756 5591 rapiunt,
793 5520 1043 5577 fraudant
1102 5522 1187 5577 vel
1229 5521 1497 5578 auferunt.
1563 5525 1828 5580 Dominus

1938 4548 2320 4618 Lugdunensis
2348 4548 2792 4619 archiepiscopus
2823 4548 3020 4618 firmat,
3062 4550 3371 4623 Rostagnus
3413 4552 3544 4607 Ara-

1939 4636 2161 4691 latensis
2198 4636 2640 4709 archiepiscopus
2694 4636 2894 4705 firmat,
2955 4639 3265 4710 Sigebodus
3322 4639 3539 4694 Narbo-

1938 4726 2126 4779 nensis
2154 4726 2600 4798 archiepiscopus
2647 4726 2845 4795 firmat,
2894 4727 3223 4782 Teudericus
3254 4727 3541 4784 Besantio—

1935 4814 2119 4869 nensis
2147 4815 2588 4887 archiepiscopus
2619 4816 2812 4884 firmat,
2866 4819 3206 4873 Auterannus
3259 4816 3537 4873 Viennen—

1932 4902 2009 4956 sis
2045 4904 2487 4976 archiepiscopus
2544 4904 2735 4971 firmat,
2770 4905 3120 4960 Frautharius
3185 4905 3537 4962 Bituricensis

1934 4991 2378 5064 archiepiscOpus
2419 4994 2620 5065 signat,
2654 4993 2963 5049 Adanaldus
2992 4994 3322 5050 Turonensis
3369 4996 3540 5051 archi-

1935 5080 2227 5152 episcopus
2258 5081 2455 5146 firmat,
2481 5082 2656 5137 Berao
2678 5081 3092 5139 Catalaunensis
3124 5084 3412 5155 episcopus
3437 5082 3537 5139 fir-

1932 5178 2058 5234 mat,
2089 5170 2328 5225 Joannes
2358 5170 2787 5226 Rodomacens's
2830 5171 3278 5243 archiepiscopus
3330 5171 3530 5240 firmat,

1929 5257 2258 5313 Aldebertus
2305 5258 2724 5313 Silvanectensis
2780 5260 3071 5331 episcopus
3127 5260 3327 5325 firmat,
3381 5260 3531 5319 Isaac

1932 5345 2292 5418 Lingonensis
2343 5346 2634 5417 episcOpus
2682 5346 2877 5410 firmat.
2972 5348 3285 5419 lngelvinus
3366 5350 3537 5406 Parisi

1926 5435 2216 5505 episcopus
2248 5433 2444 5503 firmat,
2477 5435 2693 5491 Otulfus
2726 5436 3049 5492 Trecassine
3111 5437 3406 5509 episcOpus
3436 5438 3536 5494 fir-

1930 5532 2058 5587 mat,
2141 5524 2460 5597 lngomarus
2555 5525 2927 5581 Laudunensis
2990 5524 3279 5598 episcopus
3339 5527 3532 5600 firmat,
