4028 6180
510 275 616 340 79's

1793 247 2108 336 JoxivNis'
2145 259 2367 350 raris}
2399 259 2541 335 vni'.

3711 269 3812 337 τόδ

509 387 843 464 Eldeboldus
873 407 1186 462 Suessionis
1214 405 1502 476 episcopus
1551 403 1747 470 ﬁrmat,
1797 403 2110 459 Willelmus
2141 404 2196 464 Α
2219 409 2330 458 tuta
2361 403 2450 476 pio
2477 403 2723 476 principe
2751 405 2820 460 de
2849 405 3243 476 compositione
3270 403 3567 480 sacrilegii,
3629 403 3812 461 videli-

509 495 914 552 Lemovicensis
943 495 1235 567 episcopus
1267 493 1465 560 ﬁrmat,
1507 493 1848 548 Gislabertus
1893 493 2109 548 Camo-

513 585 681 638 tensis
738 584 1028 655 episcopus
1073 581 1273 646 ﬁrmat,
1349 581 1638 637 Rotbertus
1711 579 2113 636 Valentinensis

514 672 806 743 episcOpus
833 671 1027 736 ﬁrmat,
1061 670 1370 726 Garbaldus
1399 669 1788 726 Cavaloncnsis
1823 669 2113 740 episcopus

510 759 712 830 ﬁrmat,
745 759 1057 816 Rainelmus
1115 757 1502 814 Noviomensis
1559 759 1850 830 episcopus
1909 757 2107 822 lirmat,

511 850 629 905 Abo
685 847 1088 921 Magaloneasis
1146 847 1436 920 episc0pus
1491 847 1692 914 ﬁrmat,
1727 837 1890 902 Oddo
1922 845 2114 901 Belva—

513 938 692 994 censis
748 937 1041 1008 episcOpus
1097 934 1291 1000 ﬁrmat,
1365 936 1653 991 Girbertus
1725 934 2112 990 Nemausensis

511 1026 800 1098 episcopus
821 1025 1026 1091 ﬁrmat,
1043 1025 1344 1080 Walterius
1387 1025 1800 1080 Aurelianensis
1821 1023 2111 1094 episcopus

511 1115 706 1180 ﬁrmat,
755 1113 1112 1170 Walafredus
1177 1113 1512 1169 Uzeticensis
1568 1113 1860 1183 episcopus
1909 1109 2106 1178 ﬁrmat,

507 1203 818 1259 Macharius
863 1203 1184 1258 Lutovensis
1234 1201 1523 1272 episcOpus
1569 1199 1770 1266 ﬁrmat,
1817 1199 2111 1256 Rotl’redus

513 1291 901 1348 Avinioncnsis
933 1291 1222 1362 episcopus
1248 1289 1446 1356 ﬁrmat,
1481 1289 1728 1344 Alaricus
1785 1287 2110 1343 Biterrensis

512 1381 802 1452 episcopus
859 1377 1056 1448 ﬁrmat,
1139 1379 1357 1434 lctarius
1427 1377 1759 1433 Vivariensis
1821 1377 2111 1448 episcopus

509 1468 704 1534 ﬁrmat,
740 1467 1025 1523 Teutarius
1057 1467 1434 1522 Gerundensis
1457 1464 1956 1537 episcOpusﬁrmat,
1990 1465 2110 1519 Abo

499 1557 862 1614 Nivernensis
893 1556 1182 1627 episcopus
1231 1555 1422 1620 ﬁrmat,
1469 1555 1770 1610 Frodoinus
1809 1554 2110 1609 Barchino-

511 1645 698 1700 nensis
726 1644 1014 1715 episcopus
1043 1641 1242 1708 ﬁrmat,
1291 1642 1611 1698 Lambertus
1655 1641 2110 1698 Mudasconensis

509 1731 798 1804 episcOpus
829 1731 1018 1800 ﬁrmat,
1072 1731 1311 1787 Joannes
1355 1731 1770 1787 Cameracensis
1818 1731 2110 1802 episcopus

513 1819 708 1886 ﬁrmat,
741 1821 1059 1891 Adalgarius
1117 1821 1549 1875 Austudunensis
1581 1819 1871 1891 episcopus
1913 1817 2104 1884 ﬁrmat,

509 1909 801 1966 Barnarius
831 1907 1232 1980 GratianOpolis
1260 1909 1550 1980 episcopus
1571 1907 1771 1978 ﬁrmat,
1809 1908 2108 1963 Ademarus

509 1997 865 2054 Claromontis
905 1997 1194 2069 episcopus
1225 1997 1420 2067 ﬁrmat,
1451 1995 1711 2053 Arnull‘us
1759 1995 2108 2052 Taurinensis

507 2087 796 2158 episcOpus
849 2085 1047 2150 ﬁrmat,
1107 2085 1422 2142 Rainelmus
1475 2085 1772 2141 Meldensis
1818 2085 2108 2156 episcopus

506 2173 703 2240 ﬁrmat,
765 2174 1091 2246 Aigofredus
1149 2173 1497 2230 Pictaviensis
1555 2174 1844 2245 episcopus
1911 2171 2104 2238 ﬁrmat,

505 2259 757 2315 Ainull‘us
785 2259 1226 2314 Gavaldonensis
1273 2259 1568 2329 episcopus
1599 2257 1798 2320 ﬁrmat,
1835 2257 2108 2328 Georgius

507 2347 818 2404 scriniarius
873 2355 1076 2402 sanctas
1133 2348 1390 2402 Romanae
1443 2346 1726 2414 Ecclesia,
1791 2347 1882 2417 qui
1943 2361 2108 2417 super

509 2437 714 2508 scripta
741 2435 902 2504 hujus
924 2435 1164 2505 iudicati,
1213 2441 1337 2506 post
1389 2435 1609 2490 testium
1651 2435 2106 2506 subscriptionem

507 2531 558 2580 et
587 2525 932 2580 traditionem
965 2523 1181 2590 factam,
1213 2523 1504 2594 complevit
1533 2531 1586 2578 et
1643 2523 1896 2589 absolvit,
1973 2523 2106 2580 Bai-

509 2615 763 2678 mundus,
798 2627 982 2668 comes
1013 2611 1206 2678 ﬁrmat,
1239 2612 1606 2684 Berengarius
1653 2613 1961 2668 vicecomes
2017 2611 2110 2667 ﬁr-

509 2711 638 2772 mat,
698 2703 1000 2758 Aimaricus
1056 2701 1255 2766 ﬁrmat,
1315 2701 1654 2758 Olumbellus
1709 2701 1907 2768 ﬁrmat,
1959 2701 2106 2754 Teu-

509 2801 731 2846 trannus
789 2790 991 2857 ﬁrmat,
1051 2789 1382 2846 Gaucelinus
1441 2788 1638 2852 ﬁrmat.
1691 2791 1934 2845 Emenus
1965 2789 2111 2844 vice-

505 2895 691 2936 comes
729 2879 924 2944 ﬁrmat,
955 2879 1118 2933 Oddo
1135 2879 1443 2934 vicccomes
1487 2877 1684 2944 ﬁrmat,
1745 2881 1866 2950 Ugo
1921 2893 2108 2933 comes

509 2965 706 3022 ﬁrmat.

1255 3073 1357 3127 CL.

507 3179 581 3218 Αι)
610 3178 796 3218 OMNES
827 3177 1144 3226 EPISCOPOS,
1179 3173 1433 3224 COMITES,
1457 3173 1839 3225 νιοεοοκῐτεε,
1901 3175 2108 3214 CENTE-

579 3267 801 3318 NARIOS,
833 3265 1055 3305 JUDICES
1083 3265 1442 3318 CATIIOLICOS,
1475 3265 1532 3302 IN
1565 3263 1822 3303 HISPANIA
1875 3263 1944 3304 ET
1999 3265 2104 3304 GO-

575 3357 708 3396 ἸἪῙΛ
739 3355 1048 3395 DEGENTES.

1123 3427 1302 3498 (Anno
1334 3429 1482 3498 8'78.)

501 3489 620 3575 Lex
667 3519 737 3574 de
767 3519 1058 3590 sacrilegis
1089 3489 1366 3574 a‘Joan-ne
1411 3489 1558 3588 papa
1591 3515 1834 3590 thhicis
1894 3517 2102 3588 legibus

831 3588 1024 3644 addita
1043 3591 1107 3644 in
1138 3589 1377 3644 concilio
1413 3588 1744 3644 Tricassimo

571 3679 826 3732 Joannes
848 3678 1158 3748 episcopus,
1185 3691 1375 3732 servus
1403 3691 1680 3730 servorum
1711 3676 1828 3744 Dei,
1849 3676 2100 3732 omnibus

502 3765 794 3838 episcopis,
872 3765 1181 3831 comitibus,
1249 3764 1680 3830 vicecomitibus,
1749 3765 2095 3833 centenariis,

495 3855 772 3925 judicibus
801 3853 1102 3922 catholicis,
1137 3853 1190 3907 in
1221 3853 1482 3924 Hispania
1525 3861 1578 3908 et
1615 3851 1813 3908 Gothia
1867 3853 2097 3923 provin-

497 3943 597 3998 ciis
627 3943 974 4015 degentibus,
1007 3941 1266 4012 omnique
1293 3941 1496 4012 populo
1547 3941 1880 3996 Occidentali
1915 3943 2098 3996 catho-

503 4030 628 4095 lico,
660 4029 890 4084 salutem
922 4039 974 4084 et
1004 4029 1358 4100 apostolicam
1389 4029 1845 4085 benedictionem.

563 4117 856 4184 Noveritis,
905 4117 1240 4172 dilectissimi
1313 4117 1424 4180 lilii,
1476 4118 1602 4189 quia
1653 4133 1764 4173 nos
1799 4133 1902 4189 pro
1961 4125 2096 4174 statu

499 4215 700 4262 sancta:
747 4207 846 4262 Dei
889 4205 1150 4262 Ecclesiae
1187 4205 1447 4276 jussimus
1483 4207 1808 4279 congregari
1837 4207 2097 4278 synodale

501 4295 790 4352 concilium
821 4297 966 4366 apud
995 4296 1180 4350 urbem
1214 4297 1440 4352 Trecas.
1501 4297 1624 4362 Ubi,
1657 4296 1972 4350 sedentibus
2003 4313 2098 4352 no-

499 4385 583 4440 bis
613 4385 666 4439 in
699 4399 915 4451 corona,
947 4385 1092 4439 venit
1136 4393 1262 4440 ante
1287 4383 1636 4455 pmsentiam
1669 4393 1906 4440 nostram
1953 4385 2096 4441 ﬁlius

2139 1756 2190 1816 B

2215 501 2302 546 cet
2331 491 2384 546 in
2417 509 2520 546 xxx
2549 491 2718 547 libras
2747 493 3040 550 examinati
3069 493 3303 567 argenti,
3335 493 3392 548 id
3448 503 3532 549 est
3579 509 3808 550 sexcen-

2213 587 2388 635 torum
2413 581 2710 636 solidorum
2729 597 2996 637 summam
3009 583 3224 655 argenti
3237 581 3536 652 purissimi.
3575 582 3808 654 Ideoque

2215 667 2461 740 quisquis
2491 669 2742 724 inventus
2799 669 2956 725 fuerit
3011 686 3140 724 reus
3187 669 3480 742 sacrilegii,
3547 671 3710 725 istam
3745 671 3810 726 le-

2217 757 2416 811 viorem
2449 757 2898 828 compositionem
2927 758 3180 814 emendet
3223 758 3496 830 episcopis
3539 759 3698 830 ipsis,
3727 761 3810 816 vel

2212 843 2523 912 abbatibus,
2558 846 2672 901 sive
2701 845 2951 916 personis
2981 846 3048 901 ad
3079 861 3212 917 quas
3251 847 3600 919 querimonia
3647 849 3808 904 sacri-

2211 932 2342 1004 legii
2379 935 2524 1003 juste
2573 935 2930 1005 pertinuerit;
2989 941 3042 988 et
3089 935 3134 988 si
3183 934 3302 1005 ipse
3359 951 3488 990 reus
3537 937 3804 1011 sacrilegii

2212 1019 2392 1078 facere
2420 1021 2671 1092 noluerit,
2707 1023 2891 1078 tandiu
2921 1023 3466 1080 excommunicationi
3498 1025 3804 1094 subiaceat,

2211 1125 2495 1182 usquequo
2539 1111 2858 1182 praedictam
2913 1110 3364 1182 compositionem
3421 1121 3806 1168 sexcentarum

2212 1197 2508 1254 solidorum
2564 1200 2861 1270 persolvat.
2921 1201 2990 1255 Et
3045 1201 3091 1256 si
3167 1200 3222 1255 in
3275 1201 3376 1256 hac
3443 1201 3808 1257 obstinatione

2211 1295 2456 1342 mortuus
2485 1287 2662 1354 fuerit,
2697 1303 2898 1360 corpus
2929 1290 3045 1359 ejus
3101 1307 3227 1348 cum
3281 1289 3508 1361 psalmis
3539 1297 3596 1345 et
3651 1291 3806 1362 hym-

2209 1375 2293 1429 nis
2345 1391 2454 1431 non
2504 1375 2780 1431 deferatur
2807 1377 2875 1431 ad
2908 1377 3256 1449 sepulturam.
3337 1380 3402 1432 Et
3457 1377 3808 1449 pracipimus

2211 1471 2267 1516 ut
2297 1463 2348 1518 in
2393 1462 2500 1518 ﬁne
2559 1463 2763 1520 codicis
2812 1465 2952 1538 legis
3007 1468 3296 1523 mundana:
3369 1465 3644 1522 scribatur
3699 1467 3807 1521 haec

2211 1551 2316 1606 lex.

2935 1643 3066 1698 CLI.

2713 1745 2786 1785 Αῐ)
2819 1745 3004 1786 οΜΝΕε
3031 1747 3278 1787 ῃοειιζε.

2811 1819 2994 1890 (Anno
3025 1821 3178 1892 878.)

2211 1905 2576 1977 Privilsgium
2613 1907 2874 1963 Ecclesia
2903 1909 3272 1974 Pictavensis,
3297 1923 3372 1964 ne
3389 1909 3518 1982 quis
3533 1909 3661 1982 ejus
3677 1911 3810 1965 bona

2449 1996 2701 2060 invadat,
2735 1999 2792 2052 ct
2823 1999 2888 2052 ut
2917 1997 3108 2053 ablata
3137 1998 3547 2054 restituantur.

2277 2081 2548 2138 Omnibus
2573 2081 2825 2138 ﬁdelibus
2846 2093 3050 2142 sanctae
3075 2085 3174 2141 Dei
3203 2085 3485 2152 Ecclesiae,
3525 2087 3810 2156 praesenti-

2209 2171 2308 2225 bus
2339 2171 2546 2227 scilicet
2576 2180 2740 2244 atque
2771 2172 2984 2228 futuris.

2279 2259 2474 2314 Divino
2505 2259 2632 2331 quia
2674 2261 2977 2316 Romanum
3023 2261 3342 2332 pontiﬁcum
3387 2261 3592 2336 largita
3653 2263 3810 2318 enitet

2207 2347 2499 2413 universis,
2529 2347 2799 2420 illudluce
2843 2349 3040 2405 clarius
3085 2357 3318 2419 constat,
3371 2351 3573 2422 largita
3619 2349 3809 2406 defen-

2207 2435 2338 2491 dere
2367 2435 2624 2492 cunctis:
2673 2437 2928 2508 quoniam
2975 2437 3260 2493 indubitati
3311 2439 3452 2508 juris
3485 2447 3590 2502 est,
3647 2441 3812 2495 semel

2207 2539 2471 2580 concessa
2499 2525 2728 2595 perenni
2758 2527 2906 2581 cultu
2939 2525 3052 2582 fore
3083 2527 3344 2582 tenenda.
3381 2527 3654 2582 Caeterum
3697 2545 3810 2583 om-

2207 2611 2352 2667 nium
2383 2613 2716 2685 religiositas
2765 2613 3302 2687 orthodoxorumque
3329 2625 3627 2686 pernoscat
3687 2615 3814 2672 ﬁdiL

2207 2700 2349 2766 lites,
2382 2701 2549 2773 quod,
2581 2709 2638 2756 ut
2670 2703 2840 2757 relatu
2872 2703 3238 2774 quorumdam
3268 2703 3585 2768 didicimus,
3637 2705 3810 2760 Picta-

2207 2790 2391 2844 vensis
2423 2791 2644 2861 quidem
2673 2791 2942 2854 Ecclesia,
2976 2807 3136 2863 quam
3169 2792 3410 2846 diutinus
3465 2809 3808 2864 paganorum

2207 2878 2379 2933 hostis
2408 2879 2776 2950 persequitur,
2809 2879 2979 2934 multa
3021 2880 3450 2936 Christianorum
3495 2881 3810 2953 iniquorum

2205 2965 2552 3022 incommoda
2581 2967 2799 3037 patitur,
2835 2967 3028 3040 quibus
3071 2969 3347 3039 pressuris
3391 2985 3495 3024 nos
3555 2969 3810 3026 convenit

2207 3055 2496 3124 perdolere
2527 3055 2888 3128 eamdemque
2919 3056 3272 3112 nihilominus
3317 3067 3466 3114 tanto
3526 3057 3679 3115 fasce
3739 3059 3812 3114 Ie-

2207 3157 2356 3198 vare.
2391 3141 2738 3215 Quapropter
2765 3145 3113 3216 praecipimus
3133 3146 3544 3218 apostolicaque
3568 3149 3806 3203 auctori-

2205 3237 2314 3286 tate
2339 3247 2603 3302 expresse
2635 3233 2912 3302 jubemus,
2961 3234 3108 3305 quod
3165 3249 3326 3289 nemo
3373 3243 3642 3304 vestrum,
3703 3245 3806 3290 tam

2205 3319 2526 3376 sacerdotali
2555 3321 2748 3377 ordine
2775 3321 3060 3392 perfruens
3091 3337 3364 3395 quamque
3411 3321 3650 3379 militare
3697 3325 3812 3380 olli-

2201 3409 2340 3464 cium
2385 3415 2597 3475 tenens,
2645 3410 2816 3480 ipsius
2873 3410 3132 3466 Ecclesiae
3187 3411 3522 3466 Pictavensis
3575 3413 3808 3485 aliquam

2201 3497 2494 3552 ecclesiam
2523 3497 2813 3570 aliquodve
2861 3499 3250 3554 monasterium
3309 3499 3396 3555 vel
3443 3501 3663 3572 praedia
3709 3503 3808 3574 ipsi

2199 3601 2420 3658 quoquo
2451 3587 2612 3642 modo
2641 3587 2966 3657 pertinentia
2985 3587 3244 3643 invadere
3257 3599 3572 3659 przesumat,
3597 3591 3810 3646 ullosve

2201 3674 2425 3730 colonos
2457 3691 2645 3731 servos
2675 3675 2972 3731 ancillasve
3008 3685 3194 3731 contra
3226 3677 3308 3731 sui
3359 3677 3612 3749 episcopi
3673 3679 3810 3734 velle

2199 3763 2391 3819 tollere
2421 3763 2620 3819 audeat
2654 3780 2665 3818 :
2701 3765 2800 3819 sed
2829 3765 2988 3820 liceat
3037 3765 3206 3836 ipsius
3242 3765 3511 3822 Ecclesiae
3551 3767 3808 3824 Hecfrido

2199 3851 2452 3908 videlicet
2481 3853 2761 3923 episcOpo,
2797 3853 3018 3925 suisque
3049 3855 3484 3920 successoribus,
3537 3857 3632 3912 illa
3687 3873 3808 3929 qua!

2197 3941 2280 3995 sui
2313 3949 2693 3996 antecessores
2725 3942 2968 4014 legitimo
3001 3943 3220 3998 tramite
3246 3945 3532 4000 canonica:
3568 3945 3808 4001 auctori-

2197 4029 2318 4082 tatis
2345 4029 2673 4094 habuerunt,
2708 4031 2808 4084 sub
2855 4039 3036 4085 nostra
3085 4031 3310 4087 tuitione
3349 4033 3576 4100 habere,
3641 4043 3694 4089 et
3753 4043 3806 4088 ut

2197 4117 2562 4188 possederunt
2591 4117 2894 4187 possidere,
2949 4126 3089 4173 etut
3128 4120 3516 4174 ordinaverunt
3561 4137 3664 4177 suo
3711 4139 3804 4176 ar-

2197 4195 2360 4260 bitrio
2417 4206 2692 4272 ordinare,
2751 4221 2874 4262 cum
2921 4208 3174 4263 consulto
3223 4225 3611 4282 consensuque
3691 4227 3807 4266 suae

2197 4293 2462 4349 Ecclesia:
2503 4295 2912 4363 canonicorum,
2977 4303 3032 4349 ut
3093 4297 3270 4366 prisca
3323 4299 3668 4354 consuetudo
3725 4299 3808 4354 di-

2199 4383 2498 4454 gnoscitur,
2542 4383 2660 4438 sine
2705 4393 2888 4439 vestro
2945 4393 3360 4456 vestrorumque
3407 4387 3702 4443 obstaculo
3753 4395 3804 4443 et

495 4483 686 4529 noster
707 4473 1012 4545 Sigebodus
1041 4473 1232 4544 prima:
1261 4473 1407 4529 sedis
1455 4474 1824 4528 Narbonensis
1871 4475 2090 4544 episco-
2121 4465 2170 4524 Ι)
2193 4471 2436 4526 omnium
2465 4473 2726 4526 hactenus
2784 4473 2910 4527 talia
2953 4473 3421 4543 praesumentium.
3485 4476 3638 4530 Inter
3687 4478 3806 4532 haec

495 4579 618 4634 pus,
650 4579 774 4618 cum
803 4563 916 4618 suis
953 4559 1310 4634 suﬁ’mganeis
1337 4563 1625 4633 episcopis,
1672 4571 1721 4616 et
1767 4563 1958 4618 detulit
2001 4579 2100 4618 no-

495 4651 580 4706 bis
637 4651 838 4706 librum
897 4651 1144 4706 Gothicae
1173 4650 1336 4723 legis,
1371 4651 1460 4704 ubi
1492 4651 1626 4705 nihil
1681 4651 1983 4705 habebatur
2029 4651 2098 4706 de

498 4739 815 4812 sacrilegiis,
877 4747 930 4794 et
959 4739 1012 4793 in
1043 4739 1250 4795 eisdem
1281 4739 1498 4810 legibus
1527 4739 1790 4810 scriptum
1845 4747 1980 4806 erat,
2040 4747 2099 4793 ut

501 4843 676 4884 causzr
707 4845 844 4900 quas
873 4828 979 4883 illa:
1007 4829 1158 4899 leges
1199 4843 1306 4883 non
1337 4829 1557 4892 habent,
1591 4843 1702 4882 non
1723 4828 2041 4882 audirentur
2067 4845 2098 4883 a

493 4915 767 4986 iudicibus
789 4915 932 4971 illius
963 4917 1166 4987 patriae;
1199 4925 1360 4988 atque
1391 4917 1460 4971 ita
1487 4921 1575 4985 jus
1605 4925 1806 4972 sanctae
1835 4917 2099 4973 Ecclesia:

500 5002 868 5060 sulfocabatur
883 5005 950 5059 ab
981 5005 1174 5062 incolis
1203 5005 1398 5061 Galliae
1419 5011 1470 5060 et
1488 5005 1758 5076 Hispania:
1779 5005 2092 5076 provinciis.

499 5094 656 5151 Unde
711 5101 896 5149 nostra
941 5095 1228 5159 serenitas,
1280 5111 1402 5150 cum
1433 5095 1766 5165 praescriptis
1800 5093 2095 5166 episcopis,

495 5183 757 5255 inspectis
805 5183 1018 5256 legibus
1071 5183 1349 5250 Romanis,
1391 5183 1482 5237 ubi
1535 5183 1838 5238 habebatur
1875 5184 1944 5239 de
2003 5199 2096 5239 sa-

497 5273 757 5344 crilegiis,
827 5271 1130 5328 invenimus
1185 5271 1258 5325 ibi
1308 5287 1339 5325 a
1393 5273 1695 5326 Justiniano
1767 5272 2098 5344 imperatore

495 5359 676 5432 legem
708 5357 1118 5432 compositionis
1148 5359 1416 5431 sacrilegii
1447 5360 1791 5415 constitutam
1847 5361 1902 5414 in
1936 5361 2097 5432 quin-

497 5463 601 5518 que
659 5449 828 5503 libras
875 5449 988 5503 auri
1041 5448 1253 5519 optimi.
1305 5449 1408 5503 Sed
1459 5465 1557 5503 nos
1615 5449 1879 5504 leniorem
1920 5451 2098 5522 legem

499 5537 844 5609 praecipimus
875 5553 996 5592 esse
1023 5539 1332 5600 tenendam,
1368 5553 1490 5608 qua:
1511 5553 1542 5592 a
1561 5537 1758 5592 Carolo
1788 5549 1868 5592 est
1898 5537 2098 5594 consti-

2199 4559 2448 4616 volumus
2477 4575 2718 4631 quasque
2747 4575 2942 4616 causas
2969 4561 3234 4632 praedicto
3265 4562 3526 4618 Hecfrido
3543 4566 3806 4636 episcopo

2198 4647 2326 4704 inde
2362 4657 2542 4704 motas
2589 4646 2644 4702 in
2705 4657 2890 4704 nostra
2945 4651 3238 4720 praesentia
3294 4651 3679 4709 adducendas.
3748 4654 3804 4708 Si

2199 4738 2320 4809 quis
2353 4753 2480 4793 vero
2539 4739 2903 4804 sacerdotum,
2957 4739 3206 4808 judicum
3255 4747 3418 4812 atque
3477 4743 3804 4797 secularium

2197 4841 2573 4897 personarum,
2651 4827 2792 4882 hanc
2849 4827 3249 4883 constitutionis
3295 4835 3498 4884 nostrae
3549 4831 3804 4902 paginam

2197 4929 2525 4986 agnoscens,
2585 4923 2777 4971 contra
2809 4931 2928 4971 eam
2975 4917 3162 4972 venire
3187 4919 3500 4987 tentaverit,
3537 4927 3804 4989 potestate

2199 5005 2419 5060 honoris
2464 5005 2546 5058 sui
2585 5019 2648 5059 ac
2695 5005 2954 5076 dignitate
2995 5021 3288 5076 percussus
3333 5008 3638 5076 apostolico
3675 5025 3802 5062 ana-

2200 5093 2436 5148 themate
2475 5102 2676 5160 careat,
2711 5107 3054 5164 reumquese
3083 5094 3266 5149 divino
3315 5095 3522 5164 judicio
3569 5097 3802 5152 existere

2197 5181 2266 5236 de
2295 5189 2599 5252 perpetrata
2629 5182 2908 5252 iniquitate
2966 5190 3286 5253 cognoscat.
3321 5184 3386 5237 Et
3447 5185 3560 5239 nisi
3589 5185 3676 5238 vel
3733 5199 3798 5239 ea

2198 5285 2324 5340 quae
2374 5271 2440 5323 ab
2491 5269 2586 5324 illo
2657 5279 2780 5324 sunt
2837 5271 2979 5325 male
3049 5271 3226 5325 ablata
3296 5272 3640 5332 restituerit.
3709 5272 3796 5326 vel

2197 5365 2526 5428 praesumpta
2553 5358 2868 5426 correxerit,
2905 5359 2986 5413 vel
3017 5359 3184 5430 digna
3241 5360 3562 5430 paenitentia
3611 5361 3798 5415 illicita

2197 5451 2316 5501 acta
2347 5447 2644 5510 delleverit,
2679 5461 2712 5500 a
2741 5447 3108 5502 sacratissimo
3165 5461 3398 5518 corpore
3433 5449 3528 5503 Dei
3581 5449 3796 5503 Domini

2197 5549 2262 5590 ac
2323 5535 2698 5607 Redemptoris
2754 5536 2928 5590 nostri
2993 5537 3120 5590 Jesu
3171 5536 3370 5592 Christi
3429 5537 3636 5594 alienus
3683 5537 3794 5592 ﬁat.
