  <div class='ocr_page' id='page_1' title='image "/cluster/home/n/w/nwhite01/storage/ocr_20150623/126/hvd.32044052819513/404.png"; bbox 0 0 4072 6186; ppageno 0'>
   <div class='ocr_carea' id='block_1_1' title="bbox 286 311 397 365">
    <p class='ocr_par' dir='ltr' id='par_1_1' title="bbox 286 311 397 365">
     <span class='ocr_line' id='line_1_1' title="bbox 286 311 397 365; baseline 0.009 -1"><span class='ocrx_word' id='word_1_1' title='bbox 286 311 397 365; x_wconf 77' lang='lat'>797</span> 
     </span>
    </p>
   </div>
   <div class='ocr_carea' id='block_1_2' title="bbox 1570 268 2459 369">
    <p class='ocr_par' dir='ltr' id='par_1_2' title="bbox 1570 268 2459 369">
     <span class='ocr_line' id='line_1_2' title="bbox 1570 268 2459 369; baseline 0.004 -4"><span class='ocrx_word' id='word_1_2' title='bbox 1570 304 1924 366; x_wconf 61' lang='lat' dir='ltr'>nrtsrona</span> <span class='ocrx_word' id='word_1_3' title='bbox 1979 309 2071 365; x_wconf 77' lang='lat' dir='ltr'>nr</span> <span class='ocrx_word' id='word_1_4' title='bbox 2109 268 2459 369; x_wconf 72' lang='lat' dir='ltr'>nscaim.</span> 
     </span>
    </p>
   </div>
   <div class='ocr_carea' id='block_1_3' title="bbox 3487 317 3590 369">
    <p class='ocr_par' dir='ltr' id='par_1_3' title="bbox 3487 317 3590 369">
     <span class='ocr_line' id='line_1_3' title="bbox 3487 317 3590 369; baseline -0.019 0"><span class='ocrx_word' id='word_1_5' title='bbox 3487 317 3590 369; x_wconf 79' lang='lat'><strong>798</strong></span> 
     </span>
    </p>
   </div>
   <div class='ocr_carea' id='block_1_4' title="bbox 287 432 3589 511">
    <p class='ocr_par' dir='ltr' id='par_1_4' title="bbox 287 432 3589 511">
     <span class='ocr_line' id='line_1_4' title="bbox 287 432 3589 511; baseline 0.001 -22"><span class='ocrx_word' id='word_1_6' title='bbox 287 433 511 490; x_wconf 88' lang='lat' dir='ltr'>Cunctis</span> <span class='ocrx_word' id='word_1_7' title='bbox 558 440 739 489; x_wconf 86' lang='lat' dir='ltr'>autem</span> <span class='ocrx_word' id='word_1_8' title='bbox 782 434 960 488; x_wconf 89' lang='lat' dir='ltr'>eidem</span> <span class='ocrx_word' id='word_1_9' title='bbox 1003 432 1243 505; x_wconf 69' lang='lat' dir='ltr'>praefatae</span> <span class='ocrx_word' id='word_1_10' title='bbox 1290 433 1549 491; x_wconf 77' lang='lat' dir='ltr'>Ecclesiae</span> <span class='ocrx_word' id='word_1_11' title='bbox 1587 434 1713 505; x_wconf 90' lang='lat' dir='ltr'>jura</span> <span class='ocrx_word' id='word_1_12' title='bbox 1762 449 1884 489; x_wconf 91' lang='lat' dir='ltr'>ser-</span> <span class='ocrx_word' id='word_1_13' title='bbox 1914 437 1970 496; x_wconf 84' lang='lat' dir='ltr'><strong>A</strong></span> <span class='ocrx_word' id='word_1_14' title='bbox 1992 435 2292 491; x_wconf 89' lang='lat' dir='ltr'>secundum</span> <span class='ocrx_word' id='word_1_15' title='bbox 2320 436 2567 511; x_wconf 84' lang='lat' dir='ltr'>regulam</span> <span class='ocrx_word' id='word_1_16' title='bbox 2596 436 2771 493; x_wconf 82' lang='lat' dir='ltr'>Patris</span> <span class='ocrx_word' id='word_1_17' title='bbox 2792 438 3086 506; x_wconf 74' lang='lat' dir='ltr'>Benedicti,</span> <span class='ocrx_word' id='word_1_18' title='bbox 3111 453 3141 492; x_wconf 92' lang='lat' dir='ltr'>a</span> <span class='ocrx_word' id='word_1_19' title='bbox 3161 437 3395 510; x_wconf 85' lang='lat' dir='ltr'>propriis</span> <span class='ocrx_word' id='word_1_20' title='bbox 3425 438 3589 494; x_wconf 88' lang='lat' dir='ltr'>abba-</span> 
     </span>
    </p>
   </div>
   <div class='ocr_carea' id='block_1_5' title="bbox 288 521 1890 594">
    <p class='ocr_par' dir='ltr' id='par_1_5' title="bbox 288 521 1890 594">
     <span class='ocr_line' id='line_1_5' title="bbox 288 521 1890 594; baseline 0.001 -17"><span class='ocrx_word' id='word_1_21' title='bbox 288 521 546 577; x_wconf 87' lang='lat' dir='ltr'>vantibus</span> <span class='ocrx_word' id='word_1_22' title='bbox 570 521 639 576; x_wconf 88' lang='lat' dir='ltr'>sit</span> <span class='ocrx_word' id='word_1_23' title='bbox 668 538 771 593; x_wconf 88' lang='lat' dir='ltr'>pax</span> <span class='ocrx_word' id='word_1_24' title='bbox 802 521 1017 578; x_wconf 88' lang='lat' dir='ltr'>Domini</span> <span class='ocrx_word' id='word_1_25' title='bbox 1059 522 1231 578; x_wconf 76' lang='lat' dir='ltr'>nostri</span> <span class='ocrx_word' id='word_1_26' title='bbox 1267 522 1397 577; x_wconf 90' lang='lat' dir='ltr'>Jesu</span> <span class='ocrx_word' id='word_1_27' title='bbox 1442 522 1661 589; x_wconf 76' lang='lat' dir='ltr'>Christi,</span> <span class='ocrx_word' id='word_1_28' title='bbox 1696 529 1890 594; x_wconf 87' lang='lat' dir='ltr'>quate-</span> 
     </span>
    </p>
   </div>
   <div class='ocr_carea' id='block_1_6' title="bbox 288 610 1894 683">
    <p class='ocr_par' dir='ltr' id='par_1_6' title="bbox 288 610 1894 683">
     <span class='ocr_line' id='line_1_6' title="bbox 288 610 1894 683; baseline 0.001 -18"><span class='ocrx_word' id='word_1_29' title='bbox 288 625 395 665; x_wconf 86' lang='lat' dir='ltr'>nus</span> <span class='ocrx_word' id='word_1_30' title='bbox 426 618 478 666; x_wconf 89' lang='lat' dir='ltr'>et</span> <span class='ocrx_word' id='word_1_31' title='bbox 506 610 595 666; x_wconf 88' lang='lat' dir='ltr'>hic</span> <span class='ocrx_word' id='word_1_32' title='bbox 637 610 872 665; x_wconf 81' lang='lat' dir='ltr'>fructum</span> <span class='ocrx_word' id='word_1_33' title='bbox 917 610 1078 666; x_wconf 69' lang='lat' dir='ltr'>bona:</span> <span class='ocrx_word' id='word_1_34' title='bbox 1121 610 1455 683; x_wconf 78' lang='lat' dir='ltr'>operationis</span> <span class='ocrx_word' id='word_1_35' title='bbox 1502 611 1787 683; x_wconf 77' lang='lat' dir='ltr'>recipiant,</span> <span class='ocrx_word' id='word_1_36' title='bbox 1839 620 1894 667; x_wconf 90' lang='lat' dir='ltr'>et</span> 
     </span>
    </p>
   </div>
   <div class='ocr_carea' id='block_1_7' title="bbox 288 697 1895 771">
    <p class='ocr_par' dir='ltr' id='par_1_7' title="bbox 288 697 1895 771">
     <span class='ocr_line' id='line_1_7' title="bbox 288 697 1895 771; baseline 0.002 -19"><span class='ocrx_word' id='word_1_37' title='bbox 288 697 436 769; x_wconf 89' lang='lat' dir='ltr'>apud</span> <span class='ocrx_word' id='word_1_38' title='bbox 466 712 734 753; x_wconf 89' lang='lat' dir='ltr'>summum</span> <span class='ocrx_word' id='word_1_39' title='bbox 764 698 1045 754; x_wconf 80' lang='lat' dir='ltr'>Arbitrum</span> <span class='ocrx_word' id='word_1_40' title='bbox 1075 700 1296 771; x_wconf 59' lang='lat' dir='ltr'>pramia</span> <span class='ocrx_word' id='word_1_41' title='bbox 1318 708 1538 756; x_wconf 73' lang='lat' dir='ltr'>aeternas</span> <span class='ocrx_word' id='word_1_42' title='bbox 1566 699 1719 771; x_wconf 85' lang='lat' dir='ltr'>pacis</span> <span class='ocrx_word' id='word_1_43' title='bbox 1749 700 1895 755; x_wconf 79' lang='lat' dir='ltr'>inve-</span> 
     </span>
    </p>
   </div>
   <div class='ocr_carea' id='block_1_8' title="bbox 286 785 1889 859">
    <p class='ocr_par' dir='ltr' id='par_1_8' title="bbox 286 785 1889 859">
     <span class='ocr_line' id='line_1_8' title="bbox 286 785 1889 859; baseline 0.001 -19"><span class='ocrx_word' id='word_1_44' title='bbox 286 785 458 840; x_wconf 89' lang='lat' dir='ltr'>niant.</span> <span class='ocrx_word' id='word_1_45' title='bbox 510 787 646 842; x_wconf 88' lang='lat' dir='ltr'>Data</span> <span class='ocrx_word' id='word_1_46' title='bbox 674 801 736 842; x_wconf 83' lang='grc' dir='ltr'>ιιι</span> <span class='ocrx_word' id='word_1_47' title='bbox 764 786 1039 843; x_wconf 74' lang='lat' dir='ltr'>Kalendas</span> <span class='ocrx_word' id='word_1_48' title='bbox 1089 788 1421 859; x_wconf 88' lang='lat' dir='ltr'>Septembris</span> <span class='ocrx_word' id='word_1_49' title='bbox 1470 788 1763 845; x_wconf 86' lang='lat' dir='ltr'>indictione</span> <span class='ocrx_word' id='word_1_50' title='bbox 1809 803 1889 853; x_wconf 84' lang='lat' dir='ltr'>xt,</span> 
     </span>
    </p>
   </div>
   <div class='ocr_carea' id='block_1_9' title="bbox 288 875 503 930">
    <p class='ocr_par' dir='ltr' id='par_1_9' title="bbox 288 875 503 930">
     <span class='ocr_line' id='line_1_9' title="bbox 288 875 503 930; baseline 0.005 -1"><span class='ocrx_word' id='word_1_51' title='bbox 288 875 503 930; x_wconf 85' lang='lat' dir='ltr'>Trecis.</span> 
     </span>
    </p>
   </div>
   <div class='ocr_carea' id='block_1_10' title="bbox 1015 964 1169 1020">
    <p class='ocr_par' dir='ltr' id='par_1_10' title="bbox 1015 964 1169 1020">
     <span class='ocr_line' id='line_1_10' title="bbox 1015 964 1169 1020; baseline -0.006 0"><span class='ocrx_word' id='word_1_52' title='bbox 1015 964 1169 1020; x_wconf 88' lang='lat' dir='ltr'>CLII.</span> 
     </span>
    </p>
   </div>
   <div class='ocr_carea' id='block_1_11' title="bbox 452 1066 1726 1109">
    <p class='ocr_par' dir='ltr' id='par_1_11' title="bbox 452 1066 1726 1109">
     <span class='ocr_line' id='line_1_11' title="bbox 452 1066 1726 1109; baseline 0.001 -3"><span class='ocrx_word' id='word_1_53' title='bbox 452 1066 523 1106; x_wconf 78' lang='lat' dir='ltr'>AD</span> <span class='ocrx_word' id='word_1_54' title='bbox 562 1066 859 1108; x_wconf 72' lang='lat' dir='ltr'>EPISCOPOS</span> <span class='ocrx_word' id='word_1_55' title='bbox 897 1066 1002 1107; x_wconf 71' lang='lat' dir='ltr'><strong>PER</strong></span> <span class='ocrx_word' id='word_1_56' title='bbox 1041 1067 1281 1109; x_wconf 65' lang='grc' dir='ltr'>ϐΑιιιΑκ</span> <span class='ocrx_word' id='word_1_57' title='bbox 1331 1068 1726 1108; x_wconf 74' lang='lat' dir='ltr'>CONSTITUTOS.</span> 
     </span>
    </p>
   </div>
   <div class='ocr_carea' id='block_1_12' title="bbox 909 1142 1280 1215">
    <p class='ocr_par' dir='ltr' id='par_1_12' title="bbox 909 1142 1280 1215">
     <span class='ocr_line' id='line_1_12' title="bbox 909 1142 1280 1215; baseline 0 -19"><span class='ocrx_word' id='word_1_58' title='bbox 909 1143 1091 1212; x_wconf 86' lang='lat' dir='ltr'>(Anno</span> <span class='ocrx_word' id='word_1_59' title='bbox 1131 1142 1280 1215; x_wconf 78' lang='lat'>8’78.)</span> 
     </span>
    </p>
   </div>
   <div class='ocr_carea' id='block_1_13' title="bbox 324 1229 1859 1299">
    <p class='ocr_par' dir='ltr' id='par_1_13' title="bbox 324 1229 1859 1299">
     <span class='ocr_line' id='line_1_13' title="bbox 324 1229 1859 1299; baseline 0.001 -15"><span class='ocrx_word' id='word_1_60' title='bbox 324 1229 695 1299; x_wconf 81' lang='lat' dir='ltr'>Privilegium</span> <span class='ocrx_word' id='word_1_61' title='bbox 749 1232 1094 1287; x_wconf 73' lang='lat' dir='ltr'>monasterio</span> <span class='ocrx_word' id='word_1_62' title='bbox 1143 1232 1489 1287; x_wconf 76' lang='lat' dir='ltr'>Floriacensi</span> <span class='ocrx_word' id='word_1_63' title='bbox 1526 1230 1859 1288; x_wconf 77' lang='lat' dir='ltr'>conceditur</span> 
     </span>
    </p>
   </div>
   <div class='ocr_carea' id='block_1_14' title="bbox 792 1318 1392 1391">
    <p class='ocr_par' dir='ltr' id='par_1_14' title="bbox 792 1318 1392 1391">
     <span class='ocr_line' id='line_1_14' title="bbox 792 1318 1392 1391; baseline 0 -18"><span class='ocrx_word' id='word_1_64' title='bbox 792 1318 999 1391; x_wconf 78' lang='lat' dir='ltr'>synodo</span> <span class='ocrx_word' id='word_1_65' title='bbox 1051 1320 1392 1375; x_wconf 76' lang='lat' dir='ltr'>Tricassina.</span> 
     </span>
    </p>
   </div>
   <div class='ocr_carea' id='block_1_15' title="bbox 358 1406 1892 1478">
    <p class='ocr_par' dir='ltr' id='par_1_15' title="bbox 358 1406 1892 1478">
     <span class='ocr_line' id='line_1_15' title="bbox 358 1406 1892 1478; baseline 0 -17"><span class='ocrx_word' id='word_1_66' title='bbox 358 1407 618 1461; x_wconf 65' lang='lat' dir='ltr'>Jomsns</span> <span class='ocrx_word' id='word_1_67' title='bbox 665 1406 975 1478; x_wconf 84' lang='lat' dir='ltr'>episcOpus,</span> <span class='ocrx_word' id='word_1_68' title='bbox 1009 1423 1201 1462; x_wconf 78' lang='lat' dir='ltr'>servus</span> <span class='ocrx_word' id='word_1_69' title='bbox 1250 1423 1531 1463; x_wconf 89' lang='lat' dir='ltr'>servorum</span> <span class='ocrx_word' id='word_1_70' title='bbox 1562 1407 1679 1472; x_wconf 88' lang='lat' dir='ltr'>Dei,</span> <span class='ocrx_word' id='word_1_71' title='bbox 1713 1407 1892 1462; x_wconf 91' lang='lat' dir='ltr'>omni-</span> 
     </span>
    </p>
   </div>
   <div class='ocr_carea' id='block_1_16' title="bbox 285 1494 1892 1567">
    <p class='ocr_par' dir='ltr' id='par_1_16' title="bbox 285 1494 1892 1567">
     <span class='ocr_line' id='line_1_16' title="bbox 285 1494 1892 1567; baseline 0 -18"><span class='ocrx_word' id='word_1_72' title='bbox 285 1495 389 1550; x_wconf 89' lang='lat' dir='ltr'>bus</span> <span class='ocrx_word' id='word_1_73' title='bbox 420 1495 693 1567; x_wconf 90' lang='lat' dir='ltr'>episcopis</span> <span class='ocrx_word' id='word_1_74' title='bbox 721 1502 884 1567; x_wconf 86' lang='lat' dir='ltr'>atque</span> <span class='ocrx_word' id='word_1_75' title='bbox 936 1495 1058 1550; x_wconf 89' lang='lat' dir='ltr'>aliis</span> <span class='ocrx_word' id='word_1_76' title='bbox 1102 1496 1201 1551; x_wconf 89' lang='lat' dir='ltr'>Dei</span> <span class='ocrx_word' id='word_1_77' title='bbox 1251 1494 1501 1552; x_wconf 88' lang='lat' dir='ltr'>ﬁdelibus</span> <span class='ocrx_word' id='word_1_78' title='bbox 1528 1512 1629 1567; x_wconf 91' lang='lat' dir='ltr'>per</span> <span class='ocrx_word' id='word_1_79' title='bbox 1659 1495 1892 1552; x_wconf 85' lang='lat' dir='ltr'>Galliam</span> 
     </span>
    </p>
   </div>
   <div class='ocr_carea' id='block_1_17' title="bbox 287 1581 620 1638">
    <p class='ocr_par' dir='ltr' id='par_1_17' title="bbox 287 1581 620 1638">
     <span class='ocr_line' id='line_1_17' title="bbox 287 1581 620 1638; baseline 0 0"><span class='ocrx_word' id='word_1_80' title='bbox 287 1581 620 1638; x_wconf 84' lang='lat' dir='ltr'>constitutis.</span> 
     </span>
    </p>
   </div>
   <div class='ocr_carea' id='block_1_18' title="bbox 359 1669 1894 1745">
    <p class='ocr_par' dir='ltr' id='par_1_18' title="bbox 359 1669 1894 1745">
     <span class='ocr_line' id='line_1_18' title="bbox 359 1669 1894 1745; baseline 0 -19"><span class='ocrx_word' id='word_1_81' title='bbox 359 1669 633 1740; x_wconf 85' lang='lat' dir='ltr'>Quoniam</span> <span class='ocrx_word' id='word_1_82' title='bbox 680 1671 979 1743; x_wconf 90' lang='lat' dir='ltr'>apostolica</span> <span class='ocrx_word' id='word_1_83' title='bbox 1027 1672 1373 1728; x_wconf 87' lang='lat' dir='ltr'>successione</span> <span class='ocrx_word' id='word_1_84' title='bbox 1418 1672 1483 1744; x_wconf 68' lang='grc' dir='ltr'>[Γ.</span> <span class='ocrx_word' id='word_1_85' title='bbox 1518 1671 1894 1745; x_wconf 80' lang='lat' dir='ltr'>suggestione]</span> 
     </span>
    </p>
   </div>
   <div class='ocr_carea' id='block_1_19' title="bbox 1994 522 3595 600">
    <p class='ocr_par' dir='ltr' id='par_1_19' title="bbox 1994 522 3595 600">
     <span class='ocr_line' id='line_1_19' title="bbox 1994 522 3595 600; baseline 0.003 -22"><span class='ocrx_word' id='word_1_86' title='bbox 1994 522 2159 589; x_wconf 85' lang='lat' dir='ltr'>tibus,</span> <span class='ocrx_word' id='word_1_87' title='bbox 2197 525 2479 580; x_wconf 85' lang='lat' dir='ltr'>monachis</span> <span class='ocrx_word' id='word_1_88' title='bbox 2518 525 2769 584; x_wconf 87' lang='lat' dir='ltr'>videlicet</span> <span class='ocrx_word' id='word_1_89' title='bbox 2808 543 2873 583; x_wconf 89' lang='lat' dir='ltr'>ex</span> <span class='ocrx_word' id='word_1_90' title='bbox 2916 526 3109 583; x_wconf 89' lang='lat' dir='ltr'>eodem</span> <span class='ocrx_word' id='word_1_91' title='bbox 3146 526 3397 583; x_wconf 85' lang='lat' dir='ltr'>coenobio</span> <span class='ocrx_word' id='word_1_92' title='bbox 3435 543 3595 600; x_wconf 88' lang='lat' dir='ltr'>regu-</span> 
     </span>
    </p>
   </div>
   <div class='ocr_carea' id='block_1_20' title="bbox 1994 611 3591 689">
    <p class='ocr_par' dir='ltr' id='par_1_20' title="bbox 1994 611 3591 689">
     <span class='ocr_line' id='line_1_20' title="bbox 1994 611 3591 689; baseline 0.003 -22"><span class='ocrx_word' id='word_1_93' title='bbox 1994 611 2184 668; x_wconf 91' lang='lat' dir='ltr'>lariter</span> <span class='ocrx_word' id='word_1_94' title='bbox 2221 612 2443 681; x_wconf 88' lang='lat' dir='ltr'>electis,</span> <span class='ocrx_word' id='word_1_95' title='bbox 2484 615 2539 669; x_wconf 93' lang='lat' dir='ltr'>in</span> <span class='ocrx_word' id='word_1_96' title='bbox 2577 624 2902 687; x_wconf 90' lang='lat' dir='ltr'>perpetuum</span> <span class='ocrx_word' id='word_1_97' title='bbox 2932 617 3287 689; x_wconf 85' lang='lat' dir='ltr'>gubernetur.</span> <span class='ocrx_word' id='word_1_98' title='bbox 3328 616 3444 672; x_wconf 92' lang='lat' dir='ltr'>Nec</span> <span class='ocrx_word' id='word_1_99' title='bbox 3481 613 3591 671; x_wconf 90' lang='lat' dir='ltr'>illa-</span> 
     </span>
    </p>
   </div>
   <div class='ocr_carea' id='block_1_21' title="bbox 1995 703 3594 776">
    <p class='ocr_par' dir='ltr' id='par_1_21' title="bbox 1995 703 3594 776">
     <span class='ocr_line' id='line_1_21' title="bbox 1995 703 3594 776; baseline 0.002 -21"><span class='ocrx_word' id='word_1_100' title='bbox 1995 716 2114 755; x_wconf 90' lang='lat' dir='ltr'>rum</span> <span class='ocrx_word' id='word_1_101' title='bbox 2143 718 2322 756; x_wconf 90' lang='lat' dir='ltr'>rerum</span> <span class='ocrx_word' id='word_1_102' title='bbox 2352 719 2474 775; x_wconf 72' lang='lat' dir='ltr'>qua:</span> <span class='ocrx_word' id='word_1_103' title='bbox 2496 703 2639 759; x_wconf 89' lang='lat' dir='ltr'>velin</span> <span class='ocrx_word' id='word_1_104' title='bbox 2664 704 2945 775; x_wconf 71' lang='lat' dir='ltr'>praelibato</span> <span class='ocrx_word' id='word_1_105' title='bbox 2973 713 3246 776; x_wconf 61' lang='lat' dir='ltr'>praecepto</span> <span class='ocrx_word' id='word_1_106' title='bbox 3277 703 3594 760; x_wconf 86' lang='lat' dir='ltr'>nominatim</span> 
     </span>
    </p>
   </div>
   <div class='ocr_carea' id='block_1_22' title="bbox 1995 789 3599 864">
    <p class='ocr_par' dir='ltr' id='par_1_22' title="bbox 1995 789 3599 864">
     <span class='ocr_line' id='line_1_22' title="bbox 1995 789 3599 864; baseline 0.002 -19"><span class='ocrx_word' id='word_1_107' title='bbox 1995 789 2334 845; x_wconf 83' lang='lat' dir='ltr'>continentur</span> <span class='ocrx_word' id='word_1_108' title='bbox 2379 792 2525 847; x_wconf 87' lang='lat' dir='ltr'>vela</span> <span class='ocrx_word' id='word_1_109' title='bbox 2562 792 2821 864; x_wconf 65' lang='lat' dir='ltr'>praedicto</span> <span class='ocrx_word' id='word_1_110' title='bbox 2869 793 3061 848; x_wconf 86' lang='lat' dir='ltr'>abbate</span> <span class='ocrx_word' id='word_1_111' title='bbox 3110 792 3404 849; x_wconf 86' lang='lat' dir='ltr'>venerabili</span> <span class='ocrx_word' id='word_1_112' title='bbox 3453 807 3599 849; x_wconf 88' lang='lat' dir='ltr'>nunc</span> 
     </span>
    </p>
   </div>
   <div class='ocr_carea' id='block_1_23' title="bbox 1995 877 3599 953">
    <p class='ocr_par' dir='ltr' id='par_1_23' title="bbox 1995 877 3599 953">
     <span class='ocr_line' id='line_1_23' title="bbox 1995 877 3599 953; baseline 0.002 -21"><span class='ocrx_word' id='word_1_113' title='bbox 1995 877 2239 946; x_wconf 88' lang='lat' dir='ltr'>ejusdem</span> <span class='ocrx_word' id='word_1_114' title='bbox 2275 878 2382 935; x_wconf 90' lang='lat' dir='ltr'>loci</span> <span class='ocrx_word' id='word_1_115' title='bbox 2422 880 2749 937; x_wconf 88' lang='lat' dir='ltr'>Theotberto</span> <span class='ocrx_word' id='word_1_116' title='bbox 2796 880 3009 953; x_wconf 75' lang='lat' dir='ltr'>praefati</span> <span class='ocrx_word' id='word_1_117' title='bbox 3052 880 3365 936; x_wconf 88' lang='lat' dir='ltr'>monasterii</span> <span class='ocrx_word' id='word_1_118' title='bbox 3408 879 3599 937; x_wconf 75' lang='lat' dir='ltr'>ofﬁciis</span> 
     </span>
    </p>
   </div>
   <div class='ocr_carea' id='block_1_24' title="bbox 1995 964 3597 1042">
    <p class='ocr_par' dir='ltr' id='par_1_24' title="bbox 1995 964 3597 1042">
     <span class='ocr_line' id='line_1_24' title="bbox 1995 964 3597 1042; baseline 0.004 -23"><span class='ocrx_word' id='word_1_119' title='bbox 1995 964 2264 1036; x_wconf 69' lang='lat' dir='ltr'>deputatas</span> <span class='ocrx_word' id='word_1_120' title='bbox 2293 967 2580 1039; x_wconf 88' lang='lat' dir='ltr'>habentur,</span> <span class='ocrx_word' id='word_1_121' title='bbox 2613 969 2778 1024; x_wconf 88' lang='lat' dir='ltr'>ullam</span> <span class='ocrx_word' id='word_1_122' title='bbox 2809 970 2878 1024; x_wconf 91' lang='lat' dir='ltr'>ab</span> <span class='ocrx_word' id='word_1_123' title='bbox 2907 969 3088 1042; x_wconf 91' lang='lat' dir='ltr'>aliquo</span> <span class='ocrx_word' id='word_1_124' title='bbox 3117 984 3359 1041; x_wconf 86' lang='lat' dir='ltr'>unquam</span> <span class='ocrx_word' id='word_1_125' title='bbox 3387 967 3597 1041; x_wconf 85' lang='lat' dir='ltr'>patian-</span> 
     </span>
    </p>
   </div>
   <div class='ocr_carea' id='block_1_25' title="bbox 1994 1054 3600 1130">
    <p class='ocr_par' dir='ltr' id='par_1_25' title="bbox 1994 1054 3600 1130">
     <span class='ocr_line' id='line_1_25' title="bbox 1994 1054 3600 1130; baseline 0.003 -23"><span class='ocrx_word' id='word_1_126' title='bbox 1994 1061 2081 1108; x_wconf 92' lang='lat' dir='ltr'>tur</span> <span class='ocrx_word' id='word_1_127' title='bbox 2096 1054 2546 1123; x_wconf 91' lang='lat' dir='ltr'>immunitionem,</span> <span class='ocrx_word' id='word_1_128' title='bbox 2571 1065 2622 1112; x_wconf 92' lang='lat' dir='ltr'>et</span> <span class='ocrx_word' id='word_1_129' title='bbox 2643 1058 2805 1113; x_wconf 90' lang='lat' dir='ltr'>etiam</span> <span class='ocrx_word' id='word_1_130' title='bbox 2827 1058 2993 1115; x_wconf 88' lang='lat' dir='ltr'>rebus</span> <span class='ocrx_word' id='word_1_131' title='bbox 3014 1075 3134 1130; x_wconf 66' lang='lat' dir='ltr'>quae</span> <span class='ocrx_word' id='word_1_132' title='bbox 3150 1058 3410 1129; x_wconf 88' lang='lat' dir='ltr'>deinceps</span> <span class='ocrx_word' id='word_1_133' title='bbox 3432 1073 3465 1113; x_wconf 92' lang='lat' dir='ltr'>a</span> <span class='ocrx_word' id='word_1_134' title='bbox 3484 1057 3600 1129; x_wconf 88' lang='lat' dir='ltr'>qui-</span> 
     </span>
    </p>
   </div>
   <div class='ocr_carea' id='block_1_26' title="bbox 1995 1137 3599 1213">
    <p class='ocr_par' dir='ltr' id='par_1_26' title="bbox 1995 1137 3599 1213">
     <span class='ocr_line' id='line_1_26' title="bbox 1995 1137 3599 1213; baseline 0.002 -22"><span class='ocrx_word' id='word_1_135' title='bbox 1995 1137 2230 1193; x_wconf 90' lang='lat' dir='ltr'>buslibet</span> <span class='ocrx_word' id='word_1_136' title='bbox 2259 1138 2532 1212; x_wconf 77' lang='lat' dir='ltr'>religiosis</span> <span class='ocrx_word' id='word_1_137' title='bbox 2561 1141 2872 1196; x_wconf 91' lang='lat' dir='ltr'>hominibus</span> <span class='ocrx_word' id='word_1_138' title='bbox 2892 1142 3081 1197; x_wconf 90' lang='lat' dir='ltr'>eodem</span> <span class='ocrx_word' id='word_1_139' title='bbox 3103 1141 3226 1198; x_wconf 92' lang='lat' dir='ltr'>loco</span> <span class='ocrx_word' id='word_1_140' title='bbox 3247 1141 3599 1213; x_wconf 82' lang='lat' dir='ltr'>pervenerint</span> 
     </span>
    </p>
   </div>
   <div class='ocr_carea' id='block_1_27' title="bbox 1996 1226 3598 1303">
    <p class='ocr_par' dir='ltr' id='par_1_27' title="bbox 1996 1226 3598 1303">
     <span class='ocr_line' id='line_1_27' title="bbox 1996 1226 3598 1303; baseline 0.001 -20"><span class='ocrx_word' id='word_1_141' title='bbox 1996 1226 2336 1283; x_wconf 68' lang='lat' dir='ltr'>condonataa.</span> <span class='ocrx_word' id='word_1_142' title='bbox 2381 1227 2535 1298; x_wconf 89' lang='lat' dir='ltr'>Quod</span> <span class='ocrx_word' id='word_1_143' title='bbox 2576 1229 2621 1283; x_wconf 90' lang='lat' dir='ltr'>si</span> <span class='ocrx_word' id='word_1_144' title='bbox 2660 1230 2781 1303; x_wconf 89' lang='lat' dir='ltr'>quis</span> <span class='ocrx_word' id='word_1_145' title='bbox 2820 1230 2924 1286; x_wconf 86' lang='lat' dir='ltr'>hoc</span> <span class='ocrx_word' id='word_1_146' title='bbox 2971 1237 3218 1285; x_wconf 91' lang='lat' dir='ltr'>nostrum</span> <span class='ocrx_word' id='word_1_147' title='bbox 3272 1228 3598 1286; x_wconf 89' lang='lat' dir='ltr'>beneﬁcium</span> 
     </span>
    </p>
   </div>
   <div class='ocr_carea' id='block_1_28' title="bbox 1994 1314 3595 1390">
    <p class='ocr_par' dir='ltr' id='par_1_28' title="bbox 1994 1314 3595 1390">
     <span class='ocr_line' id='line_1_28' title="bbox 1994 1314 3595 1390; baseline 0.002 -22"><span class='ocrx_word' id='word_1_148' title='bbox 1994 1314 2297 1387; x_wconf 87' lang='lat' dir='ltr'>irrumpere</span> <span class='ocrx_word' id='word_1_149' title='bbox 2326 1318 2759 1389; x_wconf 70' lang='lat' dir='ltr'>praesumpserit,</span> <span class='ocrx_word' id='word_1_150' title='bbox 2793 1326 2844 1374; x_wconf 92' lang='lat' dir='ltr'>et</span> <span class='ocrx_word' id='word_1_151' title='bbox 2874 1318 3144 1390; x_wconf 91' lang='lat' dir='ltr'>stipendia</span> <span class='ocrx_word' id='word_1_152' title='bbox 3186 1335 3467 1375; x_wconf 88' lang='lat' dir='ltr'>servorum</span> <span class='ocrx_word' id='word_1_153' title='bbox 3497 1317 3595 1373; x_wconf 88' lang='lat' dir='ltr'>Dei</span> 
     </span>
    </p>
   </div>
   <div class='ocr_carea' id='block_1_29' title="bbox 1994 1403 3596 1479">
    <p class='ocr_par' dir='ltr' id='par_1_29' title="bbox 1994 1403 3596 1479">
     <span class='ocr_line' id='line_1_29' title="bbox 1994 1403 3596 1479; baseline 0.002 -22"><span class='ocrx_word' id='word_1_154' title='bbox 1994 1403 2048 1457; x_wconf 91' lang='lat' dir='ltr'>in</span> <span class='ocrx_word' id='word_1_155' title='bbox 2077 1403 2212 1459; x_wconf 90' lang='lat' dir='ltr'>alios</span> <span class='ocrx_word' id='word_1_156' title='bbox 2241 1422 2374 1460; x_wconf 90' lang='lat' dir='ltr'>usus</span> <span class='ocrx_word' id='word_1_157' title='bbox 2400 1406 2747 1473; x_wconf 88' lang='lat' dir='ltr'>converterit,</span> <span class='ocrx_word' id='word_1_158' title='bbox 2781 1406 2851 1462; x_wconf 91' lang='lat' dir='ltr'>ab</span> <span class='ocrx_word' id='word_1_159' title='bbox 2882 1407 3185 1479; x_wconf 91' lang='lat' dir='ltr'>apostolica</span> <span class='ocrx_word' id='word_1_160' title='bbox 3214 1406 3596 1463; x_wconf 87' lang='lat' dir='ltr'>communione</span> 
     </span>
    </p>
   </div>
   <div class='ocr_carea' id='block_1_30' title="bbox 1995 1493 3596 1567">
    <p class='ocr_par' dir='ltr' id='par_1_30' title="bbox 1995 1493 3596 1567">
     <span class='ocr_line' id='line_1_30' title="bbox 1995 1493 3596 1567; baseline 0.002 -21"><span class='ocrx_word' id='word_1_161' title='bbox 1995 1493 2356 1549; x_wconf 88' lang='lat' dir='ltr'>anathematis</span> <span class='ocrx_word' id='word_1_162' title='bbox 2412 1494 2883 1551; x_wconf 81' lang='lat' dir='ltr'>animadversione</span> <span class='ocrx_word' id='word_1_163' title='bbox 2939 1494 3089 1551; x_wconf 92' lang='lat' dir='ltr'>illum</span> <span class='ocrx_word' id='word_1_164' title='bbox 3148 1511 3494 1567; x_wconf 86' lang='lat' dir='ltr'>separamus,</span> <span class='ocrx_word' id='word_1_165' title='bbox 3541 1504 3596 1551; x_wconf 90' lang='lat' dir='ltr'>ut</span> 
     </span>
    </p>
   </div>
   <div class='ocr_carea' id='block_1_31' title="bbox 1994 1580 3600 1657">
    <p class='ocr_par' dir='ltr' id='par_1_31' title="bbox 1994 1580 3600 1657">
     <span class='ocr_line' id='line_1_31' title="bbox 1994 1580 3600 1657; baseline 0.002 -22"><span class='ocrx_word' id='word_1_166' title='bbox 1994 1580 2098 1637; x_wconf 88' lang='lat' dir='ltr'>nisi</span> <span class='ocrx_word' id='word_1_167' title='bbox 2113 1581 2422 1638; x_wconf 89' lang='lat' dir='ltr'>admonitus</span> <span class='ocrx_word' id='word_1_168' title='bbox 2438 1599 2468 1639; x_wconf 89' lang='lat' dir='ltr'>e</span> <span class='ocrx_word' id='word_1_169' title='bbox 2486 1583 2716 1657; x_wconf 90' lang='lat' dir='ltr'>vestigio</span> <span class='ocrx_word' id='word_1_170' title='bbox 2738 1600 2798 1640; x_wconf 92' lang='lat' dir='ltr'>se</span> <span class='ocrx_word' id='word_1_171' title='bbox 2820 1584 3137 1653; x_wconf 83' lang='lat' dir='ltr'>correxerit,</span> <span class='ocrx_word' id='word_1_172' title='bbox 3164 1600 3288 1640; x_wconf 91' lang='lat' dir='ltr'>cum</span> <span class='ocrx_word' id='word_1_173' title='bbox 3318 1584 3600 1655; x_wconf 84' lang='lat' dir='ltr'>rapacibus</span> 
     </span>
    </p>
   </div>
   <div class='ocr_carea' id='block_1_32' title="bbox 1995 1671 3603 1745">
    <p class='ocr_par' dir='ltr' id='par_1_32' title="bbox 1995 1671 3603 1745">
     <span class='ocr_line' id='line_1_32' title="bbox 1995 1671 3603 1745; baseline 0.002 -21"><span class='ocrx_word' id='word_1_174' title='bbox 1995 1685 2028 1724; x_wconf 94' lang='lat' dir='ltr'>a</span> <span class='ocrx_word' id='word_1_175' title='bbox 2055 1685 2231 1743; x_wconf 89' lang='lat' dir='ltr'>regno</span> <span class='ocrx_word' id='word_1_176' title='bbox 2260 1671 2361 1725; x_wconf 91' lang='lat' dir='ltr'>Dei</span> <span class='ocrx_word' id='word_1_177' title='bbox 2392 1671 2663 1738; x_wconf 87' lang='lat' dir='ltr'>exclusus,</span> <span class='ocrx_word' id='word_1_178' title='bbox 2691 1690 2812 1745; x_wconf 70' lang='lat' dir='ltr'>quae</span> <span class='ocrx_word' id='word_1_179' title='bbox 2832 1681 3074 1729; x_wconf 87' lang='lat' dir='ltr'>meretur</span> <span class='ocrx_word' id='word_1_180' title='bbox 3093 1682 3364 1729; x_wconf 89' lang='lat' dir='ltr'>tormenta</span> <span class='ocrx_word' id='word_1_181' title='bbox 3391 1671 3603 1743; x_wconf 86' lang='lat' dir='ltr'>persol-</span> 
     </span>
    </p>
   </div>
   <div class='ocr_carea' id='block_1_33' title="bbox 284 1759 3602 1850">
    <p class='ocr_par' dir='ltr' id='par_1_33' title="bbox 284 1759 3602 1850">
     <span class='ocr_line' id='line_1_33' title="bbox 284 1759 3602 1850; baseline 0 -35"><span class='ocrx_word' id='word_1_182' title='bbox 284 1759 705 1816; x_wconf 74' lang='lat' dir='ltr'>sollicitudinem</span> <span class='ocrx_word' id='word_1_183' title='bbox 756 1760 1006 1815; x_wconf 89' lang='lat' dir='ltr'>omnibus</span> <span class='ocrx_word' id='word_1_184' title='bbox 1054 1760 1317 1817; x_wconf 88' lang='lat' dir='ltr'>Ecclesiis</span> <span class='ocrx_word' id='word_1_185' title='bbox 1364 1760 1628 1816; x_wconf 87' lang='lat' dir='ltr'>debemus</span> <span class='ocrx_word' id='word_1_186' title='bbox 1675 1761 1890 1833; x_wconf 89' lang='lat' dir='ltr'>impen-</span> <span class='ocrx_word' id='word_1_187' title='bbox 1926 1790 1979 1850; x_wconf 78' lang='grc' dir='ltr'>Β</span> <span class='ocrx_word' id='word_1_188' title='bbox 1998 1763 2106 1813; x_wconf 87' lang='lat' dir='ltr'>vat.</span> <span class='ocrx_word' id='word_1_189' title='bbox 2141 1759 2210 1815; x_wconf 90' lang='lat' dir='ltr'>Ut</span> <span class='ocrx_word' id='word_1_190' title='bbox 2239 1766 2420 1814; x_wconf 88' lang='lat' dir='ltr'>autem</span> <span class='ocrx_word' id='word_1_191' title='bbox 2438 1761 2541 1816; x_wconf 92' lang='lat' dir='ltr'>hoc</span> <span class='ocrx_word' id='word_1_192' title='bbox 2562 1760 2909 1833; x_wconf 86' lang='lat' dir='ltr'>privilegium</span> <span class='ocrx_word' id='word_1_193' title='bbox 2933 1770 3136 1817; x_wconf 87' lang='lat' dir='ltr'>certam</span> <span class='ocrx_word' id='word_1_194' title='bbox 3158 1762 3398 1818; x_wconf 87' lang='lat' dir='ltr'>obtineat</span> <span class='ocrx_word' id='word_1_195' title='bbox 3419 1760 3602 1827; x_wconf 88' lang='lat' dir='ltr'>ﬁdem,</span> 
     </span>
    </p>
   </div>
   <div class='ocr_carea' id='block_1_34' title="bbox 286 1848 1894 1922">
    <p class='ocr_par' dir='ltr' id='par_1_34' title="bbox 286 1848 1894 1922">
     <span class='ocr_line' id='line_1_34' title="bbox 286 1848 1894 1922; baseline 0.001 -20"><span class='ocrx_word' id='word_1_196' title='bbox 286 1848 440 1918; x_wconf 88' lang='lat' dir='ltr'>dere,</span> <span class='ocrx_word' id='word_1_197' title='bbox 472 1848 551 1904; x_wconf 89' lang='lat' dir='ltr'>sic</span> <span class='ocrx_word' id='word_1_198' title='bbox 581 1848 826 1919; x_wconf 89' lang='lat' dir='ltr'>cupimus</span> <span class='ocrx_word' id='word_1_199' title='bbox 855 1849 1103 1922; x_wconf 84' lang='lat' dir='ltr'>generali</span> <span class='ocrx_word' id='word_1_200' title='bbox 1147 1849 1432 1905; x_wconf 89' lang='lat' dir='ltr'>consulere</span> <span class='ocrx_word' id='word_1_201' title='bbox 1475 1849 1802 1917; x_wconf 88' lang='lat' dir='ltr'>necessitati,</span> <span class='ocrx_word' id='word_1_202' title='bbox 1837 1859 1894 1904; x_wconf 92' lang='lat' dir='ltr'>ut</span> 
     </span>
    </p>
   </div>
   <div class='ocr_carea' id='block_1_35' title="bbox 285 1936 1894 2011">
    <p class='ocr_par' dir='ltr' id='par_1_35' title="bbox 285 1936 1894 2011">
     <span class='ocr_line' id='line_1_35' title="bbox 285 1936 1894 2011; baseline 0.001 -20"><span class='ocrx_word' id='word_1_203' title='bbox 285 1936 452 1991; x_wconf 89' lang='lat' dir='ltr'>etiam</span> <span class='ocrx_word' id='word_1_204' title='bbox 483 1950 933 2008; x_wconf 86' lang='lat' dir='ltr'>quorumcunque</span> <span class='ocrx_word' id='word_1_205' title='bbox 964 1936 1271 2011; x_wconf 79' lang='lat' dir='ltr'>singulares</span> <span class='ocrx_word' id='word_1_206' title='bbox 1307 1952 1501 1993; x_wconf 88' lang='lat' dir='ltr'>causas</span> <span class='ocrx_word' id='word_1_207' title='bbox 1531 1937 1649 1993; x_wconf 89' lang='lat' dir='ltr'>sine</span> <span class='ocrx_word' id='word_1_208' title='bbox 1680 1936 1894 1992; x_wconf 82' lang='lat' dir='ltr'>fastidio</span> 
     </span>
    </p>
   </div>
   <div class='ocr_carea' id='block_1_36' title="bbox 286 2025 1896 2098">
    <p class='ocr_par' dir='ltr' id='par_1_36' title="bbox 286 2025 1896 2098">
     <span class='ocr_line' id='line_1_36' title="bbox 286 2025 1896 2098; baseline 0.001 -19"><span class='ocrx_word' id='word_1_209' title='bbox 286 2040 712 2098; x_wconf 88' lang='lat' dir='ltr'>cognoscamus.</span> <span class='ocrx_word' id='word_1_210' title='bbox 730 2025 901 2096; x_wconf 84' lang='lat' dir='ltr'>Igitur</span> <span class='ocrx_word' id='word_1_211' title='bbox 916 2041 1039 2082; x_wconf 89' lang='lat' dir='ltr'>cum</span> <span class='ocrx_word' id='word_1_212' title='bbox 1056 2034 1278 2097; x_wconf 89' lang='lat' dir='ltr'>pr0pter</span> <span class='ocrx_word' id='word_1_213' title='bbox 1295 2025 1618 2097; x_wconf 87' lang='lat' dir='ltr'>multiplices</span> <span class='ocrx_word' id='word_1_214' title='bbox 1634 2026 1896 2081; x_wconf 63' lang='lat' dir='ltr'>Ecclesiae</span> 
     </span>
    </p>
   </div>
   <div class='ocr_carea' id='block_1_37' title="bbox 283 2113 1895 2187">
    <p class='ocr_par' dir='ltr' id='par_1_37' title="bbox 283 2113 1895 2187">
     <span class='ocr_line' id='line_1_37' title="bbox 283 2113 1895 2187; baseline -0.001 -19"><span class='ocrx_word' id='word_1_215' title='bbox 283 2113 384 2169; x_wconf 87' lang='lat' dir='ltr'>Dei</span> <span class='ocrx_word' id='word_1_216' title='bbox 435 2127 597 2168; x_wconf 88' lang='lat' dir='ltr'>curas</span> <span class='ocrx_word' id='word_1_217' title='bbox 648 2113 986 2169; x_wconf 88' lang='lat' dir='ltr'>Gallicanam</span> <span class='ocrx_word' id='word_1_218' title='bbox 1031 2114 1293 2169; x_wconf 88' lang='lat' dir='ltr'>adeuntes</span> <span class='ocrx_word' id='word_1_219' title='bbox 1339 2114 1641 2187; x_wconf 82' lang='lat' dir='ltr'>regionem.</span> <span class='ocrx_word' id='word_1_220' title='bbox 1695 2114 1895 2170; x_wconf 90' lang='lat' dir='ltr'>Trecas</span> 
     </span>
    </p>
   </div>
   <div class='ocr_carea' id='block_1_38' title="bbox 282 2200 1893 2267">
    <p class='ocr_par' dir='ltr' id='par_1_38' title="bbox 282 2200 1893 2267">
     <span class='ocr_line' id='line_1_38' title="bbox 282 2200 1893 2267; baseline 0 -11"><span class='ocrx_word' id='word_1_221' title='bbox 282 2200 560 2257; x_wconf 87' lang='lat' dir='ltr'>civitatem</span> <span class='ocrx_word' id='word_1_222' title='bbox 587 2202 1019 2267; x_wconf 90' lang='lat' dir='ltr'>devenissemus,</span> <span class='ocrx_word' id='word_1_223' title='bbox 1042 2217 1185 2258; x_wconf 83' lang='lat' dir='ltr'>anno</span> <span class='ocrx_word' id='word_1_224' title='bbox 1224 2202 1613 2258; x_wconf 87' lang='lat' dir='ltr'>incarnationis</span> <span class='ocrx_word' id='word_1_225' title='bbox 1644 2202 1893 2257; x_wconf 86' lang='lat' dir='ltr'>Domini—</span> 
     </span>
    </p>
   </div>
   <div class='ocr_carea' id='block_1_39' title="bbox 284 2290 1896 2363">
    <p class='ocr_par' dir='ltr' id='par_1_39' title="bbox 284 2290 1896 2363">
     <span class='ocr_line' id='line_1_39' title="bbox 284 2290 1896 2363; baseline 0.001 -18"><span class='ocrx_word' id='word_1_226' title='bbox 284 2292 506 2355; x_wconf 56' lang='lat' dir='ltr'>c3878,</span> <span class='ocrx_word' id='word_1_227' title='bbox 522 2297 575 2344; x_wconf 90' lang='lat' dir='ltr'>et</span> <span class='ocrx_word' id='word_1_228' title='bbox 595 2290 662 2344; x_wconf 94' lang='lat' dir='ltr'>ad</span> <span class='ocrx_word' id='word_1_229' title='bbox 685 2291 985 2346; x_wconf 89' lang='lat' dir='ltr'>resecanda</span> <span class='ocrx_word' id='word_1_230' title='bbox 1002 2291 1256 2363; x_wconf 72' lang='lat' dir='ltr'>qumlibet</span> <span class='ocrx_word' id='word_1_231' title='bbox 1277 2291 1486 2346; x_wconf 86' lang='lat' dir='ltr'>inutilia</span> <span class='ocrx_word' id='word_1_232' title='bbox 1505 2290 1590 2347; x_wconf 91' lang='lat' dir='ltr'>vel</span> <span class='ocrx_word' id='word_1_233' title='bbox 1613 2291 1896 2346; x_wconf 90' lang='lat' dir='ltr'>statuenda</span> 
     </span>
    </p>
   </div>
   <div class='ocr_carea' id='block_1_40' title="bbox 286 2377 1896 2452">
    <p class='ocr_par' dir='ltr' id='par_1_40' title="bbox 286 2377 1896 2452">
     <span class='ocr_line' id='line_1_40' title="bbox 286 2377 1896 2452; baseline -0.001 -18"><span class='ocrx_word' id='word_1_234' title='bbox 286 2377 665 2434; x_wconf 89' lang='lat' dir='ltr'>ecclesiastica</span> <span class='ocrx_word' id='word_1_235' title='bbox 688 2379 830 2447; x_wconf 88' lang='lat' dir='ltr'>jura,</span> <span class='ocrx_word' id='word_1_236' title='bbox 868 2380 1138 2450; x_wconf 83' lang='lat' dir='ltr'>synodum</span> <span class='ocrx_word' id='word_1_237' title='bbox 1178 2379 1488 2452; x_wconf 89' lang='lat' dir='ltr'>generalem</span> <span class='ocrx_word' id='word_1_238' title='bbox 1536 2379 1896 2449; x_wconf 87' lang='lat' dir='ltr'>plurimorum</span> 
     </span>
    </p>
   </div>
   <div class='ocr_carea' id='block_1_41' title="bbox 285 2466 1897 2540">
    <p class='ocr_par' dir='ltr' id='par_1_41' title="bbox 285 2466 1897 2540">
     <span class='ocr_line' id='line_1_41' title="bbox 285 2466 1897 2540; baseline 0 -18"><span class='ocrx_word' id='word_1_239' title='bbox 285 2466 698 2522; x_wconf 89' lang='lat' dir='ltr'>celebraremus</span> <span class='ocrx_word' id='word_1_240' title='bbox 768 2466 1151 2539; x_wconf 91' lang='lat' dir='ltr'>episcoporum</span> <span class='ocrx_word' id='word_1_241' title='bbox 1175 2509 1188 2533; x_wconf 94' lang='lat'>,</span> <span class='ocrx_word' id='word_1_242' title='bbox 1248 2468 1391 2522; x_wconf 90' lang='lat' dir='ltr'>inter</span> <span class='ocrx_word' id='word_1_243' title='bbox 1445 2467 1551 2521; x_wconf 88' lang='lat' dir='ltr'>alia</span> <span class='ocrx_word' id='word_1_244' title='bbox 1619 2467 1897 2540; x_wconf 85' lang='lat' dir='ltr'>suggessit</span> 
     </span>
    </p>
   </div>
   <div class='ocr_carea' id='block_1_42' title="bbox 285 2554 1895 2626">
    <p class='ocr_par' dir='ltr' id='par_1_42' title="bbox 285 2554 1895 2626">
     <span class='ocr_line' id='line_1_42' title="bbox 285 2554 1895 2626; baseline 0.001 -15"><span class='ocrx_word' id='word_1_245' title='bbox 285 2554 597 2611; x_wconf 86' lang='lat' dir='ltr'>auctoritati</span> <span class='ocrx_word' id='word_1_246' title='bbox 640 2555 868 2610; x_wconf 66' lang='lat' dir='ltr'>&quot;nostra:</span> <span class='ocrx_word' id='word_1_247' title='bbox 941 2556 1271 2611; x_wconf 88' lang='lat' dir='ltr'>venerabilis</span> <span class='ocrx_word' id='word_1_248' title='bbox 1321 2556 1553 2626; x_wconf 88' lang='lat' dir='ltr'>partium</span> <span class='ocrx_word' id='word_1_249' title='bbox 1595 2566 1895 2612; x_wconf 84' lang='lat' dir='ltr'>vestrarum</span> 
     </span>
    </p>
   </div>
   <div class='ocr_carea' id='block_1_43' title="bbox 286 2643 1898 2717">
    <p class='ocr_par' dir='ltr' id='par_1_43' title="bbox 286 2643 1898 2717">
     <span class='ocr_line' id='line_1_43' title="bbox 286 2643 1898 2717; baseline 0.001 -21"><span class='ocrx_word' id='word_1_250' title='bbox 286 2643 483 2712; x_wconf 86' lang='lat' dir='ltr'>abbas,</span> <span class='ocrx_word' id='word_1_251' title='bbox 506 2643 725 2698; x_wconf 88' lang='lat' dir='ltr'>nomine</span> <span class='ocrx_word' id='word_1_252' title='bbox 745 2644 1126 2711; x_wconf 86' lang='lat' dir='ltr'>Theotbertus,</span> <span class='ocrx_word' id='word_1_253' title='bbox 1151 2660 1216 2699; x_wconf 82' lang='lat' dir='ltr'>ex</span> <span class='ocrx_word' id='word_1_254' title='bbox 1239 2645 1490 2701; x_wconf 74' lang='lat' dir='ltr'>cmnobio</span> <span class='ocrx_word' id='word_1_255' title='bbox 1507 2646 1651 2717; x_wconf 91' lang='lat' dir='ltr'>quod</span> <span class='ocrx_word' id='word_1_256' title='bbox 1675 2652 1898 2701; x_wconf 86' lang='lat' dir='ltr'>vocatur</span> 
     </span>
    </p>
   </div>
   <div class='ocr_carea' id='block_1_44' title="bbox 286 2730 1900 2805">
    <p class='ocr_par' dir='ltr' id='par_1_44' title="bbox 286 2730 1900 2805">
     <span class='ocr_line' id='line_1_44' title="bbox 286 2730 1900 2805; baseline 0.002 -19"><span class='ocrx_word' id='word_1_257' title='bbox 286 2730 570 2786; x_wconf 78' lang='lat' dir='ltr'>Floriacus</span> <span class='ocrx_word' id='word_1_258' title='bbox 588 2731 646 2785; x_wconf 90' lang='lat' dir='ltr'>in</span> <span class='ocrx_word' id='word_1_259' title='bbox 674 2746 821 2804; x_wconf 86' lang='lat' dir='ltr'>pago</span> <span class='ocrx_word' id='word_1_260' title='bbox 845 2732 1246 2801; x_wconf 85' lang='lat' dir='ltr'>Aurelianensi,</span> <span class='ocrx_word' id='word_1_261' title='bbox 1278 2733 1422 2805; x_wconf 89' lang='lat' dir='ltr'>quod</span> <span class='ocrx_word' id='word_1_262' title='bbox 1454 2733 1599 2788; x_wconf 88' lang='lat' dir='ltr'>idem</span> <span class='ocrx_word' id='word_1_263' title='bbox 1628 2741 1900 2789; x_wconf 88' lang='lat' dir='ltr'>monaste-</span> 
     </span>
    </p>
   </div>
   <div class='ocr_carea' id='block_1_45' title="bbox 283 2818 1892 2893">
    <p class='ocr_par' dir='ltr' id='par_1_45' title="bbox 283 2818 1892 2893">
     <span class='ocr_line' id='line_1_45' title="bbox 283 2818 1892 2893; baseline 0.001 -18"><span class='ocrx_word' id='word_1_264' title='bbox 283 2819 420 2875; x_wconf 89' lang='lat' dir='ltr'>rium</span> <span class='ocrx_word' id='word_1_265' title='bbox 453 2819 674 2892; x_wconf 90' lang='lat' dir='ltr'>quidam</span> <span class='ocrx_word' id='word_1_266' title='bbox 703 2820 995 2893; x_wconf 85' lang='lat' dir='ltr'>religiosus</span> <span class='ocrx_word' id='word_1_267' title='bbox 1026 2821 1219 2886; x_wconf 87' lang='lat' dir='ltr'>abbas,</span> <span class='ocrx_word' id='word_1_268' title='bbox 1252 2818 1613 2877; x_wconf 86' lang='lat' dir='ltr'>Leodebodus</span> <span class='ocrx_word' id='word_1_269' title='bbox 1653 2822 1892 2888; x_wconf 89' lang='lat' dir='ltr'>nomine,</span> 
     </span>
    </p>
   </div>
   <div class='ocr_carea' id='block_1_46' title="bbox 286 2908 1896 2985">
    <p class='ocr_par' dir='ltr' id='par_1_46' title="bbox 286 2908 1896 2985">
     <span class='ocr_line' id='line_1_46' title="bbox 286 2908 1896 2985; baseline 0.001 -23"><span class='ocrx_word' id='word_1_270' title='bbox 286 2909 590 2964; x_wconf 86' lang='lat' dir='ltr'>monachus</span> <span class='ocrx_word' id='word_1_271' title='bbox 619 2908 944 2965; x_wconf 84' lang='lat' dir='ltr'>exstruxerit</span> <span class='ocrx_word' id='word_1_272' title='bbox 972 2909 1027 2964; x_wconf 93' lang='lat' dir='ltr'>in</span> <span class='ocrx_word' id='word_1_273' title='bbox 1055 2910 1265 2965; x_wconf 87' lang='lat' dir='ltr'>honore</span> <span class='ocrx_word' id='word_1_274' title='bbox 1292 2910 1393 2965; x_wconf 90' lang='lat' dir='ltr'>Dei</span> <span class='ocrx_word' id='word_1_275' title='bbox 1424 2917 1475 2964; x_wconf 88' lang='lat' dir='ltr'>et</span> <span class='ocrx_word' id='word_1_276' title='bbox 1506 2919 1706 2967; x_wconf 59' lang='lat' dir='ltr'>sanctae</span> <span class='ocrx_word' id='word_1_277' title='bbox 1735 2910 1896 2985; x_wconf 86' lang='lat' dir='ltr'>geni-</span> 
     </span>
    </p>
   </div>
   <div class='ocr_carea' id='block_1_47' title="bbox 288 2996 1897 3070">
    <p class='ocr_par' dir='ltr' id='par_1_47' title="bbox 288 2996 1897 3070">
     <span class='ocr_line' id='line_1_47' title="bbox 288 2996 1897 3070; baseline 0.001 -19"><span class='ocrx_word' id='word_1_278' title='bbox 288 2997 438 3054; x_wconf 88' lang='lat' dir='ltr'>tricis</span> <span class='ocrx_word' id='word_1_279' title='bbox 476 2996 683 3064; x_wconf 62' lang='grc' dir='ltr'>Μαι-ἰεῦ,</span> <span class='ocrx_word' id='word_1_280' title='bbox 724 3013 826 3053; x_wconf 89' lang='lat' dir='ltr'>nec</span> <span class='ocrx_word' id='word_1_281' title='bbox 877 3013 986 3053; x_wconf 90' lang='lat' dir='ltr'>non</span> <span class='ocrx_word' id='word_1_282' title='bbox 1038 2997 1182 3053; x_wconf 87' lang='lat' dir='ltr'>beati</span> <span class='ocrx_word' id='word_1_283' title='bbox 1232 2998 1496 3070; x_wconf 89' lang='lat' dir='ltr'>principis</span> <span class='ocrx_word' id='word_1_284' title='bbox 1533 3000 1897 3070; x_wconf 78' lang='lat' dir='ltr'>apostolorum</span> 
     </span>
    </p>
   </div>
   <div class='ocr_carea' id='block_1_48' title="bbox 285 3085 1903 3158">
    <p class='ocr_par' dir='ltr' id='par_1_48' title="bbox 285 3085 1903 3158">
     <span class='ocr_line' id='line_1_48' title="bbox 285 3085 1903 3158; baseline 0.001 -17"><span class='ocrx_word' id='word_1_285' title='bbox 285 3086 433 3141; x_wconf 87' lang='lat' dir='ltr'>Petri</span> <span class='ocrx_word' id='word_1_286' title='bbox 467 3104 480 3139; x_wconf 92' lang='lat'>:</span> <span class='ocrx_word' id='word_1_287' title='bbox 516 3087 663 3158; x_wconf 92' lang='lat' dir='ltr'>quod</span> <span class='ocrx_word' id='word_1_288' title='bbox 704 3085 1036 3142; x_wconf 88' lang='lat' dir='ltr'>revelatione</span> <span class='ocrx_word' id='word_1_289' title='bbox 1079 3086 1262 3141; x_wconf 90' lang='lat' dir='ltr'>divina</span> <span class='ocrx_word' id='word_1_290' title='bbox 1290 3102 1391 3158; x_wconf 88' lang='lat' dir='ltr'>per</span> <span class='ocrx_word' id='word_1_291' title='bbox 1423 3088 1722 3143; x_wconf 86' lang='lat' dir='ltr'>monachos</span> <span class='ocrx_word' id='word_1_292' title='bbox 1765 3089 1903 3157; x_wconf 88' lang='lat' dir='ltr'>ejus-</span> 
     </span>
    </p>
   </div>
   <div class='ocr_carea' id='block_1_49' title="bbox 286 3168 1902 3246">
    <p class='ocr_par' dir='ltr' id='par_1_49' title="bbox 286 3168 1902 3246">
     <span class='ocr_line' id='line_1_49' title="bbox 286 3168 1902 3246; baseline 0.002 -17"><span class='ocrx_word' id='word_1_293' title='bbox 286 3174 412 3229; x_wconf 87' lang='lat' dir='ltr'>dem</span> <span class='ocrx_word' id='word_1_294' title='bbox 459 3174 568 3230; x_wconf 90' lang='lat' dir='ltr'>loci</span> <span class='ocrx_word' id='word_1_295' title='bbox 598 3168 1045 3231; x_wconf 54' lang='lat' dir='ltr'>a&#39;Beneventana</span> <span class='ocrx_word' id='word_1_296' title='bbox 1090 3174 1370 3245; x_wconf 86' lang='lat' dir='ltr'>provincia</span> <span class='ocrx_word' id='word_1_297' title='bbox 1418 3190 1617 3246; x_wconf 87' lang='lat' dir='ltr'>corpus</span> <span class='ocrx_word' id='word_1_298' title='bbox 1669 3175 1797 3231; x_wconf 91' lang='lat' dir='ltr'>illuc</span> <span class='ocrx_word' id='word_1_299' title='bbox 1845 3176 1902 3232; x_wconf 93' lang='lat' dir='ltr'>S.</span> 
     </span>
    </p>
   </div>
   <div class='ocr_carea' id='block_1_50' title="bbox 290 3261 1912 3334">
    <p class='ocr_par' dir='ltr' id='par_1_50' title="bbox 290 3261 1912 3334">
     <span class='ocr_line' id='line_1_50' title="bbox 290 3261 1912 3334; baseline 0 -17"><span class='ocrx_word' id='word_1_300' title='bbox 290 3262 569 3318; x_wconf 87' lang='lat' dir='ltr'>Benedicti</span> <span class='ocrx_word' id='word_1_301' title='bbox 597 3262 910 3333; x_wconf 82' lang='lat' dir='ltr'>pervenerit</span> <span class='ocrx_word' id='word_1_302' title='bbox 941 3261 1071 3318; x_wconf 87' lang='lat' dir='ltr'>olim</span> <span class='ocrx_word' id='word_1_303' title='bbox 1104 3262 1345 3331; x_wconf 89' lang='lat' dir='ltr'>allatum,</span> <span class='ocrx_word' id='word_1_304' title='bbox 1382 3263 1565 3334; x_wconf 87' lang='lat' dir='ltr'>ibique</span> <span class='ocrx_word' id='word_1_305' title='bbox 1595 3271 1912 3319; x_wconf 85' lang='lat' dir='ltr'>reverenter</span> 
     </span>
    </p>
   </div>
   <div class='ocr_carea' id='block_1_51' title="bbox 288 3349 1913 3416">
    <p class='ocr_par' dir='ltr' id='par_1_51' title="bbox 288 3349 1913 3416">
     <span class='ocr_line' id='line_1_51' title="bbox 288 3349 1913 3416; baseline -0.001 -10"><span class='ocrx_word' id='word_1_306' title='bbox 288 3352 592 3416; x_wconf 87' lang='lat' dir='ltr'>humatum,</span> <span class='ocrx_word' id='word_1_307' title='bbox 626 3350 765 3406; x_wconf 92' lang='lat' dir='ltr'>sicut</span> <span class='ocrx_word' id='word_1_308' title='bbox 814 3349 1261 3406; x_wconf 84' lang='lat' dir='ltr'>manifestissima</span> <span class='ocrx_word' id='word_1_309' title='bbox 1310 3358 1521 3406; x_wconf 88' lang='lat' dir='ltr'>constat</span> <span class='ocrx_word' id='word_1_310' title='bbox 1570 3349 1823 3416; x_wconf 89' lang='lat' dir='ltr'>veritate;</span> <span class='ocrx_word' id='word_1_311' title='bbox 1857 3360 1913 3407; x_wconf 91' lang='lat' dir='ltr'>et</span> 
     </span>
    </p>
   </div>
   <div class='ocr_carea' id='block_1_52' title="bbox 290 3439 1909 3512">
    <p class='ocr_par' dir='ltr' id='par_1_52' title="bbox 290 3439 1909 3512">
     <span class='ocr_line' id='line_1_52' title="bbox 290 3439 1909 3512; baseline -0.001 -17"><span class='ocrx_word' id='word_1_312' title='bbox 290 3441 438 3512; x_wconf 90' lang='lat' dir='ltr'>quod</span> <span class='ocrx_word' id='word_1_313' title='bbox 457 3448 684 3511; x_wconf 85' lang='lat' dir='ltr'>propter</span> <span class='ocrx_word' id='word_1_314' title='bbox 704 3439 1127 3495; x_wconf 87' lang='lat' dir='ltr'>stabilimentum</span> <span class='ocrx_word' id='word_1_315' title='bbox 1149 3439 1465 3495; x_wconf 72' lang='lat' dir='ltr'>monasticae</span> <span class='ocrx_word' id='word_1_316' title='bbox 1484 3439 1784 3510; x_wconf 86' lang='lat' dir='ltr'>religionis,</span> <span class='ocrx_word' id='word_1_317' title='bbox 1804 3439 1909 3511; x_wconf 64' lang='lat' dir='ltr'>piae</span> 
     </span>
    </p>
   </div>
   <div class='ocr_carea' id='block_1_53' title="bbox 289 3526 1908 3600">
    <p class='ocr_par' dir='ltr' id='par_1_53' title="bbox 289 3526 1908 3600">
     <span class='ocr_line' id='line_1_53' title="bbox 289 3526 1908 3600; baseline -0.002 -16"><span class='ocrx_word' id='word_1_318' title='bbox 289 3529 573 3585; x_wconf 68' lang='lat' dir='ltr'>memoriae</span> <span class='ocrx_word' id='word_1_319' title='bbox 610 3528 885 3600; x_wconf 88' lang='lat' dir='ltr'>gloriosus</span> <span class='ocrx_word' id='word_1_320' title='bbox 924 3528 1227 3599; x_wconf 88' lang='lat' dir='ltr'>imperator</span> <span class='ocrx_word' id='word_1_321' title='bbox 1284 3526 1510 3584; x_wconf 86' lang='lat' dir='ltr'>Carolus</span> <span class='ocrx_word' id='word_1_322' title='bbox 1567 3536 1908 3599; x_wconf 70' lang='lat' dir='ltr'>prmceptum</span> 
     </span>
    </p>
   </div>
   <div class='ocr_carea' id='block_1_54' title="bbox 289 3616 1911 3673">
    <p class='ocr_par' dir='ltr' id='par_1_54' title="bbox 289 3616 1911 3673">
     <span class='ocr_line' id='line_1_54' title="bbox 289 3616 1911 3673; baseline -0.001 0"><span class='ocrx_word' id='word_1_323' title='bbox 289 3634 402 3673; x_wconf 67' lang='lat' dir='ltr'>suae</span> <span class='ocrx_word' id='word_1_324' title='bbox 444 3617 786 3672; x_wconf 89' lang='lat' dir='ltr'>auctoritatis</span> <span class='ocrx_word' id='word_1_325' title='bbox 825 3617 1005 3673; x_wconf 90' lang='lat' dir='ltr'>eidem</span> <span class='ocrx_word' id='word_1_326' title='bbox 1043 3616 1167 3671; x_wconf 92' lang='lat' dir='ltr'>loco</span> <span class='ocrx_word' id='word_1_327' title='bbox 1207 3633 1299 3672; x_wconf 89' lang='lat' dir='ltr'>res</span> <span class='ocrx_word' id='word_1_328' title='bbox 1338 3616 1717 3672; x_wconf 87' lang='lat' dir='ltr'>denominatas</span> <span class='ocrx_word' id='word_1_329' title='bbox 1756 3616 1911 3672; x_wconf 89' lang='lat' dir='ltr'>dele—</span> 
     </span>
    </p>
   </div>
   <div class='ocr_carea' id='block_1_55' title="bbox 289 3704 1910 3779">
    <p class='ocr_par' dir='ltr' id='par_1_55' title="bbox 289 3704 1910 3779">
     <span class='ocr_line' id='line_1_55' title="bbox 289 3704 1910 3779; baseline -0.001 -18"><span class='ocrx_word' id='word_1_330' title='bbox 289 3706 519 3779; x_wconf 85' lang='lat' dir='ltr'>gaverit,</span> <span class='ocrx_word' id='word_1_331' title='bbox 563 3705 760 3776; x_wconf 89' lang='lat' dir='ltr'>partim</span> <span class='ocrx_word' id='word_1_332' title='bbox 802 3721 834 3760; x_wconf 93' lang='lat' dir='ltr'>a</span> <span class='ocrx_word' id='word_1_333' title='bbox 871 3704 1148 3776; x_wconf 78' lang='lat' dir='ltr'>religiosis</span> <span class='ocrx_word' id='word_1_334' title='bbox 1186 3705 1533 3774; x_wconf 88' lang='lat' dir='ltr'>hominibus,</span> <span class='ocrx_word' id='word_1_335' title='bbox 1573 3720 1674 3776; x_wconf 90' lang='lat' dir='ltr'>pro</span> <span class='ocrx_word' id='word_1_336' title='bbox 1717 3719 1910 3760; x_wconf 90' lang='lat' dir='ltr'>amore</span> 
     </span>
    </p>
   </div>
   <div class='ocr_carea' id='block_1_56' title="bbox 291 3793 1909 3865">
    <p class='ocr_par' dir='ltr' id='par_1_56' title="bbox 291 3793 1909 3865">
     <span class='ocr_line' id='line_1_56' title="bbox 291 3793 1909 3865; baseline -0.001 -16"><span class='ocrx_word' id='word_1_337' title='bbox 291 3795 391 3849; x_wconf 88' lang='lat' dir='ltr'>Dei</span> <span class='ocrx_word' id='word_1_338' title='bbox 432 3794 545 3850; x_wconf 92' lang='lat' dir='ltr'>illic</span> <span class='ocrx_word' id='word_1_339' title='bbox 584 3794 940 3859; x_wconf 89' lang='lat' dir='ltr'>contributas,</span> <span class='ocrx_word' id='word_1_340' title='bbox 982 3800 1040 3848; x_wconf 88' lang='lat' dir='ltr'>ut</span> <span class='ocrx_word' id='word_1_341' title='bbox 1077 3794 1282 3849; x_wconf 89' lang='lat' dir='ltr'>victum</span> <span class='ocrx_word' id='word_1_342' title='bbox 1319 3801 1480 3865; x_wconf 89' lang='lat' dir='ltr'>atque</span> <span class='ocrx_word' id='word_1_343' title='bbox 1511 3793 1767 3849; x_wconf 87' lang='lat' dir='ltr'>vestitum</span> <span class='ocrx_word' id='word_1_344' title='bbox 1799 3809 1909 3848; x_wconf 80' lang='grc' dir='ltr'>πιο-</span> 
     </span>
    </p>
   </div>
   <div class='ocr_carea' id='block_1_57' title="bbox 293 3881 1907 3938">
    <p class='ocr_par' dir='ltr' id='par_1_57' title="bbox 293 3881 1907 3938">
     <span class='ocr_line' id='line_1_57' title="bbox 293 3881 1907 3938; baseline -0.001 -2"><span class='ocrx_word' id='word_1_345' title='bbox 293 3883 453 3938; x_wconf 83' lang='lat' dir='ltr'>nachi</span> <span class='ocrx_word' id='word_1_346' title='bbox 493 3882 695 3937; x_wconf 85' lang='lat' dir='ltr'>ibidem</span> <span class='ocrx_word' id='word_1_347' title='bbox 737 3883 971 3937; x_wconf 91' lang='lat' dir='ltr'>Domino</span> <span class='ocrx_word' id='word_1_348' title='bbox 1009 3882 1303 3937; x_wconf 81' lang='lat' dir='ltr'>militantes</span> <span class='ocrx_word' id='word_1_349' title='bbox 1341 3882 1609 3937; x_wconf 87' lang='lat' dir='ltr'>deberent</span> <span class='ocrx_word' id='word_1_350' title='bbox 1645 3881 1848 3936; x_wconf 84' lang='lat' dir='ltr'>habere</span> <span class='ocrx_word' id='word_1_351' title='bbox 1894 3899 1907 3935; x_wconf 88' lang='lat'>:</span> 
     </span>
    </p>
   </div>
   <div class='ocr_carea' id='block_1_58' title="bbox 292 3969 1903 4042">
    <p class='ocr_par' dir='ltr' id='par_1_58' title="bbox 292 3969 1903 4042">
     <span class='ocr_line' id='line_1_58' title="bbox 292 3969 1903 4042; baseline -0.001 -17"><span class='ocrx_word' id='word_1_352' title='bbox 292 3986 393 4026; x_wconf 89' lang='lat' dir='ltr'>nec</span> <span class='ocrx_word' id='word_1_353' title='bbox 424 3986 535 4025; x_wconf 90' lang='lat' dir='ltr'>non</span> <span class='ocrx_word' id='word_1_354' title='bbox 565 3978 616 4024; x_wconf 89' lang='lat' dir='ltr'>et</span> <span class='ocrx_word' id='word_1_355' title='bbox 648 3972 751 4026; x_wconf 89' lang='lat' dir='ltr'>hoc</span> <span class='ocrx_word' id='word_1_356' title='bbox 783 3971 929 4042; x_wconf 88' lang='lat' dir='ltr'>quod</span> <span class='ocrx_word' id='word_1_357' title='bbox 961 3971 1138 4025; x_wconf 62' lang='lat' dir='ltr'>beatae</span> <span class='ocrx_word' id='word_1_358' title='bbox 1179 3969 1573 4026; x_wconf 88' lang='lat' dir='ltr'>recordationis</span> <span class='ocrx_word' id='word_1_359' title='bbox 1606 3978 1759 4041; x_wconf 86' lang='lat' dir='ltr'>pater</span> <span class='ocrx_word' id='word_1_360' title='bbox 1789 3970 1903 4038; x_wconf 90' lang='lat' dir='ltr'>ejus</span> 
     </span>
    </p>
   </div>
   <div class='ocr_carea' id='block_1_59' title="bbox 293 4058 1905 4131">
    <p class='ocr_par' dir='ltr' id='par_1_59' title="bbox 293 4058 1905 4131">
     <span class='ocr_line' id='line_1_59' title="bbox 293 4058 1905 4131; baseline -0.002 -17"><span class='ocrx_word' id='word_1_361' title='bbox 293 4058 679 4114; x_wconf 81' lang='lat' dir='ltr'>serenissimus</span> <span class='ocrx_word' id='word_1_362' title='bbox 695 4061 969 4131; x_wconf 79' lang='lat' dir='ltr'>Augustus</span> <span class='ocrx_word' id='word_1_363' title='bbox 990 4059 1045 4112; x_wconf 91' lang='lat' dir='ltr'>in</span> <span class='ocrx_word' id='word_1_364' title='bbox 1062 4058 1182 4129; x_wconf 90' lang='lat' dir='ltr'>ipso</span> <span class='ocrx_word' id='word_1_365' title='bbox 1198 4058 1320 4113; x_wconf 91' lang='lat' dir='ltr'>loco</span> <span class='ocrx_word' id='word_1_366' title='bbox 1338 4058 1606 4129; x_wconf 89' lang='lat' dir='ltr'>hospitale</span> <span class='ocrx_word' id='word_1_367' title='bbox 1623 4058 1905 4121; x_wconf 89' lang='lat' dir='ltr'>nobilium,</span> 
     </span>
    </p>
   </div>
   <div class='ocr_carea' id='block_1_60' title="bbox 292 4146 1904 4218">
    <p class='ocr_par' dir='ltr' id='par_1_60' title="bbox 292 4146 1904 4218">
     <span class='ocr_line' id='line_1_60' title="bbox 292 4146 1904 4218; baseline -0.001 -17"><span class='ocrx_word' id='word_1_368' title='bbox 292 4148 439 4218; x_wconf 90' lang='lat' dir='ltr'>quod</span> <span class='ocrx_word' id='word_1_369' title='bbox 468 4149 622 4202; x_wconf 86' lang='lat' dir='ltr'>Porta</span> <span class='ocrx_word' id='word_1_370' title='bbox 646 4146 971 4217; x_wconf 88' lang='lat' dir='ltr'>appellatur,</span> <span class='ocrx_word' id='word_1_371' title='bbox 992 4148 1147 4216; x_wconf 88' lang='lat' dir='ltr'>juxta</span> <span class='ocrx_word' id='word_1_372' title='bbox 1168 4147 1474 4218; x_wconf 87' lang='lat' dir='ltr'>regularem</span> <span class='ocrx_word' id='word_1_373' title='bbox 1498 4146 1904 4215; x_wconf 80' lang='lat' dir='ltr'>institutionem,</span> 
     </span>
    </p>
   </div>
   <div class='ocr_carea' id='block_1_61' title="bbox 292 4235 1909 4307">
    <p class='ocr_par' dir='ltr' id='par_1_61' title="bbox 292 4235 1909 4307">
     <span class='ocr_line' id='line_1_61' title="bbox 292 4235 1909 4307; baseline -0.001 -17"><span class='ocrx_word' id='word_1_374' title='bbox 292 4236 536 4307; x_wconf 88' lang='lat' dir='ltr'>itemque</span> <span class='ocrx_word' id='word_1_375' title='bbox 591 4235 858 4306; x_wconf 88' lang='lat' dir='ltr'>hospitale</span> <span class='ocrx_word' id='word_1_376' title='bbox 914 4251 1219 4306; x_wconf 88' lang='lat' dir='ltr'>pauperum</span> <span class='ocrx_word' id='word_1_377' title='bbox 1246 4279 1258 4299; x_wconf 93' lang='lat'>,</span> <span class='ocrx_word' id='word_1_378' title='bbox 1299 4235 1354 4288; x_wconf 88' lang='lat' dir='ltr'>in</span> <span class='ocrx_word' id='word_1_379' title='bbox 1395 4235 1477 4289; x_wconf 90' lang='lat' dir='ltr'>sui</span> <span class='ocrx_word' id='word_1_380' title='bbox 1515 4244 1909 4306; x_wconf 88' lang='lat' dir='ltr'>parentumque</span> 
     </span>
    </p>
   </div>
   <div class='ocr_carea' id='block_1_62' title="bbox 294 4323 1908 4396">
    <p class='ocr_par' dir='ltr' id='par_1_62' title="bbox 294 4323 1908 4396">
     <span class='ocr_line' id='line_1_62' title="bbox 294 4323 1908 4396; baseline -0.001 -17"><span class='ocrx_word' id='word_1_381' title='bbox 294 4340 517 4379; x_wconf 85' lang='lat' dir='ltr'>suorum</span> <span class='ocrx_word' id='word_1_382' title='bbox 540 4324 889 4396; x_wconf 82' lang='lat' dir='ltr'>eleemosyna</span> <span class='ocrx_word' id='word_1_383' title='bbox 911 4324 1180 4392; x_wconf 88' lang='lat' dir='ltr'>statuerit,</span> <span class='ocrx_word' id='word_1_384' title='bbox 1203 4332 1254 4378; x_wconf 91' lang='lat' dir='ltr'>et</span> <span class='ocrx_word' id='word_1_385' title='bbox 1273 4340 1362 4378; x_wconf 88' lang='lat' dir='ltr'>res</span> <span class='ocrx_word' id='word_1_386' title='bbox 1385 4323 1453 4378; x_wconf 90' lang='lat' dir='ltr'>ad</span> <span class='ocrx_word' id='word_1_387' title='bbox 1476 4324 1580 4379; x_wconf 89' lang='lat' dir='ltr'>hoc</span> <span class='ocrx_word' id='word_1_388' title='bbox 1602 4331 1908 4394; x_wconf 68' lang='lat' dir='ltr'>opportune</span> 
     </span>
    </p>
   </div>
   <div class='ocr_carea' id='block_1_63' title="bbox 295 4410 1899 4486">
    <p class='ocr_par' dir='ltr' id='par_1_63' title="bbox 295 4410 1899 4486">
     <span class='ocr_line' id='line_1_63' title="bbox 295 4410 1899 4486; baseline -0.002 -18"><span class='ocrx_word' id='word_1_389' title='bbox 295 4414 593 4486; x_wconf 84' lang='lat' dir='ltr'>agendum,</span> <span class='ocrx_word' id='word_1_390' title='bbox 627 4428 729 4468; x_wconf 86' lang='lat' dir='ltr'>nec</span> <span class='ocrx_word' id='word_1_391' title='bbox 758 4429 868 4468; x_wconf 89' lang='lat' dir='ltr'>non</span> <span class='ocrx_word' id='word_1_392' title='bbox 900 4412 1039 4467; x_wconf 85' lang='lat' dir='ltr'>alias</span> <span class='ocrx_word' id='word_1_393' title='bbox 1067 4411 1136 4466; x_wconf 91' lang='lat' dir='ltr'>ad</span> <span class='ocrx_word' id='word_1_394' title='bbox 1164 4412 1348 4467; x_wconf 90' lang='lat' dir='ltr'>lumen</span> <span class='ocrx_word' id='word_1_395' title='bbox 1379 4410 1642 4467; x_wconf 68' lang='lat' dir='ltr'>Ecclesia:</span> <span class='ocrx_word' id='word_1_396' title='bbox 1666 4411 1899 4465; x_wconf 85' lang='lat' dir='ltr'>admini-</span> 
     </span>
    </p>
   </div>
   <div class='ocr_carea' id='block_1_64' title="bbox 1999 1846 3602 1919">
    <p class='ocr_par' dir='ltr' id='par_1_64' title="bbox 1999 1846 3602 1919">
     <span class='ocr_line' id='line_1_64' title="bbox 1999 1846 3602 1919; baseline 0.002 -17"><span class='ocrx_word' id='word_1_397' title='bbox 1999 1854 2050 1902; x_wconf 90' lang='lat' dir='ltr'>et</span> <span class='ocrx_word' id='word_1_398' title='bbox 2080 1846 2179 1903; x_wconf 89' lang='lat' dir='ltr'>Dei</span> <span class='ocrx_word' id='word_1_399' title='bbox 2210 1846 2425 1902; x_wconf 81' lang='lat' dir='ltr'>famulis</span> <span class='ocrx_word' id='word_1_400' title='bbox 2445 1848 2501 1903; x_wconf 91' lang='lat' dir='ltr'>in</span> <span class='ocrx_word' id='word_1_401' title='bbox 2514 1850 2630 1919; x_wconf 89' lang='lat' dir='ltr'>jam</span> <span class='ocrx_word' id='word_1_402' title='bbox 2652 1849 2796 1905; x_wconf 90' lang='lat' dir='ltr'>dicto</span> <span class='ocrx_word' id='word_1_403' title='bbox 2818 1849 3145 1906; x_wconf 90' lang='lat' dir='ltr'>Floriacensi</span> <span class='ocrx_word' id='word_1_404' title='bbox 3168 1850 3418 1907; x_wconf 67' lang='lat' dir='ltr'>coenobio</span> <span class='ocrx_word' id='word_1_405' title='bbox 3441 1866 3602 1906; x_wconf 88' lang='lat' dir='ltr'>secu-</span> 
     </span>
    </p>
   </div>
   <div class='ocr_carea' id='block_1_65' title="bbox 1998 1936 3607 2010">
    <p class='ocr_par' dir='ltr' id='par_1_65' title="bbox 1998 1936 3607 2010">
     <span class='ocr_line' id='line_1_65' title="bbox 1998 1936 3607 2010; baseline 0.002 -21"><span class='ocrx_word' id='word_1_406' title='bbox 1998 1936 2207 1991; x_wconf 88' lang='lat' dir='ltr'>ritatem</span> <span class='ocrx_word' id='word_1_407' title='bbox 2228 1936 2494 2000; x_wconf 82' lang='lat' dir='ltr'>conferat,</span> <span class='ocrx_word' id='word_1_408' title='bbox 2514 1938 2755 2010; x_wconf 90' lang='lat' dir='ltr'>quandiu</span> <span class='ocrx_word' id='word_1_409' title='bbox 2776 1938 2924 1994; x_wconf 90' lang='lat' dir='ltr'>Deus</span> <span class='ocrx_word' id='word_1_410' title='bbox 2947 1946 2999 1994; x_wconf 93' lang='lat' dir='ltr'>et</span> <span class='ocrx_word' id='word_1_411' title='bbox 3018 1938 3282 1995; x_wconf 89' lang='lat' dir='ltr'>Dominus</span> <span class='ocrx_word' id='word_1_412' title='bbox 3303 1947 3490 1994; x_wconf 88' lang='lat' dir='ltr'>noster</span> <span class='ocrx_word' id='word_1_413' title='bbox 3510 1938 3607 1993; x_wconf 88' lang='lat' dir='ltr'>Ec-</span> 
     </span>
    </p>
   </div>
   <div class='ocr_carea' id='block_1_66' title="bbox 1996 2024 3604 2096">
    <p class='ocr_par' dir='ltr' id='par_1_66' title="bbox 1996 2024 3604 2096">
     <span class='ocr_line' id='line_1_66' title="bbox 1996 2024 3604 2096; baseline 0 -16"><span class='ocrx_word' id='word_1_414' title='bbox 1996 2024 2226 2080; x_wconf 90' lang='lat' dir='ltr'>clesiam</span> <span class='ocrx_word' id='word_1_415' title='bbox 2249 2041 2403 2080; x_wconf 88' lang='lat' dir='ltr'>suam</span> <span class='ocrx_word' id='word_1_416' title='bbox 2426 2026 2629 2082; x_wconf 87' lang='lat' dir='ltr'>durare</span> <span class='ocrx_word' id='word_1_417' title='bbox 2652 2025 2901 2093; x_wconf 90' lang='lat' dir='ltr'>voluerit,</span> <span class='ocrx_word' id='word_1_418' title='bbox 2925 2036 3107 2083; x_wconf 89' lang='lat' dir='ltr'>nostra</span> <span class='ocrx_word' id='word_1_419' title='bbox 3128 2026 3182 2081; x_wconf 92' lang='lat' dir='ltr'>id</span> <span class='ocrx_word' id='word_1_420' title='bbox 3205 2025 3604 2096; x_wconf 87' lang='lat' dir='ltr'>subscriptione</span> 
     </span>
    </p>
   </div>
   <div class='ocr_carea' id='block_1_67' title="bbox 1996 2112 3606 2187">
    <p class='ocr_par' dir='ltr' id='par_1_67' title="bbox 1996 2112 3606 2187">
     <span class='ocr_line' id='line_1_67' title="bbox 1996 2112 3606 2187; baseline 0.002 -21"><span class='ocrx_word' id='word_1_421' title='bbox 1996 2112 2402 2168; x_wconf 88' lang='lat' dir='ltr'>roboravimus.</span> <span class='ocrx_word' id='word_1_422' title='bbox 2429 2114 2699 2186; x_wconf 88' lang='lat' dir='ltr'>Scriptum</span> <span class='ocrx_word' id='word_1_423' title='bbox 2729 2131 2830 2186; x_wconf 92' lang='lat' dir='ltr'>per</span> <span class='ocrx_word' id='word_1_424' title='bbox 2859 2131 3053 2169; x_wconf 89' lang='lat' dir='ltr'>manus</span> <span class='ocrx_word' id='word_1_425' title='bbox 3084 2114 3307 2187; x_wconf 88' lang='lat' dir='ltr'>Georgii</span> <span class='ocrx_word' id='word_1_426' title='bbox 3339 2112 3606 2169; x_wconf 89' lang='lat' dir='ltr'>scriniarii</span> 
     </span>
    </p>
   </div>
   <div class='ocr_carea' id='block_1_68' title="bbox 1998 2201 3605 2275">
    <p class='ocr_par' dir='ltr' id='par_1_68' title="bbox 1998 2201 3605 2275">
     <span class='ocr_line' id='line_1_68' title="bbox 1998 2201 3605 2275; baseline 0.001 -19"><span class='ocrx_word' id='word_1_427' title='bbox 1998 2209 2200 2257; x_wconf 76' lang='lat' dir='ltr'>sanctae</span> <span class='ocrx_word' id='word_1_428' title='bbox 2221 2202 2368 2257; x_wconf 91' lang='lat' dir='ltr'>sedis</span> <span class='ocrx_word' id='word_1_429' title='bbox 2386 2203 2716 2275; x_wconf 67' lang='lat' dir='ltr'>apostolicae,</span> <span class='ocrx_word' id='word_1_430' title='bbox 2740 2204 2794 2257; x_wconf 91' lang='lat' dir='ltr'>in</span> <span class='ocrx_word' id='word_1_431' title='bbox 2816 2220 3005 2260; x_wconf 88' lang='lat' dir='ltr'>mense</span> <span class='ocrx_word' id='word_1_432' title='bbox 3028 2205 3293 2274; x_wconf 80' lang='lat' dir='ltr'>Augusto,</span> <span class='ocrx_word' id='word_1_433' title='bbox 3314 2201 3605 2257; x_wconf 87' lang='lat' dir='ltr'>indictione</span> 
     </span>
    </p>
   </div>
   <div class='ocr_carea' id='block_1_69' title="bbox 1998 2291 3605 2363">
    <p class='ocr_par' dir='ltr' id='par_1_69' title="bbox 1998 2291 3605 2363">
     <span class='ocr_line' id='line_1_69' title="bbox 1998 2291 3605 2363; baseline 0 -19"><span class='ocrx_word' id='word_1_434' title='bbox 1998 2304 2076 2344; x_wconf 67' lang='grc' dir='ltr'>ιι.</span> <span class='ocrx_word' id='word_1_435' title='bbox 2111 2291 2256 2347; x_wconf 90' lang='lat' dir='ltr'>Bene</span> <span class='ocrx_word' id='word_1_436' title='bbox 2288 2291 2485 2347; x_wconf 89' lang='lat' dir='ltr'>valete.</span> <span class='ocrx_word' id='word_1_437' title='bbox 2522 2293 2660 2346; x_wconf 87' lang='lat' dir='ltr'>Data</span> <span class='ocrx_word' id='word_1_438' title='bbox 2688 2292 2863 2347; x_wconf 88' lang='lat' dir='ltr'>Nonis</span> <span class='ocrx_word' id='word_1_439' title='bbox 2895 2291 3230 2363; x_wconf 89' lang='lat' dir='ltr'>Septembris</span> <span class='ocrx_word' id='word_1_440' title='bbox 3260 2307 3361 2363; x_wconf 90' lang='lat' dir='ltr'>per</span> <span class='ocrx_word' id='word_1_441' title='bbox 3388 2304 3605 2345; x_wconf 89' lang='lat' dir='ltr'>manum</span> 
     </span>
    </p>
   </div>
   <div class='ocr_carea' id='block_1_70' title="bbox 1996 2377 3607 2452">
    <p class='ocr_par' dir='ltr' id='par_1_70' title="bbox 1996 2377 3607 2452">
     <span class='ocr_line' id='line_1_70' title="bbox 1996 2377 3607 2452; baseline 0 -20"><span class='ocrx_word' id='word_1_442' title='bbox 1996 2377 2270 2433; x_wconf 90' lang='lat' dir='ltr'>Walberti</span> <span class='ocrx_word' id='word_1_443' title='bbox 2300 2379 2587 2434; x_wconf 90' lang='lat' dir='ltr'>humillimi</span> <span class='ocrx_word' id='word_1_444' title='bbox 2620 2380 2863 2452; x_wconf 88' lang='lat' dir='ltr'>episcopi</span> <span class='ocrx_word' id='word_1_445' title='bbox 2895 2388 3099 2436; x_wconf 73' lang='lat' dir='ltr'>sanctae</span> <span class='ocrx_word' id='word_1_446' title='bbox 3148 2379 3463 2436; x_wconf 90' lang='lat' dir='ltr'>Portuensis</span> <span class='ocrx_word' id='word_1_447' title='bbox 3496 2379 3607 2433; x_wconf 89' lang='lat' dir='ltr'>Ec-</span> 
     </span>
    </p>
   </div>
   <div class='ocr_carea' id='block_1_71' title="bbox 1998 2465 3606 2541">
    <p class='ocr_par' dir='ltr' id='par_1_71' title="bbox 1998 2465 3606 2541">
     <span class='ocr_line' id='line_1_71' title="bbox 1998 2465 3606 2541; baseline -0.001 -19"><span class='ocrx_word' id='word_1_448' title='bbox 1998 2465 2199 2534; x_wconf 65' lang='lat' dir='ltr'>clesiae,</span> <span class='ocrx_word' id='word_1_449' title='bbox 2234 2483 2379 2524; x_wconf 90' lang='lat' dir='ltr'>anno</span> <span class='ocrx_word' id='word_1_450' title='bbox 2409 2469 2525 2524; x_wconf 92' lang='lat' dir='ltr'>Deo</span> <span class='ocrx_word' id='word_1_451' title='bbox 2552 2469 2784 2540; x_wconf 90' lang='lat' dir='ltr'>propitio</span> <span class='ocrx_word' id='word_1_452' title='bbox 2815 2466 3158 2541; x_wconf 83' lang='lat' dir='ltr'>pontiﬁcatus</span> <span class='ocrx_word' id='word_1_453' title='bbox 3202 2467 3408 2524; x_wconf 90' lang='lat' dir='ltr'>domini</span> <span class='ocrx_word' id='word_1_454' title='bbox 3438 2468 3606 2523; x_wconf 90' lang='lat' dir='ltr'>nostri</span> 
     </span>
    </p>
   </div>
   <div class='ocr_carea' id='block_1_72' title="bbox 1995 2554 3606 2629">
    <p class='ocr_par' dir='ltr' id='par_1_72' title="bbox 1995 2554 3606 2629">
     <span class='ocr_line' id='line_1_72' title="bbox 1995 2554 3606 2629; baseline 0 -20"><span class='ocrx_word' id='word_1_455' title='bbox 1995 2555 2221 2611; x_wconf 82' lang='lat' dir='ltr'>Joannis</span> <span class='ocrx_word' id='word_1_456' title='bbox 2251 2557 2447 2612; x_wconf 88' lang='lat' dir='ltr'>summi</span> <span class='ocrx_word' id='word_1_457' title='bbox 2476 2554 2749 2629; x_wconf 81' lang='lat' dir='ltr'>pontificis</span> <span class='ocrx_word' id='word_1_458' title='bbox 2776 2566 2829 2612; x_wconf 90' lang='lat' dir='ltr'>et</span> <span class='ocrx_word' id='word_1_459' title='bbox 2857 2558 3185 2613; x_wconf 87' lang='lat' dir='ltr'>universalis</span> <span class='ocrx_word' id='word_1_460' title='bbox 3219 2573 3394 2629; x_wconf 73' lang='lat' dir='ltr'>papae,</span> <span class='ocrx_word' id='word_1_461' title='bbox 3428 2555 3482 2609; x_wconf 91' lang='lat' dir='ltr'>in</span> <span class='ocrx_word' id='word_1_462' title='bbox 3512 2570 3606 2610; x_wconf 88' lang='lat' dir='ltr'>sa—</span> 
     </span>
    </p>
   </div>
   <div class='ocr_carea' id='block_1_73' title="bbox 1998 2643 3608 2718">
    <p class='ocr_par' dir='ltr' id='par_1_73' title="bbox 1998 2643 3608 2718">
     <span class='ocr_line' id='line_1_73' title="bbox 1998 2643 3608 2718; baseline 0.001 -21"><span class='ocrx_word' id='word_1_463' title='bbox 1998 2643 2295 2698; x_wconf 89' lang='lat' dir='ltr'>cratissima</span> <span class='ocrx_word' id='word_1_464' title='bbox 2344 2645 2476 2701; x_wconf 89' lang='lat' dir='ltr'>sede</span> <span class='ocrx_word' id='word_1_465' title='bbox 2523 2646 2669 2701; x_wconf 89' lang='lat' dir='ltr'>beati</span> <span class='ocrx_word' id='word_1_466' title='bbox 2725 2645 2871 2702; x_wconf 90' lang='lat' dir='ltr'>Petri</span> <span class='ocrx_word' id='word_1_467' title='bbox 2930 2646 3164 2718; x_wconf 90' lang='lat' dir='ltr'>apostoli</span> <span class='ocrx_word' id='word_1_468' title='bbox 3224 2653 3409 2713; x_wconf 88' lang='lat' dir='ltr'>sexto,</span> <span class='ocrx_word' id='word_1_469' title='bbox 3461 2643 3608 2703; x_wconf 86' lang='lat' dir='ltr'>indi-</span> 
     </span>
    </p>
   </div>
   <div class='ocr_carea' id='block_1_74' title="bbox 1999 2732 2279 2787">
    <p class='ocr_par' dir='ltr' id='par_1_74' title="bbox 1999 2732 2279 2787">
     <span class='ocr_line' id='line_1_74' title="bbox 1999 2732 2279 2787; baseline 0 0"><span class='ocrx_word' id='word_1_470' title='bbox 1999 2732 2178 2787; x_wconf 90' lang='lat' dir='ltr'>ctione</span> <span class='ocrx_word' id='word_1_471' title='bbox 2202 2748 2279 2787; x_wconf 73' lang='grc' dir='ltr'>χι.</span> 
     </span>
    </p>
   </div>
   <div class='ocr_carea' id='block_1_75' title="bbox 2410 2931 3571 2986">
    <p class='ocr_par' dir='ltr' id='par_1_75' title="bbox 2410 2931 3571 2986">
     <span class='ocr_line' id='line_1_75' title="bbox 2410 2931 3571 2986; baseline 0.005 -16"><span class='ocrx_word' id='word_1_472' title='bbox 2410 2931 2521 2972; x_wconf 76' lang='lat' dir='ltr'>SEU‘</span> <span class='ocrx_word' id='word_1_473' title='bbox 2567 2932 2853 2986; x_wconf 68' lang='lat' dir='ltr'>WALQNEH</span> <span class='ocrx_word' id='word_1_474' title='bbox 2899 2933 3201 2976; x_wconf 67' lang='lat' dir='ltr'>HETENSEI</span> <span class='ocrx_word' id='word_1_475' title='bbox 3239 2934 3571 2976; x_wconf 70' lang='grc' dir='ltr'>εριεοορωί.</span> 
     </span>
    </p>
   </div>
   <div class='ocr_carea' id='block_1_76' title="bbox 2641 3007 2966 3079">
    <p class='ocr_par' dir='ltr' id='par_1_76' title="bbox 2641 3007 2966 3079">
     <span class='ocr_line' id='line_1_76' title="bbox 2641 3007 2966 3079; baseline 0.003 -18"><span class='ocrx_word' id='word_1_476' title='bbox 2641 3007 2771 3078; x_wconf 75' lang='lat' dir='ltr'>(An.</span> <span class='ocrx_word' id='word_1_477' title='bbox 2814 3008 2966 3079; x_wconf 81' lang='lat' dir='ltr'>s73.)</span> 
     </span>
    </p>
   </div>
   <div class='ocr_carea' id='block_1_77' title="bbox 2084 3092 3537 3167">
    <p class='ocr_par' dir='ltr' id='par_1_77' title="bbox 2084 3092 3537 3167">
     <span class='ocr_line' id='line_1_77' title="bbox 2084 3092 3537 3167; baseline 0.004 -21"><span class='ocrx_word' id='word_1_478' title='bbox 2084 3092 2345 3148; x_wconf 81' lang='lat' dir='ltr'>Concedit</span> <span class='ocrx_word' id='word_1_479' title='bbox 2364 3093 2455 3149; x_wconf 79' lang='lat' dir='ltr'>illi</span> <span class='ocrx_word' id='word_1_480' title='bbox 2473 3096 2719 3166; x_wconf 80' lang='lat' dir='ltr'>pallium</span> <span class='ocrx_word' id='word_1_481' title='bbox 2749 3098 2919 3153; x_wconf 79' lang='lat' dir='ltr'>certis</span> <span class='ocrx_word' id='word_1_482' title='bbox 2939 3096 3130 3152; x_wconf 79' lang='lat' dir='ltr'>diebus</span> <span class='ocrx_word' id='word_1_483' title='bbox 3150 3097 3537 3167; x_wconf 81' lang='lat' dir='ltr'>deferendum.</span> 
     </span>
    </p>
   </div>
   <div class='ocr_carea' id='block_1_78' title="bbox 2079 3181 3616 3253">
    <p class='ocr_par' dir='ltr' id='par_1_78' title="bbox 2079 3181 3616 3253">
     <span class='ocr_line' id='line_1_78' title="bbox 2079 3181 3616 3253; baseline 0.004 -19"><span class='ocrx_word' id='word_1_484' title='bbox 2079 3181 2343 3239; x_wconf 66' lang='lat' dir='ltr'>Joannes</span> <span class='ocrx_word' id='word_1_485' title='bbox 2368 3182 2679 3253; x_wconf 89' lang='lat' dir='ltr'>episcopus,</span> <span class='ocrx_word' id='word_1_486' title='bbox 2715 3200 2910 3239; x_wconf 82' lang='lat' dir='ltr'>servus</span> <span class='ocrx_word' id='word_1_487' title='bbox 2953 3200 3235 3240; x_wconf 89' lang='lat' dir='ltr'>servorum</span> <span class='ocrx_word' id='word_1_488' title='bbox 3265 3185 3386 3251; x_wconf 90' lang='lat' dir='ltr'>Dei,</span> <span class='ocrx_word' id='word_1_489' title='bbox 3420 3186 3616 3240; x_wconf 70' lang='lat' dir='ltr'>WALA:</span> 
     </span>
    </p>
   </div>
   <div class='ocr_carea' id='block_1_79' title="bbox 2008 3262 3616 3343">
    <p class='ocr_par' dir='ltr' id='par_1_79' title="bbox 2008 3262 3616 3343">
     <span class='ocr_line' id='line_1_79' title="bbox 2008 3262 3616 3343; baseline 0.003 -21"><span class='ocrx_word' id='word_1_490' title='bbox 2008 3262 2304 3323; x_wconf 85' lang='lat' dir='ltr'>venerabili</span> <span class='ocrx_word' id='word_1_491' title='bbox 2335 3269 2593 3341; x_wconf 90' lang='lat' dir='ltr'>episcopo</span> <span class='ocrx_word' id='word_1_492' title='bbox 2624 3270 3156 3327; x_wconf 89' lang='lat' dir='ltr'>Mediomatricorum</span> <span class='ocrx_word' id='word_1_493' title='bbox 3188 3272 3470 3338; x_wconf 56' lang='lat' dir='ltr'>Ecclesia,</span> <span class='ocrx_word' id='word_1_494' title='bbox 3492 3287 3616 3343; x_wconf 65' lang='lat' dir='ltr'>qua!</span> 
     </span>
    </p>
   </div>
   <div class='ocr_carea' id='block_1_80' title="bbox 2007 3356 3613 3425">
    <p class='ocr_par' dir='ltr' id='par_1_80' title="bbox 2007 3356 3613 3425">
     <span class='ocr_line' id='line_1_80' title="bbox 2007 3356 3613 3425; baseline 0.003 -14"><span class='ocrx_word' id='word_1_495' title='bbox 2007 3366 2057 3411; x_wconf 90' lang='lat' dir='ltr'>et</span> <span class='ocrx_word' id='word_1_496' title='bbox 2097 3356 2273 3413; x_wconf 82' lang='lat' dir='ltr'>Mettis</span> <span class='ocrx_word' id='word_1_497' title='bbox 2330 3365 2575 3425; x_wconf 89' lang='lat' dir='ltr'>vocatur,</span> <span class='ocrx_word' id='word_1_498' title='bbox 2637 3357 2691 3413; x_wconf 91' lang='lat' dir='ltr'>in</span> <span class='ocrx_word' id='word_1_499' title='bbox 2749 3359 2953 3417; x_wconf 86' lang='lat' dir='ltr'>honore</span> <span class='ocrx_word' id='word_1_500' title='bbox 2988 3359 3195 3416; x_wconf 87' lang='lat' dir='ltr'>scilicet</span> <span class='ocrx_word' id='word_1_501' title='bbox 3242 3360 3413 3416; x_wconf 89' lang='lat' dir='ltr'>sancti</span> <span class='ocrx_word' id='word_1_502' title='bbox 3488 3360 3613 3417; x_wconf 88' lang='lat' dir='ltr'>Ste-</span> 
     </span>
    </p>
   </div>
   <div class='ocr_carea' id='block_1_81' title="bbox 2006 3444 2669 3517">
    <p class='ocr_par' dir='ltr' id='par_1_81' title="bbox 2006 3444 2669 3517">
     <span class='ocr_line' id='line_1_81' title="bbox 2006 3444 2669 3517; baseline 0.005 -19"><span class='ocrx_word' id='word_1_503' title='bbox 2006 3444 2171 3516; x_wconf 88' lang='lat' dir='ltr'>phani</span> <span class='ocrx_word' id='word_1_504' title='bbox 2203 3444 2364 3517; x_wconf 86' lang='lat' dir='ltr'>primi</span> <span class='ocrx_word' id='word_1_505' title='bbox 2394 3446 2669 3517; x_wconf 76' lang='lat' dir='ltr'>martyris.</span> 
     </span>
    </p>
   </div>
   <div class='ocr_carea' id='block_1_82' title="bbox 2080 3520 3615 3609">
    <p class='ocr_par' dir='ltr' id='par_1_82' title="bbox 2080 3520 3615 3609">
     <span class='ocr_line' id='line_1_82' title="bbox 2080 3520 3615 3609; baseline 0.003 -22"><span class='ocrx_word' id='word_1_506' title='bbox 2080 3522 2420 3603; x_wconf 35' lang='lat' dir='ltr'>Si&#39;pastores</span> <span class='ocrx_word' id='word_1_507' title='bbox 2459 3535 2641 3590; x_wconf 88' lang='lat' dir='ltr'>ovium</span> <span class='ocrx_word' id='word_1_508' title='bbox 2681 3535 2854 3592; x_wconf 91' lang='lat' dir='ltr'>solem</span> <span class='ocrx_word' id='word_1_509' title='bbox 2892 3520 3129 3609; x_wconf 87' lang='lat' dir='ltr'>geluque</span> <span class='ocrx_word' id='word_1_510' title='bbox 3166 3551 3265 3608; x_wconf 89' lang='lat' dir='ltr'>pro</span> <span class='ocrx_word' id='word_1_511' title='bbox 3304 3536 3492 3609; x_wconf 79' lang='lat' dir='ltr'>gregis</span> <span class='ocrx_word' id='word_1_512' title='bbox 3531 3538 3615 3593; x_wconf 90' lang='lat' dir='ltr'>sui</span> 
     </span>
    </p>
   </div>
   <div class='ocr_carea' id='block_1_83' title="bbox 2005 3621 3614 3698">
    <p class='ocr_par' dir='ltr' id='par_1_83' title="bbox 2005 3621 3614 3698">
     <span class='ocr_line' id='line_1_83' title="bbox 2005 3621 3614 3698; baseline 0.002 -22"><span class='ocrx_word' id='word_1_513' title='bbox 2005 3621 2247 3677; x_wconf 82' lang='lat' dir='ltr'>custodia</span> <span class='ocrx_word' id='word_1_514' title='bbox 2276 3622 2363 3677; x_wconf 89' lang='lat' dir='ltr'>die</span> <span class='ocrx_word' id='word_1_515' title='bbox 2403 3639 2468 3678; x_wconf 88' lang='lat' dir='ltr'>ac</span> <span class='ocrx_word' id='word_1_516' title='bbox 2506 3633 2664 3680; x_wconf 91' lang='lat' dir='ltr'>nocte</span> <span class='ocrx_word' id='word_1_517' title='bbox 2694 3622 2837 3680; x_wconf 81' lang='lat' dir='ltr'>ferre</span> <span class='ocrx_word' id='word_1_518' title='bbox 2868 3625 3102 3682; x_wconf 87' lang='lat' dir='ltr'>contenti</span> <span class='ocrx_word' id='word_1_519' title='bbox 3135 3633 3277 3693; x_wconf 90' lang='lat' dir='ltr'>sunt,</span> <span class='ocrx_word' id='word_1_520' title='bbox 3311 3641 3377 3682; x_wconf 89' lang='lat' dir='ltr'>ac</span> <span class='ocrx_word' id='word_1_521' title='bbox 3405 3642 3474 3682; x_wconf 92' lang='lat' dir='ltr'>ne</span> <span class='ocrx_word' id='word_1_522' title='bbox 3511 3642 3614 3698; x_wconf 89' lang='lat' dir='ltr'>qua</span> 
     </span>
    </p>
   </div>
   <div class='ocr_carea' id='block_1_84' title="bbox 2007 3710 3611 3784">
    <p class='ocr_par' dir='ltr' id='par_1_84' title="bbox 2007 3710 3611 3784">
     <span class='ocr_line' id='line_1_84' title="bbox 2007 3710 3611 3784; baseline 0.002 -19"><span class='ocrx_word' id='word_1_523' title='bbox 2007 3726 2073 3766; x_wconf 90' lang='lat' dir='ltr'>ex</span> <span class='ocrx_word' id='word_1_524' title='bbox 2101 3710 2180 3765; x_wconf 91' lang='lat' dir='ltr'>eis</span> <span class='ocrx_word' id='word_1_525' title='bbox 2213 3719 2306 3765; x_wconf 90' lang='lat' dir='ltr'>aut</span> <span class='ocrx_word' id='word_1_526' title='bbox 2335 3712 2569 3768; x_wconf 89' lang='lat' dir='ltr'>errando</span> <span class='ocrx_word' id='word_1_527' title='bbox 2601 3722 2810 3784; x_wconf 86' lang='lat' dir='ltr'>pereat,</span> <span class='ocrx_word' id='word_1_528' title='bbox 2844 3722 2934 3769; x_wconf 89' lang='lat' dir='ltr'>aut</span> <span class='ocrx_word' id='word_1_529' title='bbox 2964 3713 3152 3770; x_wconf 84' lang='lat' dir='ltr'>ferinis</span> <span class='ocrx_word' id='word_1_530' title='bbox 3180 3713 3381 3771; x_wconf 90' lang='lat' dir='ltr'>laniata</span> <span class='ocrx_word' id='word_1_531' title='bbox 3409 3714 3611 3769; x_wconf 85' lang='lat' dir='ltr'>morsi-</span> 
     </span>
    </p>
   </div>
   <div class='ocr_carea' id='block_1_85' title="bbox 2007 3794 3612 3870">
    <p class='ocr_par' dir='ltr' id='par_1_85' title="bbox 2007 3794 3612 3870">
     <span class='ocr_line' id='line_1_85' title="bbox 2007 3794 3612 3870; baseline 0.003 -22"><span class='ocrx_word' id='word_1_532' title='bbox 2007 3794 2111 3848; x_wconf 93' lang='lat' dir='ltr'>bus</span> <span class='ocrx_word' id='word_1_533' title='bbox 2141 3794 2407 3866; x_wconf 85' lang='lat' dir='ltr'>rapiatur,</span> <span class='ocrx_word' id='word_1_534' title='bbox 2442 3795 2614 3853; x_wconf 90' lang='lat' dir='ltr'>oculis</span> <span class='ocrx_word' id='word_1_535' title='bbox 2648 3813 2864 3868; x_wconf 91' lang='lat' dir='ltr'>semper</span> <span class='ocrx_word' id='word_1_536' title='bbox 2892 3797 3241 3870; x_wconf 86' lang='lat' dir='ltr'>vigilantibus</span> <span class='ocrx_word' id='word_1_537' title='bbox 3272 3798 3612 3868; x_wconf 89' lang='lat' dir='ltr'>circumspe—</span> 
     </span>
    </p>
   </div>
   <div class='ocr_carea' id='block_1_86' title="bbox 2007 3885 3613 3957">
    <p class='ocr_par' dir='ltr' id='par_1_86' title="bbox 2007 3885 3613 3957">
     <span class='ocr_line' id='line_1_86' title="bbox 2007 3885 3613 3957; baseline 0.002 -20"><span class='ocrx_word' id='word_1_538' title='bbox 2007 3889 2168 3949; x_wconf 84' lang='lat' dir='ltr'>ctant,</span> <span class='ocrx_word' id='word_1_539' title='bbox 2208 3891 2405 3955; x_wconf 86' lang='lat' dir='ltr'>quanto</span> <span class='ocrx_word' id='word_1_540' title='bbox 2453 3885 2652 3939; x_wconf 87' lang='lat' dir='ltr'>sudore</span> <span class='ocrx_word' id='word_1_541' title='bbox 2696 3894 3000 3957; x_wconf 87' lang='lat' dir='ltr'>quantaque</span> <span class='ocrx_word' id='word_1_542' title='bbox 3028 3901 3160 3941; x_wconf 88' lang='lat' dir='ltr'>cura</span> <span class='ocrx_word' id='word_1_543' title='bbox 3189 3886 3453 3941; x_wconf 88' lang='lat' dir='ltr'>debemus</span> <span class='ocrx_word' id='word_1_544' title='bbox 3491 3902 3613 3941; x_wconf 90' lang='lat' dir='ltr'>esse</span> 
     </span>
    </p>
   </div>
   <div class='ocr_carea' id='block_1_87' title="bbox 2008 3972 3614 4045">
    <p class='ocr_par' dir='ltr' id='par_1_87' title="bbox 2008 3972 3614 4045">
     <span class='ocr_line' id='line_1_87' title="bbox 2008 3972 3614 4045; baseline 0.001 -19"><span class='ocrx_word' id='word_1_545' title='bbox 2008 3972 2327 4045; x_wconf 81' lang='lat' dir='ltr'>pervigiles,</span> <span class='ocrx_word' id='word_1_546' title='bbox 2361 3989 2462 4028; x_wconf 91' lang='lat' dir='ltr'>nos</span> <span class='ocrx_word' id='word_1_547' title='bbox 2495 3973 2584 4045; x_wconf 90' lang='lat' dir='ltr'>qui</span> <span class='ocrx_word' id='word_1_548' title='bbox 2615 3981 2864 4044; x_wconf 73' lang='lat' dir='ltr'>pastores</span> <span class='ocrx_word' id='word_1_549' title='bbox 2901 3973 3198 4029; x_wconf 86' lang='lat' dir='ltr'>animarum</span> <span class='ocrx_word' id='word_1_550' title='bbox 3229 3974 3499 4030; x_wconf 73' lang='lat' dir='ltr'>dicimur?</span> <span class='ocrx_word' id='word_1_551' title='bbox 3528 3978 3614 4029; x_wconf 90' lang='lat' dir='ltr'>At-</span> 
     </span>
    </p>
   </div>
   <div class='ocr_carea' id='block_1_88' title="bbox 2009 4060 3615 4136">
    <p class='ocr_par' dir='ltr' id='par_1_88' title="bbox 2009 4060 3615 4136">
     <span class='ocr_line' id='line_1_88' title="bbox 2009 4060 3615 4136; baseline 0.002 -21"><span class='ocrx_word' id='word_1_552' title='bbox 2009 4060 2294 4115; x_wconf 86' lang='lat' dir='ltr'>tendamus</span> <span class='ocrx_word' id='word_1_553' title='bbox 2351 4061 2419 4116; x_wconf 91' lang='lat' dir='ltr'>ad</span> <span class='ocrx_word' id='word_1_554' title='bbox 2478 4070 2789 4132; x_wconf 87' lang='lat' dir='ltr'>susceptum</span> <span class='ocrx_word' id='word_1_555' title='bbox 2856 4060 3092 4119; x_wconf 82' lang='lat' dir='ltr'>oﬁicium</span> <span class='ocrx_word' id='word_1_556' title='bbox 3168 4062 3427 4118; x_wconf 88' lang='lat' dir='ltr'>exhibere</span> <span class='ocrx_word' id='word_1_557' title='bbox 3483 4078 3615 4136; x_wconf 77' lang='lat' dir='ltr'>erga</span> 
     </span>
    </p>
   </div>
   <div class='ocr_carea' id='block_1_89' title="bbox 2009 4149 3614 4219">
    <p class='ocr_par' dir='ltr' id='par_1_89' title="bbox 2009 4149 3614 4219">
     <span class='ocr_line' id='line_1_89' title="bbox 2009 4149 3614 4219; baseline 0.001 -15"><span class='ocrx_word' id='word_1_558' title='bbox 2009 4149 2313 4204; x_wconf 88' lang='lat' dir='ltr'>custodiam</span> <span class='ocrx_word' id='word_1_559' title='bbox 2343 4149 2745 4206; x_wconf 90' lang='lat' dir='ltr'>Dominicarum</span> <span class='ocrx_word' id='word_1_560' title='bbox 2784 4151 2964 4207; x_wconf 84' lang='lat' dir='ltr'>ovium</span> <span class='ocrx_word' id='word_1_561' title='bbox 2997 4168 3105 4207; x_wconf 92' lang='lat' dir='ltr'>non</span> <span class='ocrx_word' id='word_1_562' title='bbox 3136 4168 3438 4219; x_wconf 90' lang='lat' dir='ltr'>cessemus,</span> <span class='ocrx_word' id='word_1_563' title='bbox 3463 4168 3531 4208; x_wconf 89' lang='lat' dir='ltr'>ne</span> <span class='ocrx_word' id='word_1_564' title='bbox 3560 4151 3614 4206; x_wconf 92' lang='lat' dir='ltr'>in</span> 
     </span>
    </p>
   </div>
   <div class='ocr_carea' id='block_1_90' title="bbox 2009 4237 3612 4308">
    <p class='ocr_par' dir='ltr' id='par_1_90' title="bbox 2009 4237 3612 4308">
     <span class='ocr_line' id='line_1_90' title="bbox 2009 4237 3612 4308; baseline 0.001 -17"><span class='ocrx_word' id='word_1_565' title='bbox 2009 4237 2096 4292; x_wconf 89' lang='lat' dir='ltr'>die</span> <span class='ocrx_word' id='word_1_566' title='bbox 2135 4237 2303 4292; x_wconf 87' lang='lat' dir='ltr'>divini</span> <span class='ocrx_word' id='word_1_567' title='bbox 2342 4238 2606 4292; x_wconf 85' lang='lat' dir='ltr'>examinis</span> <span class='ocrx_word' id='word_1_568' title='bbox 2644 4255 2745 4308; x_wconf 91' lang='lat' dir='ltr'>pro</span> <span class='ocrx_word' id='word_1_569' title='bbox 2782 4239 2990 4294; x_wconf 90' lang='lat' dir='ltr'>desidia</span> <span class='ocrx_word' id='word_1_570' title='bbox 3042 4249 3228 4295; x_wconf 88' lang='lat' dir='ltr'>nostra</span> <span class='ocrx_word' id='word_1_571' title='bbox 3281 4249 3405 4295; x_wconf 89' lang='lat' dir='ltr'>ante</span> <span class='ocrx_word' id='word_1_572' title='bbox 3457 4256 3612 4295; x_wconf 89' lang='lat' dir='ltr'>sum-</span> 
     </span>
    </p>
   </div>
   <div class='ocr_carea' id='block_1_91' title="bbox 2009 4326 3612 4399">
    <p class='ocr_par' dir='ltr' id='par_1_91' title="bbox 2009 4326 3612 4399">
     <span class='ocr_line' id='line_1_91' title="bbox 2009 4326 3612 4399; baseline 0.003 -21"><span class='ocrx_word' id='word_1_573' title='bbox 2009 4341 2158 4379; x_wconf 89' lang='lat' dir='ltr'>mum</span> <span class='ocrx_word' id='word_1_574' title='bbox 2197 4333 2473 4395; x_wconf 89' lang='lat' dir='ltr'>pastorem</span> <span class='ocrx_word' id='word_1_575' title='bbox 2512 4326 2862 4399; x_wconf 73' lang='lat' dir='ltr'>negligentia:</span> <span class='ocrx_word' id='word_1_576' title='bbox 2901 4335 3079 4382; x_wconf 87' lang='lat' dir='ltr'>reatus</span> <span class='ocrx_word' id='word_1_577' title='bbox 3118 4329 3427 4393; x_wconf 83' lang='lat' dir='ltr'>excruciet,</span> <span class='ocrx_word' id='word_1_578' title='bbox 3469 4328 3612 4383; x_wconf 88' lang='lat' dir='ltr'>unde</span> 
     </span>
    </p>
   </div>
   <div class='ocr_carea' id='block_1_92' title="bbox 2009 4411 3611 4471">
    <p class='ocr_par' dir='ltr' id='par_1_92' title="bbox 2009 4411 3611 4471">
     <span class='ocr_line' id='line_1_92' title="bbox 2009 4411 3611 4471; baseline 0.001 -4"><span class='ocrx_word' id='word_1_579' title='bbox 2009 4414 2172 4468; x_wconf 91' lang='lat' dir='ltr'>modo</span> <span class='ocrx_word' id='word_1_580' title='bbox 2211 4413 2431 4468; x_wconf 89' lang='lat' dir='ltr'>honoris</span> <span class='ocrx_word' id='word_1_581' title='bbox 2471 4411 2779 4469; x_wconf 76' lang='lat' dir='ltr'>reverentia</span> <span class='ocrx_word' id='word_1_582' title='bbox 2826 4413 3171 4469; x_wconf 86' lang='lat' dir='ltr'>sublimiores</span> <span class='ocrx_word' id='word_1_583' title='bbox 3208 4415 3348 4470; x_wconf 90' lang='lat' dir='ltr'>inter</span> <span class='ocrx_word' id='word_1_584' title='bbox 3384 4424 3611 4471; x_wconf 68' lang='lat' dir='ltr'>crateras</span> 
     </span>
    </p>
   </div>
   <div class='ocr_carea' id='block_1_93' title="bbox 2036 2929 2352 2971">
    <p class='ocr_par' dir='ltr' id='par_1_93' title="bbox 2036 2929 2352 2971">
     <span class='ocr_line' id='line_1_93' title="bbox 2036 2929 2352 2971; baseline 0.009 -3"><span class='ocrx_word' id='word_1_585' title='bbox 2036 2930 2107 2969; x_wconf 80' lang='lat' dir='ltr'>AD</span> <span class='ocrx_word' id='word_1_586' title='bbox 2146 2929 2352 2971; x_wconf 66' lang='lat' dir='ltr'><strong>WALAI</strong></span> 
     </span>
    </p>
   </div>
   <div class='ocr_carea' id='block_1_94' title="bbox 292 4493 3610 4572">
    <p class='ocr_par' dir='ltr' id='par_1_94' title="bbox 292 4493 3610 4572">
     <span class='ocr_line' id='line_1_94' title="bbox 292 4493 3610 4572; baseline 0.001 -15"><span class='ocrx_word' id='word_1_587' title='bbox 292 4502 599 4566; x_wconf 83' lang='lat' dir='ltr'>strandum,</span> <span class='ocrx_word' id='word_1_588' title='bbox 612 4502 837 4571; x_wconf 86' lang='lat' dir='ltr'>jusserit</span> <span class='ocrx_word' id='word_1_589' title='bbox 852 4501 1123 4572; x_wconf 86' lang='lat' dir='ltr'>deputari.</span> <span class='ocrx_word' id='word_1_590' title='bbox 1146 4499 1472 4569; x_wconf 68' lang='lat' dir='ltr'>Qumomnia</span> <span class='ocrx_word' id='word_1_591' title='bbox 1486 4515 1586 4569; x_wconf 88' lang='lat' dir='ltr'>per</span> <span class='ocrx_word' id='word_1_592' title='bbox 1595 4499 1705 4567; x_wconf 88' lang='lat' dir='ltr'>jam</span> <span class='ocrx_word' id='word_1_593' title='bbox 1729 4498 1903 4555; x_wconf 89' lang='lat' dir='ltr'>dictos</span> <span class='ocrx_word' id='word_1_594' title='bbox 1933 4493 2336 4572; x_wconf 87' lang='lat' dir='ltr'>Djudicamur.</span> <span class='ocrx_word' id='word_1_595' title='bbox 2369 4501 2598 4556; x_wconf 87' lang='lat' dir='ltr'>Pallium</span> <span class='ocrx_word' id='word_1_596' title='bbox 2636 4509 2817 4556; x_wconf 88' lang='lat' dir='ltr'>autem</span> <span class='ocrx_word' id='word_1_597' title='bbox 2855 4500 3184 4557; x_wconf 85' lang='lat' dir='ltr'>fraternitati</span> <span class='ocrx_word' id='word_1_598' title='bbox 3210 4510 3316 4559; x_wconf 65' lang='lat' dir='ltr'>tuae</span> <span class='ocrx_word' id='word_1_599' title='bbox 3353 4519 3418 4559; x_wconf 86' lang='lat' dir='ltr'>ex</span> <span class='ocrx_word' id='word_1_600' title='bbox 3457 4518 3610 4559; x_wconf 89' lang='lat' dir='ltr'>more</span> 
     </span>
    </p>
   </div>
   <div class='ocr_carea' id='block_1_95' title="bbox 294 4587 1896 4659">
    <p class='ocr_par' dir='ltr' id='par_1_95' title="bbox 294 4587 1896 4659">
     <span class='ocr_line' id='line_1_95' title="bbox 294 4587 1896 4659; baseline -0.003 -14"><span class='ocrx_word' id='word_1_601' title='bbox 294 4592 596 4645; x_wconf 85' lang='lat' dir='ltr'>monachos</span> <span class='ocrx_word' id='word_1_602' title='bbox 633 4590 897 4645; x_wconf 90' lang='lat' dir='ltr'>hactenus</span> <span class='ocrx_word' id='word_1_603' title='bbox 936 4590 1140 4644; x_wconf 86' lang='lat' dir='ltr'>ibidem</span> <span class='ocrx_word' id='word_1_604' title='bbox 1181 4587 1548 4659; x_wconf 89' lang='lat' dir='ltr'>comperimus</span> <span class='ocrx_word' id='word_1_605' title='bbox 1596 4587 1896 4642; x_wconf 89' lang='lat' dir='ltr'>observari.</span> 
     </span>
    </p>
   </div>
   <div class='ocr_carea' id='block_1_96' title="bbox 292 4674 1903 4750">
    <p class='ocr_par' dir='ltr' id='par_1_96' title="bbox 292 4674 1903 4750">
     <span class='ocr_line' id='line_1_96' title="bbox 292 4674 1903 4750; baseline -0.004 -16"><span class='ocrx_word' id='word_1_606' title='bbox 292 4680 453 4736; x_wconf 79' lang='lat' dir='ltr'>Nunc</span> <span class='ocrx_word' id='word_1_607' title='bbox 482 4687 593 4733; x_wconf 90' lang='lat' dir='ltr'>tam</span> <span class='ocrx_word' id='word_1_608' title='bbox 624 4679 863 4750; x_wconf 88' lang='lat' dir='ltr'>seipsum</span> <span class='ocrx_word' id='word_1_609' title='bbox 895 4694 1055 4749; x_wconf 89' lang='lat' dir='ltr'>quam</span> <span class='ocrx_word' id='word_1_610' title='bbox 1085 4677 1397 4732; x_wconf 90' lang='lat' dir='ltr'>unanimem</span> <span class='ocrx_word' id='word_1_611' title='bbox 1420 4674 1903 4747; x_wconf 82' lang='lat' dir='ltr'>congregationem</span> 
     </span>
    </p>
   </div>
   <div class='ocr_carea' id='block_1_97' title="bbox 290 4762 1902 4836">
    <p class='ocr_par' dir='ltr' id='par_1_97' title="bbox 290 4762 1902 4836">
     <span class='ocr_line' id='line_1_97' title="bbox 290 4762 1902 4836; baseline -0.003 -13"><span class='ocrx_word' id='word_1_612' title='bbox 290 4768 399 4823; x_wconf 82' lang='lat' dir='ltr'>sibi</span> <span class='ocrx_word' id='word_1_613' title='bbox 427 4767 779 4823; x_wconf 88' lang='lat' dir='ltr'>commissam</span> <span class='ocrx_word' id='word_1_614' title='bbox 807 4766 1086 4821; x_wconf 89' lang='lat' dir='ltr'>humiliter</span> <span class='ocrx_word' id='word_1_615' title='bbox 1125 4766 1421 4836; x_wconf 84' lang='lat' dir='ltr'>postulare,</span> <span class='ocrx_word' id='word_1_616' title='bbox 1457 4764 1702 4836; x_wconf 88' lang='lat' dir='ltr'>quamvis</span> <span class='ocrx_word' id='word_1_617' title='bbox 1728 4762 1902 4835; x_wconf 91' lang='lat' dir='ltr'>privi-</span> 
     </span>
    </p>
   </div>
   <div class='ocr_carea' id='block_1_98' title="bbox 292 4851 1902 4929">
    <p class='ocr_par' dir='ltr' id='par_1_98' title="bbox 292 4851 1902 4929">
     <span class='ocr_line' id='line_1_98' title="bbox 292 4851 1902 4929; baseline -0.002 -19"><span class='ocrx_word' id='word_1_618' title='bbox 292 4857 443 4929; x_wconf 82' lang='lat' dir='ltr'>legia</span> <span class='ocrx_word' id='word_1_619' title='bbox 479 4856 772 4910; x_wconf 86' lang='lat' dir='ltr'>multorum</span> <span class='ocrx_word' id='word_1_620' title='bbox 812 4854 1109 4910; x_wconf 72' lang='lat' dir='ltr'>meruerint</span> <span class='ocrx_word' id='word_1_621' title='bbox 1147 4854 1528 4924; x_wconf 89' lang='lat' dir='ltr'>episcoporum</span> <span class='ocrx_word' id='word_1_622' title='bbox 1557 4896 1569 4918; x_wconf 95' lang='lat'>,</span> <span class='ocrx_word' id='word_1_623' title='bbox 1612 4853 1679 4908; x_wconf 87' lang='lat' dir='ltr'>ad</span> <span class='ocrx_word' id='word_1_624' title='bbox 1721 4851 1902 4923; x_wconf 88' lang='lat' dir='ltr'>repri-</span> 
     </span>
    </p>
   </div>
   <div class='ocr_carea' id='block_1_99' title="bbox 293 4941 1905 5015">
    <p class='ocr_par' dir='ltr' id='par_1_99' title="bbox 293 4941 1905 5015">
     <span class='ocr_line' id='line_1_99' title="bbox 293 4941 1905 5015; baseline -0.004 -15"><span class='ocrx_word' id='word_1_625' title='bbox 293 4944 553 5000; x_wconf 75' lang='lat' dir='ltr'>mendum</span> <span class='ocrx_word' id='word_1_626' title='bbox 584 4943 949 5015; x_wconf 87' lang='lat' dir='ltr'>quorumlibet</span> <span class='ocrx_word' id='word_1_627' title='bbox 978 4942 1220 4997; x_wconf 89' lang='lat' dir='ltr'>illicitam</span> <span class='ocrx_word' id='word_1_628' title='bbox 1251 4941 1619 5012; x_wconf 88' lang='lat' dir='ltr'>cupiditatem,</span> <span class='ocrx_word' id='word_1_629' title='bbox 1653 4948 1709 4995; x_wconf 88' lang='lat' dir='ltr'>ut</span> <span class='ocrx_word' id='word_1_630' title='bbox 1740 4956 1905 5011; x_wconf 89' lang='lat' dir='ltr'>super</span> 
     </span>
    </p>
   </div>
   <div class='ocr_carea' id='block_1_100' title="bbox 292 5029 1903 5105">
    <p class='ocr_par' dir='ltr' id='par_1_100' title="bbox 292 5029 1903 5105">
     <span class='ocr_line' id='line_1_100' title="bbox 292 5029 1903 5105; baseline -0.003 -17"><span class='ocrx_word' id='word_1_631' title='bbox 292 5034 498 5088; x_wconf 80' lang='lat' dir='ltr'>abbate</span> <span class='ocrx_word' id='word_1_632' title='bbox 528 5032 767 5105; x_wconf 86' lang='lat' dir='ltr'>regulari</span> <span class='ocrx_word' id='word_1_633' title='bbox 800 5048 867 5087; x_wconf 79' lang='lat' dir='ltr'>ex</span> <span class='ocrx_word' id='word_1_634' title='bbox 895 5031 975 5086; x_wconf 88' lang='lat' dir='ltr'>eis</span> <span class='ocrx_word' id='word_1_635' title='bbox 1001 5030 1255 5104; x_wconf 87' lang='lat' dir='ltr'>eligendo</span> <span class='ocrx_word' id='word_1_636' title='bbox 1285 5029 1449 5085; x_wconf 90' lang='lat' dir='ltr'>etiam</span> <span class='ocrx_word' id='word_1_637' title='bbox 1478 5037 1681 5086; x_wconf 70' lang='lat' dir='ltr'>nostra:</span> <span class='ocrx_word' id='word_1_638' title='bbox 1710 5036 1903 5084; x_wconf 88' lang='lat' dir='ltr'>aucto-</span> 
     </span>
    </p>
   </div>
   <div class='ocr_carea' id='block_1_101' title="bbox 292 5117 1902 5193">
    <p class='ocr_par' dir='ltr' id='par_1_101' title="bbox 292 5117 1902 5193">
     <span class='ocr_line' id='line_1_101' title="bbox 292 5117 1902 5193; baseline -0.002 -17"><span class='ocrx_word' id='word_1_639' title='bbox 292 5121 470 5176; x_wconf 74' lang='lat' dir='ltr'>ritatis</span> <span class='ocrx_word' id='word_1_640' title='bbox 518 5120 807 5193; x_wconf 87' lang='lat' dir='ltr'>privilegia</span> <span class='ocrx_word' id='word_1_641' title='bbox 854 5127 1279 5191; x_wconf 83' lang='lat' dir='ltr'>consequantur.</span> <span class='ocrx_word' id='word_1_642' title='bbox 1321 5117 1588 5187; x_wconf 84' lang='lat' dir='ltr'>Quocirca</span> <span class='ocrx_word' id='word_1_643' title='bbox 1618 5133 1716 5173; x_wconf 88' lang='lat' dir='ltr'>nos</span> <span class='ocrx_word' id='word_1_644' title='bbox 1744 5124 1902 5187; x_wconf 84' lang='lat' dir='ltr'>pote-</span> 
     </span>
    </p>
   </div>
   <div class='ocr_carea' id='block_1_102' title="bbox 295 5204 1901 5281">
    <p class='ocr_par' dir='ltr' id='par_1_102' title="bbox 295 5204 1901 5281">
     <span class='ocr_line' id='line_1_102' title="bbox 295 5204 1901 5281; baseline -0.005 -15"><span class='ocrx_word' id='word_1_645' title='bbox 295 5218 513 5273; x_wconf 84' lang='lat' dir='ltr'>statem,</span> <span class='ocrx_word' id='word_1_646' title='bbox 545 5224 707 5281; x_wconf 84' lang='lat' dir='ltr'>quam</span> <span class='ocrx_word' id='word_1_647' title='bbox 734 5208 907 5281; x_wconf 84' lang='lat' dir='ltr'>gratis</span> <span class='ocrx_word' id='word_1_648' title='bbox 936 5222 966 5262; x_wconf 88' lang='lat' dir='ltr'>a</span> <span class='ocrx_word' id='word_1_649' title='bbox 994 5207 1209 5263; x_wconf 87' lang='lat' dir='ltr'>Christo</span> <span class='ocrx_word' id='word_1_650' title='bbox 1237 5206 1567 5277; x_wconf 83' lang='lat' dir='ltr'>accepimus,</span> <span class='ocrx_word' id='word_1_651' title='bbox 1603 5204 1901 5260; x_wconf 89' lang='lat' dir='ltr'>secundum</span> 
     </span>
    </p>
   </div>
   <div class='ocr_carea' id='block_1_103' title="bbox 292 5292 1902 5371">
    <p class='ocr_par' dir='ltr' id='par_1_103' title="bbox 292 5292 1902 5371">
     <span class='ocr_line' id='line_1_103' title="bbox 292 5292 1902 5371; baseline -0.006 -17"><span class='ocrx_word' id='word_1_652' title='bbox 292 5297 669 5371; x_wconf 85' lang='lat' dir='ltr'>evangelicam</span> <span class='ocrx_word' id='word_1_653' title='bbox 709 5296 1086 5353; x_wconf 87' lang='lat' dir='ltr'>auctoritatem</span> <span class='ocrx_word' id='word_1_654' title='bbox 1124 5295 1296 5366; x_wconf 87' lang='lat' dir='ltr'>gratis</span> <span class='ocrx_word' id='word_1_655' title='bbox 1334 5295 1600 5366; x_wconf 89' lang='lat' dir='ltr'>prodesse</span> <span class='ocrx_word' id='word_1_656' title='bbox 1652 5292 1902 5348; x_wconf 89' lang='lat' dir='ltr'>omnibus</span> 
     </span>
    </p>
   </div>
   <div class='ocr_carea' id='block_1_104' title="bbox 293 5380 1902 5458">
    <p class='ocr_par' dir='ltr' id='par_1_104' title="bbox 293 5380 1902 5458">
     <span class='ocr_line' id='line_1_104' title="bbox 293 5380 1902 5458; baseline -0.006 -16"><span class='ocrx_word' id='word_1_657' title='bbox 293 5387 602 5458; x_wconf 78' lang='lat' dir='ltr'>cupientes,</span> <span class='ocrx_word' id='word_1_658' title='bbox 633 5386 752 5441; x_wconf 84' lang='lat' dir='ltr'>vice</span> <span class='ocrx_word' id='word_1_659' title='bbox 783 5385 926 5440; x_wconf 87' lang='lat' dir='ltr'>beati</span> <span class='ocrx_word' id='word_1_660' title='bbox 956 5384 1097 5439; x_wconf 88' lang='lat' dir='ltr'>Petri</span> <span class='ocrx_word' id='word_1_661' title='bbox 1127 5383 1357 5454; x_wconf 89' lang='lat' dir='ltr'>apostoli</span> <span class='ocrx_word' id='word_1_662' title='bbox 1388 5381 1729 5437; x_wconf 88' lang='lat' dir='ltr'>decernimus</span> <span class='ocrx_word' id='word_1_663' title='bbox 1761 5387 1816 5434; x_wconf 87' lang='lat' dir='ltr'>ut</span> <span class='ocrx_word' id='word_1_664' title='bbox 1847 5380 1902 5434; x_wconf 92' lang='lat' dir='ltr'>in</span> 
     </span>
    </p>
   </div>
   <div class='ocr_carea' id='block_1_105' title="bbox 296 5468 1902 5546">
    <p class='ocr_par' dir='ltr' id='par_1_105' title="bbox 296 5468 1902 5546">
     <span class='ocr_line' id='line_1_105' title="bbox 296 5468 1902 5546; baseline -0.005 -15"><span class='ocrx_word' id='word_1_665' title='bbox 296 5491 445 5546; x_wconf 57' lang='lat' dir='ltr'>saepe</span> <span class='ocrx_word' id='word_1_666' title='bbox 489 5481 788 5529; x_wconf 89' lang='lat' dir='ltr'>memorato</span> <span class='ocrx_word' id='word_1_667' title='bbox 825 5474 947 5529; x_wconf 89' lang='lat' dir='ltr'>loco</span> <span class='ocrx_word' id='word_1_668' title='bbox 975 5473 1119 5527; x_wconf 86' lang='lat' dir='ltr'>servi</span> <span class='ocrx_word' id='word_1_669' title='bbox 1150 5471 1251 5527; x_wconf 94' lang='lat' dir='ltr'>Dei</span> <span class='ocrx_word' id='word_1_670' title='bbox 1280 5471 1486 5542; x_wconf 88' lang='lat' dir='ltr'>absque</span> <span class='ocrx_word' id='word_1_671' title='bbox 1527 5468 1902 5541; x_wconf 88' lang='lat' dir='ltr'>inquietudine</span> 
     </span>
    </p>
   </div>
   <div class='ocr_carea' id='block_1_106' title="bbox 299 5565 1901 5646">
    <p class='ocr_par' dir='ltr' id='par_1_106' title="bbox 299 5565 1901 5646">
     <span class='ocr_line' id='line_1_106' title="bbox 299 5565 1901 5646; baseline -0.006 -17"><span class='ocrx_word' id='word_1_672' title='bbox 299 5573 543 5629; x_wconf 87' lang='lat' dir='ltr'>debitum</span> <span class='ocrx_word' id='word_1_673' title='bbox 575 5587 688 5627; x_wconf 70' lang='lat' dir='ltr'>sum</span> <span class='ocrx_word' id='word_1_674' title='bbox 718 5570 1001 5646; x_wconf 85' lang='lat' dir='ltr'>religionis</span> <span class='ocrx_word' id='word_1_675' title='bbox 1027 5569 1345 5642; x_wconf 88' lang='lat' dir='ltr'>persolvere</span> <span class='ocrx_word' id='word_1_676' title='bbox 1385 5566 1593 5639; x_wconf 88' lang='lat' dir='ltr'>possint</span> <span class='ocrx_word' id='word_1_677' title='bbox 1624 5565 1901 5622; x_wconf 86' lang='lat' dir='ltr'>servitium</span> 
     </span>
    </p>
   </div>
   <div class='ocr_carea' id='block_1_107' title="bbox 2004 4589 3611 4658">
    <p class='ocr_par' dir='ltr' id='par_1_107' title="bbox 2004 4589 3611 4658">
     <span class='ocr_line' id='line_1_107' title="bbox 2004 4589 3611 4658; baseline 0.001 -12"><span class='ocrx_word' id='word_1_678' title='bbox 2004 4589 2073 4646; x_wconf 84' lang='lat' dir='ltr'>ad</span> <span class='ocrx_word' id='word_1_679' title='bbox 2103 4590 2391 4651; x_wconf 83' lang='lat' dir='ltr'>missarum</span> <span class='ocrx_word' id='word_1_680' title='bbox 2424 4590 2688 4647; x_wconf 84' lang='lat' dir='ltr'>solemnia</span> <span class='ocrx_word' id='word_1_681' title='bbox 2716 4590 3048 4646; x_wconf 89' lang='lat' dir='ltr'>celebranda</span> <span class='ocrx_word' id='word_1_682' title='bbox 3076 4591 3469 4658; x_wconf 79' lang='lat' dir='ltr'>concessimus,</span> <span class='ocrx_word' id='word_1_683' title='bbox 3501 4591 3611 4647; x_wconf 81' lang='lat' dir='ltr'>die-</span> 
     </span>
    </p>
   </div>
   <div class='ocr_carea' id='block_1_108' title="bbox 2007 4678 3606 4750">
    <p class='ocr_par' dir='ltr' id='par_1_108' title="bbox 2007 4678 3606 4750">
     <span class='ocr_line' id='line_1_108' title="bbox 2007 4678 3606 4750; baseline 0.002 -18"><span class='ocrx_word' id='word_1_684' title='bbox 2007 4679 2111 4733; x_wconf 87' lang='lat' dir='ltr'>bus</span> <span class='ocrx_word' id='word_1_685' title='bbox 2139 4679 2262 4740; x_wconf 73' lang='lat' dir='ltr'>vitae</span> <span class='ocrx_word' id='word_1_686' title='bbox 2295 4678 2704 4733; x_wconf 87' lang='lat' dir='ltr'>tantummodo:</span> <span class='ocrx_word' id='word_1_687' title='bbox 2731 4678 2876 4750; x_wconf 88' lang='lat' dir='ltr'>quod</span> <span class='ocrx_word' id='word_1_688' title='bbox 2907 4678 3021 4745; x_wconf 91' lang='lat' dir='ltr'>tibi,</span> <span class='ocrx_word' id='word_1_689' title='bbox 3054 4694 3163 4733; x_wconf 87' lang='lat' dir='ltr'>non</span> <span class='ocrx_word' id='word_1_690' title='bbox 3194 4680 3456 4736; x_wconf 76' lang='lat' dir='ltr'>Ecclesiae</span> <span class='ocrx_word' id='word_1_691' title='bbox 3484 4689 3606 4749; x_wconf 72' lang='lat' dir='ltr'>tuae,</span> 
     </span>
    </p>
   </div>
   <div class='ocr_carea' id='block_1_109' title="bbox 2004 4767 3607 4840">
    <p class='ocr_par' dir='ltr' id='par_1_109' title="bbox 2004 4767 3607 4840">
     <span class='ocr_line' id='line_1_109' title="bbox 2004 4767 3607 4840; baseline 0.002 -19"><span class='ocrx_word' id='word_1_692' title='bbox 2004 4768 2158 4822; x_wconf 89' lang='lat' dir='ltr'>aliter</span> <span class='ocrx_word' id='word_1_693' title='bbox 2186 4767 2489 4840; x_wconf 89' lang='lat' dir='ltr'>privilegiis</span> <span class='ocrx_word' id='word_1_694' title='bbox 2517 4767 2571 4822; x_wconf 92' lang='lat' dir='ltr'>in</span> <span class='ocrx_word' id='word_1_695' title='bbox 2601 4783 2701 4823; x_wconf 90' lang='lat' dir='ltr'>suo</span> <span class='ocrx_word' id='word_1_696' title='bbox 2734 4775 2873 4822; x_wconf 83' lang='lat' dir='ltr'>statu</span> <span class='ocrx_word' id='word_1_697' title='bbox 2902 4768 3267 4833; x_wconf 89' lang='lat' dir='ltr'>manentibus,</span> <span class='ocrx_word' id='word_1_698' title='bbox 3300 4768 3375 4823; x_wconf 90' lang='lat' dir='ltr'>uti</span> <span class='ocrx_word' id='word_1_699' title='bbox 3404 4783 3607 4825; x_wconf 91' lang='lat' dir='ltr'>conce-</span> 
     </span>
    </p>
   </div>
   <div class='ocr_carea' id='block_1_110' title="bbox 2006 4854 3607 4925">
    <p class='ocr_par' dir='ltr' id='par_1_110' title="bbox 2006 4854 3607 4925">
     <span class='ocr_line' id='line_1_110' title="bbox 2006 4854 3607 4925; baseline 0 -14"><span class='ocrx_word' id='word_1_700' title='bbox 2006 4856 2202 4911; x_wconf 89' lang='lat' dir='ltr'>dimus.</span> <span class='ocrx_word' id='word_1_701' title='bbox 2245 4854 2513 4925; x_wconf 90' lang='lat' dir='ltr'>Quoniam</span> <span class='ocrx_word' id='word_1_702' title='bbox 2552 4856 2852 4912; x_wconf 89' lang='lat' dir='ltr'>indumenti</span> <span class='ocrx_word' id='word_1_703' title='bbox 2899 4857 3074 4911; x_wconf 88' lang='lat' dir='ltr'>honor</span> <span class='ocrx_word' id='word_1_704' title='bbox 3111 4857 3353 4912; x_wconf 89' lang='lat' dir='ltr'>modesta</span> <span class='ocrx_word' id='word_1_705' title='bbox 3392 4865 3607 4913; x_wconf 88' lang='lat' dir='ltr'>actuum</span> 
     </span>
    </p>
   </div>
   <div class='ocr_carea' id='block_1_111' title="bbox 2005 4943 3605 5008">
    <p class='ocr_par' dir='ltr' id='par_1_111' title="bbox 2005 4943 3605 5008">
     <span class='ocr_line' id='line_1_111' title="bbox 2005 4943 3605 5008; baseline 0.001 -8"><span class='ocrx_word' id='word_1_706' title='bbox 2005 4944 2294 5000; x_wconf 87' lang='lat' dir='ltr'>vivacitate</span> <span class='ocrx_word' id='word_1_707' title='bbox 2343 4943 2640 5000; x_wconf 86' lang='lat' dir='ltr'>servandus</span> <span class='ocrx_word' id='word_1_708' title='bbox 2688 4952 2805 5008; x_wconf 90' lang='lat' dir='ltr'>est,</span> <span class='ocrx_word' id='word_1_709' title='bbox 2860 4945 3141 4999; x_wconf 86' lang='lat' dir='ltr'>hortamur</span> <span class='ocrx_word' id='word_1_710' title='bbox 3178 4954 3235 5000; x_wconf 89' lang='lat' dir='ltr'>ut</span> <span class='ocrx_word' id='word_1_711' title='bbox 3285 4945 3336 5001; x_wconf 89' lang='lat' dir='ltr'>ei</span> <span class='ocrx_word' id='word_1_712' title='bbox 3390 4962 3605 5001; x_wconf 90' lang='lat' dir='ltr'>morum</span> 
     </span>
    </p>
   </div>
   <div class='ocr_carea' id='block_1_112' title="bbox 2004 5032 3605 5104">
    <p class='ocr_par' dir='ltr' id='par_1_112' title="bbox 2004 5032 3605 5104">
     <span class='ocr_line' id='line_1_112' title="bbox 2004 5032 3605 5104; baseline 0.001 -17"><span class='ocrx_word' id='word_1_713' title='bbox 2004 5039 2217 5088; x_wconf 87' lang='lat' dir='ltr'>tuorum</span> <span class='ocrx_word' id='word_1_714' title='bbox 2256 5041 2576 5087; x_wconf 86' lang='lat' dir='ltr'>ornamenta</span> <span class='ocrx_word' id='word_1_715' title='bbox 2630 5032 2996 5098; x_wconf 88' lang='lat' dir='ltr'>conveniant,</span> <span class='ocrx_word' id='word_1_716' title='bbox 3039 5041 3301 5104; x_wconf 87' lang='lat' dir='ltr'>quatenus</span> <span class='ocrx_word' id='word_1_717' title='bbox 3326 5076 3339 5101; x_wconf 97' lang='lat'>,</span> <span class='ocrx_word' id='word_1_718' title='bbox 3382 5042 3605 5089; x_wconf 87' lang='lat' dir='ltr'>auctore</span> 
     </span>
    </p>
   </div>
   <div class='ocr_carea' id='block_1_113' title="bbox 2004 5120 3606 5193">
    <p class='ocr_par' dir='ltr' id='par_1_113' title="bbox 2004 5120 3606 5193">
     <span class='ocr_line' id='line_1_113' title="bbox 2004 5120 3606 5193; baseline -0.001 -16"><span class='ocrx_word' id='word_1_719' title='bbox 2004 5122 2140 5187; x_wconf 88' lang='lat' dir='ltr'>Deo,</span> <span class='ocrx_word' id='word_1_720' title='bbox 2164 5120 2409 5192; x_wconf 87' lang='lat' dir='ltr'>utrisque</span> <span class='ocrx_word' id='word_1_721' title='bbox 2439 5120 2618 5191; x_wconf 91' lang='lat' dir='ltr'>possis</span> <span class='ocrx_word' id='word_1_722' title='bbox 2649 5135 2772 5176; x_wconf 90' lang='lat' dir='ltr'>esse</span> <span class='ocrx_word' id='word_1_723' title='bbox 2801 5120 3149 5193; x_wconf 89' lang='lat' dir='ltr'>conspicuus.</span> <span class='ocrx_word' id='word_1_724' title='bbox 3173 5121 3356 5193; x_wconf 87' lang='lat' dir='ltr'>Itaque</span> <span class='ocrx_word' id='word_1_725' title='bbox 3378 5121 3486 5176; x_wconf 88' lang='lat' dir='ltr'>vita</span> <span class='ocrx_word' id='word_1_726' title='bbox 3515 5129 3606 5176; x_wconf 86' lang='lat' dir='ltr'>tua</span> 
     </span>
    </p>
   </div>
   <div class='ocr_carea' id='block_1_114' title="bbox 2004 5208 3605 5280">
    <p class='ocr_par' dir='ltr' id='par_1_114' title="bbox 2004 5208 3605 5280">
     <span class='ocr_line' id='line_1_114' title="bbox 2004 5208 3605 5280; baseline 0.002 -18"><span class='ocrx_word' id='word_1_727' title='bbox 2004 5208 2127 5263; x_wconf 87' lang='lat' dir='ltr'>ﬁliis</span> <span class='ocrx_word' id='word_1_728' title='bbox 2157 5208 2263 5263; x_wconf 88' lang='lat' dir='ltr'>tuis</span> <span class='ocrx_word' id='word_1_729' title='bbox 2294 5209 2361 5262; x_wconf 91' lang='lat' dir='ltr'>sit</span> <span class='ocrx_word' id='word_1_730' title='bbox 2391 5208 2598 5280; x_wconf 81' lang='lat' dir='ltr'>regula.</span> <span class='ocrx_word' id='word_1_731' title='bbox 2630 5209 2690 5263; x_wconf 83' lang='lat' dir='ltr'>In</span> <span class='ocrx_word' id='word_1_732' title='bbox 2719 5208 2834 5280; x_wconf 88' lang='lat' dir='ltr'>ipsa</span> <span class='ocrx_word' id='word_1_733' title='bbox 2864 5226 2923 5264; x_wconf 92' lang='lat' dir='ltr'>se</span> <span class='ocrx_word' id='word_1_734' title='bbox 2953 5224 3169 5280; x_wconf 87' lang='lat' dir='ltr'>semper</span> <span class='ocrx_word' id='word_1_735' title='bbox 3207 5209 3605 5266; x_wconf 79' lang='lat' dir='ltr'>considerando</span> 
     </span>
    </p>
   </div>
   <div class='ocr_carea' id='block_1_115' title="bbox 2002 5295 3604 5368">
    <p class='ocr_par' dir='ltr' id='par_1_115' title="bbox 2002 5295 3604 5368">
     <span class='ocr_line' id='line_1_115' title="bbox 2002 5295 3604 5368; baseline 0.001 -17"><span class='ocrx_word' id='word_1_736' title='bbox 2002 5295 2314 5368; x_wconf 78' lang='lat' dir='ltr'>proficiant,</span> <span class='ocrx_word' id='word_1_737' title='bbox 2356 5304 2411 5351; x_wconf 90' lang='lat' dir='ltr'>ut</span> <span class='ocrx_word' id='word_1_738' title='bbox 2451 5304 2599 5351; x_wconf 91' lang='lat' dir='ltr'>tuum</span> <span class='ocrx_word' id='word_1_739' title='bbox 2655 5305 2778 5368; x_wconf 94' lang='lat' dir='ltr'>post</span> <span class='ocrx_word' id='word_1_740' title='bbox 2832 5297 3124 5353; x_wconf 92' lang='lat' dir='ltr'>Dominum</span> <span class='ocrx_word' id='word_1_741' title='bbox 3182 5298 3431 5353; x_wconf 87' lang='lat' dir='ltr'>videatur</span> <span class='ocrx_word' id='word_1_742' title='bbox 3481 5314 3604 5353; x_wconf 91' lang='lat' dir='ltr'>esse</span> 
     </span>
    </p>
   </div>
   <div class='ocr_carea' id='block_1_116' title="bbox 2004 5384 3605 5459">
    <p class='ocr_par' dir='ltr' id='par_1_116' title="bbox 2004 5384 3605 5459">
     <span class='ocr_line' id='line_1_116' title="bbox 2004 5384 3605 5459; baseline 0.002 -20"><span class='ocrx_word' id='word_1_743' title='bbox 2004 5385 2143 5440; x_wconf 89' lang='lat' dir='ltr'>bene</span> <span class='ocrx_word' id='word_1_744' title='bbox 2183 5384 2328 5456; x_wconf 88' lang='lat' dir='ltr'>quod</span> <span class='ocrx_word' id='word_1_745' title='bbox 2368 5384 2619 5441; x_wconf 87' lang='lat' dir='ltr'>vixerint.</span> <span class='ocrx_word' id='word_1_746' title='bbox 2681 5385 2988 5458; x_wconf 88' lang='lat' dir='ltr'>Corrigant,</span> <span class='ocrx_word' id='word_1_747' title='bbox 3033 5400 3101 5441; x_wconf 91' lang='lat' dir='ltr'>ne</span> <span class='ocrx_word' id='word_1_748' title='bbox 3139 5401 3400 5457; x_wconf 88' lang='lat' dir='ltr'>prospera</span> <span class='ocrx_word' id='word_1_749' title='bbox 3428 5430 3440 5451; x_wconf 88' lang='lat'>,</span> <span class='ocrx_word' id='word_1_750' title='bbox 3483 5403 3605 5459; x_wconf 79' lang='lat' dir='ltr'>quae</span> 
     </span>
    </p>
   </div>
   <div class='ocr_carea' id='block_1_117' title="bbox 2003 5473 3603 5547">
    <p class='ocr_par' dir='ltr' id='par_1_117' title="bbox 2003 5473 3603 5547">
     <span class='ocr_line' id='line_1_117' title="bbox 2003 5473 3603 5547; baseline 0.001 -18"><span class='ocrx_word' id='word_1_751' title='bbox 2003 5474 2378 5544; x_wconf 87' lang='lat' dir='ltr'>temporaliter</span> <span class='ocrx_word' id='word_1_752' title='bbox 2414 5473 2784 5539; x_wconf 89' lang='lat' dir='ltr'>blandiuntur,</span> <span class='ocrx_word' id='word_1_753' title='bbox 2828 5474 3116 5542; x_wconf 84' lang='lat' dir='ltr'>extollant,</span> <span class='ocrx_word' id='word_1_754' title='bbox 3158 5491 3334 5547; x_wconf 90' lang='lat' dir='ltr'>neque</span> <span class='ocrx_word' id='word_1_755' title='bbox 3374 5475 3603 5530; x_wconf 89' lang='lat' dir='ltr'>adversa</span> 
     </span>
    </p>
   </div>
   <div class='ocr_carea' id='block_1_118' title="bbox 2003 5561 3602 5636">
    <p class='ocr_par' dir='ltr' id='par_1_118' title="bbox 2003 5561 3602 5636">
     <span class='ocr_line' id='line_1_118' title="bbox 2003 5561 3602 5636; baseline 0.001 -17"><span class='ocrx_word' id='word_1_756' title='bbox 2003 5563 2289 5634; x_wconf 87' lang='lat' dir='ltr'>dejiciant;</span> <span class='ocrx_word' id='word_1_757' title='bbox 2316 5562 2413 5617; x_wconf 90' lang='lat' dir='ltr'>sed</span> <span class='ocrx_word' id='word_1_758' title='bbox 2444 5561 2703 5634; x_wconf 89' lang='lat' dir='ltr'>quidquid</span> <span class='ocrx_word' id='word_1_759' title='bbox 2740 5562 2871 5617; x_wconf 90' lang='lat' dir='ltr'>illud</span> <span class='ocrx_word' id='word_1_760' title='bbox 2902 5561 3079 5627; x_wconf 83' lang='lat' dir='ltr'>fuerit,</span> <span class='ocrx_word' id='word_1_761' title='bbox 3112 5562 3304 5618; x_wconf 87' lang='lat' dir='ltr'>virtute</span> <span class='ocrx_word' id='word_1_762' title='bbox 3334 5563 3602 5636; x_wconf 70' lang='lat' dir='ltr'>patientia:</span> 
     </span>
    </p>
   </div>
  </div>
