4028 6180
471 257 578 311 799

1720 249 1948 308 JOANN
1954 250 2017 306 IS
2072 249 2267 306 PAPIE
2326 252 2464 307 Vill.

3688 255 3796 310 800

471 377 783 435 devincant.
815 377 1035 434 Nullum
1064 378 1208 450 apud
1243 388 1293 432 te
1322 377 1500 432 locum
1533 376 1677 441 odia,
1710 375 1890 431 nullus
1920 374 2078 429 favor
2103 375 2252 436 Atui
2292 385 2343 429 et
2383 376 2466 430 sui
2523 376 2756 433 senioris
2810 376 3187 433 inﬁdelitatem
3207 421 3219 443 ,
3275 378 3543 447 justitiam
3586 377 3792 434 facere.

475 467 801 524 indiscretus
832 466 1087 522 inveniat.
1123 466 1233 522 Sub
1261 481 1327 521 ea
1356 464 1608 520 videlicet
1638 465 1845 519 ratione
1874 478 2078 518 conce-

476 555 657 613 dimus
704 555 1029 611 fraternitati
1074 564 1179 610 tua:
1208 563 1261 609 ut
1294 571 1326 609 a
1354 553 1650 609 secretario
1696 567 1867 625 usque
1896 552 1963 605 ad
1993 568 2079 606 sa-

478 660 631 699 crum
662 644 852 708 altare,
887 652 938 698 et
966 643 1034 697 ab
1066 643 1224 697 altari
1268 658 1441 714 usque
1478 642 1546 696 ad
1588 641 1961 707 secretarium,
1998 639 2078 693 si-

479 735 586 791 cuti
625 735 805 806 prisca
860 731 1059 787 exstitit
1114 732 1364 803 palleatis
1403 729 1524 804 [pro
1561 730 1833 801 palliatis,
1873 727 2077 800 ΗΑΜ).]

479 822 813 879 consuetudo
840 865 852 886 ,
896 820 1044 875 indui
1078 820 1299 875 debeas.
1346 821 1678 877 .tuctoritate
1718 827 1897 874 autem
1936 817 2079 872 beati

474 904 617 967 Petri
665 910 1032 981 apostolorum
1088 908 1351 980 principis
1398 908 1674 964 licentiam
1724 907 1918 961 diebus
1958 905 2080 961 vita:

476 1009 579 1055 tua:
607 999 708 1053 sub
732 1000 857 1069 jure
889 1006 940 1051 et
971 997 1174 1052 ditione
1223 1005 1429 1063 nostra,
1464 1005 1519 1050 ut
1552 996 1817 1060 diximus,
1850 995 2076 1049 habeas.

477 1087 691 1143 Nullum
733 1103 887 1140 usum
920 1085 1005 1140 vel
1044 1085 1495 1142 consuetudinem
1536 1083 1946 1140 successoribus
1977 1082 2081 1136 tuis

475 1193 572 1248 per
600 1177 704 1231 hoc
734 1184 977 1229 nostrum
1009 1174 1102 1228 tibi
1133 1190 1457 1229 concessum
1480 1172 1834 1243 apostolicum
1866 1171 2081 1242 privile-

474 1265 624 1339 gium
655 1264 859 1319 habere
890 1262 1217 1318 censuimus.
1254 1263 1319 1316 Et
1363 1278 1539 1333 neque
1579 1261 1866 1332 episcopus
1905 1259 2081 1314 archi-

476 1353 876 1424 episcopusque
908 1351 1170 1405 adversus
1199 1359 1250 1404 te
1282 1366 1383 1420 pro
1413 1351 1515 1403 hoc
1547 1348 1912 1404 altercationis
1944 1363 2081 1402 con-

478 1442 768 1496 tentionem
810 1446 1166 1495 commoveat.
1212 1437 1309 1503 ita,
1353 1437 1583 1492 Domino
1623 1444 1845 1509 regente
1884 1444 1935 1489 et
1974 1453 2081 1508 gu-

479 1530 736 1584 bernante
766 1543 864 1582 cor
893 1534 1060 1592 tuum,
1095 1526 1442 1581 commissam
1475 1526 1696 1595 exsequi
1726 1524 2078 1597 gubernatio-

479 1634 605 1671 nem
662 1616 912 1686 studeas,
974 1623 1060 1681 ut,
1123 1614 1319 1684 adepto
1375 1614 1535 1682 hujus
1590 1613 1815 1668 honoris
1872 1611 2080 1678 ofﬁcio,

2183 462 2535 536 Quapropter
2563 466 2841 521 hortantes
2871 466 3150 531 mittimus.
3174 466 3587 538 apostolicaque
3617 474 3798 522 aucto-

2182 551 2344 606 ritate
2389 552 2674 622 jubemus,
2716 563 2773 608 ut
2808 554 2876 610 ad
2923 556 3028 609 hoc
3079 554 3364 625 placitum,
3416 554 3487 610 ad
3538 555 3793 626 huncque

2180 650 2510 695 conventum
2547 642 2965 713 praesentialiter
2994 642 3183 697 venire
3213 649 3466 715 satagas,
3514 642 3795 698 adducens

2184 736 2362 784 tecum
2393 730 2682 785 Girardum
2714 730 3119 795 vicecomitem.
3157 731 3480 787 Umbertum
3501 774 3515 795 ,
3551 734 3793 803 Aguvar-

2183 834 2333 883 num,
2368 817 2756 889 lngelbertum,
2790 835 2958 889 super
2985 835 3122 891 quos
3152 820 3269 890 ipse
3299 818 3584 887 reclamat,
3610 828 3794 890 quate-

2184 922 2286 960 nus
2317 923 2460 962 nunc
2488 923 2672 962 coram
2703 908 2862 962 nobis
2894 917 2947 962 et
2974 923 3162 963 coram
3195 923 3342 978 szepe
3372 908 3519 963 dicto
3548 908 3791 980 glorioso

2183 1010 2337 1066 rege,
2371 1004 2479 1049 tam
2508 995 2770 1051 canonica
2802 1012 3039 1051 censura
3072 1011 3343 1069 quamque
3374 997 3636 1051 humana
3662 996 3793 1067 legis

2184 1083 2415 1145 sancitu,
2449 1084 2591 1137 inter
2621 1101 2738 1149 vos,
2765 1085 3028 1156 quidquid
3059 1093 3251 1140 contra
3281 1084 3364 1139 fas
3394 1093 3451 1139 et
3473 1086 3568 1154 jus
3600 1083 3795 1139 factum

2184 1171 2362 1231 fuerit.
2399 1172 2748 1226 nihilominus
2781 1173 3018 1228 ﬁniatur.
3054 1174 3194 1228 Data
3222 1177 3287 1229 ut
3315 1190 3513 1245 supra.

2895 1262 3071 1316 CLVI.

2801 1352 2981 1411 (Anno
3013 1353 3163 1419 8‘78.)

2430 1440 2705 1495 Bcrnardi
2735 1442 2958 1495 comitis
2997 1441 3544 1496 excommunicatio.

2257 1527 2594 1581 Bernardum
2624 1527 2973 1599 sacrilegum,
3000 1526 3169 1582 ﬁlium
3200 1528 3462 1583 Bernardi
3493 1538 3547 1583 et
3585 1528 3797 1584 Belihil-

2185 1616 2268 1669 dis
2290 1657 2304 1684 ,
2339 1631 2613 1670 sacrarum
2660 1631 2838 1670 rerum
2868 1616 3365 1673 ecclesiasticarum
3404 1632 3797 1688 pervaserem,

480 1706 745 1779 dignitate
800 1713 851 1759 et
910 1703 1177 1774 probitate
1245 1718 1454 1757 morum
1521 1702 1750 1773 amplius
1817 1716 2082 1772 procures
2114 1703 2464 1789 Bregiteque
2496 1719 2528 1758 a
2562 1706 2674 1759 Deo
2704 1705 2968 1760 ordinata:
3013 1706 3265 1775 potestati
3312 1705 3795 1774 contradictorem,

482 1793 763 1849 adornari.
819 1792 1086 1863 Scriptum
1125 1808 1221 1862 per
1258 1806 1478 1845 manum
1538 1789 1763 1863 Georgii
1817 1789 2084 1845 scriniarii

482 1883 540 1938 S.
570 1883 633 1937 Β.
667 1882 731 1936 Ε.
766 1882 819 1935 in
852 1896 1039 1936 mense
1088 1879 1430 1950 Septembrio
1475 1878 1769 1933 indictione
1814 1893 1914 1933 xu.
1950 1878 2086 1934 Data

486 1986 582 2025 vm
612 1971 738 2025 ldus
766 1969 1102 2041 Septembris
1134 1985 1230 2039 per
1260 1984 1478 2023 manum
1500 1967 1772 2037 Walperti
1800 1966 2085 2021 humillimi

483 2059 726 2132 episcopi
756 2066 959 2114 sanctae
988 2058 1303 2113 Portnensis
1342 2056 1624 2122 Ecclesiae,
1657 2071 1821 2120 anno,
1856 2056 2087 2111 Domino

482 2148 735 2220 propitio,
769 2144 1115 2219 pontiﬁcatus
1163 2144 1367 2201 domini
1415 2144 1583 2199 nostri
1631 2144 1853 2199 Joannis
1891 2144 2086 2198 summi

477 2235 750 2309 pontiﬁcis
789 2244 842 2291 et
886 2234 1208 2290 universalis
1256 2250 1409 2306 papae
1446 2233 1501 2287 in
1544 2232 1907 2287 sacratissima
1957 2231 2087 2287 sede

484 2326 623 2380 beati
660 2325 807 2380 Petri
844 2323 1077 2396 apostoli
1115 2332 1268 2378 sexto
1293 2366 1306 2389 ,
1357 2321 1649 2376 indictione.
1697 2336 1796 2375 xu.
1847 2321 1955 2376 Hoc
2002 2325 2088 2376 est

484 2430 635 2470 anno
666 2415 789 2467 8'78.
833 2413 1027 2468 l'crum
1068 2415 1171 2467 aut
1208 2410 1527 2483 September
1556 2411 1617 2463 in
1647 2409 1955 2470 Octobrem.
1985 2413 2089 2464 aut

484 2501 721 2558 indictio
742 2516 823 2556 xu
846 2502 907 2557 in
933 2516 993 2555 χι
1022 2499 1328 2566 mutanda,-
1358 2498 1499 2571 quod
1528 2514 1603 2554 ex
1633 2497 1944 2571 privilegiis
1966 2496 2089 2553 Flo-

486 2592 751 2656 riacensi,
784 2588 1138 2646 Cabilonensi
1159 2589 1398 2661 aliisque
1418 2586 1618 2655 disces,
1646 2586 1778 2642 licet
1800 2602 1912 2641 non
1935 2585 2086 2656 difﬁ-

486 2680 713 2731 teamur
732 2676 793 2730 in
828 2673 1080 2746 antiquis
1110 2671 1510 2745 diplomatibus
1545 2670 1913 2727 indictione-in
1947 2685 2087 2725 nou-

484 2779 780 2836 mmquam
811 2778 981 2834 usque
1008 2762 1081 2817 ad
1109 2761 1367 2817 natalem
1411 2759 1623 2816 Christi
1666 2758 1814 2814 diem
1842 2761 1941 2813 aut
1970 2759 2088 2830 pri-

486 2852 577 2907 die
615 2851 892 2907 Kalendas
929 2851 1193 2906 Januarii
1232 2847 1494 2922 protendi
1538 2850 1604 2903 ab
1652 2847 1956 2904 incuriosis
1996 2850 2088 2901 ta-

493 2938 823 2994 bellionibus
862 2938 1197 2993 librariist'e.

1197 3025 1375 3079 CLIV.

1109 3115 1290 3184 (Anno
1331 3113 1480 3181 878.)

661 3204 1194 3262 Excommunicatio
1241 3202 1487 3274 [lagonis
1521 3204 1577 3257 et
1607 3201 1917 3257 Emmonis.

566 3294 854 3367 Hugonem
892 3292 1126 3348 Lotharii
1186 3289 1335 3363 regis
1397 3290 1670 3362 quondam
1726 3287 1930 3355 ﬁlium,
1983 3305 2091 3345 non

491 3382 814 3456 legitimum,
841 3382 937 3438 sed
959 3380 1255 3437 naturalem
1276 3379 1581 3435 adulterina
1602 3378 1798 3450 copula
1826 3378 2089 3450 genitum,

493 3472 586 3544 qui
614 3480 736 3543 post
779 3470 1076 3543 praestitum
1108 3476 1512 3525 sacramentum
1543 3463 1740 3523 dilecto
1770 3466 1879 3523 ﬁlio
1909 3466 2092 3523 Ludo-

493 3560 611 3616 vico
650 3559 769 3631 regi
808 3560 1139 3616 Francorum
1176 3557 1436 3614 mentitus
1474 3572 1596 3612 esse
1635 3556 1873 3625 videtur,
1915 3563 1967 3611 et
2004 3555 2092 3610 in-

490 3648 736 3721 quietare
776 3647 1062 3719 paciﬁcum
1100 3663 1328 3721 regnum
1369 3645 1615 3718 praedicti
1656 3645 1834 3716 regis;
1874 3653 1925 3699 et
1960 3645 2093 3699 Em-

491 3753 728 3806 monem,
760 3737 1025 3792 Bernardi
1056 3736 1270 3793 comitis
1309 3750 1652 3807 germanum,
1686 3733 2009 3805 complicem
2039 3732 2093 3788 in

491 3826 810 3883 excessibus
835 3870 848 3892 ,
889 3824 993 3880 nisi
1041 3826 1181 3879 intra
1220 3824 1339 3879 dies
1378 3823 1595 3894 triginta
1652 3822 1721 3877 ad
1778 3822 2093 3893 praedictum

494 3915 762 3969 seniorem
804 3929 959 3967 suum
1000 3912 1292 3977 redierint,
1334 3920 1384 3965 et
1425 3912 1494 3965 ab
1533 3910 1903 3982 inquietudine
1942 3910 2094 3982 regni

495 4000 841 4071 resipuerint,
877 4001 1021 4055 omni
1053 4000 1358 4056 Christiana
1383 3998 1764 4054 communione
1791 3998 2092 4069 privamus.

496 4088 845 4143 Postmodum
877 4088 921 4142 si
951 4087 1441 4160 perseveraverint,
1466 4087 1635 4141 sciant
1657 4102 1715 4140 se
1735 4087 2095 4141 anathematis

497 4177 728 4233 vinculis
757 4177 1115 4232 innodandos.
1155 4178 1311 4241 Data,
1345 4185 1449 4230 etc.

921 4371 993 4409 AD
1025 4368 1363 4409 BEBNARDUI
1392 4368 1665 4407 οοιιιτιζιι.

908 4447 911 4451 ⁴
1106 4426 1287 4494 (Ληηο
1327 4426 1477 4495 8'18.)

494 4517 657 4575 lubet
684 4520 750 4571 ut
785 4515 904 4587 ipse
933 4531 1064 4570 cum
1100 4515 1232 4569 aliis
1266 4514 1595 4587 quibusdam
1625 4513 1697 4587 ad
1726 4512 1995 4587 synodum
2015 4528 2096 4587 vc-

567 4589 716 4655 niat,
750 4584 821 4641 iri
880 4602 952 4641 ua
993 4584 1287 4641 Fromrius
1314 4585 1685 4639 Bituricensis
1719 4586 2010 4654 episcopus
2029 4584 2096 4638 de

568 4658 778 4712 obiecto
793 4604 1575 4712 siZiinlidelitatis'crimine.
1612 4671 1853 4712 Dur-care
1874 4671 1930 4708 se
1964 4655 2096 4711 vole-

568 4658 778 4785 zbjéecto
793 4655 898 4713 sibi
917 4655 1575 4727 inﬁdelitatisicrimine,
1607 4671 1853 4727 purgare
1874 4671 1930 4708 se
1964 4655 2098 4711 vale.

601 4746 635 4784 α
669 4772 681 4782 .

570 4818 874 4873 ΒιςιιΝΑιοο
912 4816 1115 4872 comiti.

572 4905 758 4960 Relatu
792 4904 1043 4961 videlicet
1075 4902 1308 4959 hominis
1355 4901 1630 4973 pontiﬁcio
1660 4910 1849 4956 nostro
1880 4901 2098 4956 nuntia-

498 5004 610 5049 tum
642 5000 725 5047 est
755 4993 900 5064 quod
931 4992 1206 5047 Frotarius
1237 4990 1563 5048 venerabilis
1596 4990 1886 5061 episcOpus
1916 4990 2100 5045 civita-

497 5092 604 5138 tem
637 5080 931 5151 Biturigum
960 5080 1192 5135 inimicis
1223 5079 1386 5134 vestri
1415 5079 1643 5134 senioris
1680 5078 1884 5134 domini
1916 5078 2098 5133 Ludo-

496 5171 599 5227 vici
629 5169 853 5241 gloriosi
894 5168 1039 5240 regis
1077 5170 1296 5223 tradere
1337 5168 1612 5231 maluerit,
1653 5168 1776 5223 ideo
1816 5168 1943 5222 illuc
1984 5167 2100 5237 ipse

499 5259 829 5315 contendere
880 5257 1185 5312 studueras.
1235 5258 1378 5312 Ecce
1418 5256 1560 5311 enim
1600 5255 1744 5310 idem
1778 5256 1887 5325 jam
1928 5255 2103 5310 dictus

501 5348 787 5417 episcOpus
818 5346 993 5410 nobis,
1024 5353 1208 5400 nostro
1241 5352 1293 5399 et
1321 5344 1430 5398 ﬁlio
1481 5343 1703 5414 praefato
1747 5344 1862 5416 regi
1901 5343 2104 5414 glorio-

504 5434 740 5493 sissimo.
776 5450 941 5504 super
971 5434 1072 5488 hoc
1105 5432 1396 5487 reclamare
1430 5432 1649 5499 studuit,
1674 5431 1861 5486 dicens
1884 5448 1941 5486 se
1965 5431 2105 5485 velle

504 5523 560 5584 in
589 5522 840 5577 omnibus
886 5522 979 5576 tibi
1011 5532 1062 5574 et
1091 5522 1196 5577 tuis
1225 5522 1295 5576 de
1331 5519 1600 5579 universis
1643 5519 1870 5589 objectis
1915 5528 2104 5577 eontra

2126 4442 2176 4501 D

2188 1808 2221 1848 ι
2244 1792 2462 1863 proprio
2491 1791 2907 1863 archiepiscopo
2945 1793 3207 1856 Frotario,
3241 1794 3327 1849 cui
3359 1802 3413 1848 et
3440 1794 3726 1849 civitatem
3752 1804 3801 1851 et

2188 1880 2366 1935 omnia
2396 1897 2519 1952 qua:
2563 1881 2751 1935 habuit
2794 1881 3026 1944 sustulit.
3057 1881 3216 1936 tertio
3245 1890 3522 1947 vocatum,
3553 1898 3586 1936 a
3617 1892 3799 1938 nostra

2190 1977 2370 2024 autem
2400 1968 2698 2039 apostolica
2726 1970 3049 2025 auctoritate
3078 1969 3180 2033 bis,
3216 1978 3269 2024 et
3301 1986 3333 2024 a
3366 1971 3521 2042 regia
3554 1970 3800 2026 sublimi-

2190 2065 2299 2112 tate
2339 2058 2510 2113 semel
2553 2066 2881 2122 revocatum,
2913 2059 3101 2113 venire
3150 2058 3423 2114 nolentem
3456 2067 3511 2113 et
3540 2060 3601 2114 in
3630 2060 3799 2131 perti-

2190 2146 2348 2201 nacia
2392 2163 2487 2200 sua
2526 2155 2983 2217 permanentem:
3020 2146 3109 2217 qui
3159 2147 3319 2203 etiam
3367 2146 3436 2201 ab
3488 2148 3799 2204 hominibus

2190 2236 2303 2289 suis
2351 2244 2747 2290 sacramentum
2789 2235 3097 2290 damnabile
3127 2244 3181 2290 et
3211 2235 3610 2307 damnandum,
3644 2236 3799 2293 blan-

2190 2324 2334 2379 ditiis
2372 2332 2424 2379 et
2464 2324 2768 2378 terroribus
2808 2324 3091 2395 tyrannica
3147 2332 3339 2380 contra
3377 2324 3568 2379 divina
3607 2334 3661 2380 et
3697 2327 3800 2381 bu-

2190 2428 2351 2467 mana
2390 2412 2513 2480 jura
2560 2412 2802 2477 extorsit,
2834 2427 2863 2465 a
2895 2427 3121 2482 corpore
3166 2421 3217 2466 et
3266 2414 3541 2486 sanguine
3585 2412 3797 2469 Domini

2191 2500 2362 2556 nostri
2391 2500 2518 2555 Jesu
2549 2499 2746 2555 Christi
2789 2499 3025 2555 alienum
3069 2500 3435 2568 decernimus,
3468 2509 3527 2555 et
3554 2502 3629 2556 ab
3657 2502 3801 2557 omni

2192 2588 2614 2644 Christianorum
2658 2589 2918 2644 societate
2966 2603 3304 2659 separamus,
3339 2605 3516 2662 usque
3563 2590 3697 2645 dum
3734 2591 3800 2646 ad

2189 2676 2519 2749 condignam
2594 2676 3019 2732 satisfactionem
3092 2678 3485 2733 emendaturus
3559 2680 3797 2734 accedat.

2192 2764 2350 2834 Quod
2403 2764 2449 2818 si
2499 2782 2601 2820 nec
2656 2765 2742 2821 hic
2799 2765 3205 2834 emendaverit,
3267 2775 3321 2821 et
3378 2782 3444 2821 ea
3503 2784 3630 2839 qua
3683 2782 3801 2823 reus

2192 2854 2349 2909 adco-
2385 2854 2657 2910 communi
2707 2853 2914 2923 judicio
2970 2870 3194 2909 suorum
3246 2851 3492 2910 fidelium
3549 2854 3799 2919 abstulit.

2194 2942 2459 2998 violenter
2501 2950 2687 2997 tenere
2736 2951 2789 2997 et
2833 2942 3080 2997 ﬁdelibus
3128 2942 3241 2998 suis
3280 2944 3336 2997 in
3375 2945 3480 2999 hoc
3535 2943 3801 3016 refragari

2194 3030 2502 3094 tentaverit,
2537 3032 2893 3086 anathematis
2923 3030 3139 3086 vinculo
3172 3031 3345 3087 sancti
3375 3031 3617 3103 Spiritus
3648 3032 3802 3105 [adde

2194 3118 2538 3192 auctoritate]
2568 3119 2914 3175 innodamus.
2948 3118 3270 3192 Quicunque
3319 3127 3505 3175 autem
3536 3122 3590 3177 ei
3620 3130 3803 3176 contra

2195 3208 2331 3264 hanc
2359 3207 2972 3264 excommunicationem
3003 3209 3532 3265 communicaverint
3559 3218 3653 3265 aut
3679 3214 3804 3265 con-

2195 3298 2484 3363 senserint,
2518 3314 2620 3352 nos
2664 3297 2959 3369 prohibere
3008 3312 3118 3353 non
3165 3312 3457 3368 possumus
3492 3307 3551 3352 ut
3581 3298 3675 3371 qui
3704 3313 3800 3353 ex-

2194 3386 2609 3442 communicatis
2637 3385 3187 3453 communicaverunt,
3204 3401 3312 3442 non
3343 3387 3462 3457 pari
3493 3402 3783 3443 excommu

2197 3474 2451 3530 nicationi
2484 3474 2816 3544 subjaceant.

2890 3572 3091 3629 CLVII.

2293 3677 2364 3715 AD
2405 3676 2743 3717 ADALABDUI
2781 3676 3260 3716 Αιοιιιειηδοορυκ
3297 3676 3699 3717 τεκοκιςκεειι.

2816 3753 2997 3820 (Αυηο
3031 3751 3180 3819 878.)

2200 3839 2507 3907 Confirmat
2549 3840 2845 3909 privilegia
2876 3838 3139 3895 Ecclesia:
3176 3840 3487 3895 Turonensi
3517 3855 3800 3896 concessa.

2270 3928 2743 3982 lievereudissimo
2773 3935 2825 3982 et
2856 3927 3198 3983 sanctissimo
3229 3930 3541 3983 Autumno
3574 3943 3801 3984 venera-

2197 4016 2290 4069 bili
2320 4015 2730 4087 archiepiscopo
2761 4016 3085 4084 Turonensi,
3117 4015 3649 4088 successoribusque
3678 4016 3799 4085 tuis,

2197 4120 2300 4159 nec
2333 4119 2439 4160 non
2469 4113 2523 4158 et
2549 4104 2803 4159 omnibus
2834 4103 3085 4159 ﬁdelibus
3132 4112 3331 4160 sancta:
3376 4104 3476 4159 Dei
3522 4105 3800 4173 Ecclesise,

2199 4193 2561 4263 praesentibus
2589 4193 2793 4249 scilicet
2824 4201 2989 4264 atque
3017 4192 3232 4247 futuris.

2269 4283 2438 4337 Decet
2485 4282 2782 4337 Romanam
2832 4281 3158 4347 Ecclesiam,
3205 4297 3327 4351 quae
3368 4289 3548 4337 mater
3576 4292 3658 4338 est
3684 4299 3803 4338 om-

2198 4370 2347 4424 nium
2377 4370 2477 4426 Dei
2500 4369 2887 4435 Ecclesiarum,
2909 4379 2965 4423 ut
2986 4378 3188 4442 quanta
3209 4370 3355 4442 viget
3375 4370 3648 4440 dignitate
3668 4387 3805 4442 pra-

2199 4458 2360 4523 clara,
2380 4476 2446 4513 eo
2466 4458 2640 4529 magis
2656 4458 2920 4515 consistat
2935 4459 2990 4512 in
3007 4458 3382 4514 misericordia
3402 4458 3516 4528 pia,
3537 4468 3806 4530 quatenus

2199 4563 2321 4617 qua:
2349 4546 2514 4619 digna
2558 4547 2897 4617 postulantur
2926 4563 2957 4600 a
2988 4545 3262 4613 ﬁdelibus,
3313 4546 3430 4601 sine
3474 4562 3637 4602 mora
3680 4562 3802 4602 cum

2198 4635 2397 4706 pietate
2427 4635 2612 4708 largiri
2661 4644 2974 4690 mereantur
3003 4651 3030 4687 a
3062 4634 3238 4690 nobis.
3272 4632 3531 4689 Omnium
3562 4643 3803 4690 vestrum

2201 4722 2607 4792 religiositatem
2635 4722 2885 4782 volumus
2916 4726 3058 4781 scire
3087 4726 3321 4783 ﬁdeliter
3366 4729 3630 4800 quoniam
3674 4746 3801 4801 pne-

2200 4811 2407 4882 sbyteri
2436 4811 2691 4866 dimcesis
2720 4813 2974 4870 Turonici
3013 4816 3142 4886 pagi
3172 4817 3240 4871 ad
3272 4826 3517 4872 nostrum
3548 4833 3802 4875 accesse-

2202 4907 2325 4953 runt
2353 4898 2709 4970 pontiﬁcium,
2744 4911 3107 4974 suggerentes
3136 4913 3193 4959 ut
3223 4903 3569 4961 ﬁrmaremus
3597 4915 3805 4979 aposto-

2202 4988 2308 5044 lica
2354 4989 2673 5045 auctoritate
2713 4990 2818 5044 illis
2848 5000 2897 5046 et
2928 4992 3226 5062 capitulare
3277 5009 3470 5066 regum
3501 5005 3555 5050 et
3586 4996 3803 5065 coepis-

2203 5092 2463 5147 coporum
2514 5078 2809 5147 scriptum,
2844 5087 2899 5134 ut
2941 5080 3138 5135 debeat
3184 5097 3527 5153 unaquaeque
3576 5083 3805 5139 ecclesia

2203 5165 2480 5235 praprium
2530 5182 2777 5221 mansum
2825 5168 3024 5223 habere
3051 5184 3175 5223 cum
3218 5171 3506 5242 mancipiis
3556 5180 3803 5243 quatuor.

2206 5253 2410 5318 vineas,
2439 5255 2731 5325 aripennos
2752 5264 2882 5321 tres,
2906 5265 3057 5327 prata
3078 5258 3343 5323 similiter,
3361 5267 3415 5313 et
3430 5259 3805 5316 caemeterium

2205 5358 2328 5397 cum
2375 5343 2768 5409 mansionibus,
2813 5345 2930 5399 sine
2978 5346 3250 5416 personali
3295 5357 3348 5403 et
3390 5348 3537 5404 civili
3578 5363 3806 5404 munere

2206 5431 2495 5503 exigendo.
2550 5433 2652 5487 nisi
2706 5434 2889 5489 divino
2944 5434 3285 5490 solummodo
3325 5437 3376 5491 in
3416 5436 3807 5493 ecclesiasticis

2206 5519 2370 5577 rebus
2400 5520 2684 5597 obsequio,
2719 5522 2874 5580 sicuti
2903 5538 3175 5579 canonum
3219 5524 3400 5597 prisca
3430 5525 3718 5580 auctoritas
3752 5533 3808 5585 et
