4028 6180
227 269 326 321 SOI

1440 263 1794 322 ΕΡΙΞΤΟΙΛΞ
1851 258 1938 318 ΕΤ
1996 263 2338 323 DECRETA.

3430 269 3532 322 802

223 390 496 446 moderns
523 380 772 446 concedit
806 407 819 442 :
853 387 943 444 ubi
974 407 1101 445 vero
1132 406 1222 444 res
1250 391 1541 444 nominata:
1589 387 1828 460 antiqui-
1859 397 1910 454 Α
2005 393 2265 465 ρκωσὶρὶι
2297 396 2359 449 ut
2391 395 2443 448 ei
2474 392 2736 463 deinceps
2764 392 3009 462 pareant
3041 394 3096 446 et
3119 389 3456 446 delictorum
3477 391 3544 446 ab

223 489 316 534 tus
347 479 669 535 condonatae
699 485 750 534 et
777 478 1042 534 moderno
1081 487 1327 550 tempore
1375 479 1666 534 abstracta:
1713 493 1836 533 esse

222 567 498 635 videnlur,
545 565 843 638 pontiﬁcali
885 567 1203 622 auctoritate
1252 575 1305 622 et
1348 567 1521 640 regali
1573 573 1836 637 potestate
1912 578 1921 586 ‘

227 654 349 710 sine
378 670 532 710 mora
563 654 744 726 aliqua
774 663 867 710 aut
885 655 1136 710 tarditate
1159 655 1534 710 restituantur.
1575 655 1688 710 Nos
1719 654 1840 708 illo-

227 760 351 799 rum
379 743 633 815 precibus
661 743 924 807 inclinati,
966 743 1238 811 volumus,
1289 743 1698 815 apostolicaque
1743 758 1838 796 au-

226 832 481 888 ctoritate
529 848 786 902 expresse
827 831 1102 901 jubemus,
1153 840 1209 886 ut
1255 831 1480 903 praefata
1531 831 1754 903 scripta,
1805 847 1838 884 a

226 929 418 975 nostro
467 918 745 991 pontificio
789 919 1000 981 delata,
1061 938 1089 973 a
1135 919 1479 991 coepiscOpis
1527 919 1755 986 firmata,
1807 937 1837 972 a

227 1009 453 1082 regibus
467 1009 644 1078 jussa,
661 1009 764 1064 sint
787 1017 904 1063 rata
925 1017 976 1063 et
997 1009 1174 1064 modis
1195 1009 1448 1064 omnibus
1467 1007 1834 1063 observanda.

227 1098 287 1153 Si
327 1097 452 1169 quis
508 1097 669 1166 hujus
713 1097 1029 1168 apostolica:
1072 1113 1321 1153 censurae
1364 1095 1652 1152 temerario
1698 1111 1837 1150 ausu

226 1185 465 1240 violator
493 1184 778 1250 exstiterit,
813 1185 858 1240 si
891 1186 1148 1242 sacerdos
1179 1185 1360 1250 fuerit,
1383 1185 1604 1257 proprio
1633 1185 1838 1239 honore

227 1274 492 1344 privetur,
525 1283 578 1327 ct
609 1272 915 1328 Christiana
947 1273 1327 1329 communione
1375 1290 1562 1329 cassus
1608 1273 1836 1327 anathe-

229 1362 394 1417 matis
424 1361 642 1418 vinculo
671 1361 1000 1429 innodetur;
1035 1363 1079 1417 si
1101 1361 1294 1428 laicus,
1317 1361 1566 1417 similiter
1579 1368 1840 1432 perpetua

229 1450 580 1506 damnatione
611 1465 736 1506 cum
765 1450 904 1505 Juda
933 1450 1197 1506 traditore
1231 1459 1547 1522 torqueatur
1580 1467 1593 1503 :
1625 1465 1840 1504 conser-

233 1546 392 1593 vator
420 1553 556 1594 vero
583 1537 814 1609 perenni
841 1539 1222 1594 benedictione
1243 1538 1610 1608 apostolorum
1644 1535 1841 1608 princi-

231 1643 360 1698 pum
393 1626 532 1682 Petri
563 1636 616 1681 et
646 1626 796 1680 Pauli
825 1626 1001 1681 modis
1031 1627 1285 1681 omnibus
1315 1624 1637 1698 perfruatur.

919 1731 1144 1789 CLVIII.

665 1837 735 1876 AD
777 1836 1044 1876 DIVBISOS
1090 1835 1404 1876 RPISCOPOS.

861 1911 1041 1972 (Anno
1072 1911 1222 1971 8’78.)

237 2003 302 2058 Ut
331 2002 622 2056 invasores
653 1998 928 2054 bonorum
954 1999 1219 2054 Ecclesia:
1270 1998 1610 2054 Turonensis
1643 1998 1852 2068 cogant

453 2069 703 2132 reddere,
728 2073 784 2124 et
815 2085 994 2126 nonas
1026 2085 1092 2124 ac
1122 2069 1370 2124 decimas
1398 2069 1631 2124 solvere.

307 2157 802 2214 Revercndissimis
832 2165 886 2212 et
929 2156 1283 2211 sanctissimis
1337 2157 1622 2211 Fnonnio
1670 2153 1850 2208 archi-

236 2245 502 2319 episcopo
577 2245 923 2320 Biturigensi,
986 2254 1040 2300 et
1097 2248 1366 2300 Assumo
1423 2241 1850 2304 Lemovicensi;

237 2335 529 2390 unorsum
551 2333 878 2400 Pictavensi,
893 2334 1116 2388 Donoxi
1135 2333 1534 2395 Andecavensi,
1551 2331 1854 2386 Rorannro

237 2422 662 2488 Cenomanensi,
693 2422 1099 2476 HILDEPIMNDO
1130 2421 1381 2493 Sagiensi
1412 2419 1707 2492 episcOpis,
1752 2434 1854 2472 nec

238 2527 350 2567 non
381 2519 435 2567 et
461 2510 582 2566 aliis
612 2510 862 2566 omnibus
893 2510 1165 2582 episcopis
1193 2518 1245 2565 et
1269 2509 1574 2577 comitibus,
1621 2507 1853 2578 aliisque

239 2599 493 2671 personis
521 2598 845 2664 illustribus,
881 2607 1080 2654 sancta:
1118 2597 1221 2654 Dei
1266 2597 1530 2654 Ecclesia:
1575 2595 1848 2654 ﬁdelibus,

243 2687 297 2742 in
332 2703 565 2760 quorum
586 2687 858 2760 parochiis
879 2687 1049 2742 sancti
1067 2686 1309 2742 Mauricii
1329 2688 1507 2757 (nunc
1529 2685 1586 2740 S.
1611 2681 1848 2746 Gatiani,

245 2775 460 2847 Hann.)
489 2775 824 2831 Turonensis
852 2774 1115 2831 Ecclesia:
1143 2773 1344 2846 praedia
1372 2789 1496 2829 esse
1526 2772 1794 2829 videntur.

315 2863 568 2933 Quorum
625 2866 866 2920 omnium
927 2863 1252 2937 religiositas
1317 2879 1412 2918 seu
1475 2861 1850 2916 universorum

243 2961 536 3025 pernoscat
601 2951 835 3008 fidelitas
897 2951 1149 3024 quoniam
1175 2993 1189 3016 ,
1267 2958 1516 3006 narrante
1582 2946 1855 3004 Adelardo

244 3040 552 3097 venerabili
582 3039 1012 3111 archiepiscopo,
1047 3037 1379 3111 pontificium
1418 3046 1664 3094 nostrum
1709 3034 1854 3091 didi—

1867 1748 1919 1806 B

2010 463 2109 518 illo
2139 463 2360 519 veniam
2385 466 2607 536 petant.

2011 552 2214 606 Manes
2250 551 2469 607 Dolensi
2499 550 2778 622 episcOpo,
2815 565 2916 604 nec
2951 565 3058 604 non
3082 557 3130 603 ct
3154 549 3406 604 omnibus
3427 548 3541 621 epi-

1939 639 2121 710 scopis
2151 639 2490 705 Britannicis,
2525 655 2621 694 seu
2651 637 2923 693 universis
2943 646 3145 694 sanctae
3162 638 3262 694 Dei
3283 637 3545 693 Ecclesia“.-

1941 726 2211 782 fidelibus.

2012 816 2357 872 Sanctitatem
2388 833 2486 872 seu
2535 815 2849 870 fidelitatem
2892 815 3133 870 omnium
3182 832 3347 870 nosse
3393 817 3544 872 volu-

1940 921 2061 958 mus
2091 905 2218 976 quia
2247 905 2374 959 dum
2405 905 2592 960 Trecis
2631 904 2898 975 synodum
2943 904 3364 968 celebrarcmus,
3417 923 3547 978 sug-

1941 993 2188 1065 gestione
2218 992 2477 1049 Adelardi
2500 991 2894 1064 archiepiscopi
2918 993 3330 1049 consacerdotis
3352 994 3543 1060 nostri,

1939 1081 2246 1136 audivimus
2295 1082 2439 1154 quod
2488 1098 2583 1136 vos
2632 1089 2854 1136 matrem
2899 1090 3134 1136 vestram
3173 1083 3543 1138 Turonensem

1941 1170 2242 1226 Ecclesiam
2273 1169 2660 1241 despicientes,
2694 1170 2991 1224 secundum
3009 1170 3284 1242 antiquam
3317 1187 3551 1226 consue-

1941 1259 2180 1313 tudinem
2211 1257 2286 1312 illi
2317 1257 2542 1312 obedire
2572 1256 2820 1319 diﬁ'ertis,
2855 1266 2905 1311 et
2937 1257 3277 1331 privilegium
3323 1275 3352 1312 a
3390 1259 3548 1314 beato

1943 1347 2104 1402 Petro
2133 1346 2384 1418 apostolo
2413 1345 2490 1400 illi
2523 1362 2686 1416 supra
2718 1363 2816 1399 vos
2845 1362 3168 1401 concessum
3193 1346 3441 1418 frangere
3464 1364 3550 1404 co-

1943 1435 2146 1490 namini
2182 1478 2194 1497 ,
2253 1434 2604 1506 debitumque
2657 1435 2921 1489 honorem
2985 1433 3086 1504 ipsi
3140 1435 3550 1508 archiepiscopo

1942 1531 2123 1578 vestro
2151 1523 2445 1578 observare
2479 1522 2776 1594 negligitis,
2811 1531 2859 1576 et
2895 1523 3097 1576 malum
3140 1540 3302 1594 supra
3349 1525 3548 1578 malum

1941 1612 2210 1666 addentes
2256 1611 2519 1682 pracdicto
2549 1610 2714 1682 capiti
2747 1619 2923 1666 vestro
2957 1599 3162 1681 prsidia
3195 1611 3413 1666 auferre
3444 1628 3550 1668 non
3601 1627 3618 1646 ν

1944 1699 2265 1765 formidatis.
2319 1701 2463 1754 Inter
2511 1700 2625 1752 haec
2677 1699 2838 1753 etiam
2871 1741 2885 1762 ,
2949 1707 3001 1753 et
3049 1698 3274 1770 prmfato
3319 1701 3554 1771 antistite

1953 1796 2225 1853 narrante,
2259 1795 2312 1842 et
2340 1786 2461 1841 aliis
2491 1785 2834 1858 coepiscopis
2856 1786 3107 1841 similiter
3125 1787 3557 1857 conferentibus,

1951 1875 2256 1930 audivimus
2287 1883 2342 1929 ut
2373 1891 2470 1929 vos
2499 1891 2606 1929 non
2638 1874 2862 1946 antiquo
2893 1891 3042 1930 more
3069 1893 3098 1929 a
3129 1883 3310 1932 vestro
3349 1885 3556 1933 metro-

1951 1965 2192 2036 politano
2221 1963 2525 2020 consecrati
2554 1961 2813 2029 fuissetis,
2863 1965 2960 2018 sed
3009 1965 3251 2036 expulsis
3297 1965 3557 2038 legitimis

1953 2053 2225 2124 episcopis
2255 2053 2323 2106 de
2355 2051 2598 2121 sedibus,
2633 2051 2747 2105 sola
2774 2053 3010 2123 potentia
3038 2052 3196 2108 ducis
3226 2054 3392 2110 vestri
3421 2055 3558 2110 alter

1955 2142 2025 2196 ab
2055 2141 2222 2196 altero
2252 2148 2606 2196 consecratus
2635 2138 2752 2195 fuit.
2787 2139 2945 2209 Quod
2986 2141 3162 2195 mirati
3208 2141 3427 2209 fuimus,
3478 2152 3551 2206 et.

1955 2229 2000 2284 si
2031 2230 2102 2284 ita
2130 2237 2233 2298 est,
2266 2237 2472 2284 tantum
2505 2227 2658 2283 nefas
2686 2227 3006 2294 delebimus,
3031 2237 3084 2284 et
3116 2230 3429 2298 vindictam,
3451 2231 3555 2286 nisi

1955 2316 2345 2382 satisfeceritis,
2379 2317 2729 2372 nihilominus
2758 2317 3006 2372 dabimus
3040 2335 3054 2372 :
3086 2319 3212 2391 quia
3242 2335 3349 2374 non
3379 2327 3554 2390 pasto-

1957 2423 2068 2475 res,
2101 2405 2197 2460 sed
2229 2404 2508 2460 invasores
2541 2405 2706 2460 fuisse
2734 2405 3039 2461 cernimini.
3065 2405 3408 2479 Quapropter
3436 2425 3555 2464 mo-

1956 2511 2170 2558 nemus,
2203 2493 2604 2566 apostolicaque
2635 2495 2957 2550 auctoritate
3003 2513 3264 2567 expresse
3298 2496 3557 2570 praccipi-

1957 2600 2100 2648 mus,
2134 2591 2189 2637 ut
2219 2583 2286 2637 ad
2317 2599 2411 2638 cor
2439 2583 2743 2649 redeuntes,
2778 2584 2846 2638 ad
2877 2592 3108 2640 matrem
3154 2593 3392 2641 vestram
3422 2602 3557 2641 san-

1957 2679 2096 2726 ctam
2123 2672 2494 2726 Turonensem
2525 2671 2834 2727 Ecclesiam
2865 2673 3226 2740 revertamini,
3270 2682 3323 2729 et
3351 2691 3555 2732 secun-

1958 2760 2087 2815 dum
2117 2759 2392 2831 antiquam
2421 2759 2868 2816 consuetudinem
2900 2760 2974 2816 illi
3005 2761 3232 2817 obedire
3269 2764 3550 2835 satagatis,

1959 2856 2007 2902 et
2039 2848 2108 2903 de
2138 2855 2447 2920 perpetrato
2475 2849 2736 2903 hactenus
2767 2849 2869 2921 ipsi
2915 2858 3096 2906 vestro
3144 2851 3555 2924 archiepiSCOpO

1960 2935 2230 2992 Adelardo
2277 2935 2702 2992 misericordiam
2753 2938 3030 3010 quteratis,
3081 2947 3353 3012 quatenus
3394 2958 3559 3012 super

1959 3024 2210 3079 omnibus
2231 3024 2582 3097 negligentiis
2601 3025 2742 3096 apud
2759 3044 3026 3082 summum
3049 3027 3328 3084 Arbitrum
3347 3029 3557 3084 veniam

242 3130 318 3187 εει
349 3129 582 3204 qualiter
611 3097 851 3201 quida'm,
885 3097 1092 3201 εῇεᾷιςε
1121 3127 1302 3202 legum
1333 3127 1574 3183 omnium
1613 3123 1855 3181 auctori-
1885 3097 1935 3161 C
1957 3110 2157 3204 habere
2184 3109 2423 3204 possitis.
2467 3108 2829 3204 Quoniam-si
2877 3112 3036 3204 aliter
3079 3111 3338 3204 feceritis,
3386 3130 3558 3171 cano-

246 3227 382 3280 tate,
431 3225 544 3272 tam
589 3217 818 3274 comites
861 3233 1129 3289 quamque
1179 3216 1376 3271 subditi
1421 3231 1632 3281 eorum,
1683 3212 1856 3269 sancti

245 3305 501 3362 Hauricii
528 3305 863 3360 Turonensis
891 3305 1154 3361 Ecclesia:
1184 3321 1271 3360 res
1302 3304 1519 3359 invasas
1539 3319 1677 3358 ausu
1695 3310 1858 3356 teme-

243 3395 398 3450 rario
427 3402 665 3449 teneant.
702 3393 857 3451 Unde
887 3393 1211 3448 mandamus
1237 3401 1532 3463 nostraque
1554 3389 1856 3462 apostolica

149 3507 158 3514 ο
243 3483 574 3540 auctoritate
603 3498 864 3553 expresse
887 3481 1142 3550 jubemus
1171 3489 1228 3536 ut
1266 3497 1362 3536 eos
1407 3480 1692 3535 invasores
1739 3477 1857 3548 pri-

244 3573 415 3628 mitus
444 3571 733 3638 moneatis,
765 3578 820 3625 ut
849 3570 996 3642 ipsas
1017 3586 1124 3634 res,
1149 3569 1298 3625 omni
1318 3569 1606 3625 occasione
1628 3575 1855 3631 remota,

246 3660 358 3734 ipsi
387 3659 633 3732 praefatae
663 3658 928 3714 Ecclesia:
960 3658 1196 3714 reddere
1242 3665 1531 3731 satagant;
1563 3665 1616 3712 et
1667 3655 1712 3710 si
1757 3650 1870 3725 ipsi

247 3747 394 3804 forte
425 3747 614 3803 audire
645 3745 937 3813 noluerint,
973 3762 1071 3802 vos
1100 3747 1386 3802 unanimes
1415 3762 1608 3800 omnes
1643 3759 1860 3814 unoque

246 3843 527 3894 conventu
573 3851 676 3907 pro
722 3850 886 3906 posse
934 3833 1175 3902 collecti,
1227 3842 1414 3888 nostra
1458 3848 1692 3889 censura
1737 3831 1860 3886 illos

248 3923 731 3982 excommunicare
758 3923 1024 3988 debeatis,
1056 3937 1339 3994 usquequo
1368 3921 1517 3992 ipsas
1562 3937 1652 3976 res
1684 3920 1752 3973 ab
1783 3919 1862 3974 eis

247 4013 454 4084 injuste
487 4020 725 4067 retentas
755 4011 1004 4066 reddant.
1039 4012 1106 4066 Et
1132 4010 1200 4077 si,
1229 4009 1374 4083 quod
1410 4025 1518 4064 non
1561 4009 1858 4074 credimus,

247 4102 338 4156 his
371 4101 624 4157 censuris
654 4099 1030 4154 inobedientes
1060 4097 1280 4163 fuerint,
1314 4104 1366 4153 et
1413 4097 1484 4152 ad
1535 4096 1860 4152 satisfactio-

248 4205 385 4246 nem
431 4188 616 4244 venire
669 4186 997 4253 distulerint,
1045 4195 1098 4242 et
1133 4185 1396 4255 justitiam
1437 4186 1504 4240 de
1545 4184 1862 4257 perpetratis

251 4279 438 4336 facere
474 4275 767 4342 noluerint,
817 4275 886 4330 ab
933 4275 1081 4331 omni
1127 4273 1434 4329 Christiana
1479 4273 1860 4329 communione

251 4366 384 4422 illos
415 4374 601 4420 nostra
629 4363 950 4419 auctoritate
972 4363 1209 4432 judicate
1240 4379 1362 4417 esse
1392 4362 1678 4418 immunes.
1716 4362 1862 4415 Inter

1955 3197 2076 3252 nica
2131 3198 2449 3254 auctoritate
2497 3199 2648 3254 eritis
2693 3199 3046 3255 nihilominus
3092 3199 3349 3269 feriendi,
3419 3211 3472 3258 et
3526 3219 3559 3258 a

1958 3294 2142 3340 nostra
2187 3286 2570 3341 communione
2616 3287 2792 3342 modis
2844 3287 3096 3342 omnibus
3146 3288 3449 3357 alienandi,
3505 3297 3560 3344 et

1957 3373 2136 3428 omnis
2164 3383 2343 3428 vestra
2373 3373 2644 3430 ordinatio
2673 3391 2705 3430 a
2736 3391 2950 3430 summa
2979 3376 3109 3431 sede
3137 3377 3437 3448 apostolica
3459 3377 3560 3434 sci-

1957 3461 2079 3516 licet
2109 3462 2440 3533 respuenda.
2475 3463 2611 3518 Data
2644 3469 2707 3520 ut
2737 3481 2929 3537 supra.

2682 3589 2840 3644 CLX.

2517 3693 2586 3732 31'
2623 3691 3039 3736 NAIIONBNSBI
3087 3693 3559 3737 Αιοιιιεριεοονοε

2563 3768 2747 3830 (Anno
2803 3768 2954 3837 878.)

2037 3862 2102 3918 Ut
2131 3877 2366 3918 causam
2387 3865 2540 3920 inter
2561 3866 2940 3922 Uceticensem
2966 3870 3024 3921 et
3049 3868 3486 3924 Avemnensem

2305 3935 2586 4008 episcOpos
2606 3936 2878 3994 canonice
2913 3936 3211 4006 deﬁniant.

2041 4025 2345 4080 Rosnono
2375 4023 2670 4079 venerabili
2695 4024 3110 4098 archiepiscopo
3139 4026 3462 4093 Arelatensi,
3507 4039 3559 4086 et

1961 4116 2246 4171 Sicnaono
2275 4113 2639 4169 Narbonensi.

2033 4201 2318 4259 Sanctitati
2351 4210 2544 4256 vestrae
2573 4209 2760 4256 notum
2807 4209 2890 4258 est
2935 4203 3163 4274 qualiter
3210 4205 3563 4262 Walefredus

1961 4290 2294 4348 Uceticensis
2322 4289 2586 4344 Ecclesiae
2615 4289 2904 4360 episcopus
2938 4292 3010 4346 ad
3058 4293 3325 4362 synodum
3373 4310 3557 4365 quam,

1961 4381 2076 4434 Deo
2103 4387 2346 4440 auctore,
2378 4368 2521 4446 apud
2551 4378 2750 4432 Trecas
2777 4377 3194 4444 celebravimus,
3220 4380 3560 4436 reclamatio-

1957 3689 2032 3730 ΑΙ)
2070 3689 2469 3733 Αιιεωϊεκεεκ

251 4456 376 4511 haec
404 4453 565 4509 etiam
595 4452 718 4508 illos
746 4460 960 4508 monete
991 4460 1047 4506 ut
1079 4467 1250 4506 nonas
1283 4460 1335 4504 et
1362 4449 1623 4515 decimas,
1657 4465 1850 4503 secun-

1963 4467 2047 4522 nis
2075 4465 2314 4520 libellum
2366 4464 2558 4518 obtulit
2605 4479 2772 4536 super
2817 4465 3146 4522 Ractefredo
3183 4467 3562 4524 Avenionense

249 4543 386 4598 dum
413 4541 693 4614 antiquam
720 4539 1187 4609 consuetudinem,
1220 4539 1414 4611 quibus
1461 4538 1588 4592 dare
1635 4537 1854 4604 debent,

251 4629 574 4703 postpositis
605 4628 801 4685 illicitis
831 4627 1229 4690 occasionibus,
1263 4627 1390 4681 dare
1433 4625 1656 4680 minime
1697 4623 1859 4679 diﬂ'e-

253 4725 398 4775 rant.
432 4719 663 4773 Demum
693 4716 978 4772 indicimus
1006 4725 1062 4770 ut
1091 4730 1281 4770 omnes
1302 4731 1391 4770 res
1411 4714 1649 4786 prefata:
1677 4713 1861 4769 Eccle-

254 4807 356 4862 siae
386 4805 558 4862 sancti
590 4803 848 4873 Mauricii,
897 4821 1019 4875 qua:
1061 4803 1116 4857 in
1166 4803 1360 4858 vestris
1406 4802 1644 4858 existunt
1691 4817 1859 4873 paro-

253 4893 417 4958 chiis,
452 4891 749 4948 defendere
777 4891 846 4946 ab
875 4891 1128 4946 omnibus
1156 4891 1389 4947 inimicis
1408 4890 1650 4946 debeatis
1673 4909 1688 4956 ;
1721 4906 1860 4963 quo-

255 4983 406 5036 niam
458 4980 504 5035 si
545 4980 704 5036 aliter
744 4978 982 5036 feceritis
1003 5022 1016 5045 ,
1078 4987 1132 5035 et
1189 4986 1392 5034 nostrae
1455 4995 1700 5035 censura:
1753 4993 1862 5034 non

255 5068 599 5138 obedieritis,
631 5067 898 5124 canonico
924 5067 1132 5122 sancitu
1163 5065 1447 5122 feriemini.

965 5181 1126 5236 CLIX
1145 5222 1158 5235 .

675 5285 748 5325 AD
783 5284 1081 5326 BPIICOPOS
1119 5281 1453 5323 BIITANNIE.

888 5360 1069 5426 (Anno
1097 5358 1248 5427 878.)

259 5452 465 5523 Arguit
494 5465 586 5506 eos
617 5448 760 5523 quod
785 5465 821 5523 _a
858 5446 1168 5523 Turonensi
1193 5444 1602 5523 archiepiscopi
1625 5444 1866 5523 jurisdi-

333 5516 522 5577 ctione
550 5536 610 5575 se
628 5516 1083 5582 "substraxerint,
1104 5517 1332 5587 ejusque
1353 5516 1495 5572 bene
1512 5517 1858 5581 invaserint;

1960 4554 2243 4626 episcopo,
2275 4552 2422 4624 quod
2449 4551 2498 4607 ei
2529 4553 2823 4624 quamdam
2851 4553 3036 4609 villam
3065 4554 3134 4610 ad
3165 4571 3316 4610 suam
3347 4556 3558 4625 sedem,

1960 4642 2074 4699 sive
2116 4641 2453 4714 parochiam,
2497 4641 2856 4712 pertinentem
2903 4643 3234 4700 abstulisset.
3285 4643 3396 4702 Sed
3438 4645 3562 4716 quia

1961 4729 2334 4793 Ractefredus.
2385 4730 2453 4786 de
2499 4747 2608 4802 quo
2654 4731 2880 4803 querela
2927 4739 3058 4794 erat,
3109 4733 3320 4804 synodo
3367 4733 3560 4800 defuit,

1961 4821 2168 4876 idcirco
2237 4817 2558 4875 fraternitati
2623 4827 2816 4875 vestra:
2874 4820 3173 4890 apostolica
3240 4823 3562 4879 auctoritate

1961 4910 2282 4966 mandamus
2311 4917 2388 4978 ut,
2429 4907 2734 4964 coadunato
2770 4923 2997 4963 numero
3027 4909 3432 4981 episcoporum,
3467 4927 3561 4968 eo-

1961 5014 2085 5054 rum
2115 5013 2334 5054 causam
2363 4995 2629 5052 canonico
2650 4995 2856 5064 judicio
2884 4994 3104 5066 ﬁniatis,
3125 4997 3202 5054 ita
3219 4998 3564 5056 discutienda

1963 5094 2016 5142 et
2055 5084 2472 5142 determioando
2514 5091 2678 5138 tantae
2719 5084 3156 5155 praesumptionis
3195 5087 3560 5154 invasionem,

1963 5182 2021 5228 ut
2065 5189 2225 5229 nemo
2270 5173 2654 5244 episcoporum
2704 5181 3010 5229 vestrorum
3060 5183 3254 5232 contra
3297 5175 3563 5234 canonica

1963 5268 2235 5332 praecepta
2265 5259 2489 5315 ulterius
2518 5260 2806 5334 insurgere
2834 5261 2952 5316 sine
2972 5277 3073 5318 suo
3099 5263 3345 5334 periculo
3373 5272 3562 5320 tentet.

1965 5351 2074 5405 Vos
2105 5363 2322 5420 quoque
2351 5349 2766 5419 prmsentialiter
2793 5365 2918 5407 cum
2949 5351 3148 5406 vestris
3187 5350 3332 5408 istud
3377 5352 3564 5410 deter-

1963 5437 2163 5493 minate
2203 5435 2487 5506 judicium.
2540 5437 2786 5508 Capitula
2838 5438 3090 5510 quedam
3141 5439 3298 5497 vobis
3343 5443 3565 5498 Patrum

1963 5524 2280 5581 auctoritate
2311 5524 2535 5580 collecta
2559 5525 2838 5590 mittimus,
2865 5527 3164 5584 secundum
3189 5546 3311 5600 qua:
3323 5529 3568 5599 judicare
