4072 6186
457 177 555 228 803

1723 169 2018 227 JOANNIS
2081 168 2268 224 PAPIE
2325 170 2469 224 VIII.

3653 173 3762 228 804

453 301 660 373 absque
701 299 956 356 dilatione
999 297 1260 364 debeatis,
1312 315 1378 353 ne
1429 298 1706 368 querendo
1758 294 2046 352 assumatis
2076 293 2266 354 Alum
2293 295 2361 348 de
2392 295 2665 366 episcOpis
2695 295 2780 349 vel
2829 295 3223 362 sacerdotibus,
3273 296 3360 352 vel
3407 297 3474 352 de
3519 297 3757 368 quibus-

455 385 701 440 laborem
727 400 830 455 pro
860 382 955 438 tali
986 383 1226 456 negotio.
1261 381 1524 452 Optamus
1555 381 1940 437 fraternitatem
1969 395 2054 434 ve-

458 482 626 529 stram
655 473 710 528 in
741 473 956 528 Christo
985 472 1125 528 bene
1157 471 1356 527 valere.

931 557 934 559 j
1164 560 1348 616 CLXI.

582 665 940 706 PRIVILEGIUM
979 665 1085 704 PRO
1123 661 1478 704 MOXASTEIIIO
1525 661 1926 702 VIZELIACENSI.

763 794 772 800 .
1079 737 1258 810 (Anno
1290 736 1443 806 8'18.)

585 829 1010 898 Conﬁrmant-ur
1039 827 1439 882 immunitates
1468 825 1604 881 olim
1643 840 1934 880 concessae.

897 917 1054 980 (Apud
1080 915 1344 966 Acherium
1368 913 1621 978 Spicileg.)

533 1002 786 1055 Joannes
815 998 1106 1070 episcopus
1135 1013 1327 1054 servus
1369 1013 1650 1052 servorum
1693 996 1793 1050 Dei
1842 995 2060 1049 ΕυοοΝι

464 1089 764 1145 venerabili
817 1087 997 1144 abbati
1045 1085 1432 1141 Vizeliacensis
1475 1084 1748 1150 ctnnobii,
1805 1083 2062 1155 omnique

462 1177 874 1250 congregationi
908 1175 1150 1246 ejusdem
1183 1173 1499 1230 monasterii
1524 1172 1580 1227 in
1610 1179 1950 1243 perpetuum.

537 1267 761 1335 Quoties
792 1265 884 1320 illa
914 1263 1078 1319 tribui
1105 1280 1135 1318 a
1172 1262 1331 1318 nobis
1380 1268 1652 1332 aptantur,
1707 1277 1828 1332 quae
1873 1260 2064 1316 rationi

465 1357 846 1412 incunctanter
893 1351 1242 1416 conveniunt,
1291 1350 1472 1406 animo
1518 1365 1618 1404 nos
1675 1349 1836 1404 debet
1877 1347 2066 1404 libenti

465 1443 788 1509 concedere,
838 1449 891 1496 et
937 1439 1232 1510 petentium
1282 1438 1566 1494 desideriis
1609 1453 1912 1510 congruum
1957 1437 2046 1492 im-

466 1531 658 1602 pertiri
688 1527 1028 1600 suffragium.
1064 1529 1238 1598 Atque
1269 1527 1392 1581 ideo
1421 1526 1546 1598 quia
1589 1525 1870 1597 postulasti
1901 1540 1932 1580 a
1962 1540 2066 1580 no-

467 1619 551 1674 bis
581 1626 848 1689 quatenus
878 1616 1220 1688 privilegium
1251 1615 1397 1670 sedis
1434 1615 1748 1685 apostolicte
1784 1621 2066 1669 monaste-

467 1706 551 1762 rio
583 1705 869 1769 Vizeliaco.
903 1704 989 1760 cui
1019 1719 1256 1774 praeesse
1286 1703 1649 1774 dignosceris,
1684 1703 1830 1774 quod
1858 1708 2070 1759 constat

469 1794 598 1850 olim
628 1809 659 1848 a
688 1793 934 1848 Gerardo
963 1791 1300 1848 nobilissimo
1331 1799 1384 1846 et
1423 1790 1888 1848 Christianissimo
1933 1789 2067 1856 viro,

471 1899 683 1939 necnon
724 1890 777 1937 et
823 1882 982 1936 Berta
1030 1897 1201 1936 uxore
1251 1881 1368 1950 ejus
1415 1879 1470 1936 in
1509 1881 1718 1935 honore
1761 1877 1978 1934 Domini
2020 1886 2074 1934 et

475 1970 772 2026 Salvatoris
803 1970 970 2027 nostri
998 1971 1127 2024 Jesu
1159 1969 1354 2024 Christi
1383 1977 1437 2023 et
1483 1968 1826 2023 veneratione
1875 1967 2074 2022 beatis-

475 2060 628 2116 sima:
658 2075 876 2130 semper
902 2057 1132 2130 virginis
1161 2057 1341 2112 Mariae
1371 2056 1648 2128 genitricis
1677 2055 1924 2124 ejusdem
1955 2056 2072 2110 Do-

472 2147 604 2204 mini
635 2147 805 2203 nostri
834 2147 964 2202 Jesu
996 2145 1192 2200 Christi
1220 2151 1588 2201 constructum
1615 2163 1628 2211 ;
1661 2144 1715 2198 in
1759 2159 1932 2214 regno
1963 2143 2074 2198 sci-

473 2237 601 2294 licet
631 2234 982 2307 Burgundiaz,
1017 2234 1070 2288 in
1100 2250 1244 2305 pago
1274 2233 1530 2288 Avalensi
1553 2233 1808 2304 quodque
1833 2231 2074 2302 apraefa-

472 2325 542 2380 tis
592 2323 967 2379 fundatoribus
1009 2322 1166 2377 beato
1217 2323 1376 2377 Petro
1424 2320 1793 2392 apostolorum
1842 2319 2075 2391 principi

475 2413 564 2484 pia
591 2411 878 2467 devotione
910 2419 962 2466 et
993 2410 1296 2466 testamenti
1329 2409 1528 2482 pagina
1558 2409 1814 2464 collatum
1846 2417 1944 2474 est,
1989 2407 2075 2462 fa-

475 2517 600 2556 cere
645 2500 970 2556 deberemus
1018 2517 1030 2553 :
1079 2497 1319 2554 inclinati
1361 2497 1614 2568 precibus
1660 2497 1793 2563 tuis,
1849 2497 2079 2552 libenter

477 2590 594 2645 fieri
625 2589 984 2655 decrevimus,
1018 2603 1120 2660 per
1149 2587 1295 2658 quod
1325 2585 1580 2641 nimirum
1628 2586 1940 2657 apostolicae
1985 2601 2076 2640 se-

476 2678 562 2734 dis
610 2677 953 2750 privilegium
1002 2673 1412 2742 confirmamus,
1465 2685 1628 2746 atque
1676 2675 1975 2741 statuimus,
2025 2682 2080 2728 ut

479 2765 612 2822 nulli
643 2781 858 2838 regum,
894 2764 1026 2819 nulli
1069 2765 1385 2831 antistitum,
1437 2763 1571 2820 nulli
1621 2764 1897 2832 comitum,
1949 2761 2082 2818 nulli

480 2855 732 2924 cuiquam
764 2853 856 2907 alii
885 2853 1045 2908 liceat
1073 2852 1252 2923 ipsum
1298 2853 1690 2908 monasterium
1737 2851 2077 2922 perturbare,

481 2941 568 2997 vel
611 2957 678 2996 ea
723 2957 844 3012 quae
883 2939 960 2996 ibi
1006 2955 1036 2994 a
1072 2940 1183 3010 jam
1230 2941 1389 2996 dictis
1435 2939 1828 3005 fundatoribus,
1878 2938 1964 2994 vel
2011 2938 2079 2993 ab

479 3029 601 3084 aliis
623 3027 878 3084 fidelibus
904 3027 1084 3083 oblata
1113 3035 1256 3094 sunt,
1289 3029 1376 3084 vel
1405 3028 1462 3084 in
1491 3027 1728 3083 futurum
1755 3026 2079 3083 oﬂ'erricon-

481 3117 678 3189 tigerit,
730 3117 832 3172 sub
879 3116 1167 3185 cujuslibet
1212 3131 1412 3182 causa,
1461 3115 1832 3172 occasionisve
1879 3115 2080 3186 specie,

479 3205 748 3275 minuere,
783 3205 869 3261 vel
897 3204 1131 3272 auferre,
1165 3205 1280 3262 sive
1311 3204 1428 3260 suis
1453 3205 1642 3260 usibus
1673 3204 1966 3275 applicare,
1989 3202 2084 3258 sed

480 3294 597 3350 sine
627 3293 1006 3365 inquietudine
1053 3293 1110 3349 in
1157 3294 1552 3350 sustentatione
1601 3292 1844 3362 ejusdem
1891 3306 2086 3347 mona-

481 3381 653 3449 sterii,
687 3391 741 3439 et
772 3381 964 3438 usibus
997 3381 1256 3437 abbatum
1305 3390 1356 3438 et
1403 3382 1794 3437 monachorum
1845 3380 1945 3436 sub
1992 3395 2088 3436 re-

484 3470 616 3544 gula
642 3471 812 3526 sancti
843 3470 1018 3525 Patris
1047 3469 1326 3526 Benedicti
1351 3469 1426 3524 ibi
1455 3471 1572 3526 Deo
1609 3469 1956 3524 militantium
1987 3482 2089 3523 vo-

482 3559 658 3614 lumus
689 3573 755 3613 ea
783 3565 836 3614 et
863 3557 1214 3629 praecipimu
1245 3558 1520 3628 possideri
1551 3575 1566 3612 :
1598 3573 1662 3613 ea
1690 3557 1944 3614 videlicet
1969 3571 2093 3612 con-

479 3647 707 3713 ditione,
742 3653 800 3702 ut
845 3647 1032 3702 nullus
1081 3659 1467 3702 successorum
1515 3653 1825 3702 nostrorum
1867 3643 2091 3717 pontifi-

483 3751 609 3792 cum
635 3735 692 3789 in
720 3737 825 3791 hac
850 3743 1041 3791 sancta
1073 3735 1224 3801 sede,
1259 3735 1344 3790 cui
1376 3743 1596 3790 auctore
1627 3736 1762 3800 Deo,
1799 3735 2085 3800 servimus,

485 3841 720 3896 unquam
753 3824 840 3880 vel
869 3837 1104 3894 usquam
1133 3823 1394 3895 quiddam
1420 3838 1486 3878 ex
1517 3822 1726 3878 eisdem
1757 3823 1923 3878 rebus
1967 3821 2088 3878 cui-

488 3929 651 3982 quam
679 3909 1025 3976 beneficiare,
1055 3917 1412 3976 commutare,
1446 3917 1536 3964 aut
1565 3910 1668 3964 sub
1699 3925 1864 3966 sensu
1910 3909 2089 3981 quoli-

487 4000 578 4052 bet
605 3997 910 4054 concedere
940 4013 1041 4067 per
1071 3997 1246 4052 futura
1279 4007 1525 4068 tempora
1554 3997 1808 4068 patiatur,
1843 3998 1939 4053 sed
1965 4013 2087 4053 cen-

492 4103 618 4142 sum
647 4086 1020 4140 tantummodo
1051 4085 1106 4139 in
1135 4093 1458 4140 testamento
1499 4085 1804 4141 traditionis
1835 4102 1865 4140 a
1895 4085 2095 4142 funda-

489 4174 701 4230 toribus
759 4173 852 4244 qui
911 4188 978 4228 ex
1033 4173 1227 4229 eodem
1281 4173 1614 4229 monasterio
1667 4174 1806 4230 hanc
1859 4181 2096 4230 sanctam

496 4263 772 4319 haredem
803 4261 1102 4318 Romanam
1134 4261 1380 4318 fecerunt
1409 4261 1717 4334 Ecqlesiam
1746 4263 1909 4318 etiam
1938 4262 2094 4318 dele—

2110 2991 2160 3055 α

2155 398 2366 454 cunque
2397 381 2665 449 fidelibus,
2713 400 2814 454 per
2861 399 2938 450 se,
2995 384 3398 455 suppositamve
3441 401 3756 455 personam,

2157 471 2224 526 de
2254 471 2592 526 ordinatione
2621 472 2862 541 ejusdem
2890 472 3119 532 abbatis.
3153 473 3238 528 vel
3285 472 3628 539 clericorum,
3663 482 3761 540 aut

2157 559 2632 630 presbyterorum,
2693 561 2778 616 vel
2833 561 2901 616 de
2950 560 3239 633 largitione
3285 561 3616 626 chrismatis,
3667 569 3760 616 aut

2159 647 2572 702 consecratione
2599 647 2854 716 basilicae,
2908 653 2995 704 vel
3037 650 3104 704 de
3136 649 3547 722 quibuscunque
3575 649 3760 706 causis

2160 735 2228 790 ad
2259 735 2402 790 idem
2431 736 2820 791 monasterium
2850 737 3267 808 pertinentibus,
3316 738 3518 793 audere
3547 739 3603 792 in
3634 754 3762 808 qua-

2157 823 2286 878 libet
2316 824 2498 894 specie
2527 825 2706 880 exenii
2749 825 2872 880 loco
2919 825 3208 896 quidquam
3258 825 3527 897 accipere,
3577 843 3760 897 neque

2161 913 2410 967 eumdem
2441 912 2690 968 abbatem
2719 930 2821 984 pro
2849 914 3187 969 ordinatione
3235 931 3328 968 sua
3378 913 3584 986 aliquid
3629 915 3760 970 dare

2161 1017 2510 1071 praesumere,
2545 1018 2612 1056 ne
2641 1003 2746 1057 hac
2787 1002 3094 1068 occasione,
3146 1019 3212 1058 ea
3262 1019 3380 1074 qua:
3429 1019 3462 1058 a
3509 1003 3764 1058 fidelibus

2161 1090 2251 1160 pio
2281 1089 2400 1145 loco
2432 1087 2728 1145 offeruntur
2771 1099 3178 1146 consumantur.
3229 1093 3418 1162 Neque
3467 1092 3764 1162 episcopus

2164 1178 2395 1234 civitatis
2425 1177 2592 1249 ipsius
2621 1179 2908 1250 parochias,
2942 1179 3049 1233 nisi
3078 1179 3143 1233 ab
3165 1179 3355 1234 abbate
3381 1180 3552 1250 ipsius
3572 1196 3766 1236 mona-

2165 1266 2317 1322 sterii
2348 1267 2618 1332 invitatus,
2650 1266 2852 1322 ibidem
2881 1267 3129 1338 publicas
3157 1267 3356 1322 missas
3385 1276 3532 1340 agat,
3583 1284 3764 1340 neque

2167 1355 2426 1410 stationes
2459 1355 2512 1410 in
2551 1355 2740 1410 eodem
2791 1355 3042 1412 cmnobio
3091 1355 3312 1424 indicat,
3363 1372 3433 1412 ne
3476 1373 3766 1412 servorum

2167 1444 2266 1498 Dei
2312 1445 2467 1515 quies
2515 1445 2896 1516 qquuomodo
2943 1444 3190 1516 populari
3237 1453 3503 1500 conventu
3549 1455 3766 1516 pertur-

2167 1532 2284 1586 bari
2315 1532 2510 1602 valeat,
2543 1547 2721 1603 neque
2752 1539 2993 1602 paratas,
3019 1540 3112 1586 aut
3131 1533 3549 1588 mansionaticos
3572 1533 3769 1590 exinde

2097 1643 2149 1702 Β
2169 1629 2461 1691 przesumat
2489 1619 2732 1692 exigere.
2765 1620 3175 1690 Susceptionem
3205 1629 3386 1676 autem
3433 1619 3680 1676 ﬁdelium
3721 1630 3772 1675 et

2171 1707 2554 1779 religiosorum
2609 1709 2848 1762 virorum
2906 1715 3067 1779 atque
3114 1707 3556 1775 beneﬁcentiam,
3605 1725 3772 1780 quam

2166 1797 2316 1866 jubet
2345 1796 2634 1867 Apostolus
2665 1796 2872 1852 cunctis
2902 1795 3261 1851 exhibendam
3281 1813 3380 1867 pro
3408 1797 3774 1868 possibilitate

2171 1883 2278 1940 loci
2306 1892 2358 1940 et
2383 1883 2719 1950 facultatum,
2751 1899 2858 1939 non
2889 1884 3053 1940 modo
3092 1884 3294 1939 ibidem
3341 1883 3458 1940 fieri
3487 1884 3642 1957 [non]
3671 1886 3774 1940 de-

2173 1988 2460 2046 negamus,
2493 1988 2682 2028 verum
2715 1972 2878 2028 etiam
2909 1971 3200 2026 suademus
3233 1989 3245 2028 :
3281 1973 3380 2028 sed
3409 1980 3458 2027 et
3498 1973 3699 2028 modus
3724 1973 3778 2027 in

2173 2076 2403 2118 numero
2452 2061 2892 2134 congregationis
2936 2061 3072 2116 adeo
3113 2069 3467 2116 conservetur
3491 2103 3504 2128 ,
3568 2069 3626 2116 ut
3675 2077 3777 2117 nec

2175 2149 2461 2220 pluralitas
2490 2149 2792 2222 penuriam,
2827 2165 2928 2205 nec
2955 2149 3196 2220 paucitas
3225 2149 3642 2204 inhabitantium
3677 2151 3776 2206 de-

2177 2239 2510 2294 stitutionem
2541 2237 2648 2296 loci
2693 2238 2952 2293 inducere
2995 2237 3192 2294 valeat.
3243 2237 3594 2310 Privilegium
3643 2253 3780 2309 quo—

2179 2344 2284 2398 que
2313 2345 2340 2380 a
2371 2327 2782 2398 praedecessore
2811 2334 2998 2382 nostro
3027 2325 3130 2397 piae
3173 2327 3453 2382 memoriae
3495 2343 3636 2398 papa
3685 2327 3780 2381 Ni-

2177 2415 2332 2472 colao
2362 2415 2540 2470 eidem
2569 2415 2904 2472 monasterio
2933 2413 3192 2470 collatum
3239 2422 3420 2470 nostra
3457 2415 3780 2472 auctoritate

2178 2503 2578 2574 confirmamus,
2612 2511 2837 2573 excepto
2866 2503 3125 2558 duntaxat
3178 2503 3325 2575 quod
3373 2503 3492 2574 ipse
3535 2503 3640 2558 sub
3687 2519 3785 2559 no-

2179 2591 2324 2646 mine
2353 2591 2670 2646 ancillarum
2702 2590 2802 2646 Dei
2833 2607 2954 2662 qua‘,
3003 2591 3202 2646 ibidem
3250 2607 3351 2662 pro
3394 2591 3606 2646 crebris
3645 2590 3784 2648 infe-

2181 2680 2503 2736 stationibus
2561 2679 2744 2735 saeculi
2800 2694 2944 2735 nunc
2992 2679 3361 2735 ordinabiliter
3407 2695 3634 2734 manere
3681 2697 3782 2735 ne-

2181 2776 2402 2841 queunt,
2436 2767 2568 2822 illud
2599 2767 2872 2838 delegavit
2905 2785 2918 2821 :
2951 2782 3053 2822 nos
3083 2782 3215 2822 vero
3262 2767 3502 2840 aptioris.
3535 2766 3784 2822 utilitatis

2182 2857 2374 2930 gratia,
2420 2857 2520 2910 sub
2563 2855 2750 2910 habitu
2798 2855 3190 2911 monachorum
3244 2871 3366 2912 esse
3413 2863 3786 2928 congruenter

2183 2945 2547 3000 decernimus.
2583 2943 2638 2998 Si
2669 2943 2789 3016 quis
2819 2958 2950 2998 vero
2978 2959 3193 3014 regum,
3239 2943 3648 3014 episcoporum,
3693 2960 3784 2998 sa-

2186 3028 2485 3092 cerdotum,
2513 3027 2790 3092 abbatum,
2818 3027 3062 3096 judicum
3102 3026 3377 3095 comitum,
3427 3035 3517 3081 aut
3563 3027 3787 3084 secula-

2186 3117 2326 3171 rium
2356 3131 2731 3187 personarum,
2783 3123 2972 3171 contra
3017 3115 3155 3170 hanc
3197 3123 3398 3169 nostrae
3437 3114 3790 3170 institutionis

2185 3205 2442 3278 paginam
2499 3204 2686 3259 venire
2745 3203 3064 3270 tentaverit,
3133 3218 3430 3273 percussus
3486 3202 3792 3274 apostolico

2187 3294 2550 3358 anathemate,
2591 3291 2876 3362 potestatis
2917 3291 3208 3347 honorisve
3256 3289 3338 3346 sui
3385 3289 3654 3364 dignitate
3699 3305 3792 3346 ca-

2189 3390 2326 3447 reat,
2361 3396 2626 3452 reumque
2668 3396 2728 3436 se
2775 3395 2962 3436 coram
3006 3379 3188 3434 divino
3236 3379 3440 3448 judicio
3467 3387 3792 3453 cognoscat,

2190 3479 2242 3525 et
2270 3469 2375 3525 nisi
2404 3484 2470 3524 ea
2500 3483 2622 3541 quae
2650 3485 2680 3522 a
2711 3484 2770 3523 se
2803 3467 2946 3522 male
2976 3474 3096 3524 acta
3129 3474 3252 3522 sunt
3282 3465 3588 3534 defleverit,
3641 3482 3675 3522 a
3703 3483 3796 3522 sa—

2191 3557 2496 3615 cratissimo
2525 3572 2755 3628 corpore
2786 3556 3003 3611 Domini
3032 3556 3206 3610 nostri
3250 3556 3378 3610 Jesu
3429 3555 3636 3611 Christi
3677 3555 3802 3610 alie—

2191 3663 2294 3702 nus
2323 3645 2434 3710 fiat,
2471 3653 2634 3717 atque
2662 3652 2864 3700 aeterno
2895 3643 3128 3700 examini
3147 3643 3407 3699 districtae
3427 3642 3650 3698 ultionis
3673 3644 3800 3698 sub-

2185 3735 2382 3804 jaceat.
2418 3734 2638 3789 Cunctis
2669 3741 2853 3788 autem
2885 3732 3061 3788 eidem
3097 3732 3218 3788 loco
3257 3732 3404 3802 justa
3453 3731 3798 3787 servantibus

2179 3811 2260 3878 'sit
2288 3839 2390 3893 pax
2423 3819 2638 3877 Domini
2667 3821 2838 3876 nostri
2881 3821 3010 3875 Jesu
3057 3819 3277 3885 Christi,
3330 3825 3600 3891 quatenus
3631 3828 3685 3874 et
3713 3819 3802 3874 hic

2195 3909 2428 3966 fructum
2455 3909 2613 3965 bona
2643 3909 2872 3964 actionis
2903 3907 3188 3978 recipiant,
3221 3915 3274 3962 et
3303 3907 3448 3980 apud
3491 3907 3800 3963 districtum

2189 3999 2431 4068 judicem
2461 3997 2685 4069 praemia
2713 4003 2928 4052 attemae
2957 3996 3107 4067 pacis
3135 3995 3428 4050 inveniant.

2267 4087 2463 4142 Datum
2497 4102 2598 4156 per
2641 4101 2860 4140 manum
2907 4084 3177 4154 Walperti
3223 4083 3508 4138 humillimi
3559 4083 3804 4154 episcopi

2197 4181 2400 4230 sancta:
2447 4174 2762 4229 Portuensis
2811 4173 3074 4228 Ecclesia;
3120 4187 3181 4226 ιιι
3227 4171 3457 4226 Kalend.
3515 4171 3800 4236 Octobris,

2196 4278 2340 4318 anno
2371 4278 2426 4316 γι
2458 4261 2700 4330 ejusdem
2727 4260 2943 4316 Domini
2970 4259 3195 4316 Joannis
3225 4273 3382 4330 papa:
3413 4259 3557 4324 VIII,
3609 4259 3802 4314 indict.

489 4359 698 4425 gntum,
728 4365 892 4405 unam
921 4350 1176 4406 videlicet
1205 4350 1401 4406 libram
1431 4351 1639 4422 argenti
1669 4350 1826 4405 annis
1864 4349 2096 4422 singulis
2123 4345 2176 4405 D
2201 4367 2297 4406 xu.
2332 4351 2603 4422 Scriptum
2633 4365 2765 4407 vero
2790 4365 2892 4420 per
2918 4364 3139 4403 manum
3185 4347 3412 4420 Georgii
3460 4347 3664 4402 notarii
3709 4361 3804 4403 re-

489 4453 842 4496 successores
867 4439 1038 4494 nostri
1054 4439 1402 4510 accipientes,
1427 4456 1528 4510 per
1545 4439 1885 4510 paternitatis
1906 4439 2099 4494 suffra-

489 4530 640 4602 gium
670 4528 848 4584 eidem
895 4527 1230 4583 monasterio
1280 4527 1642 4584 sollicitudine
1671 4527 1925 4599 pastorali
1956 4527 2100 4600 vigi-

491 4618 666 4672 lanter
694 4624 890 4673 contra
919 4631 1111 4672 omnes
1139 4615 1462 4670 infestantes
1490 4616 1812 4687 impendere
1829 4615 2098 4671 studeant.

499 4706 635 4760 Item
661 4704 1065 4771 constituimus,
1097 4711 1156 4758 ut
1183 4703 1418 4759 obeunte
1449 4703 1644 4760 abbate
1688 4704 1932 4774 predicti
1977 4719 2101 4759 mo-

498 4793 745 4858 nasterii,
779 4807 890 4848 non
925 4792 1065 4848 alius
1103 4791 1178 4846 ibi
1202 4806 1528 4863 quacunque
1571 4791 1903 4862 obreptionis
1948 4799 2103 4847 astu-

495 4881 571 4936 tia
599 4880 894 4948 ordinetur,
929 4879 1036 4934 nisi
1065 4895 1228 4952 quem
1257 4895 1560 4936 consensus
1589 4880 1982 4936 monachorum
2011 4893 2103 4934 se-

495 4969 737 5026 cundum
769 4969 1019 5024 timorem
1047 4968 1168 5035 Dei,
1202 4975 1258 5023 et
1281 4967 1670 5024 institutionem
1721 4967 1926 5040 regule
1974 4983 2103 5022 san-

495 5058 569 5116 cti
597 5057 874 5113 Benedicti
903 5055 1152 5130 elegerit,
1185 5063 1240 5111 et
1269 5057 1428 5126 hujus
1458 5055 1774 5128 apostolica
1801 5055 1948 5112 sedis
1975 5071 2104 5127 pon-

497 5145 626 5202 tifex
657 5145 973 5218 praevidet-it
1001 5144 1379 5212 ordinandum,
1414 5153 1506 5200 aut
1534 5145 1887 5218 suggestione
1917 5159 2106 5200 mona-

501 5236 726 5292 chorum
755 5233 1098 5290 consenserit
1126 5233 1464 5288 ordinatum.

573 5323 688 5378 Hoc
715 5339 932 5395 quoque
961 5321 1198 5394 capitulo
1227 5321 1482 5392 presenti
1512 5321 1910 5395 subjungimus,
1944 5329 2000 5376 ut
2029 5321 2108 5377 lo-

503 5423 628 5462 cum
659 5410 896 5466 avaritie
928 5410 1291 5476 sccludamus,
1325 5409 1526 5464 nullum
1570 5410 1638 5465 de
1683 5409 1927 5483 regibus,
1981 5409 2107 5464 nul-

2198 4439 2434 4513 gionarii
2465 4446 2517 4494 et
2544 4437 2815 4495 scriniarii
2843 4445 3047 4492 sancta
3077 4437 3335 4492 Romanas
3363 4435 3649 4492 Ecclesiae.

2894 4533 3084 4590 CLXII
3096 4574 3109 4587 .

2601 4638 2673 4677 AD
2723 4637 3030 4679 WIBBODUM
3067 4635 3394 4677 EPISCOPUH.

2823 4711 3006 4782 (Anno
3037 4711 3186 4780 878.)

2208 4809 2572 4866 Commendat
2597 4809 2758 4865 illius
2777 4809 2968 4879 ﬁdem,
2991 4809 3257 4865 hortatur
3285 4811 3350 4864 ut
3369 4806 3638 4879 legatum
3669 4807 3802 4879 init-

2275 4884 2364 4936 tat
2386 4884 2692 4952 antequam
2730 4875 2860 4935 eam
2909 4879 3316 4952 Carolomanno
3356 4875 3806 4952 injeplloquium

2273 4951 2486 5020 veniat,
2521 4946 2615 5006 cui
2643 4964 2774 5006 eum
2800 4965 3011 5022 quoque
3039 4949 3320 5005 interesse
3338 4946 3521 5018 jubet.

2275 5051 2750 5108 Reverendissimo
2780 5059 2831 5108 et
2862 5049 3208 5108 sanctissimo
3250 5049 3534 5104 WlBBODO
3579 5063 3808 5104 venera-

2207 5141 2302 5198 bili
2331 5139 2608 5212 episcopo.

2279 5229 2341 5283 In
2393 5228 2624 5284 lectione
2681 5227 2980 5282 litterarum
3033 5233 3360 5290 vestrarum,
3426 5231 3480 5280 et
3531 5225 3590 5279 in
3643 5221 3814 5278 relatu

2209 5332 2396 5372 earum
2426 5316 2603 5388 geruli
2633 5315 2868 5371 hominis
2901 5315 3083 5380 vestri,
3117 5322 3170 5368 et
3201 5329 3300 5370 vos
3319 5312 3723 5376 devotissimos,
3759 5319 3814 5364 et

2209 5412 2268 5460 ut
2299 5419 2535 5475 semper,
2567 5404 2695 5460 novi
2723 5402 3017 5460 fidissimos
3043 5421 3058 5470 ;
3091 5417 3189 5472 pro
3220 5401 3418 5473 quibus
3441 5399 3597 5456 vobis
3619 5397 3823 5471 gratias
