4028 6180
237 239 344 298 805

236 455 527 504 monentes
565 448 850 502 hortamur
907 454 964 501 ut
1021 453 1260 518 emptum
1289 444 1562 518 perﬁcias,
1613 453 1665 500 et
1695 452 1848 500 ante-

239 548 410 604 quam
437 531 899 587 Carolomannum
928 531 1282 603 alloquamur,
1334 538 1577 585 vestrum
1608 530 1848 602 legatum

239 635 368 676 cum
415 619 611 675 litteris
639 620 873 676 mitttere
897 627 1132 693 satagas,
1167 627 1220 675 et
1251 620 1306 673 in
1328 618 1599 690 colloquio
1617 617 1709 672 ubi
1731 615 1848 672 fue-

240 714 338 776 ris,
372 718 462 764 tua
490 708 784 780 prasentia
813 724 936 764 esse
995 709 1230 764 studeat.
1283 707 1548 779 Optamus
1592 705 1848 762 sanctita-

240 807 352 852 tem
383 805 534 853 tuam
563 796 618 851 in
651 797 868 852 Christo
895 797 1036 852 bene
1084 797 1292 862 valere,
1321 796 1556 852 maxime
1605 795 1661 850 in
1709 795 1839 850 hoc.

240 887 384 942 Data
415 890 482 942 ut
528 902 701 958 supra
714 925 727 938 .

735 1009 968 1064 CLXIII.
1005 1039 1073 1049 —
1100 1009 1313 1063 CLXIV
1328 1050 1339 1062 .

316 1113 681 1153 PBMLEGIUI
725 1112 832 1152 1)ιο
861 1111 1218 1152 κοΝΑετειιιο
1255 1111 1450 1151 εΑΝστι
1481 1110 1773 1152 ΙΑΙιϐκιιι.

866 1195 1047 1262 (Anno
1087 1194 1236 1264 878.)

249 1301 433 1372 [Apud
497 1300 682 1371 Perry,
729 1300 966 1355 Histoire
995 1300 1062 1354 de
1101 1299 1674 1360 Chalcn-sur-Sadne,
1709 1297 1850 1352 inter

814 1389 1009 1460 praeb.,
1043 1403 1170 1460 pag.
1205 1387 1318 1460 32.]

315 1495 574 1549 Joannes
593 1493 902 1565 episcopus,
932 1509 1125 1548 servus
1143 1509 1422 1548 servorum
1442 1493 1562 1556 Dei,
1583 1493 1850 1547 Dsonno

251 1582 559 1638 venerabili
603 1582 783 1638 levita:
839 1590 893 1636 et
944 1581 1236 1652 praeposito
1297 1580 1614 1636 monasterii
1677 1580 1852 1636 sancti

251 1671 494 1726 Marcelli
524 1670 630 1725 sito
659 1670 716 1724 in
744 1669 1018 1724 territorio
1050 1669 1417 1736 Cabilonensi,
1444 1669 1566 1725 loco
1607 1668 1850 1725 Floriaco

246 1767 299 1815 et
333 1759 506 1814 Vallis
549 1758 1053 1832 Magnimontensis,
1088 1767 1248 1829 atque
1305 1757 1695 1823 Gibriacensis,
1729 1773 1851 1814 cum

246 1847 507 1902 omnibus
562 1847 631 1901 ad
691 1863 751 1903 se
797 1845 1200 1915 subjacentibus
1248 1854 1301 1901 et
1341 1845 1740 1917 pertinentibus
1783 1846 1851 1901 ad

245 1935 572 2006 praedictum
604 1934 784 1990 locum
818 1935 1124 1991 Floriacum
1145 1934 1556 2010 aspicientibus,
1579 1942 1631 1990 et
1659 1935 1715 1989 in
1744 1933 1852 1990 Ca-

245 2024 521 2080 bilonensi
549 2023 794 2079 similiter
820 2023 1250 2079 Boscrontensis.

320 2109 468 2180 Quia
497 2111 813 2182 suppliciter
839 2111 993 2182 petiit
1022 2127 1147 2168 cum
1190 2120 1386 2168 cuncta
1427 2110 1854 2184 congregatione

249 2199 424 2256 sancti
481 2199 723 2255 Marcelli
787 2207 876 2256 tua
936 2199 1173 2266 devotio,
1235 2207 1500 2272 quatenus
1557 2198 1854 2270 apostolica

249 2287 574 2344 auctoritate
604 2287 846 2360 benigna
891 2288 1268 2359 compassione
1313 2288 1491 2343 eidem
1530 2287 1652 2344 loco
1679 2287 1854 2360 privi-

249 2377 460 2447 legium
489 2377 558 2432 de
588 2377 798 2432 cunctis
853 2377 1020 2432 rebus
1063 2376 1138 2431 ibi
1186 2376 1397 2448 positis,
1455 2376 1613 2432 cultis
1651 2375 1738 2432 vel
1766 2376 1854 2431 in-

249 2465 414 2520 cultis
463 2463 640 2536 aquis,
696 2480 1071 2536 aquarumque
1101 2463 1440 2530 decursibus,
1501 2473 1610 2519 tam
1665 2464 1721 2519 in
1762 2463 1858 2519 Ca-

250 2553 527 2608 bilonensi
557 2568 722 2625 quam
768 2552 1043 2619 Belnensi,
1092 2561 1254 2625 atque
1311 2552 1769 2625 Magnimontensi
1798 2560 1855 2607 ut

251 2656 424 2712 supra
452 2641 676 2706 dictum,
709 2649 764 2696 et
791 2640 1111 2697 Divionensi
1143 2649 1196 2696 et
1254 2641 1606 2713 Lugdunensi
1652 2639 1854 2696 contir-

250 2745 550 2795 maremus,
583 2737 810 2801 pr0pter
836 2730 1009 2784 Deum
1035 2729 1142 2800 piis
1161 2723 1520 2802 petitionibus
1549 2728 1744 2782 vestris
1773 2729 1854 2782 in-

251 2817 458 2886 clinati,
481 2818 831 2874 concedimus
842 2833 946 2890 pro
958 2817 1114 2874 vobis
1126 2817 1434 2888 vestrisque
1446 2816 1854 2873 successoribus

247 2922 416 2978 supra
442 2906 589 2962 dicto
618 2907 739 2962 loco
764 2922 938 2962 novas
965 2922 1180 2978 quoque
1229 2914 1283 2961 et
1313 2905 1557 2962 decimas
1584 2921 1652 2961 eo
1689 2905 1855 2961 modo

255 3010 371 3066 quo
428 2994 652 3064 antiqua
725 2994 1061 3050 consuetudo
1139 2993 1559 3065 prmcedentium
1641 3001 1856 3049 constat

251 3083 643 3153 episcOporum
677 3089 766 3137 aut
794 3087 1143 3154 exspectatur
1194 3083 1263 3137 ab
1319 3082 1404 3136 his
1445 3082 1582 3136 intra
1625 3097 1855 3153 quorum

253 3167 546 3238 parochias
583 3182 728 3237 sape
763 3167 892 3223 dicti
925 3166 1033 3224 loci
1078 3166 1415 3223 habitatores
1452 3168 1576 3237 jure
1629 3166 1854 3238 proprio

249 3255 466 3310 habere
495 3255 745 3311 videntur
773 3255 1048 3328 quidpiam
1088 3256 1389 3312 secundum
1444 3263 1724 3327 precepts
1771 3271 1856 3311 re-

248 3359 410 3415 gum,
444 3343 890 3416 singulorumque
935 3344 1214 3399 hominum
1259 3345 1604 3411 donationes,
1635 3360 1757 3416 quin
1785 3343 1857 3399 ab

249 3433 381 3487 aliis
408 3431 661 3505 legaliter
689 3440 813 3488 ante
867 3432 1235 3499 donationem,
1265 3432 1352 3488 vel
1399 3440 1522 3504 post
1545 3433 1690 3502 juste
1717 3447 1856 3488 con-

250 3531 418 3572 cessa
444 3516 716 3582 videntur,
749 3516 1316 3588 supranominatorum
1349 3532 1362 3572 :
1386 3517 1511 3572 Sed'
1524 3525 1584 3571 ut
1610 3515 1857 3573 securius

249 3619 318 3660 ac
349 3604 588 3676 quietius
615 3605 671 3658 in
719 3604 819 3660 Dei
875 3604 1096 3660 servitio
1132 3605 1350 3660 valeant
1404 3620 1744 3676 permanere,
1785 3604 1856 3660 ab

251 3692 409 3748 omni
437 3692 691 3748 volumus
733 3708 832 3749 eos
885 3692 1083 3749 intres
1125 3707 1191 3750 ac
1231 3693 1536 3765 spirituales
1588 3693 1857 3749 cohabita-

249 3790 408 3837 tores
451 3781 705 3836 molestia
782 3780 1094 3852 persistere,
1153 3781 1443 3854 nullusque
1495 3782 1566 3837 de
1631 3781 1857 3855 regibus

252 3869 657 3941 comitibusque
703 3868 938 3941 aliisque
979 3869 1138 3941 regni
1193 3870 1526 3941 primoribus
1572 3869 1861 3938 cujuslibet

252 3957 482 4030 cingulo
512 3957 796 4030 dignitatis
825 3957 1175 4028 praepollens,
1209 3958 1408 4014 audeat
1453 3958 1541 4014 vel
1567 3967 1860 4029 praesumat

251 4045 345 4099 his
406 4045 612 4100 nostris
657 4053 882 4116 propter
939 4046 1113 4102 Deum
1184 4045 1462 4102 concessis
1508 4045 1863 4118 petitionibus

253 4148 586 4206 quocunque
615 4134 884 4189 resultare
909 4133 1076 4191 modo
1103 4141 1267 4206 atque
1293 4133 1516 4208 ingenio
1545 4152 1561 4202 ;
1594 4135 1740 4207 quod
1761 4149 1862 4190 nos

251 4229 503 4294 paterna
556 4223 956 4294 compassionis
1007 4221 1202 4279 affectu
1273 4223 1564 4289 innuimus,
1627 4223 1862 4280 ﬁliorum

249 4319 568 4367 nostrorum
596 4311 760 4366 debet
779 4326 1010 4367 assensu
1041 4309 1249 4366 ﬁrmari
1276 4318 1331 4367 et
1357 4327 1488 4378 non,
1511 4312 1657 4384 quod
1698 4311 1859 4379 absit,

1484 229 1838 289 EPISTOLJE
1874 232 1964 288 ET
2018 235 2370 294 DECRETA.

237 361 481 434 agimus,
541 369 595 414 et
650 360 766 415 Deo
822 359 1133 421 auxiliante,
1193 359 1577 413 retribuemus.
1633 359 1840 412 Interea
1870 357 1922 415 A

1870 3057 1933 3120 .C

3442 241 3542 294 806

2630 362 2835 417 CLXV.

2390 466 2461 504 AD
2500 465 2791 505 SUI’PONEM
2824 465 3095 506 COMITEH.

2569 539 2748 606 (Anno
2780 540 2928 608 8'78.)

1950 621 2175 694 Mandat
2198 626 2263 677 ut
2293 622 2365 677 ad
2409 627 2658 678 montem
2693 622 2939 678 Cinisem
2970 621 3297 694 [Cinisium]
3329 623 3544 678 obviam

2020 693 2125 765 sibi
2146 694 2394 765 veniens,
2428 694 2854 764 imperatricem
2876 693 3299 765 Angelbergam,
3323 697 3378 749 et
3409 709 3546 764 pra:-

2020 762 2172 818 sules
2205 762 2676 820 Mediolanensem
2706 768 2763 819 et
2792 762 3164 820 Parmensem
3175 765 3326 820 idem
3354 762 3546 835 facere

2018 838 2268 906 moneat,
2305 839 2372 889 ut
2414 835 2590 890 simul
2636 851 2759 906 qua:
2801 835 2874 890 ad
2923 836 3241 891 utilitatem
3281 835 3547 892 Ecclesia

2019 905 2317 975 pertinent
2346 907 2594 962 tractare
2619 905 2864 961 valeant.

2021 991 2388 1048 Dilectissimo
2418 991 2531 1048 tilio
2561 994 2805 1049 Surrom
2835 992 3079 1064 glorioso
3111 993 3312 1049 comiti.

2021 1079 2163 1148 Quia
2190 1095 2312 1149 nos,
2335 1080 2400 1136 in
2426 1081 2643 1153 quibus,
2659 1082 2784 1138 .Deo
2805 1082 3176 1154 dispensante,
3199 1081 3338 1138 ﬁnes
3367 1097 3545 1140 saecu-

1950 1169 2126 1225 lorum
2151 1169 2512 1235 devenerunt,
2555 1186 2654 1240 pro
2696 1179 3011 1227 sanctarum
3041 1172 3142 1227 Dei
3171 1171 3546 1228 Ecclesiarum

1950 1264 2091 1311 statu
2121 1257 2288 1311 variis
2340 1257 2578 1312 motibus
2609 1258 2872 1327 ducimur,
2919 1259 3256 1331 diversisque
3288 1259 3547 1316 ﬂuctuum

1950 1345 2210 1416 procellis
2264 1345 2614 1416 impellimur,
2673 1347 2772 1400 sed
2807 1355 2987 1402 tamen
3045 1363 3156 1402 non
3183 1347 3545 1414 destituimur,

1949 1441 2175 1503 pr0pter
2228 1450 2352 1489 eum
2404 1434 2495 1507 qui
2544 1451 2644 1490 uos
2702 1434 2970 1491 confortat
3017 1435 3290 1490 Christum
3339 1439 3544 1502 Jesum,

1950 1529 2165 1577 servata
2196 1523 2666 1592 praedecessorum
2687 1532 2996 1579 nostrorum
3028 1523 3134 1578 ﬁde
3150 1524 3292 1594 proli
3320 1525 3550 1582 Franco—

1951 1626 2088 1675 rum,
2146 1611 2216 1666 ad
2272 1610 2482 1665 Gallias
2511 1621 2868 1682 properantes
2927 1611 3134 1668 idcirco
3191 1613 3458 1680 venimus,
3493 1622 3552 1669 ut

1879 1707 1934 1768 Β
1955 1699 2106 1769 pacis
2135 1707 2297 1770 atque
2325 1699 2540 1755 unitatis
2573 1700 2787 1756 vinculo
2837 1716 3030 1774 regum
3061 1702 3225 1756 corda
3257 1709 3550 1758 connecte-

1955 1802 2158 1843 remus.
2193 1787 2304 1842 Sed
2332 1787 2662 1858 completum
2692 1789 2940 1844 videmus
2986 1789 3130 1860 quod
3170 1789 3222 1844 in
3253 1790 3551 1863 Evangelio

1953 1874 2188 1946 legimus
2218 1891 2232 1930 :
2268 1876 2544 1942 Quoniam
2578 1877 2884 1933 abundavit
2912 1878 3206 1951 iniquitas,
3231 1879 3550 1950 refrigescit

1954 1964 2205 2020 charitas
2221 1966 2535 2020 multorum
2553 1965 2770 2034 (Matth.
2789 1967 2973 2036 xxxv).
2993 1964 3336 2037 Quapropter
3355 1974 3551 2022 vestra:

1953 2052 2234 2108 dilectioni
2263 2053 2616 2109 ﬁdentissime
2629 2062 2679 2110 et
2700 2054 2938 2124 probata:
2967 2052 3095 2110 fidei
3126 2055 3469 2120 mandamus,
3493 2062 3550 2109 ut

1953 2140 2113 2194 nobis
2143 2157 2267 2196 cum
2298 2140 2476 2198 oﬁicio
2504 2141 2766 2198 decentim
2803 2150 2996 2198 vestra:
3036 2142 3108 2200 ad
3134 2150 3373 2198 montem
3404 2143 3550 2198 Cini-

1955 2244 2072 2284 sem
2128 2228 2276 2285 obvii
2317 2229 2638 2301 quantocius
2694 2231 2942 2299 veniatis,
3004 2239 3061 2286 ut
3109 2231 3312 2302 pariter
3341 2248 3546 2289 conve-

1955 2317 2187 2387 nientes,
2222 2334 2344 2390 qua:
2385 2318 2452 2372 ad
2499 2319 2780 2374 utilitatem
2812 2329 3136 2393 congruunt,
3167 2321 3400 2378 Domino
3421 2338 3546 2393 per-

1954 2406 2220 2474 mittente,
2253 2414 2488 2462 tractare
2507 2406 2805 2462 valeamus.
2822 2407 3101 2480 Simulque
3120 2409 3222 2464 hoc
3247 2410 3548 2481 precamini

1955 2491 2188 2551 ﬁlectam
2218 2493 2382 2550 ﬁliam
2413 2503 2658 2551 nostram
2687 2495 3093 2568 Angelbergam
3123 2497 3544 2567 imperatricem,

1955 2590 2118 2653 atque
2172 2585 2504 2654 Anspertum
2553 2583 3021 2655 archiepiscopum
3067 2585 3546 2655 Mediolanensem,

1956 2669 2399 2744 Wibbodumque
2456 2672 2804 2728 Parmensem
2836 2672 3171 2744 episcopum,
3204 2673 3453 2746 aliosque
3482 2673 3548 2730 ﬁ-

1956 2758 2107 2814 deles
2137 2767 2300 2830 atque
2330 2760 2555 2815 amicos.
2590 2761 2730 2814 Data
2758 2765 2822 2816 ut
2847 2778 3041 2834 supra.

1955 2968 2029 3008 AD
2076 2969 2400 3024 WIBIODUI,
2439 2969 2683 3023 PAULUH,
2732 2971 2803 3012 ΕΤ
2859 2970 3080 3013 ΡΑυιυΙ
3125 2972 3193 3012 ΔΕ
3239 2972 3548 3014 ιυωοιΝυιι

2595 3059 2912 3101 EPISCOPOS.

2515 3133 2738 3203 (Anno
2793 3136 2984 3204 878.)

2131 3220 2293 3276 lubet
2323 3224 2389 3276 ut
2416 3223 2656 3293 Papiam
2685 3222 2758 3277 ad
2786 3222 3062 3293 synodum
3075 3223 3369 3280 accedant.

2027 3326 2518 3382 Reverendissimis
2547 3333 2600 3381 et
2618 3327 2978 3382 sanctissimis
3006 3327 3287 3383 Wrsaono
3314 3343 3551 3384 venera-

1957 3412 2051 3468 bili
2065 3413 2324 3484 episcopo
2352 3414 2654 3480 Parmensi,
2685 3423 2740 3470 et
2756 3415 2922 3470 Paulo
2940 3415 3274 3483 Placentino,
3309 3423 3362 3472 et
3389 3416 3552 3472 Paulo

1957 3501 2234 3574 Regiensi,
2267 3511 2322 3556 et
2350 3502 2614 3559 Liudoino
2642 3503 2932 3558 Mutinensi
2951 3503 3244 3575 episcopis.

2021 3589 2380 3645 Sanctitatern
2408 3598 2647 3646 vestram
2659 3591 2800 3647 scire
2819 3593 3066 3662 cupimus
3084 3593 3343 3664 quoniam
3358 3601 3552 3650 octavo

1959 3676 2234 3732 Kalendas
2276 3678 2596 3735 Decembris
2624 3680 2923 3734 Taurinum
2953 3680 3222 3748 venimus,
3255 3680 3402 3751 inde,
3434 3682 3552 3739 Deo

1946 3766 2116 3832 duce,
2151 3767 2372 3837 Papiam
2402 3768 2702 3836 veniemus,
2736 3776 2793 3824 et
2843 3768 2919 3824 ibi
2946 3769 3212 3840 synodum
3268 3785 3370 3840 pro
3413 3776 3554 3826 statu

1961 3855 2059 3910 Dei
2091 3855 2463 3911 Ecclesiarum
2488 3856 2910 3912 celebrabimus.
2930 3855 3274 3929 Quapropter
3293 3857 3554 3915 mittimus

1959 3943 2365 4017 apostolicaque
2393 3945 2716 4001 auctoritate
2743 3961 3003 4016 expresse
3023 3946 3277 4016 jubemus
3289 3954 3348 4002 ut
3360 3954 3555 4018 quarto

1959 4033 2146 4089 Nonas
2172 4033 2493 4088 Decembris
2530 4033 2626 4101 ibi,
2683 4033 2829 4090 omni
2874 4035 3165 4091 occasione
3209 4043 3438 4105 remota,
3482 4036 3556 4092 ad

1961 4121 2230 4191 synodum
2259 4137 2384 4177 esse
2411 4122 2676 4178 debeatis.
2708 4124 2778 4178 Et
2794 4122 2884 4194 qui
2903 4123 3082 4194 primo
3101 4124 3244 4180 hanc
3272 4123 3556 4196 epistolam

1961 4209 2154 4280 egerit,
2177 4208 2286 4264 alio
2315 4209 2417 4264 sub
2439 4211 2589 4265 omni
2619 4210 2962 4266 festinatione
2981 4212 3333 4268 transmittat.
3367 4212 3558 4269 Videte

1963 4311 2033 4350 ne
2062 4296 2222 4352 aliter
2239 4296 2485 4364 faciatis;
2511 4297 2776 4368 quoniam
2804 4298 2850 4352 si
2875 4298 3037 4353 aliter
3088 4298 3346 4364 feceritis,
3384 4314 3557 4357 cano-

249 4413 500 4470 superna
555 4399 854 4455 rebellione
892 4399 950 4454 in
1001 4399 1188 4472 aliquo
1214 4400 1488 4466 temerari,
1522 4383 1576 4456 et
1613 4399 1855 4455 resultari

1968 4383 2088 4439 nico
2111 4383 2380 4440 feriemini
2409 4386 2622 4457 vigore.
2654 4387 2788 4440 Data
2818 4390 2886 4441 ut
2904 4402 3100 4457 mpm.

245 4493 516 4558 proterva
543 4487 1001 4560 transgressione.
1045 4487 1385 4545 Concessum
1437 4503 1467 4543 a
1495 4487 1742 4544 Deodato
1767 4487 1856 4542 in-

251 4574 501 4632 dktione
527 4575 849 4632 duodecima
877 4583 932 4632 et
957 4583 1166 4632 cuncta
1193 4577 1611 4650 congregationi
1667 4590 1861 4647 supra-

249 4663 392 4720 dicti
447 4663 571 4732 loci,
632 4663 906 4720 residente
959 4663 1014 4720 in
1076 4663 1208 4721 sede
1287 4663 1583 4736 apostolica
1657 4665 1859 4720 domno

250 4753 494 4818 Joanne,
515 4767 658 4809 anno
688 4761 860 4808 sexto.
885 4752 944 4808 Si
973 4753 1096 4825 quis
1113 4761 1305 4809 contra
1333 4754 1438 4810 hoc
1463 4759 1712 4809 nostrum
1739 4751 1859 4824 pri-

253 4839 543 4912 vilegium,
601 4839 819 4910 amodo,
876 4840 982 4895 nisi
1059 4841 1205 4896 intra
1246 4848 1456 4897 certum
1507 4849 1722 4913 tempus
1765 4857 1858 4898 re-

255 4928 512 5001 sipuerit,
542 4927 622 4984 ire
650 4928 960 4994 tentaverit,
992 4929 1358 4984 anathematis
1412 4945 1475 4986 se
1501 4929 1733 4986 vinculis
1761 4945 1858 4986 ca-

254 5016 462 5073 nonice
491 5016 706 5072 noverit
733 5015 1122 5090 colligendum.
1153 5018 1201 5088 -ιο
1228 5018 1373 5072 Bene
1402 5017 1585 5074 valere
1612 5019 1658 5089 -ι-
1687 5018 1860 5074 Nonis

255 5103 517 5162 Octobris
570 5119 672 5176 per
724 5120 947 5160 manum
1006 5105 1244 5176 Valperti
1290 5104 1579 5161 humillimi
1617 5105 1860 5178 episcopi

256 5200 469 5248 sanctae
517 5192 833 5248 Portuensis
879 5192 1145 5249 Ecclesia;
1211 5207 1372 5259 anno,
1432 5193 1666 5264 prOpitio
1720 5194 1856 5260 Deo,

253 5279 608 5352 pontiﬁcatus
630 5280 836 5339 domini
852 5280 1026 5338 nostri
1052 5280 1278 5337 Joannis
1295 5281 1492 5337 summi
1509 5280 1781 5354 pontificis
1809 5291 1863 5338 et

252 5368 584 5425 universalis
613 5385 766 5441 papae
793 5369 850 5425 in
905 5367 1275 5426 sacratissima
1329 5369 1461 5425 sede
1520 5369 1667 5426 beati
1718 5368 1861 5426 Petri

257 5456 496 5528 apostoli
529 5471 607 5525 vi,
650 5456 942 5514 indictione
972 5457 1316 5514 duodecima.

2623 4525 2882 4581 CLXVII.

2277 4627 2350 4668 AD
2389 4627 2651 4670 ιοΑΝΝΕκ
2688 4628 2996 4670 EPISCOPUM
3037 4629 3232 4669 PAPIRI.

2577 4703 2759 4773 (Anno
2790 4704 2940 4775 878.)

1964 4791 2029 4848 Ut
2048 4790 2152 4846 sibi
2189 4791 2501 4848 Taurinum
2529 4792 2748 4848 obviam
2793 4793 3004 4857 veniat,
3048 4795 3103 4846 et
3134 4791 3400 4857 epistolas
3433 4808 3467 4846 a
3496 4807 3555 4847 se

2029 4863 2276 4936 scriptas
2303 4862 2635 4936 quibusdam
2663 4863 2935 4936 episcopis
2961 4861 3192 4933 dirigat,
3239 4865 3305 4918 ut
3339 4862 3450 4934 ipsi
3480 4863 3554 4918 ad

2027 4933 2333 4989 concilium
2353 4933 2648 4990 accedant.

2031 5020 2507 5076 Reverendissimo
2537 5028 2590 5077 et
2615 5019 2956 5078 sanctissimo
2987 5021 3196 5076 10mm
3224 5020 3401 5092 Papiae
3434 5020 3554 5093 epi-

1961 5122 2131 5178 scopo
2142 5149 2155 5162 .

2033 5195 2312 5252 Sanctitati
2343 5203 2447 5252 tuae
2492 5204 2681 5253 notum
2738 5195 2857 5253 ﬁeri
2907 5196 3157 5253 volumus
3184 5196 3352 5268 quod
3409 5212 3556 5253 nunc

1959 5284 2277 5339 Taurinensi
2314 5284 2371 5338 in
2415 5284 2630 5341 civitate
2659 5286 3026 5341 consistimus.
3086 5284 3355 5340 Caeterum
3415 5285 3551 5340 diri-

1961 5371 2139 5443 gimus
2167 5380 2244 5442 ut,
2278 5373 2532 5429 continuo
2560 5374 2709 5430 omni
2735 5375 3026 5430 occasione
3049 5374 3372 5444 postposita,
3392 5374 3552 5431 nobis

1961 5459 2148 5515 venire
2176 5477 2246 5516 ne
2275 5459 2498 5517 diﬂ'eras
2530 5462 2764 5517 obviam.
2792 5461 2927 5517 Vide
2949 5477 3017 5517 ne
3037 5449 3104 5517 ab
3128 5461 3356 5533 alicujus
3406 5464 3555 5520 deci-
