4072 6186
495 265 598 317 807

1750 260 2044 317 JOANXIS
2102 260 2295 313 PAPE
2356 260 2496 314 νηί.

491 386 662 457 piaris
693 386 946 442 instinctu
974 384 1226 451 fortasse,
1250 403 1371 458 qum
1402 386 1621 441 minime
1652 385 1946 453 credimus,
1984 401 2079 455 pro
2112 384 2165 443 Α
2186 382 2401 438 obviam
2434 401 2540 439 non
2572 386 2936 450 concurreris,
2959 386 3237 449 miramur,
3270 403 3394 442 cum
3423 404 3542 442 eam
3573 387 3628 442 in
3659 404 3785 442 om-

492 483 648 546 parte
690 474 1107 531 Mediolanensis
1136 474 1554 545 archiepiscopi,
1590 474 1845 545 quoniam
1879 473 2086 544 specia-

492 564 617 619 liter
646 571 832 619 noster
860 581 920 618 es
967 571 1019 619 et
1049 564 1337 618 manualis.
1372 565 1436 617 Et
1478 563 1606 634 quia
1655 563 1722 617 de
1754 563 1951 617 nullius
1982 562 2084 616 nisi

492 660 682 709 nostra
709 652 912 708 ditione
941 652 1196 708 consistis
1216 651 1399 725 [deest
1418 651 1584 721 jubeo
1615 653 1700 708 vel
1733 653 1866 724 quid
1897 652 2088 723 hujus-

487 740 659 813 modi]
714 749 772 796 ut
828 741 1114 811 epistolam
1169 757 1332 812 quam
1396 739 1756 813 suﬂ‘raganeis
1813 740 2085 811 episcopis

488 829 815 886 Ravennatis
837 828 1115 892 Ecclesia,
1138 830 1304 884 Paulo
1335 828 1679 897 Placentiam,
1694 837 1748 883 et
1777 828 1905 883 item
1920 828 2085 883 Paulo

490 917 748 989 Regiensi
775 924 935 989 atque
965 916 1227 972 Liudoino
1270 916 1581 984 Mutinensi,
1634 932 1755 972 cum
1805 915 2085 971 celeritate

489 1006 705 1061 mittere
747 1005 1071 1076 procuretis,
1113 1014 1171 1060 ut
1226 1014 1424 1061 statuto
1477 1005 1567 1059 die
1596 1005 1817 1075 Papiam
1869 1004 2086 1059 veniant

490 1103 754 1166 quatenus
784 1095 854 1149 de
900 1102 1210 1150 sanctorum
1260 1094 1386 1149 item
1448 1094 1545 1148 Dei
1604 1092 1978 1148 Ecclesiarum
2032 1101 2084 1147 et

487 1183 762 1239 communi
790 1191 953 1253 atque
986 1182 1277 1239 universali
1309 1183 1480 1237 salute
1511 1188 1744 1237 tractare
1776 1181 2079 1236 valeamus.

489 1273 626 1327 Data
657 1276 722 1328 ut
752 1288 943 1344 supra.

1143 1368 1403 1423 CLXVIII

804 1474 875 1512 Λῐ)
914 1473 1246 1514 ANSPERTUM
1280 1473 1423 1511 ARCII
1431 1473 1775 1514 lEPlSCOPUM.

1112 1549 1290 1615 (Anno
1322 1550 1469 1615 878.)

492 1638 700 1692 Narrat
749 1637 958 1693 labores
989 1639 993 1644 ’
1002 1654 1104 1709 pro
1148 1636 1393 1692 Ecclesia
1441 1641 1724 1708 susceptos
1747 1656 1764 1691 :
1795 1641 1985 1693 monet
2018 1640 2083 1691 ut

2185 470 2346 525 nibus
2378 473 2575 528 nostris
2603 473 2836 545 negotiis
2867 490 3057 530 curam
3101 474 3340 547 gessisse
3384 491 3597 547 semper
3624 477 3787 531 novi-

2187 574 2337 623 mus;
2372 569 2425 615 et
2454 561 2546 615 ubi
2580 577 2681 615 nos
2728 577 2902 633 prepe
2922 562 3090 617 fuisse
3119 563 3388 627 audieras,
3420 564 3526 618 tuis
3557 564 3785 619 univer-

2185 647 2261 702 sis
2291 649 2609 719 postpositis
2623 651 2795 713 seriis.
2828 651 2897 704 ad
2916 666 3016 706 nos
3036 650 3780 723 festinanterpmperaveras.

2186 736 2342 791 Unde
2372 738 2649 792 cernimus
2676 739 2931 810 quoniam
2961 739 3105 794 istud
3123 756 3227 794 non
3251 756 3314 795 ex
3348 741 3532 805 corde,
3554 741 3651 795 sed
3685 758 3785 811 pro

2184 821 2444 881 ﬁdelitate
2474 826 2550 880 tui
2582 826 2814 883 senioris
2843 828 3024 882 taliter
3073 826 3284 894 feceris,
3321 829 3466 900 quod
3495 828 3620 884 ideo
3652 845 3783 899 par-

2185 912 2397 979 cimus;
2450 931 2578 970 ecce
2621 915 2786 984 enim,
2819 924 2874 970 ut
2901 915 3146 981 audistis,
3193 925 3244 971 et
3292 933 3392 971 nos
3438 917 3599 971 etiam
3632 918 3788 972 vobis

2175 1000 2287 1068 jam
2336 1001 2526 1056 litteris
2569 1002 3015 1075 significavimus,
3064 1020 3165 1074 pro
3222 1005 3420 1074 quibus
3471 1005 3525 1058 in
3592 1004 3783 1060 Galliae

2184 1089 2432 1160 partibus
2463 1092 2731 1160 synodum
2759 1092 3177 1147 celebravimus.
3207 1093 3273 1146 Et
3304 1093 3635 1149 Ludovicum
3655 1093 3781 1164 glo-

2184 1175 2390 1231 riosum
2424 1195 2612 1250 regem
2643 1178 2790 1233 allati
2813 1179 3032 1247 fuimus,
3057 1180 3149 1251 qui
3165 1180 3321 1235 nobis
3353 1181 3492 1235 hunc
3514 1182 3783 1236 Bosonem

2183 1264 2488 1337 principem
2519 1267 2695 1322 virum
2726 1268 3210 1334 consultissimum,
3258 1268 3469 1340 sibique
3522 1286 3589 1324 ex
3634 1270 3787 1323 omni

2183 1362 2339 1424 parte
2368 1356 2714 1424 conjunctum
2745 1356 2911 1420 dedit,
2947 1364 3003 1410 ut
3032 1372 3133 1413 nos
3163 1356 3344 1412 salvos
3374 1356 3489 1412 sine
3549 1357 3787 1428 impedi-

2185 1451 2368 1497 mento
2400 1442 2672 1498 maledicti
2728 1444 3000 1498 Lamberti
3046 1444 3098 1498 in
3134 1445 3336 1500 Urbem
3363 1446 3620 1513 mitteret,
3655 1461 3785 1501 cum

2185 1546 2293 1601 quo
2310 1546 2409 1585 nos
2430 1530 2655 1601 paciﬁce
2672 1548 2773 1603 pro
2789 1542 2943 1588 certo
2961 1533 3228 1587 venimus.
3249 1533 3518 1588 Caeterum
3550 1549 3783 1589 monen-

2184 1626 2266 1673 tes
2315 1619 2577 1674 mittimus
2607 1629 2657 1675 et
2691 1630 2949 1693 rogantes
2979 1623 3262 1675 hortamur
3309 1630 3572 1693 quatenus
3601 1631 3790 1678 vestro

529 1725 633 1780 sibi
650 1741 779 1780 cum
811 1726 1067 1781 omnibus
1079 1725 1348 1797 cpiscOpis
1375 1724 1494 1780 suis
1528 1726 1762 1796 Papiam
1794 1729 2077 1781 occurrat.

2193 1705 2254 1760 de
2266 1723 2437 1771 more,
2473 1706 2676 1763 relictis
2706 1709 2825 1762 aliis
2854 1710 3107 1763 omnibus
3136 1709 3303 1774 curis,
3336 1710 3593 1781 omnique
3613 1725 3792 1766 occa-

563 1812 1037 1869 Reverendissimo
1059 1820 1113 1868 et
1132 1812 1470 1869 sanctissimo
1486 1812 1741 1868 confratri
1786 1815 2084 1869 Axsrsnro

491 1900 786 1956 venerabili
817 1901 1232 1973 archiepiscoiio
1261 1900 1676 1956 Mediolanensi.

562 1988 837 2059 Quantum
868 2006 969 2062 pro
999 1989 1163 2045 totius
1194 1998 1394 2045 sanctae
1413 1988 1513 2045 Dei
1541 1989 1807 2046 Ecclesiae
1838 1998 2001 2056 statu,
2033 1997 2087 2045 et

489 2094 589 2148 pro
610 2087 804 2134 cuncto
823 2095 992 2152 grege
1016 2078 1425 2149 Dominico,pro
1441 2093 1547 2149 quo
1578 2078 1922 2149 omnipotens
1939 2078 2085 2133 Deus

488 2166 712 2238 proprio
743 2166 878 2222 Filio
908 2182 1007 2221 suo
1039 2182 1148 2221 non
1178 2166 1439 2238 pepercit,
1475 2166 1571 2222 sed
1600 2182 1700 2237 pro
1731 2165 1890 2224 nobis
1918 2165 2088 2221 omni-

488 2254 591 2308 bus
625 2254 846 2310 tradidit
891 2254 1059 2321 illum,
1095 2263 1149 2310 et
1190 2256 1425 2309 Joannes
1480 2255 1760 2325 apostolus
1790 2256 2086 2309 exhortans

487 2360 588 2398 nos
610 2343 684 2397 ait
704 2361 715 2396 :
735 2344 1010 2410 Quoniam
1028 2344 1128 2398 ille
1142 2361 1241 2415 pro
1258 2343 1413 2398 nobis
1426 2344 1679 2399 animam
1700 2360 1863 2399 suam
1873 2344 2080 2415 posuit,

489 2435 544 2487 ct
558 2447 658 2486 nos
678 2431 935 2487 debemus
950 2448 1048 2505 pro
1060 2432 1338 2503 fratribus
1356 2432 1613 2486 animam
1633 2448 1840 2503 ponere
1854 2433 1906 2503 (Ι
1920 2433 2082 2487 Ιοαη.

492 2522 597 2591 ιη),
630 2518 881 2575 laborare
913 2535 977 2575 ac
1007 2519 1237 2593 vigilare
1269 2536 1488 2590 semper
1517 2519 1799 2589 debemus,
1839 2520 2081 2574 omnium

490 2614 733 2664 vestrum
780 2608 900 2663 luce
930 2608 1129 2664 clarius
1168 2607 1314 2663 novit
1344 2607 1434 2679 pia
1464 2608 1795 2663 fraternitas.
1830 2607 2084 2679 Quapro-

491 2706 630 2769 pter,
663 2705 922 2770 quantum
952 2713 1017 2753 ex
1055 2696 1235 2751 divina
1274 2696 1446 2768 gratia
1478 2696 1532 2751 in
1584 2697 1741 2753 nobis
1789 2696 1885 2751 fuit
1925 2705 1976 2751 et
2004 2705 2088 2751 est

494 2803 559 2841 ex
590 2802 696 2857 quo
726 2802 829 2840 nos
857 2802 1092 2857 superna
1120 2786 1401 2841 miseratio
1432 2802 1543 2841 suae
1591 2786 1854 2842 Ecclesiae
1882 2784 2086 2857 prmfe-

489 2875 580 2937 cit,
614 2874 810 2929 animae
839 2883 1039 2930 nostrae
1093 2890 1367 2945 nunquam
1410 2874 1773 2944 pepercimus,
1807 2889 2086 2946 nunquam

489 2962 627 3016 dura
656 2961 902 3031 pericula
930 2960 1321 3015 declinavimus
1346 2980 1359 3026 ;
1394 2963 1491 3016 sed
1521 2962 1610 3016 die
1627 2969 1919 3033 noctuque,
1952 2970 2085 3016 aestu

488 3058 541 3104 et
562 3048 690 3122 gelu
719 3048 911 3113 exusti,
944 3065 1013 3103 ne
1034 3049 1163 3120 quid
1191 3057 1408 3120 captum
1439 3064 1472 3103 a
1502 3048 1676 3104 bestia
1691 3057 1782 3103 aut
1811 3049 2082 3105 dilacera—

488 3146 602 3193 tum
634 3135 865 3192 Domino
894 3137 1322 3205 ostenderemus,
1357 3137 1600 3192 marinos
1629 3137 1820 3193 fluctus
1853 3137 2083 3208 pertuli-

488 3243 611 3281 mus
640 3240 739 3296 pro
766 3224 1006 3280 omnium
1056 3232 1298 3280 vestrum
1329 3225 1650 3281 liberatione
1679 3234 1842 3297 atque
1869 3226 2042 3281 salute
2068 3243 2081 3279 :

486 3315 541 3371 in
572 3313 859 3371 Franciam
889 3329 1107 3386 quoque
1136 3314 1439 3381 venientes,
1471 3323 1524 3369 et
1555 3330 1749 3385 regum
1780 3313 1923 3371 filios
1951 3329 2083 3385 par-

487 3404 584 3459 tim
602 3403 727 3458 viva
755 3417 911 3470 voce,
941 3402 1137 3474 partim
1165 3403 1410 3473 epistolis
1438 3411 1599 3474 atque
1626 3403 1827 3476 legatis
1862 3402 2083 3459 allocuti

489 3508 678 3547 sumus
707 3507 916 3557 omnes,
946 3491 1003 3547 id
1030 3498 1115 3546 est
1153 3499 1411 3563 utrosque
1468 3491 1794 3560 Ludovicus,
1851 3490 2083 3547 Carolo—

487 3596 765 3643 mannum,
791 3588 847 3636 et
873 3580 1146 3644 Canium,
1182 3588 1517 3651 acceptoque
1547 3579 1824 3635 communi
1854 3578 2084 3635 consilio

487 3669 566 3725 uti
594 3671 737 3727 Boso
761 3669 1038 3743 gloriosus
1058 3668 1316 3740 princeps
1344 3680 1531 3724 comes
1563 3676 1711 3724 esset
1742 3668 1955 3723 itineris
1978 3682 2082 3723 no-

487 3759 606 3825 stri,
630 3785 635 3791 -
655 3759 852 3822 donec,
885 3758 1102 3812 Christo
1129 3772 1290 3828 opem
1322 3756 1549 3820 ferente,
1582 3763 1981 3812 reverteremur
2017 3755 2084 3809 ad

487 3848 710 3905 Urbem.
743 3849 811 3901 Et
830 3846 959 3918 quia
983 3846 1054 3901 de
1082 3854 1224 3899 statu
1254 3853 1457 3900 sanctae
1492 3843 1761 3900 Ecclesiae
1807 3852 1933 3899 sunt
1965 3859 2086 3914 qua

485 3935 846 3991 communiter
901 3941 1131 3988 tractare
1188 3933 1469 3996 debemus,
1506 3940 1610 3987 tuae
1656 3932 1925 3988 sanctitati
1954 3945 2085 4002 apo—

489 4023 680 4079 stolica
695 4022 1015 4077 auctoritate
1045 4021 1369 4075 mandamus
1398 4036 1522 4075 cum
1551 4020 1764 4076 cunctis
1816 4018 2087 4093 suifraga-

490 4109 611 4165 neis
638 4109 746 4165 tuis
774 4116 827 4164 et
854 4108 1196 4180 coepiscopis
1234 4108 1395 4164 nobis
1442 4108 1663 4178 Papiam
1709 4108 1952 4164 secunda
1995 4108 2085 4163 die

490 4205 613 4269 post
643 4196 842 4253 festum
873 4197 1047 4253 sancti
1095 4196 1331 4253 Audi-em
1358 4212 1671 4253 occurrere.
1705 4197 1773 4251 Et
1828 4196 2087 4268 quoniam

490 4287 717 4358 pl'obata
744 4284 882 4342 ﬁdes
909 4285 1150 4342 omnium
1189 4285 1660 4357 praedecessorum
1693 4293 1905 4341 tuorum
1933 4302 2085 4341 sem-

490 4393 591 4448 per
619 4376 718 4432 fuit
744 4392 873 4449 erga
904 4374 1209 4431 Romanum
1255 4374 1591 4446 pontiﬁcem,
1638 4382 1729 4430 tua
1775 4373 2086 4430 fraternitas

2187 1793 2339 1849 sione
2372 1803 2596 1865 remota,
2633 1797 2702 1851 ad
2734 1813 2835 1851 nos
2874 1797 3288 1868 praesentialiter
3315 1798 3520 1864 venias,
3553 1798 3792 1855 incitans

2186 1881 2341 1937 etiam
2384 1883 2542 1948 alios,
2579 1884 2775 1955 quibus
2797 1885 3123 1956 apostolicas
3159 1886 3368 1941 litteras
3413 1886 3692 1952 mittimus,
3722 1896 3792 1941 ut

2187 1979 2238 2025 et
2268 1970 2370 2041 ipsi
2404 1971 2654 2027 similiter
2683 1971 2905 2028 faciant.
2937 1972 3225 2042 Quoniam,
3257 1974 3356 2029 scit
3388 1975 3554 2040 Deus,
3574 1990 3680 2029 non
3710 1975 3792 2031 ob

2186 2059 2334 2113 aliud
2366 2076 2464 2114 vos
2484 2060 2688 2133 alloqui
2717 2060 2964 2132 cupimus
2996 2062 3099 2116 nisi
3131 2069 3187 2116 ut
3217 2070 3529 2118 sanctarum
3559 2062 3657 2118 Dei
3676 2062 3789 2119 Ec-

2185 2147 2474 2203 clesiarum
2505 2156 2700 2203 statum
2733 2158 2787 2204 et
2817 2149 3130 2221 reipublica:
3162 2150 3400 2222 quietem
3432 2166 3539 2205 una
3595 2151 3791 2206 vobis-

2185 2250 2307 2292 cum
2338 2237 2746 2292 consideremus
2770 2256 2784 2301 ;
2819 2246 2993 2292 tamen
3033 2246 3158 2293 ante
3188 2238 3326 2293 alios
3355 2237 3542 2294 venire
3572 2247 3787 2310 satage,

2184 2332 2242 2378 ut
2270 2324 2533 2396 quidquid
2579 2342 2701 2380 cum
2730 2325 2850 2380 aliis
2883 2323 3195 2391 fecerimus,
3229 2335 3406 2383 tecum
3442 2325 3787 2382 familiariter

2185 2422 2347 2468 antea
2377 2413 2669 2468 terminare
2700 2429 2988 2486 queamus.
3028 2415 3167 2469 Data
3196 2419 3259 2469 ut
3288 2432 3479 2487 supra.

2869 2502 3081 2557 CLXX.

2577 2605 2649 2646 AD
2682 2606 3082 2646 BERENGABIUM
3121 2607 3384 2648 ΟΟΗΙΤΕΜ.

2808 2681 2991 2749 (Anno
3019 2682 3167 2749 8'78.)

2186 2767 2511 2838 Berengarii
2538 2767 2892 2840 charitate-m
2948 2784 3082 2840 erga
3122 2770 3431 2826 Romanam
3470 2770 3785 2825 Ecclesium

2256 2838 2648 2909 commendat;
2670 2839 2957 2909 signiﬁcat
2978 2838 3318 2895 celebratam
3334 2840 3396 2894 in
3418 2840 3605 2895 Gallia

2255 2908 2410 2972 dum,
2428 2924 2592 2972 seque
2614 2908 2959 2964 incolumem
2989 2925 3275 2966 reversuri:
3294 2929 3314 2965 :
3330 2914 3524 2966 monet
3538 2914 3609 2965 ut
3624 2908 3703 2965 ei
3730 2927 3791 2966 se

2256 2979 2448 3033 venire
2478 2979 2735 3035 festinet.

2363 3065 2575 3122 Dilecto
2595 3064 2708 3123 filio
2737 3068 3100 3123 BERENGAIIO
3131 3068 3325 3124 illustri
3352 3068 3554 3124 comiti.

2255 3154 2445 3212 Relatu
2492 3155 2881 3211 nonnullorum
2936 3156 3264 3223 audivimus,
3319 3157 3555 3214 maxime
3625 3159 3791 3228 huius

2185 3242 2440 3299 Widonis
2467 3244 2682 3300 comitis
2712 3245 2877 3300 nostri
2905 3244 3224 3312 consiliarii,
3259 3254 3315 3300 ut
3346 3254 3531 3302 vestra
3560 3246 3787 3302 devotio

2182 3331 2499 3387 cbaritatem
2543 3348 2706 3403 quam
2750 3348 2884 3405 erga
2939 3349 3042 3390 nos
3072 3343 3421 3405 nostramque
3461 3334 3790 3396 Ecclesium.

2183 3428 2423 3476 vestram
2448 3420 2701 3477 videlicet
2725 3430 2975 3487 matrem,
3009 3438 3230 3493 semper
3276 3423 3578 3492 habueras,
3606 3423 3795 3494 magis

2183 3508 2472 3581 magisque
2501 3508 2717 3564 adolent
2741 3527 2754 3563 :
2786 3508 2843 3564 in
2870 3526 2976 3581 quo
3004 3510 3215 3582 gratias
3232 3510 3448 3581 agimus
3476 3519 3533 3566 et
3563 3518 3625 3565 ut
3649 3526 3794 3581 pro-

2182 3595 2331 3653 ticias
2358 3597 2658 3653 hortamur.
2690 3596 2837 3654 Ecce
2865 3597 3010 3652 enim
3035 3598 3268 3655 audistis
3315 3613 3417 3669 pro
3472 3598 3674 3670 quibus
3730 3599 3791 3653 in

2185 3684 2377 3741 Gallia:
2405 3684 2647 3755 partibus
2685 3686 2958 3755 synodum
3005 3685 3428 3751 celebravimus,
3470 3694 3526 3741 et
3554 3685 3800 3742 Ludovi-

2185 3787 2309 3829 eum
2340 3789 2530 3845 regem
2574 3773 2879 3846 gloriosum
2905 3772 3050 3829 εειιί
3070 3772 3290 3839 fuimus,
3323 3774 3416 3845 qui
3444 3773 3610 3830 nobis
3645 3775 3798 3830 hunc

2184 3861 2455 3918 Bosonem
2487 3861 2792 3933 principem
2822 3862 3001 3918 virum
3044 3862 3530 3927 consultissimum,
3576 3862 3798 3934 sibique

2186 3965 2261 4005 ex
2287 3948 2435 4005 omni
2463 3958 2618 4020 parte
2648 3950 2996 4019 coniunctum
3024 3950 3194 4016 dedit,
3227 3959 3287 4005 ut
3325 3966 3447 4017 nos,
3497 3949 3799 4007 auxiliante

2187 4038 2323 4105 Deo,
2355 4038 2535 4094 salvos
2563 4038 2683 4095 sine
2708 4038 3099 4109 impedimento
3116 4038 3384 4095 [.emberti
3418 4037 3717 4101 maledicti,
3741 4046 3802 4093 et

2185 4143 2217 4181 a
2244 4134 2429 4182 sancta
2461 4126 2560 4181 Dei
2586 4126 2842 4183 Ecclesia
2870 4126 3328 4193 anathematizati,
3360 4126 3415 4181 in
3446 4126 3642 4182 urbem
3673 4126 3802 4182 Ro-

2185 4231 2333 4271 mam
2363 4215 2619 4284 mitteret,
2647 4231 2771 4272 cum
2802 4230 2912 4286 quo
2940 4230 3042 4270 nos
3062 4213 3287 4286 paciﬁce
3315 4229 3417 4285 pro
3442 4222 3597 4271 certe
3626 4214 3797 4270 veni-

2186 4318 2328 4358 mus.
2353 4303 2619 4359 Caeterum
2648 4310 2931 4359 monentes
2959 4302 3240 4368 mittimus,
3272 4310 3328 4358 et
3362 4310 3626 4375 rogantes
3654 4302 3802 4358 hor-

2188 4400 2388 4457 tantur,
2420 4392 2623 4449 relictis
2640 4391 3033 4448 aliiscmnibus
3051 4392 3218 4456 curis,
3238 4391 3306 4447 ad
3336 4406 3441 4446 nos
3467 4390 3805 4462 presentiu-

491 4443 834 4520 omnimodis
850 4464 1062 4519 studeat
1087 4443 1272 4519 eorum
1306 4480 1359 4517 in
1400 4463 1652 4519 omnibus
1681 4462 1898 4534 assequi
1930 4461 2088 4517 vesti.
2121 4443 2167 4503 D

490 4554 601 4627 gis,
637 4553 780 4626 quia,
813 4553 960 4626 quod
977 4553 1137 4617 absit,
1163 4552 1207 4605 si
1221 4550 1572 4617 aliterfuerit,
1606 4551 1766 4623 vigor
1794 4550 2089 4607 canonicus
2188 4567 2337 4623 aliud
2368 4582 2468 4623 να
2513 4550 2719 4639 διιοςῶ
2754 4568 3023 4639 cupimus.
3073 4567 3179 4622 ,λεί
3219 4576 3277 4622 ιιι
3323 4574 3633 4624 πωπω
3690 4566 3807 4622 Dei

489 4658 655 4713 super
683 4641 1061 4697 inobedientes
1098 4656 1377 4695 remanere
1425 4654 1533 4695 non
1577 4639 1797 4710 poterit.
1856 4640 1993 4693 Data
2023 4643 2089 4694 ut
2186 4655 2557 4713 Ecclesian
2587 4664 2787 4712 ,κωκυ
2816 4664 2871 4712 ει
2899 4656 3144 4727 quidam
3174 4655 3492 4727 reipubiice
3517 4670 3643 4712 ωσι
3689 4655 3804 4711 ιω,

489 4747 684 4805 supra.

1167 4825 1405 4882 CLXIX.

938 4931 1009 4970 AD
1047 4929 1343 4970 SUPPONBI
1369 4928 1639 4970 οοιιιτιι.

1123 5005 1305 5072 (Anno
1321 5003 1474 5071 878.)

490 5096 729 5151 Miratur
748 5109 878 5150 eum
888 5094 1018 5164 sibi,
1037 5096 1103 5148 ut
1118 5070 1363 5157 decebat,
1386 5106 1505 5164 non
1519 5070 1862 5164 occurrisse;
1884 5091 2089 5164 certio-

561 5181 681 5222 rem
710 5165 895 5221 reddit
922 5161 1117 5220 ds'his
1133 5179 1256 5234 quia
1293 5178 1425 5218 cum
1457 5161 1736 5219 Ludovico
1777 5176 1905 5233 rege
1937 5162 2087 5233 egit:

560 5239 752 5293 monet
780 5240 846 5291 ut
863 5234 935 5291 ad
964 5250 1022 5289 se
1045 5233 1255 5290 veniat.

563 5342 774 5398 Dilecto
807 5340 919 5397 lilio
952 5340 1203 5396 Surroxt
1230 5337 1431 5393 illustri
1460 5338 1664 5396 comiti.

2187 4759 2323 4800 nore
2351 4760 2462 4800 una
2492 4745 2776 4802 vobiscum
2805 4752 3117 4801 tractemus.
3146 4745 3282 4799 Data
3312 4747 3377 4799 ut
3407 4760 3603 4818 supra.

2864 4842 3107 4897 CLXXI.

2251 4944 2324 4984 an
2353 4918 2687 4985 ausaausa
2717 4944 3194 4985 mancorum
3223 4942 3728 4984 untoumsu.

2809 5020 2992 5090 (Anno
3021 5018 3176 5088 878.)

2190 5107 2451 5180 Increpat
2467 5122 2601 5163 cum
2623 5108 2766 5180 quod
2904 5107 3194 5180 mitius
3207 5122 3322 5162 non
3344 5106 3581 5180 tulerit;
3596 5107 3804 5180 etfacit

2262 5176 2430 5249 tertio
2458 5176 2650 5235 monet
2677 5182 2743 5234 ut
2771 5178 2882 5234 sibi
2923 5177 3161 5249 Papiam
3188 5180 3349 5232 certa
3383 5176 3475 5232 die
3511 5193 3643 5232 cum
3670 5177 3805 5231 suis

2259 5248 2639 5321 sulfraganeis
2667 5251 2955 5306 occurrat.

2260 5335 2734 5392 Reverendissimo
2759 5344 2814 5391 et
2831 5334 3177 5392 sanctissimo
3197 5333 3457 5392 confratri
3486 5336 3803 5389 Ansras'ro

562 5429 691 5497 Cur,
725 5429 798 5484 fili
818 5428 1160 5493 charissime,
1191 5425 1352 5483 nobis
1382 5425 1485 5482 iter
1514 5434 1603 5481 tua
1633 5425 1852 5481 dilectio
1880 5425 2090 5482 clause-
2190 5424 2488 5480 venerabili
2507 5424 2923 5497 archiepiscopo
2944 5422 3357 5480 Mediolanensi.

489 5516 579 5583 rit,
611 5532 815 5588 curque
834 5525 889 5572 ut
918 5515 1147 5571 audistis
1175 5530 1278 5570 nos
1307 5515 1360 5569 in
1393 5522 1516 5570 tuos
1565 5514 1807 5570 honores
1844 5513 2085 5580 venisse,

2262 5513 2535 5581 Quantum
2566 5512 2808 5585 benigna
2857 5509 3167 5568 fraternitas
3210 5519 3393 5567 vestra
3436 5517 3645 5567 sancte
3675 5511 3808 5566 sedi
