4028 6180
194 268 294 319 800

1300 216 1679 319 ‘Episrom
1726 261 1817 317 ET
1870 261 2216 319 uacuam.

3399 267 3504 320 810

194 386 513 457 apostolica
530 400 860 443 concurrere
891 401 955 441 ac
978 386 1313 441 concordare
1344 386 1558 450 debeat,
1579 385 1795 455 przede-
1825 385 2217 444 Aauctoritate
2264 388 2541 442 hortantes
2564 388 2678 456 jam
2710 386 2868 441 tertio
2912 386 3235 441 mandamus
3261 396 3319 442 ut
3346 402 3497 458 prae-

198 490 387 531 cessor
443 483 630 530 noster
679 475 870 529 beatus
920 474 1169 529 Gelasius
1213 490 1350 545 papa
1399 475 1469 528 ad
1515 474 1804 543 episcopos

201 563 661 633 parvipendentes
690 562 1029 617 vexationem
1075 562 1296 616 fratrum
1330 562 1414 616 his
1443 562 1622 617 verbis
1649 577 1804 616 com-

206 650 466 705 minando
512 650 719 716 scribit,
772 650 1004 705 dicens:
1048 651 1157 705 Cur
1202 666 1311 705 non
1355 649 1625 720 compassi
1675 649 1806 703 estis

206 738 369 792 tantis
412 737 671 793 fratribus
700 739 940 792 vestris?
971 738 1079 792 Cur
1120 754 1229 793 non
1274 738 1463 791 adistis
1507 738 1808 806 imperato-

208 825 365 882 rem?
401 826 512 880 Cur
554 841 661 881 non
702 826 959 895 posuistis
999 826 1237 881 animam
1277 841 1380 895 pro
1422 824 1807 894 confratribus,

205 930 364 985 quam
416 922 749 983 przeceptum
789 914 1004 968 habetis
1051 929 1252 983 ponere
1300 929 1398 984 pro
1445 930 1616 985 grege
1653 912 1809 966 vobis

202 1001 542 1057 commisso?
572 1002 679 1056 Cur
707 1016 813 1055 non
842 1002 1101 1071 posuistis
1144 1018 1242 1056 vos
1288 1017 1390 1070 pro
1438 1002 1600 1055 domo
1642 1001 1810 1055 lsracl

218 1106 459 1155 murum,
489 1097 543 1143 ut
575 1090 793 1144 staretis
822 1089 877 1142 in
906 1090 1109 1159 praeliis
1138 1090 1189 1143 in
1212 1090 1355 1143 diem
1386 1089 1643 1143 Domini?
1672 1088 1812 1156 Qua-

211 1184 434 1247 propter
478 1177 696 1230 tandem
738 1177 985 1231 discussa
1032 1177 1367 1249 negligentia
1412 1178 1476 1230 ad
1525 1176 1811 1246 pristinum

211 1280 306 1318 vos
342 1264 635 1318 reformate
666 1274 962 1330 certamen,
997 1264 1242 1319 fratribus
1297 1265 1555 1319 auxilium
1601 1263 1810 1319 concite

219 1350 580 1406 afferendum.
623 1353 749 1407 Haec
788 1361 841 1406 et
879 1353 1069 1407 horum
1108 1353 1302 1406 similia
1339 1362 1578 1408 vestram
1617 1351 1812 1407 frater-

217 1440 441 1493 nitatem
475 1440 769 1494 debuerant
815 1440 1059 1509 exempla
1104 1457 1416 1511 provocare,
1449 1450 1498 1493 et
1528 1441 1685 1494 nobis
1711 1455 1811 1511 pro

215 1527 379 1582 totius
411 1537 609 1582 sanetae
657 1528 757 1582 Dei
800 1528 1063 1583 Ecclesia:
1110 1537 1248 1583 statu
1292 1528 1659 1583 laborantibus
1703 1543 1812 1582 non

215 1624 424 1670 tantum
458 1616 610 1669 inviti
630 1616 765 1683 jam,
798 1617 895 1671 sed
926 1617 1087 1671 etiam
1117 1626 1308 1687 sponte
1354 1632 1679 1672 concurrere
1710 1617 1811 1670 de-

214 1702 351 1763 betis
380 1718 443 1758 ac
470 1704 753 1759 debuistis.
804 1704 909 1759 Sed
947 1706 1057 1773 jam
1108 1722 1248 1761 nunc
1296 1713 1417 1775 post
1466 1705 1671 1759 tertiam
1710 1709 1811 1757 ad-
1840 1729 1895 1789 B

212 1792 565 1846 monitionem
597 1792 753 1846 nobis
782 1809 904 1847 cum
935 1792 1291 1848 confratribus
1321 1794 1514 1847 vestris
1544 1801 1593 1847 et
1623 1792 1812 1862 coepi-

218 1877 398 1945 scopis
430 1877 642 1931 studete
675 1877 891 1947 Papiam
923 1878 1024 1932 hac
1057 1878 1242 1948 quinta
1273 1877 1409 1932 feria
1437 1878 1684 1947 proxima
1713 1878 1816 1931 ad—

216 1964 468 2017 veniente
497 1980 820 2031 occurrere,
880 1964 1051 2018 zelum
1108 1965 1237 2029 Dei,
1296 1982 1455 2035 quem
1512 1982 1609 2035 pro
1664 1965 1817 2020 vobis

226 2051 484 2105 omnibus
521 2051 717 2120 patior,
763 2060 922 2122 atque
965 2052 1206 2106 dolorem
1255 2054 1556 2114 audientes,
1590 2061 1645 2107 ut
1674 2051 1819 2122 quod

223 2138 485 2210 deinceps
514 2139 661 2194 Deus
690 2140 1031 2210 omnipotens
1076 2142 1351 2195 communi
1380 2151 1561 2196 vestro
1591 2141 1820 2197 consilio

219 2227 547 2291 decreverit,
573 2228 751 2282 facere
773 2228 1067 2283 valeamus.
1092 2230 1268 2297 Nulla,
1292 2229 1459 2284 frater
1480 2229 1817 2295 charissime,

226 2315 410 2369 animo
440 2324 623 2369 vestro
654 2316 897 2370 dubietas
928 2314 1177 2380 insideat,
1203 2318 1254 2371 in
1278 2334 1395 2372 mea
1419 2316 1524 2372 fide
1546 2327 1593 2371 et
1617 2318 1670 2371 in
1699 2332 1822 2372 meo

225 2403 539 2458 sacerdotio
586 2404 828 2469 credite;
875 2404 947 2457 nil
996 2414 1182 2459 contra
1230 2414 1461 2460 vestram
1520 2406 1824 2461 decentiam

219 2498 381 2560 atque
427 2491 694 2545 honorem
744 2491 897 2546 vobis
945 2492 1287 2563 aliquatenus
1330 2502 1632 2563 opponatur
1675 2494 1821 2564 quia,

219 2578 367 2648 quod
399 2594 506 2632 non
538 2588 802 2649 optamus,
838 2580 882 2633 si
914 2580 1029 2636 haec
1059 2581 1447 2652 parvipendere
1469 2582 1821 2648 tentaveritis,

201 2673 326 2736 post
356 2674 560 2721 tantam
589 2668 901 2738 patientiam
932 2669 1192 2724 canonica
1222 2669 1373 2724 eritis
1402 2677 1493 2724 ⁸...

890 2792 1152 2847 CLXXII.

611 2894 685 2934 AD
725 2894 1125 2936 BERBNGARIUII
1164 2896 1409 2935 COIITEN
1418 2922 1430 2935 .

435 2967 646 3022 Narrat
677 2968 886 3023 labores
905 2986 1004 3039 pro
1027 2970 1276 3024 Ecclesia
1295 2972 1601 3040 susceptos.

1907 477 2208 530 sentialiter
2247 476 2314 529 ad
2360 491 2478 540 nos,
2530 474 2854 538 charissimi,
2906 483 3161 545 tanquam
3192 476 3261 529 ad
3291 484 3499 545 patrem

1907 565 2092 618 venire
2122 564 2384 624 debeatis,
2417 572 2468 617 et
2500 572 2555 617 ut
2584 563 2676 617 alii
2707 562 2925 616 veniant
2954 563 3092 618 alter
3118 562 3342 618 alterum
3375 564 3505 619 inci-

1905 661 1998 718 tet,
2033 661 2085 707 et
2114 654 2213 706 has
2243 652 2449 706 litteras
2474 652 2649 722 primo
2678 651 2870 722 legens
2899 651 3173 706 remittere
3227 652 3347 707 aliis
3380 668 3512 721 pro-

1908 745 2061 791 curet
2094 754 2106 790 :
2139 744 2405 807 quatenus
2448 737 2726 790 venientes
2773 751 2879 789 una
2925 736 3210 791 nobiscum
3255 737 3325 790 de
3363 745 3504 792 statu

1910 833 2215 879 sanctarum
2261 824 2358 878 Dei
2404 824 2774 878 Ecclesiarum
2807 832 2859 878 et
2888 823 3066 895 quiete
3112 823 3423 893 reipublicm
3455 832 3507 880 et

1910 921 2095 967 nostra
2128 920 2416 982 vestraque
2446 913 2684 966 omnium
2716 911 2887 965 salute
2918 912 3186 981 synodum
3217 912 3504 968 celebran-

1910 1008 2011 1066 tes,
2045 1009 2363 1064 tractemus;
2410 1000 2465 1053 in
2508 1000 2721 1071 quibus,
2776 999 3113 1055 dilectissimi
3164 998 3275 1062 filii,
3308 1016 3375 1054 ne
3400 1017 3501 1056 ve-

1913 1098 2025 1143 stra
2056 1088 2291 1143 charitas
2322 1097 2515 1158 tepeat,
2550 1104 2686 1142 neve
2719 1087 3045 1159 religiositas
3076 1088 3372 1152 inobediat,
3406 1089 3502 1143 sed

1912 1177 2269 1247 compatiatur
2319 1185 2376 1230 ut
2424 1183 2636 1246 oportet
2686 1190 2751 1230 ac
2797 1175 3012 1239 doleat;
3064 1175 3189 1245 quia
3246 1177 3505 1246 scriptum

1912 1273 1994 1319 est
2040 1265 2267 1335 qualiter
2314 1265 2527 1335 tepidus
2575 1264 2639 1317 sit
2682 1264 2805 1333 jure
2843 1264 3162 1325 vomendus,
3194 1272 3246 1318 et
3276 1265 3508 1336 qualiter

1912 1369 2009 1423 per
2038 1352 2458 1407 inobedientiam
2505 1353 2661 1421 culpa
2690 1366 2810 1422 quae
2841 1366 2946 1404 non
2979 1348 3094 1414 fuit,
3128 1351 3214 1412 sit.
3249 1359 3301 1407 et
3329 1353 3506 1424 quali-

1913 1448 1995 1495 ter
2024 1444 2114 1511 qui
2159 1457 2265 1495 non
2311 1440 2653 1511 compatitur,
2699 1440 2923 1495 decreto
2962 1437 3258 1509 pontiﬁcali
3296 1438 3501 1496 feritur.

1914 1530 2052 1583 Data
2082 1534 2147 1584 ut
2177 1546 2366 1601 supra.

2564 1615 2855 1670 CLXXIII.

2250 1718 2322 1758 AD
2360 1718 2674 1759 ιυυονιεωί
2714 1717 2931 1758 ΒΑιιιωί
2966 1717 3173 1759 REGE].

2531 1792 2709 1861 (Anno
2746 1793 2892 1859 878).

1917 1882 2144 1936 Bosonis
2183 1882 2424 1945 comitis,
2471 1885 2528 1936 et
2558 1881 2832 1952 Agilmari
2863 1883 3124 1951 episcOpi,
3158 1883 3405 1952 aquibus
3450 1885 3514 1940 in

1988 1953 2217 2006 Italiam
2266 1952 2540 2026 deductus
2584 1956 2796 2021 fuerat,
2846 1952 3099 2007 studium
3130 1969 3265 2024 erga
3291 1968 3350 2008 se
3379 1969 3513 2026 apo-

1988 2038 2220 2092 ramque
2250 2023 2625 2078 commendat.

1991 2110 2352 2165 Dilectissimo
2408 2108 2521 2165 ﬁlio
2576 2111 2860 2165 Lunovtco
2914 2110 3309 2182 gloriosissimo
3362 2111 3513 2181 regi,

1920 2198 2058 2253 divae
2087 2199 2366 2253 memorias
2392 2198 2569 2254 Caroli
2600 2198 2938 2267 imperatoris
2967 2197 3096 2254 filio.

1992 2284 2205 2354 Quanto
2238 2302 2338 2340 vos
2363 2302 2547 2341 amore
2568 2286 2865 2356 diligimus,
2891 2295 3260 2356 quantumque
3287 2287 3521 2343 charita-

1920 2375 1990 2428 tis
2017 2373 2264 2430 aﬂ'ectum
2296 2391 2427 2447 erga
2459 2391 2557 2429 vos
2587 2383 2856 2439 tenemus,
2886 2375 3071 2444 paucis
3101 2374 3376 2444 explicare
3406 2390 3524 2430 ver-

1923 2462 2007 2516 bis
2035 2462 2255 2518 minime
2283 2478 2574 2532 possumus
2599 2480 2612 2516 :
2646 2464 2748 2518 hoc
2778 2470 2956 2516 tamen
2986 2462 3214 2533 gloriam
3245 2463 3522 2518 excellen-

1924 2550 2013 2605 tiae
2033 2559 2229 2606 vestras
2255 2551 2396 2607 scire
2418 2551 2685 2620 cupimus,
2710 2550 2851 2621 quod
2873 2550 3216 2606 devotionem
3248 2551 3524 2606 ardorem-

1926 2655 2031 2709 que
2059 2639 2360 2703 charitatis,
2391 2639 2526 2694 sicut
2556 2638 2776 2706 polliciti
2808 2653 3013 2700 sumus,
3047 2654 3180 2710 erga
3212 2654 3311 2692 vos
3338 2638 3503 2694 indeii

1926 2727 2157 2783 cientem
2189 2735 2451 2796 perpetuo
2498 2726 2815 2781 retinemus.
2849 2727 3059 2781 Interea
3088 2726 3339 2782 millenas
3367 2741 3523 2782 sere-

1925 2815 2077 2869 nitati
2122 2823 2319 2870 vestra:
2348 2815 2417 2870 de
2446 2815 2658 2869 Bosone
2686 2814 2883 2870 dilecto
2912 2823 2966 2869 et
2994 2814 3266 2870 communi
3311 2813 3423 2870 ﬁlio
3463 2826 3530 2870 ac

1927 2903 2089 2960 tidele
2117 2903 2320 2974 gratias
2349 2902 2658 2966 reierimus,
2691 2903 2784 2974 qui
2815 2912 2925 2958 tam
2954 2902 3252 2972 prudenter
3278 2918 3531 2959 commu-

1931 2992 2090 3046 nibus
2138 2992 2524 3061 obtemperans
2567 2991 2734 3059 jussis
2762 3034 2774 3054 ,
2828 3006 3017 3060 parere
3062 2990 3118 3045 in
3164 2991 3418 3046 omnibus
3464 2990 3537 3047 ita

288 3053 510 3109 Dilecto
538 3053 647 3109 tilio
677 3057 1039 3111 BERBNGARIO
1070 3057 1314 3129 glorioso
1344 3057 1547 3122 comiti,
1579 3072 1675 3111 seu
1703 3071 1824 3110 om-

1935 3080 2093 3134 nobis
2123 3053 2343 3139 studuit.
2375 3088 2432 3134 ut
2463 3053 2625 3135 etiam
2655 3079 2799 3134 velut
2828 3053 2955 3134 vere
2984 3077 3300 3133 Christianae
3321 3078 3541 3151 religio-

220 3142 394 3196 nibus
425 3142 779 3211 optimatibus
806 3133 1477 3216 Longobardorumregni
1507 3152 1704 3199 sancta:
1735 3143 1834 3199 Dei

224 3229 500 3286 Ecclesiae
524 3229 795 3285 fidelibus.

293 3316 519 3385 Quanta
547 3326 597 3373 et
628 3318 810 3389 qualia
841 3320 1087 3374 Romana
1128 3320 1393 3381 Ecclesia,
1428 3329 1612 3374 vestra
1639 3320 1837 3375 videli-

217 3415 306 3461 cet
340 3415 532 3469 mater,
569 3407 830 3461 hactenus
861 3407 931 3461 ab
960 3407 1292 3477 impiissimis
1323 3408 1645 3462 Christianis
1675 3423 1838 3477 passa

221 3503 329 3557 est,
367 3503 425 3548 et
452 3495 652 3549 nostris
678 3494 876 3550 litteris
918 3494 1372 3567 significantibus,
1402 3504 1456 3550 et
1486 3512 1702 3550 rumore
1731 3511 1836 3566 po-

217 3581 339 3651 puli
384 3591 640 3637 narrante
663 3583 773 3651 jam
805 3583 1050 3645 audistis,
1082 3592 1135 3638 et
1166 3592 1223 3637 ut
1252 3585 1450 3640 certius
1498 3583 1696 3650 sciatis,
1730 3584 1835 3638 ite-

223 3685 356 3725 rum
388 3668 783 3741 signiﬁcamus.
814 3671 960 3727 Ecce
990 3671 1135 3726 enim
1165 3688 1266 3742 pro
1293 3673 1489 3743 quibus
1518 3681 1568 3726 et
1599 3687 1697 3742 pro
1721 3686 1837 3725 om-

223 3757 387 3811 nium
416 3766 657 3812 vestrum
701 3758 877 3813 salute
923 3760 1119 3815 animae
1160 3768 1361 3814 nostra:
1389 3775 1499 3815 non
1528 3768 1833 3829 parcentes,

224 3846 362 3916 quia
393 3860 493 3915 per
518 3854 715 3901 terram
747 3863 848 3917 pro
874 3848 1145 3917 praedictis
1164 3848 1609 3918 persecutoribus
1639 3848 1708 3903 ad
1740 3863 1838 3903 vos

221 3932 548 4000 viciniores,
581 3942 637 3988 ut
666 3950 757 3989 res
785 3935 1101 4005 expetierat,
1126 3936 1314 3991 venire
1347 3936 1705 4006 nequivimus,
1728 3951 1839 3990 ma-

220 4019 419 4075 rinum
474 4020 575 4076 iter
632 4023 979 4092 accepimus;
1038 4032 1091 4078 et
1148 4023 1203 4077 in
1259 4024 1536 4079 Franciam
1601 4024 1798 4078 ibimus
1822 4066 1834 4089 ,

218 4116 540 4178 quaerentes
590 4110 1031 4180 tranquillitatem
1078 4118 1241 4182 atque
1286 4112 1565 4177 auxilium,
1598 4113 1692 4167 ubi
1734 4127 1837 4167 no-

221 4196 329 4250 stri
361 4203 742 4251 antecessores
771 4199 1037 4269 quaesiere
1078 4197 1377 4269 pontifices.
1421 4199 1664 4254 Misimus
1695 4201 1838 4255 enim

222 4284 496 4340 omnibus
527 4285 768 4357 regibus,
801 4287 856 4340 id
886 4296 970 4341 est
997 4287 1273 4342 Ludovico
1303 4287 1487 4342 domni
1524 4288 1704 4342 Caroli
1733 4289 1838 4342 im-

1940 3168 2025 3221 nis
2055 3167 2248 3231 cultor,
2293 3168 2486 3222 animae
2515 3176 2567 3222 et
2597 3167 2719 3221 vitae
2772 3183 2886 3221 suae
2932 3181 3038 3221 non
3081 3166 3409 3236 pepercerit,
3441 3166 3541 3222 sed

1936 3272 2035 3326 pro
2065 3264 2264 3311 sanctas
2311 3256 2574 3310 Ecclesiae
2604 3263 2657 3308 et
2687 3254 2961 3310 communi
3006 3252 3264 3308 ﬁdelitate
3302 3252 3445 3307 ultro
3475 3268 3535 3308 se

1937 3344 2095 3397 morti
2144 3344 2358 3397 tradere
2387 3358 2496 3396 non
2537 3341 2818 3405 dubitavit,
2853 3349 2903 3395 et
2934 3357 3107 3412 usque
3137 3340 3403 3403 Ticinum,
3435 3355 3540 3394 an-

1934 3439 2134 3486 nuente
2182 3432 2328 3491 Deo,
2378 3429 2621 3485 securius
2668 3445 2768 3484 nos
2832 3428 3103 3499 perduxit.
3170 3426 3534 3503 Quapropter,

1936 3518 2288 3574 dilectissime
2310 3516 2405 3583 fili,
2430 3533 2491 3572 ac
2513 3517 2893 3587 porphyretice
2923 3533 3040 3581 rex,
3075 3516 3432 3572 obsecramus
3452 3532 3546 3573 ex-

1938 3606 2205 3662 cellantiaa
2247 3616 2440 3662 vestrae
2484 3605 2700 3660 culmen
2740 3612 2815 3669 ut,
2864 3604 2909 3659 si
2956 3619 3043 3658 res
3087 3604 3352 3674 exegerit,
3402 3604 3548 3661 sicut

1937 3694 2095 3749 nobis
2124 3701 2307 3748 vestra
2350 3694 2573 3765 dignata
2603 3701 2683 3747 est
2711 3691 3086 3762 repromittere
3133 3691 3456 3758 sublimitas,
3490 3691 3543 3748 ei

1938 3782 2260 3851 adjutorium
2303 3782 2371 3837 ad
2409 3780 2762 3835 debellandos
2807 3780 2994 3836 hostes
3041 3788 3254 3835 nostros
3299 3779 3541 3835 virorum

1938 3871 2261 3926 bellatorum
2313 3868 2699 3925 adminiculum
2752 3868 3088 3939 praebentis:
3136 3867 3392 3938 quoniam
3450 3862 3547 3923 di-'

1938 3975 2106 4029 gnum
2144 3966 2226 4013 est
2273 3966 2328 4012 ut
2376 3958 2477 4012 soli
2524 3973 2715 4012 omnes
2758 3956 3081 4024 adjutorium
3130 3956 3408 4026 pra-beant
3454 3955 3546 4028 qui

1940 4047 2088 4102 solus
2117 4062 2218 4117 pro
2246 4046 2453 4102 cunctis
2495 4046 2762 4100 desudare
2803 4060 2912 4098 non
2958 4052 3157 4100 cessat.
3208 4044 3541 4100 Praesentem

1937 4135 2116 4206 itaque
2146 4135 2305 4204 hujus
2334 4135 2564 4188 latorem
2593 4133 2854 4202 epistolas,
2890 4132 3223 4204 Agilmarum
3251 4149 3279 4185 ιι
3310 4146 3537 4187 venera-

1939 4223 2103 4277 bilem
2134 4223 2470 4292 episcopum,
2503 4221 2837 4276 excellentias
2857 4229 3051 4291 vestrm
3072 4219 3363 4288 plurimum
3393 4235 3536 4275 com-

1938 4311 2280 4373 mendamus,
2315 4318 2582 4380 quatenus
2603 4309 2746 4362 idem
2792 4322 3002 4377 suaque
3049 4306 3294 4360 Ecclesia
3325 4314 3537 4361 crescat

219 4372 512 4443 peratoris
554 4372 684 4437 ﬁlio,
716 4382 769 4427 et
819 4374 1213 4430 Carolomanno
1244 4384 1293 4431 et
1324 4375 1616 4440 Ludovico,
1649 4384 1702 4429 et
1731 4376 1824 4429 Ca-

220 4460 350 4484 --.Α
399 4460 652 4484 1.-,ι...--;,;
694 4461 839 4484 ,,-;-
884 4460 1004 4484 ιειεε-
1152 4479 1263 4484 -___
1315 4463 1420 4484 ___:_
1479 4463 1739 4484 -_:_--_=_

1941 4405 2232 4469 augmento
2262 4372 2633 4466 perfectionis,
2665 4394 2755 4465 qui
2785 4394 2838 4447 in
2867 4372 3123 4447 omnibus
3160 4392 3539 4462 opportunita-

220 4460 355 4514 rolo
397 4460 655 4515 Ludovici
694 4461 842 4532 regis
884 4460 1027 4528 filiis,
1060 4471 1117 4517 ut
1147 4479 1269 4518 cum
1312 4463 1423 4519 suis
1472 4463 1742 4533 episcopis
1773 4464 1839 4518 ad

222 4564 334 4603 nos
369 4547 641 4615 venirent,
676 4556 726 4604 et
755 4565 865 4605 una
892 4551 1178 4607 nobiscum
1206 4568 1373 4623 super
1400 4552 1484 4605 his
1529 4558 1838 4608 tractarent.

1942 4486 2084 4540 tibus
2113 4484 2312 4539 nostris
2340 4484 2472 4537 nulli
2502 4482 2772 4538 secundus
2813 4481 3034 4545 exstitit,
3066 4488 3119 4535 et
3147 4480 3304 4534 vobis
3332 4479 3540 4534 ﬁdelis-

1925 4574 2137 4628 simum
2163 4572 2220 4626 in
2247 4571 2456 4627 cunctis
2483 4587 2603 4643 quas
2634 4568 2949 4643 cognoverit
2978 4567 3259 4624 verissime
3287 4583 3541 4637 compro-

220 4636 309 4689 Εκ
349 4635 574 4730 ’(ἶξιίδυε
612 4637 774 4730 ν-θξὶίί.
814 4638 1118 4730 Ῑςυάονίουε
1173 4656 1298 4707 rex:
1355 4648 1414 4730 ﬁt
1468 4639 1628 4693 lamis
1683 4639 1843 4730 "laus
1940 4661 2205 4716 bavimus.
2250 4660 2394 4715 Inter
2421 4635 2539 4715 haec
2566 4635 2854 4730 episc'opos
2875 4673 3014 4729 quos
3056 4654 3317 4711 serenitas
3362 4635 3545 4711 vestra

216 4723 551 4794 perdolens,
600 4724 707 4779 nisi
761 4724 1009 4781 inﬁrmus
1065 4735 1229 4796 esset,
1280 4728 1563 4783 nobiscum
1614 4727 1842 4782 veniret.

1942 4749 1998 4804 in
2039 4757 2290 4804 nostrum
2330 4750 2490 4819 jussit
2535 4748 2720 4803 venire
2766 4745 3115 4814 adjutorium,
3162 4743 3303 4799 scias
3345 4752 3542 4814 praeter

214 4812 353 4910 {am
405 4811 534 4910 (ξυίθ
582 4827 683 4881 pro
731 4811 1039 4910 inﬁmPi‘ate
1074 4831 1196 4910 ΡΨ
1242 4815 1447 4910 Pomm
1495 4815 1645 4872 dedit
1690 4816 1849 4910 nf’bis
1946 4838 2285 4910 Agilmarum
2314 4811 2518 4892 nullum
2546 4830 2779 4890 venisse.
2815 4811 3155 4902 Quapropter
3185 4811 3392 4903 regalis
3421 4847 3546 4888 cen-

218 4901 386 4954 hunc
416 4899 689 4955 Bosonem
716 4901 1020 4972 principem
1043 4903 1147 4957 sibi
1175 4920 1240 4959 ex
1269 4904 1416 4959 omni
1442 4913 1598 4974 parte
1625 4904 1823 4973 conjun

1949 4899 2074 4981 sura
2111 4926 2357 4981 culminis
2399 4924 2565 4979 vestri
2607 4939 2705 4977 sua
2753 4920 3071 4976 auctoritate
3118 4919 3405 4990 compellat
3450 4935 3547 4975 eos

217 4996 410 5052 dumi
434 4990 539 5085 ‘qui
568 5004 657 5085 me
686 5004 787 5085 Pfr
814 4990 1066 5085 ίηίωίξτοδ
1095 4998 1295 5085 δδηίξξεθ
1329 4991 1427 5046 Dei
1440 4991 1718 5085 3300195333
1747 4992 1854 5085 ξεί·
1952 5015 2272 5085 quantocius
2301 5012 2566 5066 hostiliter
2592 5009 2657 5081 [f.
2691 5007 3048 5080 synodaliter]
3082 5004 3305 5062 Romam
3337 5006 3543 5073 venire,

219 5092 370 5167 “mf
415 5075 658 5167 ducefet'
705 5078 847 5131 Ecce
902 5079 1065 5145 enim,
1100 5079 1392 5167 auxmame
1440 5080 1577 5146 Deo,
1628 5079 1854 5149 Papiam
1953 5075 2011 5157 ut
2056 5103 2123 5157 de
2171 5109 2364 5156 caetero
2411 5075 2620 5152 discant
2667 5075 2963 5166 apostolico
3010 5075 3231 5150 culmini
3278 5104 3330 5149 et
3376 5093 3551 5167 regali

220 5162 512 5217 venimus.
534 5161 881 5234 Quapropter
896 5174 1180 5221 monentes
1198 5166 1459 5221 mittimus
1480 5176 1531 5221 et
1554 5167 1857 5237 apostolica
1956 5189 2285 5246 excellentiae
2314 5194 2676 5259 congruenter
2703 5161 2950 5256 habere
2980 5182 3369 5239 obedientiam.

343 5323 502 5374 Forte
549 5323 695 5375 deest
749 5325 1174 5378 animadversione
1215 5327 1508 5390 castigandi,
1555 5324 1636 5377 vel
1678 5325 1855 5388 aliquid

230 5408 560 5473 huiusmodi.

297 5489 328 5524 δ
362 5494 691 5556 uitatum.
736 5494 812 5546 Ex
852 5493 1290 5558 subscriptionibus
1330 5493 1503 5556 synodi
1548 5494 1859 5558 Tricasinc,

499 5602 751 5657 Punon.
787 5601 1034 5657 CXXVI.
3209 5598 3277 5653 16

1959 5338 2103 5397 atque
2126 5347 2183 5386 ex
2208 5336 2453 5398 praecepto
2488 5330 2649 5383 Caroli
2671 5328 2853 5390 Crassi,
2898 5341 3026 5381 anno
3060 5329 3179 5381 883.
3219 5330 3549 5382 Arvernorum

1963 5421 2243 5484 episcopum
2270 5417 2416 5470 fixisse
2442 5415 2779 5479 intelligimus.
2803 5415 2949 5466 Sull.
