4028 6180
494 281 610 366 ⁸8Η
1741 271 2036 326 JOANNIS

1169 399 1456 453 CLXXIV.

972 503 1042 541 AD
1083 500 1401 541 ιυῠονιοωι
1451 499 1658 538 ΒΕϐΕΜ.

1134 575 1314 644 (Anno
1353 573 1504 642 878.)

525 688 760 742 Miratur
788 682 929 754 quod
959 680 1191 754 ﬁliabus
1217 679 1466 754 Bosonis,
1498 675 1830 754 proquibus
1857 674 2004 728 alias
2036 687 2123 754 ro-

589 742 848 826 gavera't,
866 825 872 826 ί
893 742 1286 805 hccreditatem
1323 750 1475 826 jure
1498 742 1752 826 debitum.
1791 742 2121 826 nonnresti-

2093 267 2288 321 PAPiE
2349 265 2482 320 Vill.

2152 395 2200 451 A
2223 390 2419 444 anima:
2464 398 2655 443 vestra:
2704 387 3100 458 prospicimus,
3155 400 3507 442 commonere
3556 398 3814 438 curamus.

2223 476 2286 548 [ί.
2339 474 2876 548 dissensionem].....
2925 490 3176 546 quoque,
3229 490 3350 545 quae
3399 473 3543 526 inter
3589 471 3814 525 Abbonis

2223 565 2465 634 episcopi
2511 571 2769 634 parentes
2788 606 2800 628 ,
2853 571 2902 617 et
2950 563 3263 618 Rotbertum
3285 601 3298 628 ,
3338 567 3502 632 atque
3547 557 3814 614 Roclinum

3721 229 3846 314 δή

2225 660 2415 706 exorta
2445 659 2527 706 est
2561 650 2626 722 [Γ.
2659 649 2804 724 ιιι]...
2840 649 3008 722 regali
3026 650 3207 720 potius
3241 648 3307 720 [/2
3344 647 3476 703 add.
3521 644 3812 716 clementia]

2225 755 2385 810 quam
2433 738 2668 794 vindicta
2721 737 3057 810 corrigatur;
3107 736 3365 808 quoniam
3416 733 3626 789 malum
3665 733 3814 788 semel

594 812 799 889 fuerit;
827 812 1154 896 itera-mque
1171 812 1384 896 _monet
1412 821 1477 872 ut
1505 817 1687 888 ipsam
1733 812 2124 869 haereditatem

2243 826 2548 882 iecessitate
2576 833 2844 896 patratum
2872 841 2982 880 non
3011 824 3174 879 debet
3205 823 3509 878 secundum
3536 821 3816 876 necessitu-

590 896 873 965 integra-m
903 892 984 946 eis
1016 891 1306 946 restituat.

589 1001 874 1054 Lunovnco
923 996 1042 1068 regi
1091 995 1334 1067 glorioso
1383 991 1608 1064 gloriosi
1657 988 1911 1061 quoniam
1977 985 2127 1058 regis

525 1086 782 1143 Ludovici
813 1083 944 1140 ﬁlio.

591 1177 710 1230 Jam
742 1174 886 1228 enim
927 1171 1356 1244 magnitudinem
1389 1178 1650 1231 vestram,
1683 1165 1757 1218 ﬁli
1785 1161 2122 1226 charissime,

521 1261 836 1334 apostolicis
869 1259 1180 1314 monuimus
1233 1255 1444 1321 litteris,
1477 1256 1756 1309 hortantes
1785 1267 1886 1321 pro
1916 1249 2128 1304 ﬁliabus

522 1350 750 1406 Bosonis
779 1348 983 1402 dudum
1012 1345 1225 1402 comitis
1255 1353 1308 1398 et
1334 1341 1664 1414 lngeltrudis
1701 1339 1968 1408 conjugis,
2002 1336 2127 1407 qui-

525 1441 627 1494 bus
649 1439 773 1508 jure
803 1434 1094 1490 hiereditas
1143 1430 1345 1486 deferri
1393 1430 1630 1485 omnium
1663 1427 1846 1500 legum
1891 1423 2130 1480 auctori-

427 1513 437 1518 ’
525 1535 634 1581 tate
658 1523 994 1587 conceditur,
1021 1519 1382 1591 proprietates
1411 1517 1640 1572 reddere
1663 1513 1973 1570 studeretis.
1999 1511 2129 1578 Sed,

470 1619 478 1628 '
529 1623 586 1670 ut
615 1612 909 1675 cernimus,
946 1607 1174 1663 inauditi
1222 1605 1618 1668 remansimus,
1653 1602 1800 1674 quod
1844 1601 2128 1665 miramur,

532 1711 584 1756 et
613 1701 878 1755 mirantes
927 1697 1194 1761 dolemus,
1227 1711 1349 1749 cum
1379 1701 1564 1748 vestra
1593 1690 1774 1762 proles
1817 1685 2132 1759 apostolicis

533 1787 779 1845 censuris
807 1800 1022 1855 semper
1047 1782 1285 1847 obediat,
1309 1789 1362 1836 et
1390 1796 1500 1851 pra;
1531 1777 1781 1834 omnibus
1811 1775 2030 1848 regibus
2054 1773 2133 1842 ju-

535 1877 734 1933 dicium
765 1873 946 1929 faciat.
982 1873 1051 1928 Ut
1080 1887 1174 1925 rex
1205 1869 1382 1924 David
1411 1867 1641 1924 cecinit:
1675 1867 1856 1921 Honor
1885 1864 2032 1935 regis
2043 1863 2134 1934 ju-

535 1967 748 2022 dicium
767 1963 956 2033 diligit
978 1960 1153 2030 (Psal.
1177 1958 1352 2026 XCVI).
1371 1957 1566 2012 Nonne
1585 1952 1794 2025 legistis
1817 1969 1830 2006 :
1857 1951 2133 2018 Quoniam

525 2053 704 2126 justis
730 2051 1004 2107 Dominus
1019 2047 1314 2120 justitiam
1343 2045 1613 2115 diligit,et
1629 2041 1956 2114 (equitatem
1984 2037 2132 2126 videt

536 2143 728 2197 vultus
759 2141 922 2210 eius?
950 2135 1126 2206 (Psal.
1149 2136 1232 2205 ι).
1257 2134 1520 2188 Cieterum
1541 2128 1986 2186 reclamationem
2007 2125 2136 2180 ﬁlia-

537 2246 660 2284 rum
699 2231 815 2296 jam
861 2225 991 2280 dicti
1033 2222 1261 2278 Bosonis
1307 2219 1632 2286 audivimus,
1662 2225 1721 2271 ut
1749 2217 1915 2287 ipsas,
1963 2213 2134 2284 ipsius

535 2317 837 2386 matrisque
867 2327 1058 2368 earum
1089 2309 1463 2380 prOprietates,
1489 2304 1837 2379 lngeltrudis,
1869 2303 2006 2358 alias
2033 2316 2134 2356 vos

533 2403 784 2468 teneatis,
816 2400 950 2456 alias
972 2413 1102 2454 vero
1132 2397 1324 2453 vestris
1351 2395 1548 2466 quibus
1577 2394 1691 2464 ipsa
1715 2400 1838 2463 post
1874 2389 2132 2459 judicium

539 2491 642 2548 sibi
672 2490 879 2544 illatum
909 2487 1026 2542 sine
1053 2485 1150 2540 viri
1198 2499 1472 2538 consensu
1517 2479 1751 2543 dederit,
1785 2487 1970 2533 tenere
1999 2493 2130 2547 per-

535 2578 787 2646 mittatis,
819 2575 964 2648 quod
1012 2572 1166 2628 nefas
1195 2579 1310 2640 est,
1343 2578 1397 2626 et
1426 2576 1616 2625 contra
1661 2566 1904 2622 omnium
1948 2565 2132 2637 legum

533 2683 762 2740 prorsus
790 2662 1182 2720 auctoritatem.
1217 2658 1359 2728 Quid
1387 2657 1530 2712 enim
1561 2672 1700 2710 uxor
1729 2655 1844 2709 sine
1869 2652 1973 2708 viri
2001 2667 2134 2709 con-

531 2772 697 2812 sensu
725 2767 892 2825 agere
921 2749 1138 2822 potest?
1167 2754 1370 2820 quanto
1397 2745 1576 2817 magis
1597 2761 1662 2798 ex
1682 2743 1984 2806 mor-chains,
2009 2757 2132 2811 quae

529 2843 716 2898 divino
745 2841 950 2914 gladio,
979 2844 1237 2893 censente
1266 2835 1468 2888 domno
1499 2849 1636 2903 papa
1666 2830 1892 2886 Nicolao
1919 2827 2130 2899 prmde-

531 2945 752 2986 cessore
798 2935 1008 2992 nostro,
1053 2922 1251 2978 interiit
1297 2920 1579 2989 (Nicolaus
1607 2921 1669 2974 in
1699 2921 1862 2990 epist.
1898 2917 1984 2970 64.
2016 2917 2127 2971 Re~

527 3018 658 3090 gino
685 3016 722 3070 l.
748 3030 787 3068 ιι
813 3013 1097 3081 Chronic.)
1119 3018 1172 3064 et
1191 3011 1428 3062 humano
1451 3022 1552 3078 pro
1583 3013 1738 3076 parte
1767 3004 1908 3060 facto
1939 3011 2128 3074 stupro

525 3103 703 3176 puniri
735 3099 1038 3157 debuerat?
1065 3099 1258 3152 Nonne
1304 3095 1542 3149 Joannes
1572 3107 1712 3164 papa
1743 3092 2041 3154 Romanus,
2076 3097 2128 3144 et

523 3175 857 3246 Justinianus
885 3185 1118 3257 inclytus
1157 3184 1450 3254 imperator
1489 3181 1666 3252 legem
1717 3181 2013 3234 Romanam
2045 3175 2127 3230 fa-

521 3280 729 3338 cientes
753 3321 765 3344 ,
817 3276 1147 3346 scripserunt
1193 3273 1312 3326 ita:
1348 3269 1573 3341 Capituli
1621 3268 1847 3323 crimine
1894 3267 2127 3320 damna-

521 3377 697 3424 torum
739 3366 880 3420 bona
923 3379 1032 3418 non
1063 3362 1131 3415 ad
1162 3361 1368 3416 lucrum
1413 3357 1682 3428 praesidis,
1735 3355 1830 3410 sed
1881 3351 2130 3426 cognatis

515 3455 824 3528 punitorum
846 3451 999 3508 reddi
1019 3448 1276 3520 oportet?
1298 3449 1364 3502 Et
1383 3445 1512 3502 alibi
1538 3463 1551 3499 :
1577 3442 1844 3500 Omnibus
1866 3441 2130 3514 gradibus

517 3550 880 3617 cognatorum
913 3539 967 3594 in
996 3537 1314 3593 haereditate
1354 3533 1616 3589 sumenda
1647 3529 1976 3602 praeferendi
2004 3536 2134 3582 sunt

491 3631 636 3687 -ﬁlii.
683 3629 837 3687 Unde
885 3625 1093 3698 liquido
1140 3631 1308 3695 patet,
1354 3620 1750 3694 gloriosissime
1791 3633 1907 3680 rex,
1941 3624 1999 3670 ut
2029 3631 2130 3670 nec

520 3735 638 3784 vos,
690 3732 794 3773 nec
841 3714 1059 3788 cognati
1109 3727 1318 3778 eorum,
1371 3709 1476 3763 nisi
1524 3708 1658 3779 ipsm
1689 3705 1812 3761 ﬁlia:
1859 3721 1980 3776 quae
2007 3711 2130 3757 sunt

519 3800 807 3880 legitimae,
829 3803 955 3857 illos
981 3801 1189 3856 allodes
1235 3799 1440 3852 habere
1471 3797 1704 3859 debent;
1739 3793 1830 3864 qui
1859 3790 2131 3880 veronati

522 3879 645 3949 sunt
665 3899 788 3962 post
811 3889 1020 3946 crimen
1047 3887 1288 3952 illarum,
1313 3884 1501 3954 spurii-
1516 3890 1657 3944 sunt,
1680 3898 1781 3935 nec
1800 3879 2130 3934 haereditare

527 3981 746 4046 debent,
773 3985 830 4032 ut
858 3975 1118 4046 praefatus
1165 3988 1304 4042 papa
1348 3979 1401 4025 et
1444 3971 1738 4040 imperator
1785 3967 2132 4037 scripserunt

527 4069 602 4122 ita
627 4084 640 4120 :
665 4065 892 4136 Spurios
910 4063 1041 4116 satis
1071 4057 1642 4130 injuriosos,-satisque
1674 4057 1925 4119 acerbos,
1949 4069 2016 4109 ac
2036 4069 2133 4108 no-

530 4153 658 4209 stris
688 4151 1022 4223 temporibus
1065 4163 1280 4218 semper
1319 4146 1574 4216 indignos
1601 4160 1724 4198 esse
1753 4141 2130 4211 dijudicamus.

529 4243 890 4313 Quapropter,
925 4246 984 4293 ut
1015 4235 1347 4315 rogavimus,
1379 4234 1575 4289 iterum
1621 4232 1921 4301 iterumque
1963 4245 2133 4302 roga-

532 4346 674 4399 mus,
699 4337 753 4384 et
774 4328 1050 4382 hortantes
1079 4339 1363 4379 monemus
1393 4329 1450 4376 ut
1478 4322 1670 4375 harum
1699 4317 2132 4388 reclamationcs,

531 4421 720 4473 harum
751 4424 804 4472 et
832 4414 1065 4488 gemitus
1111 4419 1290 4469 vestra
1338 4410 1494 4483 regia
1537 4407 1778 4480 dignitas
1810 4405 2036 4460 hauriat.
2071 4405 2135 4459 Et
2163 4431 2214 4490 D

533 4521 632 4578 pro
689 4503 1058 4576 apostolorum
1111 4500 1419 4572 principum
1475 4495 1810 4560 reverentia,
1862 4509 1894 4548 a
1943 4493 2136 4564 quibus

539 4593 746 4666 petiere
776 4591 1053 4654 auxilium,
1073 4597 1126 4644 et
1147 4604 1247 4659 pro
1268 4593 1455 4641 nostro
1485 4599 1672 4638 amore
1694 4581 1970 4652 integriter
1989 4581 2138 4650 ipsas

537 4682 921 4754 proprietates,
972 4693 1106 4749 quas
1153 4692 1250 4730 vos
1295 4673 1502 4728 allodes
1547 4669 1756 4754 dicitis,
1809 4668 2034 4734 reddat,
2085 4675 2140 4722 et

539 4753 752 4824 vestros
798 4767 946 4822 omni
993 4763 1280 4821 occasione
1342 4767 1550 4816 remota
1610 4753 1841 4812 reddere
1905 4754 2133 4810 faciatis.

543 4858 679 4912 Data
707 4860 772 4912 ut
801 4873 990 4928 supra.

1207 4958 1467 5016 CLXXV.

1083 5065 1170 5104 AD
1222 5060 1593 5102 HUGONEM.

1164 5138 1344 5202 (Anno
1374 5132 1524 5202 878.)

615 5231 796 5286 Monet
825 5231 889 5283 ut
918 5225 1326 5282 dissensionem
1355 5223 1510 5276 inter
1539 5219 1810 5274 Abbonem
1839 5219 1896 5270 et
1926 5213 2067 5269 alios

1145 5317 1332 5368 ortam
1361 5309 1533 5364 sedet.

616 5423 834 5478 Haec.“
866 5421 1040 5475 abbati
1075 5415 1260 5478 nobili,
1294 5413 1574 5485 spectabili
1605 5393 1858 5483 prbsapia
1887 5407 2090 5480 genito.

615 5509 752 5577 Quia
777 5510 999 5563 multum
1031 5523 1126 5560 vos
1157 5504 1452 5574 diligimus,
1487 5501 1718 5569 ideoque
1766 5495 2132 5565 rongratulor,

2225 915 2408 968 dinem
2439 913 2646 984 expiari
2671 913 2743 968 ad
2772 913 3049 980 delictum,
3074 912 3169 966 sed
3201 909 3615 966 misericordias
3635 909 3814 964 remitti

2226 1003 2296 1056 ad
2326 1001 2558 1067 veniam,
2591 1010 2720 1074 agat
2769 1009 2953 1056 vestra
2995 999 3231 1072 gloriosa
3278 998 3559 1064 nobilitas,
3593 1005 3654 1051 ut
3681 997 3817 1052 decet

2227 1097 2388 1144 tantae
2419 1099 2625 1143 natura:
2653 1089 2975 1144 decentiam.
3008 1089 3144 1142 Data
3172 1091 3238 1142 ut
3267 1103 3464 1160 supra.

2887 1209 3171 1265 CLXXVI.

2231 1314 2303 1354 AD
2335 1313 2608 1354 ROMANUM
2635 1313 2889 1354 Ειεοτυκ
2918 1311 3399 1352 ΛΚΟΗΙΕΡΙΕΟΟΡΠΜ
3429 1307 3817 1348 ιιΑνεΝκΑτ-εκ.

2837 1385 3019 1457 (Anno
3069 1385 3220 1454 878.)

2231 1479 2486 1532 Laetatur
2503 1493 2632 1530 eum
2655 1477 3037 1530 Ravennatem
3056 1473 3546 1544 archiepiscopum
3559 1473 3821 1544 electum;

2295 1547 2454 1616 jubet
2483 1562 2555 1602 ne
2585 1546 2886 1618 quidquam
2915 1545 3208 1618 electionis
3222 1542 3410 1618 causa
3453 1543 3566 1596 ulli
3591 1542 3823 1618 promit-

2307 1621 2430 1672 tat:
2455 1613 2838 1688 etep'istolam
2867 1631 3032 1670 suam
3061 1614 3249 1678 Leoni,
3281 1617 3338 1668 et
3367 1613 3642 1669 Romanis
3671 1613 3824 1688 scrip;

2307 1691 2424 1758 tam
2461 1681 2817 1758 aﬁ'erendant
2842 1689 3024 1758 curet,
3062 1681 3822 1758 eorumqueresponsum'dd

2162 1735 2214 1794 Β
2303 1735 3025 1827 ἓῖἇίτῗὶὸἇὶὲ”νῗεῖζ1οἱῦέᾶἑᾶ
3051 1735 3115 1809 έὶ
3129 1735 3440 1809 ὁέὶλέἀὲάίί
3460 1735 3698 1807 ansa
3719 1735 3824 1807 sa;

2306 1829 2502 1882 tituat.

2303 1915 2546 1970 Romano
2581 1913 2780 1968 Levita:
2808 1911 3034 1984 egregio
3064 1927 3098 1966 a
3126 1909 3537 1966 Ravennatibus
3587 1907 3828 1964 ﬁdelibus

2233 2001 2434 2058 nostris
2463 2001 2655 2056 electo.
3393 2061 3410 2072 .

2307 2089 2626 2144 Litterarum
2687 2095 2923 2153 tuarum,
2957 2085 3031 2141 ﬁli
3061 2085 3400 2152 charissime,
3433 2085 3582 2140 serie
3615 2091 3824 2155 recepta

2237 2185 2288 2232 et
2317 2177 2472 2242 lecta,
2507 2175 2599 2230 ubi
2639 2177 2904 2230 Joannem
2948 2175 3320 2230 Ravennatem
3365 2171 3827 2243 archiepiscopum

2237 2265 2438 2320 obiisse
2467 2264 2792 2330 audivimus,
2825 2262 2984 2317 valde
3012 2261 3304 2329 doluimus,
3329 2268 3456 2314 etut
3486 2276 3594 2331 pro
3625 2275 3694 2316 eo
3721 2275 3830 2314 ore-

2236 2353 2308 2406 tis
2337 2368 2457 2412 cum
2487 2351 2700 2420 vestris,
2732 2339 3025 2405 hortamur.
3059 2349 3251 2404 Vestra
3279 2347 3532 2402 videlicet
3576 2348 3830 2403 electione

2238 2439 2563 2494 unanimiter
2609 2437 2748 2492 facta
2793 2437 3116 2508 gaudemus,
3163 2444 3216 2491 et
3261 2435 3386 2507 quia
3434 2450 3537 2490 nos
3568 2433 3830 2489 visit’ando

2239 2527 2466 2592 misisti,
2513 2523 2832 2598 significans
2875 2525 3156 2579 sanitatem
3202 2532 3510 2578 nostrorum
3561 2521 3830 2587 ﬁdelium,

2241 2623 2496 2686 tuamque
2525 2613 2868 2669 devotionem
2915 2613 3316 2677 demonstrans,
3347 2609 3555 2682 gratias
3609 2609 3831 2684 agimus.

2240 2703 2507 2760 Caeterum
2553 2710 2836 2756 monentes
2883 2699 3169 2756 indicimus
3197 2707 3256 2752 ut
3275 2699 3389 2767 jam
3419 2697 3532 2769 qui,
3565 2706 3832 2752 annuente

2240 2799 2460 2861 pastore
2491 2805 2721 2854 summo,
2755 2789 2823 2842 ad
2853 2787 2958 2842 tale
2987 2803 3126 2858 opus
3154 2786 3358 2842 electus
3388 2802 3468 2850 es,
3503 2803 3619 2857 quo
3665 2794 3834 2856 pastor

2240 2876 2363 2942 ﬁas,
2415 2876 2608 2950 vigiles
2654 2877 2710 2930 in
2755 2875 2946 2931 eadem
2991 2873 3250 2942 ecclesia,
3300 2873 3547 2939 labores,
3605 2873 3835 2944 nullique

2239 2965 2433 3035 majori
2462 2963 2768 3034 minorique
2797 2972 2902 3018 tam
2934 2962 3250 3018 concivibus
3277 2977 3550 3032 quamque
3579 2961 3706 3016 aliis
3733 2960 3835 3032 qui-

2159 3079 2208 3142 C
2239 3054 2556 3152 buscunque
2585 3051 2834 3149 personis
2862 3049 3078 3122 aliquod
3108 3049 3437 3152 promissum
3467 3048 3668 3116 facias,
3709 3063 3836 3120 quo.

2229 3141 2373 3195 niam
2425 3139 2790 3195 Simoniacum
2847 3145 2964 3203 est,
3024 3146 3076 3192 et
3130 3137 3236 3193 hoc
3283 3136 3442 3192 nobis
3492 3151 3836 3208 nequaquam

2228 3227 2517 3293 celabitur;
2551 3226 2698 3298 quod
2725 3225 2772 3280 si
2801 3225 3016 3290 feceris,
3049 3241 3150 3296 per
3176 3223 3456 3295 apostolos
3475 3224 3832 3292 obtestantes,

2231 3324 2282 3370 te
2317 3315 2540 3370 minime
2569 3313 2973 3369 benedicemus.
3009 3314 3154 3368 Inter
3180 3313 3298 3368 haec
3329 3311 3587 3367 volumus
3607 3321 3670 3368 ut
3689 3313 3837 3367 istam

2231 3403 2516 3474 epistolam
2561 3402 2728 3457 Leoni
2767 3400 3065 3456 venerabili
3106 3400 3279 3455 misso
3327 3399 3595 3472 episcopo
3625 3409 3680 3456 et
3707 3415 3836 3470 apo-

2231 3491 2498 3556 crisiario,
2530 3489 2746 3546 caeteris
2793 3487 3054 3544 Romanis
3101 3487 3496 3552 transmissam,
3530 3489 3674 3558 ipsis
3703 3503 3838 3558 pre-

2231 3578 2530 3634 sentialiter
2557 3593 2656 3648 per
2685 3585 2928 3632 vestrum
2967 3577 3207 3648 legatum
3234 3575 3656 3642 transmittatis;
3688 3590 3838 3631 eum-

2230 3667 2463 3738 demque
2493 3673 2876 3732 revertentem,
2904 3664 2948 3717 si
2974 3671 3130 3734 potes
3160 3662 3371 3731 saltem,
3394 3671 3487 3716 aut
3520 3663 3695 3718 alium
3721 3677 3839 3719 cum

2231 3754 2450 3810 illorum
2476 3752 2717 3824 epistolis
2745 3752 2817 3806 ad
2845 3766 2964 3818 nos,
2996 3751 3192 3806 dilecte
3215 3748 3280 3822 [Γ.
3305 3749 3573 3822 directis],
3607 3751 3836 3813 remitte,

2233 3841 2322 3914 qui
2350 3849 2594 3896 nostrum
2625 3839 2917 3894 adventum
2947 3845 3154 3894 certum
3176 3837 3290 3906 jam
3325 3837 3481 3892 vobis
3521 3838 3837 3892 renuntiem

2233 3929 2447 4001 poterit.
2498 3928 2672 4000 Igitur
2717 3927 2877 3984 etiam
2927 3925 3174 3996 cupimus
3201 3933 3258 3980 ut
3289 3941 3388 3996 pro
3414 3941 3606 3980 amore
3651 3927 3836 3980 horum

2234 4024 2545 4072 nostrorum
2597 4013 2836 4070 ﬁdelium
2893 4021 3311 4084 nostrorumque
3369 4013 3804 4068 consiliariorum
3823 4053 3838 4077 ,

2235 4103 2536 4159 Deusdedit
2578 4101 2832 4158 videlicet
2859 4110 2912 4156 et
2951 4101 3175 4156 Joannis
3221 4100 3594 4174 gloriosorum
3640 4101 3838 4156 dueum

2236 4209 2326 4247 res
2371 4208 2470 4262 pro
2515 4205 2678 4260 posse
2724 4199 2773 4245 et
2821 4189 3070 4244 homines
3117 4188 3350 4244 'salvetis
3397 4195 3451 4242 et
3497 4187 3839 4252 defendatis,

2236 4287 2526 4350 occupatas
2555 4279 2815 4332 hactenus
2843 4277 3130 4349 integriter
3158 4277 3415 4339 reddatis,
3448 4284 3724 4348 quatenus
3753 4291 3843 4331 eno

2230 4369 2321 4436 jus
2367 4373 2586 4421 utuntur
2631 4364 2874 4430 servitio,
2908 4365 2957 4419 ei
2987 4364 3241 4420 convenit
3269 4372 3325 4418 ut
3353 4362 3602 4418 fruantur
3647 4363 3839 4418 defen-

2237 4454 2406 4509 sionis
2435 4453 2656 4508 auxilio.
2690 4452 2826 4507 Data
2855 4455 2922 4507 ut
2948 4468 3142 4524 supra.

2875 4574 3186 4630 CLXXVI].

2721 4679 2802 4717 AD
2861 4675 3340 4717 RAVENNA'I‘BS.

2851 4753 3031 4822 (Anno
3070 4749 3222 4821 878.)

2236 4844 2396 4899 Dolet
2427 4858 2620 4898 eorum
2660 4841 2944 4895 antistitis
2974 4843 3152 4894 morte
3185 4858 3202 4893 :
3243 4842 3453 4908 monet,
3487 4842 3556 4894 ut
3595 4840 3840 4894 electum

2307 4914 2374 4968 ab
2402 4915 2482 4967 eis
2513 4911 2997 4982 archiepiscopum
3025 4925 3268 4980 congruo
3296 4914 3727 4982 prosequantur
3743 4908 3840 4982 ho:

2307 4999 2473 5048 nare;
2527 4979 2837 5037 Ecclesium
2860 4979 3309 5044 Ravennatem,
3329 4983 3384 5034 et
3442 4979 3752 5034 Deusdedit
3787 4979 3839 5032 et

2307 5053 2541 5108 Joannis
2579 5053 2787 5106 ducum
2816 5050 2958 5105 bona
2986 5049 3317 5120 defendant.

2308 5139 2688 5194 Sacerdotibus
2718 5146 2772 5192 et
2801 5133 3009 5192 senatui
3038 5135 3349 5207 populoque
3379 5135 3687 5190 Ravennati
3718 5133 3842 5190 ﬁde-

2237 5227 2378 5283 libus
2407 5227 2628 5282 nostris.

2310 5314 2640 5370 Ravennatis
2685 5313 2958 5380 antistitis,
2991 5313 3154 5367 vestri
3193 5311 3449 5368 videlicet
3495 5310 3691 5390 Patris,
3721 5309 3842 5364 obi-

2238 5416 2347 5461 tum
2397 5403 2699 5467 audientes,
2733 5401 2891 5456 valde
2940 5401 3220 5460 dolemus;
3270 5416 3371 5469 pro
3421 5415 3532 5470 quo
3575 5407 3630 5452 ut
3673 5397 3845 5462 oretis

2238 5495 2560 5546 hortamur:
2597 5491 2812 5545 solitam
2859 5503 2989 5544 vero
3037 5495 3340 5558 tantamque
3385 5485 3702 5541 fidelitatem
3745 5501 3842 5539 ve-
