4072 6186
284 347 388 398 813

1473 342 1826 398 EPISTOLJE
1858 342 1946 396 ET
2002 342 2346 398 DECRETA.

3474 355 3575 406 διι

288 453 456 521 εὕδω
487 483 618 538 erga
644 483 743 522 nos
774 468 978 522 unitate
1011 468 1194 540 vigere
1217 475 1521 530 cernentes,
1555 467 1664 521 imo
1685 465 1882 538 gaude-
1911 464 1964 523 A
1987 475 2043 520 ut
2072 475 2257 522 nostra
2287 466 2581 537 apostolica
2610 467 2928 522 auctoritate
2967 468 3089 522 illos
3137 471 3580 526 excommunice-

292 571 434 618 mus,
485 563 539 610 et
581 563 640 608 ut
687 556 1033 625 omnipotens
1079 555 1468 611 intercessione
1510 555 1884 625 apostolorum

287 642 594 713 principum
653 659 752 698 vos
803 644 961 698 Patre
1009 644 1315 698 desiderato
1363 650 1670 713 recuperet,
1701 650 1881 696 vestro

290 747 392 801 pro
423 731 560 786 velle
590 731 1012 787 decertabimus.
1059 733 1327 786 Ceterum
1375 739 1659 786 monentes
1697 731 1886 783 horta-

292 833 430 882 mur,
463 827 516 874 et
545 835 805 890 expresse
827 819 1099 887 jubemus,
1133 826 1192 873 ut
1221 819 1324 888 iam
1350 835 1508 890 quem
1539 817 1884 882 unanimiter,

293 907 571 977 quomodo
599 907 912 978 scripsistis,
944 907 1206 978 elegistis,
1239 905 1565 961 unanimiter
1607 921 1730 960 eum
1772 905 1888 960 ele-

291 1003 443 1050 ctum
474 995 724 1061 teneatis,
756 995 997 1066 diligatis
1027 1003 1080 1050 et
1109 1003 1290 1050 vestro
1319 995 1388 1049 de
1408 1010 1560 1050 more
1580 993 1885 1048 honoretis:

293 1090 349 1137 et
377 1097 680 1154 usquequo,
714 1083 830 1137 Deo
854 1092 1142 1146 annuente,
1182 1082 1469 1153 prmsentia
1497 1079 1757 1153 pontiﬁcii
1787 1095 1888 1136 no-

291 1170 391 1224 stri
421 1170 694 1226 desiderio
723 1180 906 1225 vestro
935 1170 1189 1237 illuxerit,
1211 1172 1574 1226 Ravennatem
1604 1169 1890 1225 ecclesiam

290 1259 363 1312 ah
393 1258 647 1312 omnibus
677 1259 923 1314 hostibus
950 1259 1242 1322 defendite,
1267 1258 1764 1328 depredationibus
1789 1271 1890 1327 pro

293 1361 459 1416 posse
489 1346 684 1412 levate,
719 1363 787 1402 ne
815 1347 932 1417 ipsa
960 1346 1195 1402 ecclesia
1237 1346 1473 1417 aliquam
1521 1345 1889 1416 depraedatio-

295 1449 424 1489 nem
451 1434 733 1500 sustineat,
762 1436 1012 1506 quoniam
1060 1450 1160 1488 nos
1189 1435 1292 1489 hoc
1337 1434 1564 1488 inultum
1611 1448 1892 1504 nunquam

294 1522 647 1591 dimittemus,
679 1531 731 1577 et
761 1523 1098 1593 praedatores
1127 1523 1596 1593 praedatorumque
1635 1528 1890 1590 recepto-

293 1627 388 1665 res
417 1609 582 1681 legali
627 1611 821 1681 vigore
872 1611 1051 1666 modis
1083 1611 1360 1665 .omnihus
1402 1609 1672 1665 feriemus.
1724 1610 1893 1664 Porro

291 1699 642 1769 praecipimus
671 1707 728 1752 ut
757 1715 847 1754 res
875 1699 1106 1753 mobiles
1121 1707 1171 1753 et
1194 1698 1498 1753 immobiles
1517 1713 1749 1769 seseque
1779 1713 1896 1752 mo-

299 1794 492 1842 ventes
533 1785 832 1841 Deusdedit
886 1795 940 1841 et
991 1787 1233 1852 Joannis,

299 1882 609 1929 nostrorum
636 1874 1092 1939 consiliariorum,
1125 1875 1358 1940 salvere,
1391 1883 1442 1929 et
1481 1875 1535 1928 in
1583 1874 1724 1941 illas,
1758 1890 1893 1945 quas

297 1961 562 2016 hactenus
591 1962 811 2016 invasas
840 1962 1163 2027 habuerunt,
1213 1961 1416 2016 nullam
1443 1961 1779 2016 invasionem
1808 1959 1895 2014 fa-

298 2048 526 2113 cientes,
559 2049 776 2104 illorum
808 2049 1119 2105 hominibus
1145 2048 1420 2104 defendite
1453 2065 1465 2103 :
1490 2049 1606 2118 jam
1635 2048 1761 2120 quia
1792 2064 1896 2103 no-

301 2143 418 2191 stro
447 2144 671 2191 utuntur
699 2137 943 2203 servitio,
977 2146 1161 2192 nostra
1190 2137 1369 2192 modis
1413 2137 1665 2192 omnibus
1697 2136 1899 2191 debent

300 2223 511 2294 perfrui
560 2223 899 2291 defensione,
964 2225 1228 2281 servatori
1274 2225 1432 2294 hujus
1469 2225 1673 2294 jussus,
1725 2225 1900 2297 gratia

297 2313 641 2383 corruptoris
708 2329 805 2384 pro
876 2313 1033 2381 jussu
1109 2313 1206 2368 erit
1289 2313 1638 2369 nihilominus
1704 2327 1900 2383 compo

297 2399 456 2455 sitori
485 2409 528 2454 ⁸.

931 2508 1269 2564 CLXXVIII.

555 2610 626 2650 AD
665 2611 888 2652 JUDICES
926 2612 996 2650 ET
1033 2612 1209 2652 DUCES
1248 2611 1638 2652 RAVENNATBS.

929 2687 1110 2754 (Anno
1141 2685 1292 2756 878.)

339 2773 501 2828 lubet
523 2777 586 2828 ut
627 2775 917 2828 ciuitatem
945 2778 1146 2829 contra
1176 2773 1536 2828 Lambertum
1565 2774 1812 2827 viriliter

1012 2861 1344 2932 defendant.

378 2965 648 3022 Omnibus
668 2964 944 3034 judicibus
971 2975 1024 3021 et
1053 2966 1284 3022 ducibus
1317 2983 1414 3020 seu
1443 2964 1659 3036 pOpulis
1687 2965 1905 3020 Raven-

303 3065 391 3105 na
420 3049 887 3105 commorantibus
915 3047 1166 3104 fidelibus
1197 3049 1416 3104 nostris.

378 3136 702 3192 Industriam
735 3153 830 3190 seu
860 3137 1098 3191 omnium
1121 3135 1434 3192 fidelitatem
1451 3151 1614 3191 nosse
1635 3135 1903 3200 volumus,
1938 3159 1986 3221 Ο

302 3229 569 3296 quoniam
597 3224 770 3280 relatu
810 3225 1164 3295 quorumdam
1205 3223 1532 3289 audivimus,
1564 3233 1620 3278 ut
1667 3224 1906 3279 Joannes

299 3313 570 3368 diaconus
620 3312 980 3368 chartularius
1027 3306 1226 3381 deviet,
1273 3320 1326 3366 et
1375 3311 1590 3368 francos
1636 3311 1911 3366 Lamberti

299 3410 494 3457 contra
542 3400 862 3456 electionem
907 3408 1143 3455 nostram
1192 3401 1462 3456 conducat
1503 3399 1692 3454 :unde
1739 3398 1908 3452 mitti-

299 3505 430 3544 mus
477 3487 888 3559 apostolicaque
933 3489 1255 3543 auctoritate
1305 3488 1561 3562 jubemus
1608 3495 1664 3541 ut
1719 3502 1910 3542 omnes

301 3577 595 3632 unanimes
629 3592 842 3648 unaque
871 3575 1185 3632 fidelitatem
1215 3585 1356 3631 stare
1378 3576 1620 3632 debeatis
1649 3583 1700 3630 et
1729 3574 1910 3630 defen-

301 3666 438 3721 dere
484 3665 664 3735 ipsam
711 3665 1003 3730 civitatem,
1054 3665 1124 3718 ita
1172 3672 1229 3719 ut
1271 3664 1452 3718 nullus
1497 3663 1590 3735 qui
1628 3663 1911 3718 vobiscum

301 3769 417 3808 non
451 3760 579 3818 stat,
615 3752 831 3808 francos
879 3753 953 3806 ibi
1001 3752 1231 3807 conduci
1278 3752 1549 3807 Lamberti
1593 3751 1656 3824 [f.
1691 3751 1912 3806 francos

301 3841 381 3896 ibi
427 3855 552 3896 cum
596 3841 736 3896 duce
780 3841 1086 3907 Lamberto,
1133 3838 1262 3912 etc.]
1310 3839 1452 3894 intus
1499 3839 1776 3910 permittat
1821 3839 1910 3894 in-

300 3929 488 4001 gredi,
519 3944 624 3983 nec
653 3928 771 3998 ipse
807 3927 1124 3982 Lambertus
1153 3927 1226 3982 ibi
1248 3928 1636 4000 quoquomodo
1657 3944 1913 3984 accessus

298 4017 528 4081 habeat,
564 4031 668 4072 nec
699 4032 829 4070 suus
857 4017 1022 4071 homo
1052 4015 1125 4069 ibi
1164 4015 1367 4070 intrare
1397 4016 1569 4087 possit
1603 4032 1614 4070 :
1650 4016 1723 4070 ita
1752 4017 1804 4069 in
1829 4014 1913 4068 his

298 4107 476 4179 agite,
511 4105 651 4160 sicut
677 4103 776 4159 Dei
809 4113 861 4158 et
889 4114 1132 4158 nostram
1161 4103 1396 4175 gratiam
1445 4103 1650 4158 habere
1693 4102 1908 4174 cupitis,

300 4194 570 4266 quoniam
601 4193 692 4264 qui
723 4193 880 4248 aliter
911 4191 1121 4258 fecerit,
1156 4199 1207 4245 et
1235 4199 1474 4246 nostram
1506 4191 1640 4245 iram
1669 4190 1909 4257 habebit,

302 4291 362 4340 et
388 4281 540 4338 mille
571 4282 868 4354 byzanteos
895 4280 1097 4352 palatio
1127 4287 1316 4334 nostro
1346 4285 1654 4350 componet.
1680 4279 1820 4333 Data
1849 4283 1914 4334 ut

299 4387 505 4444 supra.

971 4475 1262 4530 CLXXIX.

527 4581 601 4620 AD
637 4578 1036 4619 THBODOI‘ICUI
1073 4578 1143 4617 ΕΤ
1182 4575 1338 4616 ISAAC
1376 4575 1693 4616 BPISCOPOS.

935 4652 1116 4721 (Anno
1147 4650 1297 4720 879.)

303 4744 583 4815 Praecipit
609 4745 684 4815 ut,
697 4741 1196 4815 excommunicent
1219 4754 1308 4794 eos
1329 4740 1438 4815 qui
1461 4738 1696 4810 Wiperto
1717 4737 1914 4815 comiti

384 4807 572 4939 flium
603 4813 950 4884 eripuerant,
982 4813 1038 4865 et
1061 4807 1351 4881 regionem‘
1371 4807 1914 4880 illam'populaban-

412 4901 502 4938 ar.

383 4993 878 5053 Reverendissimis
907 5003 958 5049 et
981 4991 1339 5048 sanctissimis
1355 4993 1717 5047 Taaonomco
1739 4989 1916 5047 archi-

302 5085 600 5157 episcopo,
632 5091 686 5138 et
717 5084 876 5136 stxc
906 5081 1185 5151 episcopo.

385 5171 615 5227 Noverit
642 5179 822 5225 vestra
866 5168 1196 5240 religiositas
1243 5168 1372 5238 quia
1418 5167 1700 5238 Wipertus
1730 5181 1915 5222 comes

301 5259 628 5316 reclamans
657 5255 934 5328 pontificio
963 5265 1150 5311 nostro
1182 5255 1382 5320 retulit,
1417 5255 1562 5328 quod
1592 5254 1809 5326 quidam
1832 5254 1915 5309 sui

302 5348 571 5406 homines
616 5345 998 5402 malefactores
1054 5360 1213 5399 suum
1271 5342 1439 5400 ﬁlium
1495 5343 1809 5400 sustulerint
1864 5349 1916 5398 et

299 5453 440 5495 cum
473 5452 540 5490 eo
569 5443 768 5490 terram
798 5433 1177 5504 praedaverint.
1227 5431 1571 5504 Quapropter
1605 5431 1912 5502 dirigimus,

389 5589 416 5615 ⁸
449 5588 611 5636 Locus
635 5588 910 5648 corruptus.
957 5661 963 5667 .

1988 554 2075 619 tis,
2108 570 2216 625 quo
2246 554 2448 610 relictis
2490 555 2688 608 talibus
2737 555 3232 624 depraedationibus
3271 557 3338 611 ad
3373 567 3583 628 patrem

1987 650 2040 697 et
2087 643 2360 698 seniorem
2410 643 2637 697 redeant
2685 650 2736 696 et
2791 641 3014 712 paciﬁce
3071 644 3273 699 vivant.
3329 645 3469 700 Data
3516 650 3583 701 ut

1987 747 2178 801 supra.

2653 827 2920 882 CLXXX.

2435 929 2507 968 AD
2546 929 2818 970 HUGONEH
2855 929 3122 969 COMI‘I'EI.

2609 1005 2789 1071 (Anno
2819 1003 2968 1072 s79.)

2195 1091 2372 1146 Monet
2405 1096 2468 1146 ut
2487 1091 2752 1163 quosdam
2782 1093 3127 1162 facinorosos
3151 1094 3377 1164 puniat.

2063 1204 2285 1259 Hucom
2315 1204 2556 1277 glorioso
2581 1205 2782 1260 comiti.

2062 1291 2352 1347 Referente
2381 1293 2630 1348 videlicet
2660 1293 2762 1348 hoc
2793 1293 2910 1348 viro
2940 1294 3156 1348 nomine
3197 1335 3210 1348 .
3256 1336 3268 1348 .
3313 1335 3324 1348 .
3372 1336 3384 1348 .
3427 1295 3586 1350 audi-

1993 1379 2168 1432 vimus
2196 1380 2343 1450 quod
2373 1380 2543 1435 vestri
2573 1381 2841 1444 homines,
2874 1380 3107 1435 maxime
3138 1381 3420 1437 Conterius
3459 1399 3588 1439 suos

1993 1482 2164 1537 equos
2193 1467 2446 1521 tollentes
2477 1484 2600 1522 suas
2631 1468 2946 1523 mansiones
2975 1469 3329 1538 praedassent.
3349 1469 3592 1541 Quapro-

1991 1562 2114 1624 pter
2143 1555 2420 1610 hortantes
2451 1572 2734 1612 mouemus
2764 1564 2822 1610 ut
2841 1572 2942 1626 pro
2959 1556 3324 1626 apostolorum
3345 1573 3590 1613 reveren-

1994 1643 2064 1696 tia
2092 1650 2145 1697 et
2171 1651 2360 1698 nostro
2389 1659 2594 1708 amore,
2631 1661 2790 1714 quam
2819 1644 2972 1714 petiit
2995 1644 3278 1714 justitiam,
3309 1644 3388 1699 illi
3408 1646 3592 1701 facere

1998 1731 2274 1803 satagatis.
2311 1732 2384 1785 Ita
2413 1741 2539 1803 agat
2560 1731 2613 1786 in
2641 1732 2744 1787 hoc
2773 1740 2956 1787 vestra
2986 1733 3236 1787 nobilitas
3266 1741 3325 1787 ut
3351 1741 3590 1789 acturam

1285 1787 1650 1890 81°"??qu
1691 1786 1888 1841 ducum
1917 1786 2286 1885 Bcredimus,
2322 1786 2584 1890 utetuipsi
2631 1819 3015 1874 malefactores
3057 1821 3225 1876 nostri
3272 1837 3591 1877 excommu-

1993 1907 2262 1974 nicentur,
2324 1907 2450 1977 quia
2505 1923 2614 1962 non
2661 1907 2768 1962 tale
2823 1906 2993 1976 nefas,
3041 1915 3236 1964 utnon
3281 1907 3586 1978 ulciscatur,

1994 1994 2276 2049 demittere
2311 1995 2616 2066 nequimus.
2650 1995 2785 2049 Data
2815 1998 2881 2050 ut
2901 2011 3093 2068 supra.

2647 2126 2941 2182 CLXXXI.

1991 2223 2063 2264 AD
2102 2225 2374 2269 HUGONEI
2409 2225 2806 2265 τηεουειιιαωί
2841 2225 2911 2264 ΕΤ
2949 2224 3290 2267 BBBNABDUI
3327 2225 3582 2268 οοκιτκε.

2639 2301 2796 2353 Anno
2835 2300 2958 2353 879.

2639 2301 2796 2353 Anno
2835 2301 2958 2353 879.

2003 2389 2068 2444 Ut
2097 2387 2372 2441 amicitia:
2402 2301 2815 2458 charittftisque
2838 2302 3020 2457 [adria
3039 2404 3170 2443 cum
3189 2390 3397 2445 Bosone
3415 2389 3598 2445 ictum

2677 2479 2922 2530 servent.

2075 2581 2315 2644 Huaom,
2349 2581 2710 2635 Tusonaucro
2741 2587 2792 2634 et
2813 2581 3101 2646 Baamno,
3125 2581 3502 2637 illustrissimis
3525 2597 3606 2638 re-

2002 2668 2098 2740 gni
2130 2668 2480 2722 Francorum.

2076 2755 2270 2810 Fretus
2301 2764 2481 2810 vestra
2501 2755 2902 2828 ingenuissima
2931 2756 3232 2822 nobilitate,
3282 2766 3444 2828 atque
3475 2758 3608 2814 obev

2005 2844 2228 2908 dientia,
2262 2859 2422 2915 quam
2452 2851 2674 2914 propter
2704 2845 2880 2898 Deum
2900 2844 3059 2898 nobis
3079 2844 3352 2918 condigne
3373 2845 3607 2914 debetis,

2007 2931 2423 2987 dilectissimum
2482 2929 2650 2985 illium
2727 2940 2972 2986 nostrum
3023 2933 3290 2988 Bosonem
3316 2976 3329 3002 ,
3373 2942 3614 2990 vestrum

2007 3020 2322 3075 unanimem
2379 3019 2604 3075 fratrem
2661 3027 2713 3075 et
2767 3020 3180 3089 amicissimum,
3220 3030 3280 3076 ut
3324 3021 3616 3078 insolubile

2011 3108 2288 3163 vinculum
2319 3108 2620 3174 charitatis,
2657 3107 2944 3180 foedusque
2961 3109 3233 3175 amicitiae,
3253 3111 3398 3181 quod
3427 3125 3614 3166 coram

2011 3196 2128 3251 Deo
2157 3196 2396 3251 vicissim
2445 3195 2769 3268 colligastis,
2810 3212 3026 3261 moneo,
3077 3198 3279 3265 hortor,
3330 3197 3481 3252 nulla
3511 3199 3615 3253 ho-

2009 3283 2217 3338 minum
2275 3284 2415 3338 male
2463 3283 2798 3354 loquentium
2851 3283 3068 3355 lingua,
3117 3284 3267 3339 nullo
3329 3285 3618 3352 cujuslibet

2012 3370 2218 3425 fraudis
2249 3371 2490 3444 ingenio,
2524 3371 2611 3426 vel
2654 3371 2706 3424 in
2747 3371 2964 3426 modico
3013 3360 3398 3442 quoquomodo
3443 3372 3618 3442 possit

2011 3458 2170 3514 avelli
2206 3477 2219 3512 :
2253 3459 2350 3513 sed
2382 3459 2615 3514 Domino
2645 3458 2956 3522 auxiliante,
2991 3458 3174 3514 dilecti
3201 3458 3295 3514 filii
3323 3460 3498 3515 nostri
3517 3461 3616 3516 Lu-

2012 3547 2190 3602 dovici
2223 3547 2372 3618 regis
2401 3547 2640 3604 animum
2673 3562 2810 3618 erga
2840 3563 2965 3602 eum
2999 3546 3331 3602 immobilem
3363 3557 3416 3604 et
3460 3555 3611 3602 tran-

2013 3634 2239 3706 quillum
2268 3650 2487 3705 semper
2515 3634 2767 3700 servetis,
2801 3642 2854 3688 et
2901 3634 3081 3688 omnia
3125 3649 3225 3690 sua
3254 3635 3404 3690 salva
3449 3644 3612 3708 atque

2011 3720 2242 3792 pacifica
2271 3731 2622 3787 conservato;
2665 3722 2922 3793 quoniam
2970 3737 3069 3793 pro
3115 3723 3200 3778 his
3237 3723 3308 3778 ab
3355 3724 3612 3795 omnipo-

2014 3819 2158 3866 tente
2189 3812 2306 3866 Deo
2337 3819 2389 3866 et
2416 3811 2577 3866 beato
2608 3811 2770 3866 Petro
2815 3811 3064 3882 apostolo
3091 3810 3284 3866 futurae
3312 3811 3432 3868 vitae
3462 3829 3611 3868 mer-

2013 3899 2224 3968 cedem,
2251 3907 2304 3954 et
2335 3914 2367 3954 a
2394 3898 2553 3954 nobis
2583 3907 2636 3952 et
2665 3899 2734 3953 ah
2762 3898 2854 3953 illo
2885 3897 3230 3954 ﬁdelissimas
3250 3899 3612 3956 amicitiarum

2013 3987 2286 4059 recipietis
2317 3987 2432 4042 sine
2461 3987 2627 4042 dubio
2657 3986 3061 4042 retributiones.
3098 3988 3235 4043 Data
3262 3991 3328 4043 ut
3345 4005 3540 4060 supra.

2631 4132 2955 4189 CLXXXII.

2406 4235 2478 4273 AD
2517 4234 2840 4274 νυιρΑιιῐωί
2877 4235 3186 4275 ΠΟΝΑΟΗΙΙΙ
3197 4262 3207 4273 .

2629 4307 2811 4377 (Anno
2853 4306 3004 4376 879.)

2020 4395 2085 4450 Ut
2117 4394 2352 4465 Wiperto
2373 4394 2620 4465 episcopo
2653 4393 2890 4458 obediat,
2924 4395 3022 4464 qui
3050 4409 3180 4448 eum
3215 4409 3320 4465 per
3349 4394 3613 4452 dimisso-

1941 4503 1995 4564 D
2563 4482 2726 4536 riam‘
2741 4481 3060 4553 acquisivit.

2087 4569 2372 4622 VULGARIO
2407 4569 2696 4623 monacho.

2086 4657 2334 4728 Denique
2379 4656 2564 4712 Trecis
2613 4655 2776 4727 positi
2819 4671 2921 4728 per
2963 4656 3326 4727 nosmetipsos
3354 4657 3615 4728 cognovi-

2014 4761 2137 4799 mus
2187 4745 2419 4816 qualiter
2464 4744 2750 4816 Wipertus
2805 4745 3124 4815 episcopus,
3185 4744 3415 4800 devotus
3473 4743 3613 4801 ﬁlius

2015 4842 2218 4900 noster,
2251 4841 2302 4888 te
2331 4849 2363 4888 a
2393 4833 2616 4904 proprio
2645 4833 2905 4903 episcopo
2947 4841 3108 4904 atque
3155 4833 3351 4888 abbate
3391 4849 3492 4904 per
3521 4835 3611 4890 di-

2015 4922 2324 4978 missoriam
2371 4921 2677 4993 acquisivit,
2711 4929 2798 4976 tua
2841 4921 3022 4992 potius
3069 4921 3460 4977 interveniente
3507 4940 3610 4994 pe-
3693 4953 3700 4961 -

2014 5011 2225 5066 titione.
2266 5009 2609 5080 QuaprOpter
2636 5008 2890 5064 convenit
2918 5007 3012 5063 tibi
3041 5025 3108 5064 ex
3135 5008 3223 5064 die
3253 5008 3368 5074 illo,
3391 5017 3445 5065 et
3463 5009 3612 5064 dein-

2014 5115 2164 5169 ceps,
2207 5107 2460 5169 tanquam
2507 5096 2727 5167 pmprio
2781 5096 3035 5162 obedire,
3095 5112 3327 5168 eumque
3369 5105 3427 5151 ut
3473 5112 3610 5168 pro-

2015 5187 2194 5257 prium
2223 5195 2495 5256 pastorem
2527 5184 2680 5256 sequi
2712 5200 2822 5238 non
2850 5185 3251 5255 praetermittas,
3285 5185 3428 5255 quia,
3462 5185 3611 5257 quod

2014 5291 2125 5330 non
2151 5282 2417 5344 Optamus,
2454 5273 2499 5328 si
2545 5272 2698 5327 aliter
2741 5262 2954 5340 feceris,
2987 5271 3258 5328 vinculum
3289 5288 3608 5328 excommu-

2015 5361 2298 5419 nicationis
2329 5377 2492 5431 super
2537 5369 2587 5415 te
2632 5359 3020 5416 rationabiliter
3063 5360 3436 5416 extendemus.
3471 5362 3612 5418 Data

2015 5455 2078 5506 ut
2109 5465 2297 5520 supra.
