4028 6180
874 515 946 555 ΑΙ)
985 513 1202 554 ΟιΕΒυΜ
1239 513 1733 554 κευιοιλκεκεειί.

1116 599 1297 672 (Anno
1335 599 1484 670 879.)

509 710 776 782 Praecipit
805 711 870 764 ut
899 709 1113 782 quoties
1134 708 1420 782 episcOp‘us
1447 706 1756 782 Ticinensis
1792 720 1881 760 eos
1910 703 1982 758 ad
2016 719 2105 774 syt-

876 776 1085 834 n'odum
1109 776 1403 842 vocaverit,
1433 776 1725 831 accedant.

580 884 845 942 Omnibus
889 882 1246 940 sanctissimis
1293 891 1347 937 et
1392 880 1867 938 reverendissimis
1895 877 2106 934 confra-

508 973 683 1030 tribus
725 980 779 1028 et
823 970 1186 1042 coepiscopis,
1233 978 1342 1026 tam
1395 969 1782 1025 Mediolanensi
1840 966 2107 1036 archiepi-

509 1077 677 1133 scOpo
704 1076 830 1117 cum
859 1059 975 1114 suis
1003 1057 1384 1130 suﬂ‘raganeis,
1409 1072 1573 1129 quam
1602 1055 1902 1111 Ravennati
1920 1054 2106 1109 nihilo-

511 1151 688 1205 minus
717 1165 842 1204 cum
871 1145 1234 1220 suﬂ‘raganeis
1269 1145 1402 1200 suis.

578 1237 849 1309 Scriptum
879 1235 1078 1290 etenim
1107 1243 1223 1290 est:
1246 1235 1393 1289 Deus
1412 1234 1507 1304 qui
1527 1232 1885 1303 gloriﬁcatur
1900 1232 1962 1286 in
1982 1247 2109 1286 con-

509 1328 638 1384 silio
667 1329 996 1382 sanctorum
1017 1323 1192 1393 (Psal.
1219 1321 1502 1390 Lxxxvm)
1523 1339 1536 1384 ;
1557 1329 1608 1374 et
1628 1319 1680 1372 in
1697 1319 1950 1392 evanglio
1975 1336 1987 1371 :
2013 1318 2108 1375 Ubi

509 1416 617 1472 duo
635 1415 720 1470 vel
735 1417 849 1469 tres
861 1411 1182 1484 congregati
1201 1409 1422 1480 fuerint
1443 1410 1501 1463 in
1521 1410 1749 1463 nomine
1762 1423 1900 1472 meo,
1920 1408 1978 1462 in
1997 1421 2110 1461 me-

513 1504 602 1560 dio
633 1517 826 1558 eorum
859 1516 988 1554 sum
1037 1498 1255 1569 (Matth.
1281 1497 1397 1565 x1);
1431 1504 1483 1551 et
1507 1495 1634 1550 item
1669 1496 1765 1550 :Si
1782 1497 1967 1566 frater
1985 1498 2105 1565 fra-

511 1595 657 1646 trem
691 1588 991 1661 adjuverit,
1027 1586 1186 1642 ambo
1215 1585 1657 1642 consolabuntur
1702 1583 1884 1653 (Prov.
1920 1582 2103 1652 xvm).

510 1679 608 1733 His
662 1675 1072 1733 auctoritatibus
1129 1672 1264 1738 fulti,
1343 1681 1536 1728 vestra
1608 1671 1847 1727 omnium
1915 1670 2106 1725 sancti-

1849 267 2144 322 JOANNIS
2200 268 2393 324 PAPE
2451 271 2588 324 VIII.

1125 393 1470 450 CLXXXIII.
2127 391 2184 450 A

3703 273 3803 326 816

2841 393 3156 449 CLXXXV.

2704 477 2775 516 AD
2814 477 3000 518 OINES
3039 477 3287 518 FIDELES.

2797 537 2996 588 '(Anno
3035 537 3157 588 879.

2797 554 2802 558 ·
2839 537 2996 588 Anno
3035 537 3157 588 879.

2205 621 2467 693 Praecipit
2507 637 2580 676 ne
2609 536 2888 694 quispia(m
2925 536 3269 678 monastgrio
3305 623 3499 678 sancti
3536 623 3802 693 Augenh’i

2539 711 2840 782 quidquam
2870 712 3201 766 detrimenti
3228 711 3454 782 afferat.

2275 789 2540 846 Omnibus
2569 791 2821 847 fidelibus
2848 793 3131 848 Ecclesia.

2277 879 2705 935 Sollicitudinem
2753 881 2992 935 omnium
3034 881 3408 936 Ecclesiarum
3439 882 3554 935 ’nos
3599 881 3800 936 habere

2205 977 2440 1038 oportet,
2472 977 2525 1023 et
2555 969 2896 1041 singulorum
2925 985 3118 1025 causas
3144 969 3410 1042 aquitatis
3425 969 3636 1038 judicio
3665 969 3798 1024 alle-

2205 1073 2373 1123 vare;
2405 1066 2752 1128 quapropter,
2783 1073 2904 1114 cum
2935 1059 3004 1113 de
3041 1059 3295 1112 omnibus
3333 1073 3500 1130 agere
3546 1059 3666 1113 bac
3712 1073 3799 1112 ea-

2205 1147 2330 1200 dem
2373 1145 2641 1211 convenit,
2692 1145 3032 1216 pracipimus
3075 1154 3236 1217 atque
3276 1145 3532 1215 prasenti
3581 1145 3800 1200 decreto

2206 1234 2482 1289 sancimus
2513 1243 2571 1287 ut
2597 1235 2666 1288 de
2695 1235 2912 1288 abbatia
2943 1233 3116 1288 sancti
3156 1234 3431 1306 Augentii,
3465 1249 3636 1304 quam
3663 1234 3801 1288 diva

2205 1321 2483 1377 memoria
2522 1322 2747 1377 Carolus
2786 1323 3080 1392 imperator
3125 1321 3270 1376 fideli
3303 1337 3400 1376 suo
3447 1330 3504 1376 et
3549 1320 3664 1376 filio
3703 1321 3802 1377 Ec-

2203 1410 2388 1464 clesiae
2425 1419 2621 1464 nostra
2648 1418 2772 1464 ante
2812 1411 2935 1477 jure
2983 1408 3330 1464 beneficiaria
3375 1409 3582 1472 tribuit,
3625 1410 3802 1464 nullus

2205 1498 2274 1552 de
2304 1498 2435 1568 ipsis
2467 1499 2630 1551 rebus
2659 1498 2866 1569 aliquid
2887 1498 3081 1565 injuste
3107 1496 3322 1552 auferre
3342 1505 3644 1568 prasumat
3666 1515 3680 1560 ;
3705 1513 3802 1552 nec

2205 1585 2466 1656 pradicto
2497 1587 2774 1656 episcOpo,
2809 1595 2861 1640 et
2903 1585 3186 1640 monachis
3228 1585 3401 1655 ipsius
3420 1585 3530 1640 loci
3565 1585 3802 1656 aliquam

2207 1673 2262 1728 in
2307 1675 2660 1729 distrahendo
2706 1674 2888 1729 illicite
2929 1674 3134 1729 inferre
3177 1673 3504 1729 molestiam.
3552 1671 3715 1741 Quod
3759 1673 3804 1728 si

511 1766 606 1822 tati
658 1763 1003 1832 mandamus,
1045 1771 1095 1817 et
1140 1759 1442 1832 apostolica
1486 1761 1802 1816 auctoritate
1829 1759 2105 1828 jubemus,
2133 1736 2185 1798 Β
2209 1762 2330 1834 quis
2360 1763 2558 1818 abhinc
2585 1778 2750 1834 agere
2779 1763 3207 1832 praesumpserit,
3240 1769 3527 1830 separetur
3563 1736 3606 1816 '5
3652 1775 3802 1816 com-

514 1862 572 1909 ut
631 1851 846 1926 quoties
899 1867 998 1906 vos
1069 1847 1340 1906 confrater
1392 1857 1441 1904 et
1510 1848 1870 1918 coepiscopus
1924 1855 2111 1900 noster

513 1942 751 1997 Ioannes
805 1937 1126 2007 Ticinensis,
1189 1946 1242 1992 et
1312 1945 1437 2009 post
1505 1953 1628 1991 eum
1685 1935 1765 1989 sui
1821 1950 2108 1990 successo-

513 2047 623 2099 res,
653 2037 974 2100 vestrosque
1003 2025 1338 2093 vocaverint,
1373 2040 1474 2095 pro
1521 2023 1928 2096 emergentibus
1953 2039 2108 2094 qua-

511 2118 776 2176 stionibus
831 2115 1167 2181 eximendis,
1227 2121 1484 2170 continuo
1537 2113 1697 2168 beato
1753 2113 1914 2166 Petro
1969 2126 2108 2181 apo-

513 2207 660 2264 stolo
687 2204 1052 2261 obedientiam
1081 2201 1421 2268 exhibentes,
1471 2201 1629 2256 simul
1676 2199 1970 2256 convenire
1999 2215 2108 2254 non

518 2294 778 2350 difi‘eratis
841 2311 854 2346 :
909 2300 1212 2364 quatenus,
1269 2289 1647 2360 Redemptoris
1709 2287 1881 2343 nostri
1937 2287 2110 2358 gratia

512 2381 781 2440 discussis
807 2379 1261 2447 animositatibus,
1290 2378 1542 2448 vitiisque
1563 2376 1828 2448 purgatis,
1861 2375 1916 2428 in
1963 2383 2110 2428 tran-

510 2471 770 2544 quillitate
799 2468 951 2540 pacis
979 2467 1229 2524 Ecclesia
1257 2466 1563 2531 constituta,
1599 2463 1932 2536 glorificatur
1963 2464 2110 2518 Deus

509 2577 608 2633 per
633 2559 820 2615 Iesum
848 2556 1121 2613 Christum
1149 2555 1439 2611 Dominum
1469 2561 1733 2609 nostrum.
1751 2551 2108 2606 Sacerdotum

513 2648 930 2718 Levitarumque
951 2644 1178 2715 judicia,
1212 2642 1646 2715 quandocunque
1676 2655 1903 2695 necesse
1925 2638 2104 2704 fuerit,

507 2753 633 2796 cum
661 2735 920 2808 pradicto
940 2733 1220 2804 episcopo,
1245 2740 1501 2802 tanquam
1519 2728 1728 2801 pr0prii
1749 2727 1990 2798 episcOpi
2012 2727 2110 2782 de-

505 2825 729 2888 cernite,
762 2839 828 2878 ac
854 2820 1100 2885 difiinite,
1130 2819 1256 2875 freti
1299 2827 1483 2874 nostra
1522 2815 1850 2874 omnimodis
1881 2822 2106 2884 aposto-

499 2913 606 2970 lica
625 2909 964 2978 auctoritate,
989 2909 1117 2979 quia
1135 2921 1306 2962 onera
1335 2913 1521 2960 nostra
1544 2903 1826 2960 vobiscum
1861 2903 2099 2972 partien-

497 3001 573 3058 do
602 2998 810 3070 reliqua
836 2995 1172 3054 tolerabilius
1216 2992 1444 3050 sufferre
1467 2991 1788 3048 valebimus.
1831 2989 2102 3060 Optamus

2206 1851 2464 1906 munione
2523 1850 2764 1905 fidelium
2821 1851 3082 1906 Ecclesia
3121 1866 3135 1904 :
3168 1851 3316 1920 quod
3357 1850 3405 1904 si
3461 1849 3805 1920 pertinaciter

2209 1939 2526 2009 perstiterit,
2560 1947 2612 1993 et
2641 1939 2936 1994 emendare
2967 1937 3219 2003 noluerit,
3246 1938 3454 2007 judicio
3482 1937 3657 1992 sancti
3685 1936 3800 2006 Spi.

2209 2027 2343 2081 ritus
2373 2026 2726 2081 anathematis
2757 2025 2970 2081 vinculo
3001 2025 3245 2080 feriatur.
3277 2025 3417 2079 Data
3449 2028 3518 2080 ut
3539 2040 3734 2096 supra.

2828 2131 3168 2186 CLXXXVI.

2272 2218 2343 2257 AD
2381 2218 2679 2258 EPISCOPOS
2717 2218 2777 2257 IN
2815 2217 3002 2340 IZXGNO
3037 2215 3301 2342 ggngcr
3339 2215 3741 2256 CONS‘I‘ITU‘I'OS.

2899 2288 3007 2327 DDO
3147 2313 3162 2326 .

2899 2288 3007 2327 DDO
3037 2288 3162 2327 5'19.

2209 2363 2478 2418 Rescribit
2496 2361 2564 2416 de
2583 2361 2946 2432 indulgentia
2969 2376 3164 2414 eorum
3188 2361 3284 2432 qui
3313 2364 3521 2419 contra
3558 2373 3801 2431 paganos

2630 2453 2950 2520 pugnantes
2979 2449 3376 2504 occubuerant.

2280 2538 2545 2593 Omnibus
2577 2536 3046 2592 reverendissimis
3093 2544 3146 2590 et
3187 2535 3550 2592 sanctissimis
3578 2550 3802 2590 venera-

2207 2621 2407 2676 bilibus
2435 2621 2773 2691 coepiscopis
2803 2636 2903 2692 per
2933 2629 3101 2675 totum
3131 2635 3360 2692 regnum
3381 2618 3698 2674 cbarissimi
3715 2616 3804 2672 ﬁlii

2207 2711 2313 2764 mei
2345 2709 2622 2764 Ludovici.

2278 2797 2417 2866 Quia
2449 2799 2758 2852 veneranda
2791 2796 3096 2852 fraternitas
3121 2804 3305 2851 vestra
3351 2795 3610 2850 modesta
3640 2795 3802 2849 inter-

2206 2886 2490 2960 rogatione
2519 2883 2806 2940 sciscitans
2835 2885 3084 2957 quasivit
3112 2896 3292 2939 utrum
3322 2883 3377 2938 hi
3397 2885 3491 2955 qui
3509 2899 3614 2954 pro
3631 2881 3806 2938 defen-

2207 2974 2358 3028 sione
2393 2982 2595 3028 sancta
2624 2973 2722 3028 Dei
2751 2973 3014 3028 Ecclesia
3051 2981 3104 3028 et
3153 2987 3250 3042 pro
3297 2979 3439 3026 statu
3492 2971 3807 3026 Christiana

507 3058 844 3148 ωηαίιέιεω
871 3093 1108 3140 vestram
1135 3083 1192 3138 in
1221 3081 1438 3139 Christo
1467 3081 1606 3136 bene
1635 3079 1837 3136 ναίετε,
1875 3058 2016 3134 bam
2039 3083 2103 3134 αι
2133 3085 2182 3150 C
2205 3062 2490 3135 religionis
2519 3077 2581 3116 ac
2599 3059 2911 3131 reipublicae
2932 3060 2984 3114 in
3004 3059 3145 3114 bello
3163 3076 3338 3130 nuper
3352 3058 3699 3123 ceciderunt,
3718 3064 3804 3111 aut

505 3192 700 3248 supra.

1125 3288 1467 3344 CLXXXIV.

744 3411 816 3452 AD
855 3409 1116 3452 JOANNEI
1153 3409 1466 3450 EPISCOPUI
1503 3408 1868 3448 TICINENSEM.

1125 3503 1305 3570 (Anno
1346 3499 1496 3570 879.)

519 3623 790 3696 Raptores
839 3617 1042 3676 uxoris
1073 3616 1372 3689 cujusdam
1375 3571 1696 3756 ufagiberti
1725 3612 2124 3670 excommuni-

1154 3701 1276 3756 cari
1351 3702 1373 3756 1'
1447 3704 1524 3755 et.

1154 3701 1276 3756 cari
1342 3701 1524 3772 jubet.

575 3817 1054 3878 Reverendissimo
1103 3825 1157 3873 et
1218 3815 1566 3871 sanctissimo
1621 3813 1881 3870 confratri
1927 3819 2116 3868 nostro

509 3913 720 3966 10mm
747 3905 1051 3962 venerabili
1083 3903 1342 3975 episcopo
1372 3902 1668 3958 Ticinensi.

579 3995 827 4066 Denique
871 3993 1203 4064 Ragibertus
1251 3990 1468 4062 quidam
1513 3989 1753 4056 nomine,
1793 3989 1966 4043 Iudex
2015 4003 2116 4042 co-

509 4090 828 4158 gnomento,
857 4095 1046 4155 coram
1082 4079 1240 4134 nobis
1287 4078 1514 4133 veniens
1564 4085 1789 4149 questus
1839 4084 1922 4130 est
1955 4090 2118 4145 super

515 4170 857 4234 Gotfredum,
889 4166 1058 4222 ﬁlium
1087 4166 1310 4223 Joannis
1337 4165 1548 4221 comitis
1569 4164 1773 4236 palatii,
1800 4173 1852 4218 et
1873 4163 2117 4218 Iserber—

516 4270 631 4317 tum
678 4258 1083 4326 subdiaconem,
1115 4264 1276 4328 atque
1327 4254 1678 4310 Heribaldum
1717 4252 2006 4315 notarium,
2049 4249 2116 4303 fi—

515 4350 648 4406 lium
679 4347 978 4414 Garibaldi,
1014 4361 1080 4400 eo
1111 4344 1257 4418 quod
1287 4343 1538 4415 legaliter
1559 4342 1662 4398 sibi
1685 4339 1778 4396 filii
1798 4341 1879 4396 sui
1895 4348 2118 4410 nuptam

519 4435 839 4494 Gausildam
869 4433 1088 4490 nomine
1119 4439 1305 4488 contra
1335 4447 1608 4487 canonum
1640 4439 1692 4485 et
1719 4430 1900 4500 legum
1931 4435 2115 4482 aucto-
2145 4435 2200 4496 ι)

522 4525 760 4588 ritatem,
791 4539 892 4594 per
919 4521 1028 4576 vim
1057 4529 1111 4576 et
1138 4537 1238 4590 per
1265 4519 1486 4575 forciam
1517 4518 1875 4583 abstulerunt,
1909 4516 2116 4572 caleato

522 4613 617 4668 illo
646 4619 922 4684 pracepto
934 4625 1042 4682 quo
1057 4609 1321 4664 Dominus
1340 4607 1439 4662 ait:
1464 4606 1614 4674 Quod
1631 4609 1776 4662 Deus
1788 4604 2114 4676 conjunxit,

527 4700 688 4760 homo
717 4716 832 4756 non
861 4701 1086 4772 separet
1115 4695 1333 4764 (Matth.
1367 4700 1512 4764 xu).
1533 4692 1876 4764 Quapropter
1903 4701 2121 4762 aposto-

527 4789 635 4846 lica
664 4786 1037 4844 adhortatione
1069 4784 1241 4841 zelum
1271 4783 1346 4838 tui
1389 4783 1678 4838 sacerdotii
1725 4783 1794 4837 ad
1837 4782 2123 4836 hortamen

531 4876 770 4934 charitas
800 4875 900 4931 Dei
927 4873 1211 4942 accendat,
1245 4880 1295 4927 et
1341 4871 1498 4944 quasi
1543 4870 1672 4925 tuba
1711 4870 1889 4925 exalta
1933 4882 2127 4924 vocem

423 4951 432 4958 ’
536 4975 703 5033 tuam,
737 4973 790 5020 et
829 4962 1030 5036 iniquis
1071 4961 1410 5033 iniquitatem
1451 4975 1604 5014 suam
1651 4957 1970 5013 annuntiare
2017 4971 2128 5010 non

535 5068 742 5122 cesses,
775 5068 844 5108 ne
874 5050 1098 5124 sanguis
1124 5065 1310 5105 eorum
1341 5049 1409 5103 de
1457 5046 1708 5102 manibus
1747 5046 1853 5100 tuis
1884 5043 2128 5114 requira-

538 5152 644 5200 tur.
699 5137 1102 5210 Pradictosque
1148 5147 1582 5210 transgressores
1629 5135 1776 5190 omni
1833 5132 2134 5189 Christiana

540 5228 922 5288 communione
959 5226 1177 5300 privare
1221 5241 1329 5280 non
1385 5224 1626 5291 differas,
1658 5223 1833 5278 donec
1888 5219 2136 5291 legaliter

539 5317 830 5376 emendent
861 5316 1008 5390 quod
1041 5314 1291 5388 nequiter
1315 5321 1633 5385 perpetrare
1656 5312 1776 5368 ausi
1805 5317 1948 5366 sunt.
1976 5306 2138 5376 Quod

541 5405 588 5460 si
613 5414 666 5462 te
697 5404 888 5461 audire
917 5403 1276 5478 neglexerint,
1306 5409 1574 5474 perpetuo
1593 5416 1689 5458 eos
1710 5401 1996 5469 anathema
2015 5411 2139 5454 esse

544 5501 910 5559 decernimus.
950 5501 1087 5556 Data
1114 5503 1181 5556 ut
1208 5515 1406 5572 supra.

2213 3151 2282 3206 de
2316 3150 2526 3220 reliquo
2558 3166 2654 3219 pro
2687 3165 2750 3203 ea
2781 3165 2837 3202 re
2866 3149 3047 3204 casuri
3079 3156 3222 3208 sunt,
3257 3147 3658 3218 indulgentiam
3685 3161 3810 3216 pos-
3893 3181 3896 3184 ~

2215 3239 2320 3294 sint
2350 3237 2610 3309 consequi
2640 3237 2986 3302 delictorum,
3018 3236 3278 3308 audenter
3305 3233 3502 3288 Christi
3526 3234 3629 3288 Dei
3650 3232 3814 3288 nostri

2213 3327 2412 3397 pietate
2461 3325 2858 3396 respondemus
2907 3324 3165 3395 quoniam
3210 3321 3287 3376 illi
3335 3321 3430 3394 qui
3459 3338 3586 3377 cum
3619 3321 3811 3392 pietate

2213 3414 2494 3470 catholica
2525 3412 2807 3486 religionis
2838 3412 2892 3466 in
2937 3411 3066 3465 belli
3113 3409 3412 3466 certamine
3456 3410 3684 3477 cadunt,
3725 3425 3810 3463 re-

2215 3503 2371 3576 quies
2403 3518 2498 3557 eos
2525 3511 2740 3557 aterna
2769 3501 2894 3556 vita
2925 3499 3200 3570 suscipiet,
3232 3507 3703 3576 contra_paganos
3732 3504 3810 3550 at-

2215 3571 2321 3664 que
2351 3589 2600 3645 infideles
2630 3597 2846 3644 strenue
2875 3588 3214 3656 dimicantes,
3261 3602 3326 3642 co
3371 3571 3522 3658 quod
3554 3584 3813 3641 Dominus

2213 3695 2312 3750 per
2341 3679 2659 3750 prOphetam
2689 3677 2940 3750 dignatus
2987 3684 3071 3731 est
3112 3675 3293 3730 dicere
3328 3693 3341 3727 :
3374 3676 3651 3730 Peccator
3677 3690 3809 3746 qua-

2215 3784 2434 3841 cunque
2466 3769 2603 3823 hora
2634 3781 2936 3822 conversus
2956 3765 3154 3835 fuerit,
3171 3762 3812 3835 omniuminiquitatuns

2215 3857 2378 3911 illius
2395 3872 2510 3911 non
2524 3853 2852 3910 recordabar
2866 3854 3113 3925 amplius
3126 3852 3346 3922 (Euch.
3378 3851 3490 3922 I8),
3506 3860 3562 3904 et
3587 3863 3811 3904 venera-

2215 3944 2340 3998 bilis
2359 3944 2448 3998 ille
2471 3943 2607 3997 latro
2634 3942 2688 3996 in
2719 3957 2827 3996 una
2857 3939 3217 3997 confessionis
3237 3955 3371 3994 voce
3397 3938 3466 3992 de
3507 3953 3670 3994 cruce
3699 3951 3810 3991 me-

2217 4032 2317 4087 ruit
2351 4031 2662 4104 paradisum
2693 4030 3361 4100 (Luc.xxvu).Manasses
3381 4041 3625 4100 quoque,
3650 4027 3810 4096 impu—

2217 4120 2465 4174 rissimus
2493 4117 2761 4191 quondam
2791 4134 2907 4185 rex,
2943 4126 3134 4187 captus
3162 4115 3480 4186 carcerique
3510 4113 3811 4170 arctissimo

2216 4207 2494 4279 religatus,
2548 4207 2622 4260 ibi
2666 4205 3038 4276 panitentiam
3083 4220 3272 4277 agens,
3320 4218 3446 4258 cum
3487 4201 3811 4274 perfectione

2218 4295 2585 4365 indulgentia,
2636 4295 2800 4348 etiam
2845 4292 2998 4365 regni
3045 4291 3278 4364 pristini,
3328 4299 3556 4360 propter
3611 4288 3814 4345 Domini

2222 4383 2668 4444 misericordiam,
2699 4381 2821 4452 quia
2848 4381 3114 4435 immensa
3145 4389 3227 4434 est
3254 4379 3398 4434 circa
3427 4394 3605 4450 genus
3643 4377 3814 4432 buma-

2223 4489 2390 4534 mum,
2416 4473 2646 4541 adeptus
2663 4479 2741 4524 est
2757 4470 2950 4524 solium
2970 4467 3044 4534 (ΙΙ
3062 4471 3192 4524 Par.
3217 4467 3666 4536 xxxut).Nostra
3682 4481 3812 4536 pra-

2219 4559 2358 4614 fatos
2393 4558 2793 4622 mediocritate,
2827 4556 3218 4611 intercessione
3246 4553 3386 4609 beati
3407 4553 3549 4608 Petri
3568 4551 3806 4624 apostoli,

2223 4648 2378 4716 cujus
2407 4655 2646 4717 potestas
2677 4644 2884 4718 ligandi
2913 4653 3072 4715 atque
3107 4643 3353 4697 solvendi
3387 4651 3469 4696 est
3509 4643 3566 4695 in
3601 4641 3735 4696 calo
3761 4640 3810 4692 et

2220 4733 2276 4790 in
2309 4745 2474 4804 terra,
2503 4743 2763 4807 quantum
2815 4733 2894 4788 fas
2921 4741 3021 4796 est,
3071 4729 3407 4787 absolvimus
3455 4729 3806 4800 precibusque

2223 4824 2347 4879 illos
2376 4824 2606 4878 Domino
2635 4821 3102 4878 commendamus.
3137 4820 3400 4890 Optamus
3431 4817 3807 4873 fraternitatem

2229 4922 2458 4968 vestram
2489 4912 2543 4966 in
2576 4912 2788 4967 Christo
2819 4911 2957 4966 bene
2986 4909 3188 4964 valere.
3221 4909 3358 4962 Data
3392 4911 3459 4962 ut
3487 4923 3676 4982 supra.

2842 5015 3210 5074 CLXXXVII.

2443 5104 2516 5142 AD
2552 5103 2854 5143 WIFBEDUU
2891 5101 3198 5141 EPISCOPUN
3236 5097 3614 5147 VENCIENSEI,

2855 5160 3034 5224 (Anno
3065 5155 3216 5224 879.)

2237 5250 2571 5321 EpiscOpum
2628 5248 2723 5321 qui
2767 5263 2898 5302 cum
2944 5235 3802 5321 eccomntunicatishcommuni-

2379 5313 2560 5384 αἰναί,
2593 5313 2905 5374 πὶἰεεανιιγη
2935 5317 3312 5374 celebratione
3327 5313 3607 5386 prohibet.

2241 5407 2589 5550 Εοὲἵιινριυο
2618 5405 2917 5468 venerabili
2962 5405 3221 5477 episcopo
3269 5409 3470 5468 sancte
3518 5393 3816 5456 νεα-,ἱωὼ

2373 5511 2524 5550 θειω.
