4072 6186
305 280 411 332 817
493 305 502 320 ι

1395 281 1748 340 EPISTOLE
1805 285 1902 338 ET
1942 285 2285 344 DECRETA.

3499 305 3601 354 818

380 401 718 459 Auctoritate
743 399 960 458 Domini
997 406 1170 462 nostri
1196 403 1323 462 Jesu
1361 401 1580 477 Christi,
1631 416 1683 462 et
1729 408 1902 464 sancti
1933 407 1989 469 A
2081 409 2431 469 Praesentium
2460 415 2691 486 portitor
2717 414 3034 486 litterarum,
3059 418 3314 493 Alpertus
3353 424 3593 493 nomine,

305 489 452 546 Petri
491 491 865 561 apostolorum
896 494 1177 564 principis,
1209 495 1381 550 nostri
1398 512 1490 566 '[ue
1543 496 1898 567 apostolatus,

305 579 434 650 quia
465 594 587 634 cum
619 581 1097 638 excommunicatis
1127 585 1558 652 communicasti,
1611 594 1668 639 ut
1716 585 1906 640 litterze

305 675 414 721 tum
473 666 832 734 manifestam,
884 671 1030 724 omni
1077 679 1130 726 te
1185 673 1472 727 missarum
1541 673 1906 728 celebratione

305 754 606 824 privamus,
639 755 816 812 donec
843 757 898 812 in
928 767 1169 814 nostram
1203 775 1326 816 cum
1359 761 1566 816 eisdem
1597 761 1908 816 hominibus

306 856 561 898 occurras
612 846 1006 914 praesentiam:
1064 855 1114 902 et
1170 849 1236 913 si,
1297 850 1438 920 quod
1499 866 1608 906 non
1637 858 1904 920 Optamus,

307 930 540 1001 amplius
561 943 924 1004 praesumptor
951 936 1242 1004 exstiteris,
1270 938 1652 993 denuntiamus
1672 947 1724 994 te
1761 938 1908 992 omni

309 1019 614 1075 sacerdotio
643 1020 760 1076 fore
791 1023 1124 1079 nudandum.
1160 1026 1300 1080 Data
1338 1030 1406 1082 ut
1430 1043 1620 1099 supra.

903 1157 1294 1213 CLXXXVIII.

485 1265 556 1304 AD
589 1261 822 1302 ουοΝεΜ
861 1259 1174 1300 ΕΡῙΒΟΟΡυΜ
1235 1261 1726 1302 ΒειιονΑοεΝεεκ.

917 1333 1099 1403 (Anno
1155 1335 1306 1403 879.)

307 1426 596 1487 Deseruit,
646 1423 980 1495 impuberes,
1033 1423 1130 1495 qui
1161 1423 1346 1495 alium
1391 1423 1734 1495 occiderant,
1781 1425 1910 1495 post

477 1491 770 1568 peractam
811 1491 1199 1564 paenitentiam
1247 1491 1508 1550 ordinari
1553 1508 1735 1564 posse.

377 1581 564 1638 Ooom
593 1577 888 1636 venerabili
917 1579 1174 1650 episcopo
1233 1579 1636 1645 Bellovacensi._

376 1669 571 1726 Balatu
601 1668 890 1723 didicimus
919 1667 1280 1738 quorumdam
1309 1669 1699 1722 monachorum
1741 1666 1911 1721 sancti
1992 1676 2013 1694 ’

305 1757 554 1828 Dionysii
582 1757 814 1812 cmnobii
847 1755 990 1826 quod
1021 1756 1344 1826 quibusdam
1394 1756 1574 1826 pueris
1637 1754 1906 1826 impuberi
1933 1759 1987 1822 Β

307 1845 488 1900 adhuc
517 1853 672 1900 aetate
703 1844 840 1898 inter
884 1860 942 1897 se
995 1843 1314 1907 rixantibus,
1365 1844 1642 1898 hominum
1687 1843 1902 1897 illorum

300 1933 655 2004 instigatione
684 1948 825 1986 unus
855 1947 921 1986 ex
939 1931 1044 1985 illis
1066 1939 1148 1986 est
1166 1931 1540 2002 interemptus.
1563 1931 1904 2001 Quapropter

303 2020 634 2075 mandamus
661 2028 718 2073 ut
746 2020 791 2073 si
821 2018 1174 2089 inculpabiles
1203 2029 1322 2089 post
1341 2027 1610 2089 peractam
1631 2018 1903 2089 poeniten-

304 2108 440 2162 tiam
467 2107 694 2177 legitimi
726 2106 932 2178 vigoris
963 2107 1258 2160 secundum
1289 2122 1528 2162 canones
1560 2106 1756 2176 reperti
1787 2105 1903 2160 fue-

302 2196 435 2258 rint,
467 2194 739 2266 gradatim
768 2196 836 2248 ad
867 2194 1268 2250 ecclesiasticos
1299 2195 1520 2249 ordines
1563 2211 1659 2250 eos
1702 2209 1900 2265 prove-

302 2284 440 2338 here
469 2299 576 2337 non
607 2281 844 2347 diﬁ'eras,
869 2283 1098 2336 servatis
1127 2283 1184 2336 in
1212 2283 1464 2337 omnibus
1493 2284 1712 2338 Patrum
1741 2297 1902 2352 regu-

296 2369 368 2426 lis
398 2379 454 2426 et
479 2385 748 2427 canonum
779 2370 1052 2425 institutis.
1087 2371 1222 2424 Data
1255 2375 1321 2426 ut
1348 2387 1522 2443 supra

921 2493 1268 2549 CLXXXIX.

544 2599 616 2638 AD
643 2598 898 2640 AIMARUH
927 2597 995 2636 ET
1025 2597 1293 2636 WIDONEM
1335 2595 1650 2636 EPISCOPOS.

923 2674 1104 2740 (Anno
1135 2669 1284 2739 s79.)

309 2769 379 2825 Ut
400 2765 660 2840 βοείασηὶ
679 2757 1006 2840 umorem-ad
1025 2773 1090 2840 se.
1116 2757 1306 2840 venire
1339 2757 1598 2840 jubeant,
1635 2757 1901 2840 illiusque

339 2829 647 2908 adjutor'es,
683 2833 795 2886 nisi
818 2829 1180 2900 resipuerint,
1215 2829 1860 2898 communioneprivent.

394 2926 614 2978 Amano
643 2927 698 2975 et
735 2918 970 2971 Wmom
1002 2914 1470 2970 reverendissimis
1502 2913 1793 2984 episcopis.

375 3012 664 3065 Hortamur
705 3003 999 3060 sanctitatis
1037 3011 1234 3058 vestrae
1264 3002 1671 3064 fraternitatem,
1716 3017 1900 3057 sacer-

2005 498 2430 572 lacrymabiliter
2457 519 2644 560 coram
2673 506 2831 561 nobis
2857 509 3083 564 veniens
3111 519 3336 582 questus
3366 520 3450 567 est
3491 511 3594 568 de-

2007 599 2316 657 sponsatam
2348 608 2525 658 suam,
2557 594 2774 650 nomine
2794 596 3290 662 Walatam,adhuc
3309 600 3365 654 in
3399 616 3601 670 paren-

2007 684 2119 730 tum
2147 678 2310 734 domo
2341 689 2652 736 manentem
2682 683 2990 740 adulterino
3021 687 3308 742 concubitu
3329 703 3360 742 a
3381 687 3604 760 presby-

2008 771 2126 818 tero
2156 767 2394 836 quodam
2423 779 2798 841 praegnantem
2830 781 3120 843 repertam.
3165 773 3302 842 Qum
3347 775 3602 832 confessa

2007 851 2076 907 de
2103 853 2348 918 crimine,
2385 855 2618 912 libenter
2645 859 2716 913 ab
2744 875 2812 914 eo
2831 876 2890 916 se
2907 861 3020 916 vult
3041 863 3340 920 dissociare
3361 881 3374 921 :
3395 865 3493 920 sed
3509 872 3604 920 tua

2007 939 2318 998 fraternitas
2345 961 2444 1014 pro
2473 947 2705 1017 quadam
2743 949 3036 1019 parentela:
3083 950 3360 1016 affinitate,
3413 959 3599 1010 coacte

2007 1045 2131 1084 eum
2161 1031 2303 1100 cogit
2333 1033 2580 1089 eamdem
2609 1051 2826 1091 sumere
2855 1037 2909 1092 in
2939 1038 3272 1110 conjugium,
3295 1047 3486 1096 contra
3517 1056 3600 1096 re-

2008 1117 2164 1188 gulas
2198 1119 2410 1174 Patrum
2440 1129 2602 1193 atque
2632 1123 3042 1180 institutionem.
3069 1125 3435 1198 Quapropter,
3459 1128 3506 1183 si
3526 1127 3599 1182 ita

2009 1213 2110 1270 est,
2136 1206 2410 1278 requisitis
2441 1226 2606 1278 super
2627 1211 2710 1264 his
2737 1211 2922 1284 legum
2953 1221 3006 1268 et
3034 1229 3301 1271 canonum
3319 1215 3595 1281 institutis,

2009 1293 2138 1364 quid
2167 1293 2236 1349 de
2265 1295 2463 1350 talibus
2493 1298 2804 1368 praecipiant
2825 1302 3167 1375 promulgate
3183 1304 3391 1376 absque
3407 1319 3599 1375 perso-

2008 1396 2202 1436 narum
2228 1384 2564 1454 acceptione.
2599 1387 2736 1442 Data
2756 1391 2824 1442 ut
2837 1405 3029 1460 supra.

2713 1533 2898 1590 CXCI.

2222 1631 2294 1671 AD
2324 1633 2586 1674 JOANNEM
2642 1636 2949 1678 EPISCOPUM
3001 1639 3361 1682 TICINENSEM.

2611 1717 2792 1784 (Anno
2849 1718 3000 1790 879.)

2011 1820 2078 1876 Ut
2117 1836 2247 1874 eum
2295 1821 2552 1892 quodam,
2615 1825 2710 1894 qui
2767 1825 3170 1895 paenitentiam
3216 1829 3601 1901 quinquennio

2449 1914 2658 1980 egerat,
2682 1913 2976 1968 remissius
3006 1918 3157 1985 agat.

2074 2013 2284 2067 10mm
2311 2013 2613 2069 venerabili
2643 2017 2901 2088 episcopo
2929 2018 3222 2074 Ticinensi.

2073 2100 2236 2156 Lator
2265 2103 2612 2172 praesentium
2643 2119 2822 2160 coram
2852 2105 3011 2161 nobis
3038 2106 3267 2162 veniens
3293 2108 3425 2164 dicit
3453 2125 3514 2166 se
3561 2126 3598 2166 a

2002 2189 2410 2258 praedecessore
2431 2199 2612 2246 vestro
2628 2191 2960 2249 Liuttefredo
2976 2195 3274 2250 venerabili
3310 2196 3592 2268 episcopo,

2003 2277 2374 2348 quinquennio
2413 2287 2602 2334 exacto
2651 2281 2762 2348 jam
2821 2297 2985 2346 anno,
3041 2282 3376 2352 paenitentia
3428 2282 3600 2340 fuisse

2002 2364 2350 2431 submissum,
2382 2381 2480 2436 pro
2509 2367 2763 2438 quodam,
2799 2384 2866 2424 eo
2896 2370 3043 2440 quod
3070 2369 3328 2436 interfuit,
3388 2371 3511 2427 fure
3563 2387 3600 2428 ι

2001 2450 2205 2506 femina
2231 2452 2557 2524 interempto
2587 2473 2602 2508 :
2637 2471 2742 2526 qua
2771 2455 2840 2511 de
2863 2472 2926 2511 re
2953 2465 3135 2513 vestra
3163 2456 3473 2514 fraternitas
3501 2475 3598 2516 so—

2000 2539 2166 2595 lerter
2193 2541 2502 2610 prOSpiciat.
2536 2543 2620 2611 Et,
2656 2543 2702 2597 si
2721 2543 2792 2598 ita
2820 2552 2903 2599 est
2923 2553 2980 2598 ut
3001 2545 3089 2600 hic
3129 2546 3344 2612 asserit,
3375 2555 3602 2618 propter

1999 2627 2217 2682 Domini
2245 2628 2700 2696 misericordiam,
2731 2631 2987 2702 quoniam
3015 2648 3214 2704 magna
3239 2641 3341 2698 est,
3365 2649 3488 2690 cum
3507 2650 3604 2690 eo-

2000 2714 2127 2768 dem
2157 2716 2451 2770 consultius
2481 2725 2622 2787 agat,
2657 2725 2710 2772 et
2739 2727 2898 2788 prout
2923 2719 3064 2775 ordo
3088 2735 3272 2776 causas
3291 2721 3590 2785 dictaverit,

1999 2801 2209 2857 frenum
2239 2805 2484 2859 canonici
2514 2804 2722 2875 vigoris
2750 2807 3023 2862 remittite.
3057 2807 3156 2862 Vel
3188 2807 3234 2862 si
3276 2808 3592 2880 quidquam,

2000 2891 2141 2964 quod
2174 2907 2282 2946 non
2310 2900 2581 2962 Optamus,
2617 2893 2955 2964 impossibile
2983 2911 3314 2966 perpensum
3336 2895 3515 2959 fuerit,
3542 2897 3600 2952 id

2000 2987 2186 3035 nostro
2207 2979 2414 3048 judicio
2441 2990 2624 3036 vestra
2652 2981 2962 3038 fraternitas
2992 2984 3206 3040 studeat
3231 2984 3456 3040 lenitate
3483 2985 3600 3054 spi-

297 3098 650 3168 dotalemque
679 3095 854 3150 zelum
887 3092 1050 3147 vestri
1079 3091 1284 3163 vigoris
1322 3089 1616 3161 apostolica
1659 3089 1900 3145 auctori-

2003 3067 2132 3122 ritus
2162 3083 2466 3123 reservare.
2500 3070 2635 3124 Data
2667 3074 2731 3127 ut
2759 3087 2932 3143 supra

295 3196 410 3242 tate
441 3186 726 3241 incitamus
772 3181 1010 3247 Bertildi,
1055 3179 1312 3250 Rostagni
1356 3179 1577 3232 illustris
1623 3179 1726 3232 viri
1771 3195 1902 3234 con-

289 3275 440 3347 jugi,
463 3289 600 3344 quae,
625 3278 809 3342 spreto
841 3269 936 3324 Dei
968 3268 1162 3322 timore
1191 3282 1254 3322 ac
1286 3267 1413 3338 lege
1443 3265 1902 3338 tori,fugabunda

292 3373 403 3436 per
431 3370 642 3417 vestras
673 3357 957 3429 parochias
987 3355 1265 3420 incedens,
1290 3355 1562 3409 multoties
1585 3355 1654 3408 ab
1689 3355 1902 3424 episco-

293 3451 388 3524 pis
419 3457 472 3505 et
502 3449 712 3520 synodo
741 3454 953 3511 vocata,
989 3445 1152 3498 surda
1180 3459 1314 3496 aure
1334 3443 1522 3498 venire
1541 3441 1764 3510 distulit,
1789 3457 1903 3496 om-

295 3555 428 3595 nem
459 3537 840 3592 necessitatem
890 3533 1150 3604 imponite
1189 3531 1441 3586 veniendi
1477 3545 1663 3585 coram
1711 3539 1900 3585 nostra

291 3626 610 3700 praesentia,
651 3632 711 3678 ut
757 3623 874 3691 ejus
913 3636 1074 3676 causa
1122 3620 1371 3690 legaliter
1436 3617 1600 3673 tinem
1648 3619 1895 3689 accipiat:

283 3715 552 3786 llliusque
579 3713 634 3766 in
665 3720 772 3765 tam
803 3725 1063 3780 perverso
1091 3725 1258 3778 opere
1315 3707 1649 3776 adjutoribus
1693 3707 1898 3762 aditum

293 3812 465 3874 atque
495 3799 930 3857 communionem
959 3797 1120 3851 totius
1151 3803 1354 3851 sanctae
1401 3795 1667 3850 Ecclesia:
1711 3795 1897 3850 tandiu

289 3888 657 3946 intercludite.
705 3887 881 3941 donec
929 3885 1000 3938 ab
1046 3882 1194 3938 omni
1241 3891 1582 3954 sequestrem
1625 3883 1898 3953 praedicta:

289 3976 552 4034 Bertildis
584 3975 852 4032 consortio
881 3981 925 4026 ⁸.
963 3973 1106 4026 Inter
1127 3987 1264 4042 quos
1287 3971 1573 4026 Achetium
1599 3971 1894 4039 machum,

292 4081 476 4136 eoque
515 4062 788 4119 consortio
835 4060 1062 4130 private,
1107 4067 1396 4129 vestroque
1447 4059 1564 4113 zelo
1611 4058 1890 4128 percutite.

2688 3223 2898 3278 CXCII.

2179 3325 2252 3364 AD
2281 3324 2604 3366 AGINULFUM
2637 3325 2946 3366 EPISCOPUM
3002 3325 3415 3368 GABALITANUH.

2605 3399 2786 3469 (Anno
2843 3399 2993 3469 879.)

2077 3509 2143 3564 Ut
2161 3509 2532 3578 praesentium
2554 3507 2826 3563 latoribus
2837 3508 3029 3564 ablata
3045 3509 3401 3566 restituenda
3409 3513 3594 3566 curet.

2068 3614 2325 3667 Josmvas
2353 3615 2646 3668 Aomuaro
2676 3613 2977 3670 venerabili
3008 3613 3266 3686 episcopo
3313 3614 3592 3670 Gebaldas

1998 3701 2173 3756 nensi.

2070 3789 2419 3844 Praesentium
2447 3789 2652 3846 latores
2683 3791 2861 3861 questi
2882 3797 3006 3846 sunt
3023 3791 3092 3846 ab
3110 3791 3212 3846 hac
3233 3790 3366 3846 sede
3376 3791 3594 3862 plebem

1999 3893 2147 3932 suam
2170 3877 2378 3932 eisdem
2407 3879 2694 3934 sublatam.
2718 3877 3068 3950 Quapropter
3085 3878 3386 3950 apostolica
3405 3887 3596 3936 aucto-

1997 3966 2149 4020 ritate
2177 3974 2282 4021 tuse
2330 3965 2650 4021 fraternitati
2691 3967 3038 4037 praecipimus
3084 3979 3160 4033 ut,
3211 3967 3466 4040 inquisita
3511 3968 3591 4023 rei

1995 4055 2238 4117 veritate,
2273 4055 2418 4126 quod
2442 4055 2645 4123 justum
2675 4064 2757 4110 est
2787 4055 3078 4128 unicuique
3124 4056 3358 4112 reddere
3399 4069 3594 4112 sacer-

292 4153 520 4222 Quwso,
556 4165 772 4214 moneo,
806 4150 1013 4212 hortor,
1047 4145 1246 4201 fratres
1275 4146 1598 4208 charissimi,
1635 4145 1894 4200 citissime
1993 4143 2162 4198 dotali
2191 4143 2554 4198 sollicitudine
2584 4143 2943 4217 pervestiget,
2990 4152 3044 4198 et
3095 4160 3216 4216 quas
3271 4144 3388 4216 ipse
3447 4143 3592 4200 difﬁ-

290 4238 737 4310 amplecteudam
767 4234 1373 4304 exlzibetepraasentiam
1398 4252 1413 4297 ;
1444 4234 1638 4288 iterum
1669 4234 1893 4288 iterum-

1992 4231 2109 4286 nire
2124 4246 2232 4285 non
2256 4231 2475 4300 poteris,
2497 4230 2728 4302 [referre
2752 4233 2823 4286 ad
2843 4231 2966 4304 nos]
2987 4232 3164 4287 modis
3185 4232 3438 4287 omnibus
3485 4248 3597 4288 non

290 4345 400 4401 que
424 4329 701 4398 jubemus,
733 4324 882 4379 omni
907 4322 1203 4393 postposita
1231 4322 1514 4377 vocatione
1563 4321 1890 4394 [occasione]
1988 4319 2383 4390 praetermittas.

284 4417 362 4473 ad
383 4432 486 4471 nos
499 4415 818 4470 festinanter
837 4411 1051 4466 venite:
1077 4418 1362 4481 quatenus,
1401 4410 1613 4464 Christo
1658 4410 1890 4465 Domino
1922 4452 1981 4518 Β

282 4505 612 4568 miserante,
644 4502 698 4556 in
729 4502 828 4556 hoc
857 4508 912 4554 et
937 4499 1057 4553 aliis
1086 4498 1321 4569 negotiis
1349 4497 1621 4553 communi
1669 4498 1898 4554 consilio

283 4593 586 4648 terminum
636 4589 926 4644 salubriter
964 4587 1247 4657 imponere
1287 4585 1586 4649 valeamus,
1641 4586 1777 4640 Data
1832 4590 1898 4642 ut

287 4697 490 4749 supra.

1009 4780 1169 4835 CXC.

577 4887 651 4926 AD
687 4883 892 4924 WALA!
927 4883 1236 4922 EPISCOPUM
1274 4881 1595 4923 HETBNSBM.

913 4957 1094 5028 (Anno
1124 4956 1274 5024 879.)

389 5050 469 5105 Ne
495 5051 730 5118 cogatur
757 5059 997 5118 sponsus
1027 5061 1266 5168 uxotrem
1294 5044 1500 5099 ducere
1529 5043 1594 5099 ab
1625 5047 1738 5100 alio

918 5132 1122 5168 corruu
1156 5133 1268 5168 um.

918 5132 1268 5187 corruptum.

361 5204 837 5262 Reverendissimo
868 5211 916 5258 et
941 5203 1290 5258 sanctissimo
1313 5201 1574 5257 Wauzxo
1597 5203 1897 5259 venerabili

280 5295 552 5366 episc0po
585 5293 830 5349 Metensi.

2673 4454 2910 4510 CXCIII.

2247 4567 2320 4605 AD
2362 4565 2816 4606 BISUNTINENSEM
2844 4565 3341 4610 ΑῐιοΗιεΡιεεοιιωι.

2621 4640 2802 4710 (Anno
2833 4639 2982 4712 8'79.)

2045 4748 2344 4819 Signiﬁcat
2375 4763 2432 4802 se
2463 4746 2809 4802 Fulcardum
2845 4749 3074 4820 eiusque
3129 4750 3423 4822 conjugem
3453 4753 3520 4807 ab

2285 4836 2874 4892 excommunicatione
2911 4836 3227 4893 absolvisse.

2063 4943 2390 4996 Tnaonomo
2459 4939 2759 4996 venerabili
2814 4940 3075 5012 episcopo
3133 4942 3524 5001 Bisuntinensi.

2063 5030 2266 5084 Notum
2309 5029 2376 5083 sit
2431 5028 2700 5083 sanctitati
2751 5036 2970 5096 vestras,
3030 5031 3158 5102 quia
3194 5031 3503 5088 Fucardum
3533 5042 3589 5090 et

1996 5117 2360 5182 Berelindam,
2391 5133 2620 5172 uxorem
2636 5117 2898 5186 ejusdem,
2927 5119 2997 5172 ab
3015 5121 3594 5178 excommunicationis

1995 5205 2214 5260 vinculo
2243 5204 2593 5268 absolvimus,
2626 5205 2804 5260 donec
2847 5207 3116 5276 canonica
3163 5209 3352 5280 regula
3400 5217 3588 5266 exacte

1999 5293 2333 5364 reperiamus
2348 5293 2628 5362 judicium.
2650 5293 2806 5349 Unde
2829 5311 2860 5348 a
2891 5295 3048 5350 vobis
3076 5296 3132 5350 in
3153 5299 3593 5355 communionem

358 5491 384 5543 ξ
405 5475 530 5543 llaec
546 5472 717 5534 verba,
742 5472 1264 5543 Bertildiseonsortio,
1289 5485 1387 5523 non
1412 5473 1561 5524 habet
1605 5475 1754 5525 editio
1798 5477 2036 5539 Romana,
2060 5476 2146 5527 sed
2187 5476 2322 5539 ponit
2371 5475 2500 5526 nullo
2546 5487 2712 5532 sensu.
2729 5476 2926 5538 iuravit
2944 5477 3164 5538 spiritali
3189 5496 3201 5526 :
3242 5481 3345 5530 tum
3368 5479 3592 5543 sequium

275 5544 340 5591 ιιι
365 5540 448 5588 hic
470 5553 486 5601 ;
513 5539 644 5589 inter
664 5551 804 5600 quos,
825 5542 923 5589 etc.
966 5541 1144 5589 Mmsx.
