4072 6186
502 248 602 300 819

1775 241 2070 298 JOANNIS
2115 241 2307 296 ΡΑΡΔΞ
2354 244 2488 298 Vlll.

3677 257 3772 308 820

500 383 598 433 eos
615 368 780 440 recipi
798 369 1142 424 mandamus.
1163 367 1430 438 Optamus
1452 365 1841 422 fraternitatem
1853 375 2090 422 vestram
2117 365 2173 426 A
2195 365 2353 420 nobis
2381 375 2565 422 vestra
2595 367 2868 442 sitibunde
2893 377 3054 442 atque
3072 352 3327 428 ardenter
3346 373 3564 444 requirit
3588 373 3772 432 frater~

500 455 640 512 bene
669 455 874 512 valere.
910 457 1046 510 Data
1078 460 1142 511 ut
1181 471 1374 528 supra.

1167 614 1400 669 CXCIV.

672 719 744 758 AD
773 717 1042 758 GAIDERII
1071 717 1370 756 PRINCIPEM
1431 716 1905 756 BENEVENTANUM.

1096 792 1276 862 (Anno
1335 793 1485 860 8’79.)

497 881 832 937 Consolatur.
849 895 978 936 eum
993 879 1058 934 de
1079 880 1304 934 damnis
1325 879 1391 934 ab
1403 879 1676 948 Agarenis
1693 880 1900 941 illatis,
1917 881 2088 933 auxi-

570 951 711 1006 lium
726 951 1048 1022 pollicetur,
1071 965 1234 1022 seque
1255 952 1318 1004 in
1335 951 1456 1020 ejus
1469 954 1662 1020 partes
1686 953 2011 1004 venturum.

565 1057 774 1112 Dilecto
803 1054 914 1110 ﬁlio
942 1053 1180 1110 GAIDERI
1211 1055 1453 1127 glorioso
1483 1054 1714 1125 principi
1761 1055 2088 1109 Beneventa-

491 1159 684 1200 norum
693 1185 705 1198 .
1988 1153 1994 1158 ’

559 1233 830 1304 Epistolas
861 1249 992 1287 sane
1021 1249 1049 1286 a
1082 1239 1263 1287 vestra
1293 1232 1582 1286 dilectione
1598 1232 1943 1286 transmissus
1959 1249 2082 1288 cum

486 1328 641 1392 parte
671 1320 1062 1394 gratulationis,
1095 1320 1286 1385 fateor,
1321 1321 1547 1374 etiamet
1579 1319 1830 1374 maeroris
1861 1321 2083 1390 accepi;

489 1417 800 1480 quantoque
825 1407 879 1461 in
909 1407 988 1461 eis
1017 1407 1268 1478 gaudens
1298 1407 1561 1462 exsultavi
1583 1417 1822 1463 vestram
1841 1409 2087 1464 devotio-

488 1513 614 1552 nem
645 1496 834 1550 intimo
862 1495 1058 1550 mentis
1089 1493 1284 1552 affectu
1323 1495 1464 1551 circa
1511 1496 1830 1567 obsequium
1881 1504 2086 1552 sancto-

493 1599 615 1639 rum
663 1582 1033 1653 apostolorum
1091 1583 1251 1648 Petri,
1292 1583 1441 1638 Pauli
1513 1591 1867 1654 compertam,
1940 1593 2086 1640 tanto

491 1669 842 1725 nihilominus
871 1671 1020 1724 triste
1062 1670 1320 1742 pastorali
1365 1671 1723 1727 sollicitudine
1765 1672 1880 1740 tuli,
1930 1665 2118 1742 pres-7

495 1757 636 1812 suris
686 1765 850 1829 atque
896 1760 1274 1828 Agarenorum
1310 1759 1980 1829 deprmdationibusterrm
2000 1776 2087 1816 ve-

495 1853 622 1900 strae
649 1845 865 1900 auditis.
901 1845 1244 1916 Quapropter
1267 1862 1391 1902 cum
1423 1862 1554 1902 vase
1586 1847 1870 1902 electionis
1927 1863 2082 1903 com-

492 1933 670 2006 pellor
696 1933 882 1989 dicere
897 1941 950 1988 et
970 1933 1396 2005 lacrymabiliter
1411 1935 1717 1990 exclamare
1734 1925 1759 1990 ε’
1779 1937 1911 2004 Quis
1930 1937 2090 2006 inﬁr-

496 2027 710 2088 matur,
743 2027 909 2094 etego
927 2039 1044 2079 non
1062 2023 1364 2092 inﬁrmor?
1392 2025 1514 2096 quis
1550 2024 1999 2090 scandalizatur,
2031 2029 2088 2080 et

496 2126 592 2183 ego
611 2127 729 2168 non
745 2115 918 2168 uror?
953 2110 1024 2179 (ll
1039 2111 1160 2166 Cor.
1179 2113 1286 2180 χι.)
1317 2111 1422 2166 Sed
1463 2111 1604 2166 inter
1623 2112 1740 2167 haec
1773 2112 2089 2168 meminisse

493 2199 758 2254 debemus
768 2198 910 2253 illius
923 2197 1015 2270 qui
1035 2199 1108 2252 ait
1124 2199 1216 2254 :In
1230 2200 1438 2256 mundo
1451 2190 1777 2272 pressuram
1797 2201 2086 2268 habebitis,

495 2282 592 2338 sed
611 2282 895 2352 conﬁdite,
911 2285 1177 2354 quoniam
1197 2299 1292 2354 ego
1311 2285 1422 2338 vici
1440 2283 1718 2339 mundum
1731 2284 1912 2353 (Joan.
1929 2285 2051 2354 xvr)
2072 2304 2086 2350 ;

498 2378 552 2424 et
579 2369 862 2440 apostolus
887 2387 900 2423 :
924 2370 1096 2441 Major
1123 2374 1208 2425 est
1251 2373 1348 2442 qui
1372 2373 1434 2426 in
1453 2371 1608 2428 nobis
1647 2375 1750 2435 est,
1789 2389 1958 2442 quam
1995 2374 2090 2444 qui

496 2460 697 2513 contra
716 2473 818 2513 nos
843 2461 929 2512 est
959 2457 1019 2526 (Ι
1055 2458 1216 2513 Joan.
1257 2458 1356 2528 ιγ).
1395 2457 1684 2526 Quocirca,
1741 2459 2091 2514 dilectissime

499 2543 594 2610 ﬁli,
627 2545 835 2610 hortor,
869 2544 1156 2612 admoneo,
1190 2545 1482 2616 apostolica
1510 2548 1831 2602 auctoritate
1862 2548 2088 2614 suadeo,

497 2633 717 2688 interim
745 2631 1014 2704 patienter
1043 2633 1261 2689 Domini
1288 2634 1718 2690 misericordiam
1749 2635 2094 2706 deprecando

498 2719 770 2776 continuis
798 2721 1264 2776 obsecrationibus
1295 2722 1560 2777 malorum
1608 2721 1841 2778 sufferre
1891 2738 2092 2795 grava-

497 2809 664 2862 mina.
699 2807 970 2875 Quoniam
1000 2825 1121 2878 nos,
1155 2809 1372 2864 Christo
1399 2810 1724 2879 opitulante,
1781 2811 1848 2865 ad
1905 2811 2092 2881 patriae

498 2901 694 2948 vestra
719 2893 1093 2950 liberationem
1123 2911 1222 2965 pro
1251 2897 1444 2950 virium
1472 2896 1721 2952 facultate
1751 2907 1957 2952 tantum
1978 2915 2095 2968 prae

499 2981 713 3037 caeteris
779 2982 1102 3036 mortalibus
1186 2983 1451 3038 habebitis
1506 2985 1806 3054 adjutorem
1863 2986 2090 3054 enixius,

2188 454 2350 520 nitas,
2383 456 2614 511 Domino
2642 457 2898 524 donante,
2933 475 3050 514 eam
3081 469 3230 530 parte
3267 462 3514 532 corporis
3567 463 3770 535 aliqua-

2187 551 2346 597 tenus
2375 545 2578 599 habere
2609 545 2896 613 videmur;
2929 547 3025 602 sed
3055 547 3193 603 inter
3221 557 3299 604 tot
3335 548 3532 606 ﬂuctus
3585 554 3768 608 mundi

2187 638 2475 702 tantasque
2505 633 2768 688 undarum
2793 636 3083 706 procellas,
3117 653 3237 708 quae
3264 637 3410 692 salus
3437 639 3593 693 istius
3651 640 3768 696 vitae

2185 727 2364 788 potest
2391 736 2515 776 esse
2546 721 2738 778 saltem
2770 724 2839 778 ad
2883 733 3218 780 momentum
3257 727 3546 798 tranquilla
3573 727 3601 780 ?
3635 745 3769 798 pm-

2187 808 2376 862 sertim
2403 817 2578 864 morte
2609 812 2774 865 vestri
2803 813 3051 884 germani
3074 813 3277 876 audita,
3301 816 3498 868 vestris
3518 815 3771 870 ﬁliorum-

2185 913 2290 968 que
2320 897 2759 954 charissimorum
2791 909 2896 954 tam
2927 901 3137 956 crebris
3165 901 3575 958 tribulationum
3601 920 3770 978 angu-

2185 984 2320 1038 stiis.
2363 986 2469 1040 Sed
2526 987 2662 1042 inter
2713 989 2832 1045 haec
2867 1005 2968 1044 nos
3033 991 3284 1045 convenit
3343 999 3456 1046 toto
3493 993 3771 1048 conamine

2184 1073 2380 1128 mentis
2409 1075 2480 1129 ad
2509 1074 2657 1130 illam
2685 1078 2872 1147 patriae
2901 1078 3138 1134 caelestis
3168 1079 3330 1134 vitam
3359 1081 3530 1136 corda
3577 1082 3769 1136 sustol-

2183 1161 2315 1230 lere,
2348 1162 2403 1216 in
2431 1179 2536 1234 qua
2562 1180 2670 1234 pax
2700 1180 2917 1236 semper
2946 1167 3105 1236 inest,
3165 1177 3216 1222 et
3274 1184 3404 1223 vera
3463 1169 3723 1224 securitas
3753 1189 3765 1224 :

2185 1251 2442 1320 quoniam
2459 1253 2712 1324 quandiu
2723 1270 2918 1310 sumus
2937 1257 3000 1328 in
3012 1272 3259 1328 corpore,
3268 1257 3419 1326 juxta
3429 1258 3766 1328 Apostolum,

2180 1339 2614 1409 peregrinamur
2632 1358 2666 1396 a
2682 1343 2936 1407 Domino,
2959 1343 3113 1398 vobis
3143 1353 3450 1416 vestrasque
3478 1347 3674 1416 patriae
3688 1363 3769 1402 se-

2185 1426 2422 1480 cundum
2449 1426 2687 1484 ofﬁcium
2715 1445 2746 1484 a
2776 1431 2890 1485 Deo
2919 1431 3076 1486 nobis
3105 1432 3288 1488 collati
3317 1433 3623 1498 ministerii,
3672 1451 3769 1505 pro

2185 1513 2381 1568 virium
2429 1515 2860 1586 impossibilitate
2897 1519 3168 1574 inhianter
3216 1521 3463 1591 cupimus
3511 1522 3768 1592 impertiri

2186 1601 2454 1656 solatium.
2490 1603 2622 1657 Data
2651 1609 2716 1660 ut
2747 1623 2940 1678 supra.

2862 1793 3094 1850 CXCVI.

2647 1931 2718 1970 AD
2749 1931 3032 1972 DAPERIUH
3062 1934 3328 1976 COIITEI.

2792 2026 2972 2092 (Anno
3017 2025 3166 2095 s79.)

2283 2146 2616 2201 Consolatur
2649 2147 2963 2218 Daferium,
3001 2149 3160 2219 eique
3180 2165 3338 2220 opem
3359 2152 3686 2222 pollicetur.

2263 2277 2472 2332 Dilecto
2500 2276 2611 2332 tilio
2639 2277 2837 2332 illustri
2866 2279 3036 2333 nobili
3064 2279 3182 2334 viro
3225 2281 3476 2336 Duamo
3504 2285 3707 2340 comiti.

2267 2362 2658 2420 Perfectionem
2698 2366 2882 2422 cordis
2934 2367 3182 2422 Gaideris
3219 2368 3504 2440 principis,
3547 2387 3777 2428 consan-

2191 2452 2376 2523 guinei
2405 2453 2590 2522 vestri,
2624 2462 2970 2525 vestramque
2995 2454 3049 2508 in
3079 2455 3254 2510 Deum
3283 2457 3440 2513 valde
3455 2460 3775 2530 gaudemus,

2191 2541 2545 2596 obsecrantes
2575 2549 2632 2596 ut
2659 2541 2749 2613 qui
2776 2543 2938 2612 cmpit
2967 2542 3020 2596 in
3078 2544 3252 2612 vobis,
3313 2555 3568 2616 operetur
3623 2558 3777 2621 atque

2191 2626 2434 2699 perﬁciat
2463 2645 2600 2700 opus
2631 2629 2835 2684 bonum
2863 2647 3034 2701 usque
3051 2631 3105 2685 in
3120 2630 3302 2688 finem.
3328 2633 3778 2692 Tribulationibus

2189 2724 2351 2788 atque
2379 2717 2642 2790 angustiis
2673 2717 2870 2773 vestris
2910 2718 2966 2772 in
3021 2726 3230 2774 tantum
3287 2723 3666 2792 compatimur,
3726 2734 3779 2780 ut

2193 2812 2406 2859 vestros
2432 2804 2650 2860 dolores
2676 2821 2840 2860 manu
2865 2807 3211 2878 cogitationis
3257 2808 3314 2862 in
3368 2817 3556 2864 nostro
3612 2813 3778 2868 corde

2191 2900 2520 2965 tangamus;
2551 2893 2650 2948 sed
2679 2892 3003 2949 confidimus
3032 2895 3087 2948 in
3114 2896 3304 2950 aeterni
3332 2897 3633 2954 conditoris
3677 2901 3780 2956 mi-

2193 2979 2510 3047 sericordia,
2545 2981 2673 3052 quia
2700 2981 2756 3036 in
2785 2982 3030 3052 proximo
3076 2983 3250 3038 aderit
3306 2985 3424 3053 ejus
3478 2987 3778 3054 auxillium,

503 3076 765 3140 quantum
811 3069 1066 3124 attentius
1111 3071 1503 3140 compatimur;
1550 3073 1694 3144 quod
1737 3073 1899 3128 rebus
1964 3073 2096 3144 ipsis
2126 3060 2175 3122 C
2195 3069 2287 3139 qui
2317 3085 2414 3139 per
2441 3071 2762 3140 prophetam
2791 3071 3047 3126 admonet
3075 3071 3264 3127 dicens
3297 3090 3312 3126 :
3345 3073 3545 3130 Invoco
3583 3092 3674 3131 me
3719 3079 3778 3132 in

499 3156 915 3227 praesentialiter
943 3157 1046 3212 sub
1076 3155 1139 3230 [Γ.
1174 3159 1415 3213 abundat
1444 3158 1565 3232 sub]
1596 3161 1966 3227 redderemus,
1992 3161 2098 3216 nisi

500 3244 557 3299 in
580 3244 776 3300 itinere
801 3245 1018 3316 penitus
1050 3246 1150 3302 hoc
1179 3255 1426 3318 tempore
1445 3263 1707 3320 equorum
1725 3248 1926 3319 pabula
1945 3249 2096 3305 defe-

501 3333 728 3400 cissent,
761 3333 956 3405 quibus
988 3334 1172 3389 statim
1203 3350 1428 3407 gressus
1456 3351 1680 3390 movere
1726 3336 1782 3390 in
1829 3337 2098 3392 veniendo

501 3421 874 3492 prohibemur.
909 3422 1019 3477 Sed
1049 3423 1426 3492 Redemptoris
1485 3423 1658 3478 nostri
1713 3425 1887 3494 gratia
1938 3425 2094 3492 duce,

498 3519 720 3580 peracta
748 3509 1092 3566 solemnitate
1118 3511 1384 3581 paschali,
1419 3513 1606 3566 venire
1637 3513 1705 3566 ad
1736 3521 1916 3568 vestra
1971 3529 2100 3584 par-

499 3605 582 3652 tes
610 3596 1040 3653 accelerabimus
1073 3616 1086 3662 ;
1121 3607 1172 3652 et
1200 3615 1305 3652 una
1335 3599 1614 3655 vobiscum
1632 3599 1811 3670 positi,
1838 3587 2099 3672 quidquid

498 3683 732 3752 consilii,
765 3685 1026 3756 quidquid
1055 3685 1230 3740 solatii
1262 3695 1422 3758 atque
1477 3687 1731 3756 adjutorii
1783 3703 1884 3758 pro
1939 3688 2096 3743 Chri-

452 3809 465 3828 ι
499 3771 662 3828 stiani
689 3771 874 3844 populi
899 3772 1214 3829 liberatione
1244 3775 1560 3830 adinvenire
1583 3775 1904 3846 poterimus,
1929 3775 2100 3831 liben-

497 3859 704 3916 tissime
759 3860 1196 3930 procurabimus.
1253 3861 1517 3931 Optamus
1565 3863 1792 3935 gloriam
1847 3863 2129 3919 culminis‘

498 3947 666 4002 vestri
703 3947 757 4000 in
795 3947 1012 4002 Christo
1077 3963 1292 4018 semper
1358 3950 1498 4004 bene
1564 3950 1766 4006 valere.
1837 3952 1974 4006 Data
2031 3957 2094 4008 ut

503 4049 698 4104 supra.

1192 4159 1400 4214 CXCV.

949 4260 1022 4299 AD
1051 4260 1289 4313 AJONEM,
1321 4261 1650 4302 EPISCOPUH.

1105 4334 1285 4398 (Anno
1341 4331 1492 4401 879.)

2195 3157 2284 3212 die
2301 3157 2685 3214 tribulationis
2707 3163 2838 3224 tuae,
2862 3161 3103 3232 eripiam
3126 3165 3199 3227 te,
3223 3165 3280 3216 et
3295 3163 3783 3232 magniﬁcabisme

2194 3245 2369 3312 (Psal.
2389 3247 2548 3314 nix)
2581 3263 2594 3299 :
2627 3261 2727 3300 nos
2757 3247 2956 3302 etenim
3014 3248 3069 3302 in
3098 3256 3302 3304 tantum
3335 3258 3555 3320 paratos
3574 3251 3785 3308 habetis

2196 3331 2252 3386 in
2279 3341 2520 3388 vestrum
2549 3334 2894 3404 adjutorium,
2926 3345 2982 3390 ut
3013 3352 3136 3390 cum
3165 3346 3531 3408 opportunum
3575 3347 3784 3411 tempus

2197 3419 2376 3485 fuerit,
2407 3437 2506 3490 pro
2536 3420 2794 3477 fratribus
2825 3423 3064 3478 animam
3091 3440 3293 3494 ponere
3309 3441 3418 3480 non
3441 3443 3776 3483 recusemus.

2196 3507 2412 3578 Equum
2441 3524 2604 3580 quem
2631 3510 2884 3565 nobilitas
2932 3520 3112 3566 vestra
3169 3513 3336 3582 petiit,
3394 3530 3520 3568 cum
3575 3524 3786 3570 vestros

2197 3593 2335 3650 ﬁnes
2363 3596 2618 3669 attigero,
2652 3597 2787 3653 dare
2817 3615 2902 3653 me
2933 3599 3088 3654 vobis
3109 3599 3341 3654 libenter
3359 3601 3637 3656 denuntio.
3655 3603 3784 3656 Data

2195 3687 2264 3738 ut
2291 3701 2464 3755 supra
3253 3698 3257 3701 ‘

2861 3865 3120 3920 CXCVII.

2338 4001 2410 4038 AD
2443 4001 2716 4042 ROMANUM
2749 4001 3229 4044 ARCHIEPISCOPUI
3287 4004 3690 4046 MVENNAm.

2795 4094 2976 4162 (Anno
3033 4095 3184 4166 879.)
3673 4087 3676 4090 ’

2193 4215 2456 4286 Praecipit
2477 4219 2545 4270 ut
2580 4219 2809 4272 Romam
2846 4219 2918 4273 ad
2951 4219 3226 4289 synodum
3255 4235 3385 4276 cum
3416 4221 3791 4293 suﬁ‘ragaueis

2863 4307 3112 4361 accedat.

515 4427 882 4486 Commendat
903 4430 1025 4491 eius
1060 4444 1192 4500 erga
1211 4444 1269 4484 se
1289 4431 1706 4485 observantiam
1740 4450 1758 4495 ;
1802 4433 2103 4489 certiorem
2131 4411 2182 4470 D
2279 4408 2750 4464 Reverendissimo
2787 4419 2839 4464 et
2896 4411 3242 4466 sanctissimo
3299 4411 3556 4468 confratri
3615 4423 3794 4469 nostro

575 4515 705 4571 eum
727 4499 793 4554 de
821 4515 924 4555 sua
962 4499 1359 4571 incolumitate
1389 4499 1595 4563 reddit,
1629 4505 1752 4556 tum
1776 4505 2106 4559 consolatur

575 4569 641 4625 de
679 4571 832 4626 obitu
857 4569 1083 4640 fratris.

576 4675 1035 4732 Reverentissimo
1095 4684 1150 4730 et
1193 4675 1543 4730 sanctissimo
1611 4676 1868 4732 contratri
1918 4687 2102 4733 nostro

505 4767 677 4818 Amm
705 4763 1006 4819 venerabili
1039 4764 1319 4834 episcopo.

578 4851 738 4920 Quod
764 4852 1072 4908 veneranda
1101 4851 1415 4908 fraternitas
1447 4860 1538 4906 tua
1557 4868 1658 4922 pro
1679 4861 1986 4909 sanctarum
2005 4854 2106 4909 Dei

505 4939 876 4995 Ecclesiarum
899 4941 1270 4996 sublevatione
1299 4940 1465 5014 longe
1497 4941 1568 4995 ab
1600 4941 1746 4996 Urbe
1791 4941 2103 5012 aliquandiu

503 5036 743 5084 nostram
771 5028 1073 5082 absentiam
1105 5029 1341 5100 benigna
1372 5029 1539 5083 animi
1565 5029 1946 5098 compassione
1967 5046 2104 5084 con-

503 5116 699 5184 doluit,
733 5116 946 5171 viscera
995 5117 1189 5171 mentis
1220 5105 1334 5172 suae
1362 5117 1570 5186 repleta
1601 5116 1801 5170 Christi
1849 5117 2104 5172 charilate

497 5213 745 5274 patenter
771 5204 1024 5269 ostendit,
1059 5212 1113 5258 et
1141 5204 1400 5270 debitam,
1435 5204 1546 5259 imo
1574 5212 1819 5259 mutuam
1867 5205 2106 5260 dilectio-

497 5306 624 5344 nem
652 5292 851 5348 sanctis
879 5292 980 5347 Dei
1009 5292 1269 5362 apostolis
1298 5309 1398 5362 per
1428 5307 1528 5348 nos
1571 5293 1846 5363 condigne
1903 5293 2104 5346 studuit

499 5393 843 5445 conservare,
877 5395 905 5432 a
937 5379 1131 5450 quibus
1161 5380 1353 5451 procul
1384 5380 1550 5434 dubio
1580 5380 1898 5436 meritorum
1944 5380 2103 5435 retri-

497 5464 774 5521 butionem
829 5466 882 5521 in
939 5465 1101 5524 finem
1157 5467 1401 5543 recipiet.
1445 5467 1772 5544 Sospitatem
1826 5483 1990 5546 quam
2049 5468 2103 5526 in

2204 4495 2442 4550 ΒοιωΝο
2467 4496 2880 4568 archiepiscopo
2911 4507 3111 4554 sanctae
3144 4500 3474 4555 Ravennatis
3511 4501 3791 4558 Ecclesia.

2275 4583 2562 4640 Canonicis
2591 4593 2902 4640 sanctorum
2935 4587 3151 4642 Patrum
3159 4588 3472 4657 jubenlibus
3484 4591 3696 4664 regulis
3716 4589 3794 4644 bis

2201 4685 2302 4740 per
2328 4685 2526 4724 annum
2557 4673 2783 4727 concilia
2814 4674 3197 4744 episcoporum
3227 4691 3351 4731 esse
3371 4677 3792 4734 omnimodisce—

2203 4757 2464 4814 lebranda
2493 4760 2733 4826 (Nicaeni
2759 4763 2990 4818 concilii
3017 4779 3138 4832 cap.
3163 4767 3238 4832 5),
3263 4779 3364 4819 nos
3381 4764 3452 4819 ob
3473 4764 3528 4818 id
3550 4782 3652 4836 pro
3673 4765 3797 4820 mul-

2204 4846 2477 4916 tiplicibus
2506 4847 2874 4903 Ecclesiarum
2892 4849 2992 4904 Dei
3006 4849 3322 4904 utilitatibus
3352 4859 3405 4904 et
3449 4852 3792 4907 necessitati-

2204 4933 2304 4987 bus
2334 4935 2602 5005 synodum
2631 4944 2826 4992 octavo
2853 4937 3128 4992 Kalendas
3171 4937 3358 5004 Maias,
3407 4939 3649 4996 Domino
3693 4956 3792 4996 an-

2203 5030 2420 5086 nuente,
2451 5023 2728 5078 celebrare
2757 5025 3024 5094 cupimus.
3069 5025 3200 5080 Ideo
3232 5026 3488 5094 iubemus
3517 5028 3798 5085 dilectioni

2203 5117 2400 5164 vestrae
2428 5117 2505 5176 ut,
2537 5111 2684 5164 omni
2714 5127 2864 5166 mora
2892 5114 3214 5183 postposita,
3249 5130 3348 5168 vos
3378 5130 3502 5170 cum
3544 5118 3792 5172 omnibus

2204 5195 2563 5268 suffraganeis
2593 5199 2786 5254 vestris
2815 5199 3088 5271 episcopis
3121 5201 3383 5271 praedicto
3413 5211 3664 5274 tempore
3695 5207 3795 5260 Ro-

2203 5300 2345 5338 mam
2373 5285 2560 5340 venire
2590 5287 2871 5350 studentis,
2907 5298 3172 5360 quatenus
3224 5291 3468 5345 eamdem
3533 5293 3795 5363 synodum

2203 5372 2486 5428 nobiscum
2515 5375 2790 5446 aequaliter
2819 5376 3109 5432 celebretis
3131 5393 3196 5434 ac
3224 5377 3292 5433 de
3321 5381 3598 5434 communi
3629 5381 3792 5436 salute

2204 5461 2578 5520 consideretis.
2615 5463 2751 5517 Data
2785 5479 2843 5517 ιιι
2875 5465 3062 5520 Nonas
3105 5466 3344 5537 Martias,
