4072 6186
324 242 417 293 821

981 365 1261 445 cxcvut.

469 465 824 507 Ριιινιιεαωυ
865 469 970 507 ΡΙιο
1009 469 1364 510 MONASTEBIO
1405 471 1773 510 PLACENTINO.

940 543 1121 610 (Anno
1160 546 1308 611 879.)

320 624 424 696 [Ex
453 627 661 698 Campi,
696 629 827 684 dell’
857 629 999 685 Hist.
1032 633 1168 687 ccci.
1206 632 1263 686 di
1297 634 1593 696 Piacenza,
1615 647 1744 705 pag.
1772 632 1918 704 464.]

386 732 643 787 Icum-1s
673 734 981 805 episcopus,
1017 753 1206 792 servus
1244 753 1528 793 servorum
1559 738 1675 805 Dei,
1708 738 1918 793 dilecta

319 818 444 874 filia
470 824 868 886 ANGILBERGS,
902 823 1231 894 imperatrici
1261 828 1537 897 Augusta.

387 908 468 961 Ex
492 909 748 981 largitate
777 912 946 965 nostri
994 912 1371 984 Redemptoris
1418 929 1635 985 semper
1662 923 1785 969 sunt
1814 931 1914 969 an—

313 996 535 1050 nuenda
560 1012 623 1052 ea
651 1014 773 1068 qua
799 999 869 1053 ad
897 999 1180 1055 tuitionem
1212 1017 1392 1056 rerum
1423 1002 1914 1059 ecclesiasticarum

312 1091 364 1136 et
394 1084 604 1153 piorum
634 1085 879 1141 locorum
912 1103 1034 1143 esse
1076 1098 1390 1144 noscuntur.
1424 1088 1763 1160 Quapropter
1790 1107 1912 1145 mo-

309 1172 607 1226 nasterium
643 1174 818 1243 Caput
845 1174 1056 1230 Trebia
1078 1217 1092 1241 ,
1143 1178 1288 1247 quod
1331 1177 1758 1232 Carolomannus
1818 1195 1911 1233 rex

311 1274 412 1327 per
455 1260 710 1330 pracepti
758 1262 1105 1317 donationem
1127 1305 1141 1327 ,
1174 1272 1225 1318 et
1256 1280 1552 1334 perennem
1601 1264 1910 1320 ﬁrmitatem

310 1348 639 1402 monasterio
667 1356 758 1403 tuo
788 1350 935 1420 quod
965 1350 1018 1403 in
1048 1352 1252 1406 honore
1284 1360 1485 1407 sancta
1532 1352 1908 1408 Resurrectio-

307 1434 394 1487 nis
422 1434 708 1490 Placentia
735 1438 1103 1501 construxisti,
1137 1455 1259 1493 cum
1291 1440 1544 1495 omnibus
1573 1440 1909 1511 pertinentiis

306 1522 424 1575 suis
452 1539 551 1591 pro
581 1525 826 1579 remedio
856 1526 1053 1582 anima
1082 1543 1194 1582 sua
1222 1543 1554 1600 suorumque
1591 1530 1905 1599 pradeces-

307 1622 489 1662 sorum
517 1611 875 1675 condonavit;
922 1614 1082 1682 petis,
1114 1612 1222 1668 filia
1250 1615 1620 1681 dilectissima,
1653 1624 1711 1670 ut
1740 1632 1905 1686 super

308 1697 413 1750 hoc
456 1698 770 1767 apostolica
816 1700 1155 1755 auctoritatis
1211 1703 1551 1758 sanctionem
1614 1702 1915 1767 firmemus,
1947 1714 2001 1773 Β

310 1784 546 1855 Ideoque
583 1786 744 1853 justis
790 1788 1141 1857 petitionibus
1191 1789 1296 1843 tuis
1345 1798 1571 1845 eotenus
1613 1791 1908 1861 apostolica

301 1871 621 1927 auctoritate
667 1872 918 1929 eﬂ‘ectum
962 1876 1267 1941 annuimus,
1301 1886 1359 1931 ut
1388 1893 1421 1931 a
1450 1879 1612 1933 modo
1654 1887 1706 1933 et
1748 1879 1907 1934 dein-

302 1974 435 2029 ceps
482 1962 782 2031 supradicti
828 1963 952 2028 loci,
1003 1965 1049 2017 si
1096 1965 1218 2034 quis
1261 1982 1454 2037 regum
1495 1966 1583 2021 vel
1621 1967 1909 2036 cujuslibet

297 2048 583 2116 potestatis
630 2050 791 2104 homo
846 2059 1018 2105 ratam
1049 2060 1099 2106 et
1145 2052 1392 2107 stabilem
1439 2053 1787 2108 donationem
1837 2055 1906 2108 ir-

300 2151 586 2206 rumpere,
640 2145 732 2190 aut
774 2137 1047 2204 alienare,
1099 2155 1194 2195 seu
1253 2140 1550 2211 quamlibet
1597 2142 1906 2197 violentiam

298 2223 591 2278 temerario
621 2239 757 2279 ausu
799 2227 1207 2297 praesumpserit
1236 2226 1460 2297 inferre,
1498 2230 1631 2284 sciat
1661 2246 1721 2284 se
1749 2246 1780 2283 a
1810 2245 1906 2284 no-

296 2318 410 2363 stra
468 2311 848 2367 communione
914 2313 1134 2380 divelli,
1187 2323 1240 2369 et
1284 2316 1639 2371 anathematis
1692 2317 1907 2372 vinculo

295 2398 618 2452 innodatum
647 2415 772 2453 cum
800 2401 1032 2465 Anania,
1064 2409 1117 2457 et
1147 2402 1432 2473 Sapphira,
1465 2413 1518 2458 et
1545 2404 1682 2458 Juda
1728 2405 1901 2459 tradi-

296 2492 418 2539 tore
463 2486 770 2555 portionem
818 2488 1166 2543 nihilominus
1207 2490 1528 2545 habiturum.
1574 2493 1649 2546 Et
1691 2493 1741 2546 si
1789 2494 1904 2548 hac

292 2580 479 2626 nostra
518 2573 668 2641 jussa
715 2574 1034 2630 obedienter
1079 2577 1472 2644 observaverit,
1504 2579 1603 2633 Dei
1643 2580 1893 2649 omnipo-

291 2660 455 2713 tentis
475 2660 927 2729 benedictionem,
953 2672 1007 2719 et
1026 2674 1342 2720 sanctorum
1360 2666 1730 2737 apostolorum
1750 2668 1895 2722 Petri

287 2756 343 2801 et
402 2748 552 2802 Pauli
606 2758 880 2805 mereatur
923 2752 1173 2823 accipere
1236 2753 1550 2824 plenissima
1613 2754 1882 2825 largitate.

287 2835 561 2890 Caterum
581 2838 725 2908 quod
748 2839 815 2892 ad
837 2839 1222 2896 ecclesiastica
1241 2841 1596 2896 ordinationis
1627 2843 1892 2897 rationem

289 2923 526 2992 pertinet
551 2940 615 2979 ac
643 2926 1023 2996 ministerium,
1056 2928 1111 2982 id
1141 2938 1221 2982 est
1250 2929 1579 2992 chrismatis,
1610 2929 1696 2984 vel
1726 2930 1903 2997 cujus-

289 3010 422 3065 libet
452 3013 806 3068 sacerdotalis
832 3014 1016 3079 otiicii,
1049 3017 1095 3070 si
1125 3016 1414 3087 episcOpus
1436 3018 1552 3085 ejus
1581 3017 1686 3073 loci
1717 3018 1897 3089 aliqua

282 3114 450 3153 causa
498 3100 689 3155 ductus
710 3144 723 3165 ,
755 3111 947 3157 contra
970 3104 1062 3172 jus
1092 3112 1143 3157 et
1175 3104 1557 3159 rectitudinem
1602 3105 1899 3176 quamlibet

278 3188 656 3257 gravationem
701 3197 754 3243 et
795 3191 1199 3261 superpositum
1247 3192 1450 3247 ibidem
1498 3191 1701 3247 inferre
1750 3209 1895 3263 pra-

276 3276 598 3345 sumpserit,
630 3284 883 3332 cunctum
925 3278 1050 3334 inde
1102 3279 1321 3350 penitus
1350 3279 1704 3334 ordinationis
1726 3280 1815 3348 jus
1844 3292 1895 3336 et

277 3370 604 3432 potestatem
645 3365 871 3432 amittat,
906 3373 958 3420 et
987 3366 1144 3421 liceat
1175 3366 1224 3421 ei
1254 3367 1345 3439 qui
1376 3366 1653 3437 praefuerit
1700 3383 1893 3447 mona:

275 3450 469 3517 sterio,
494 3467 876 3524 quemcunque
906 3454 1156 3519 voluerit,
1181 3456 1249 3509 ad
1268 3455 1432 3509 totius
1454 3455 1703 3510 ecclesia
1726 3453 1888 3510 ot’ficil

278 3538 645 3593 ministerium
675 3540 921 3597 invitare.

350 3625 624 3696 Scriptum
654 3644 754 3698 per
796 3644 1016 3684 manum
1066 3630 1318 3701 Gregorii
1366 3630 1634 3686 scriniarii
1682 3639 1885 3687 sancta

274 3715 539 3770 Romana
566 3716 846 3785 Ecclesia,
880 3718 937 3772 in
964 3733 1152 3773 mense
1178 3718 1385 3781 Martio.
1416 3718 1709 3774 indictione
1740 3720 1883 3774 duo-

267 3802 509 3868 decima,
533 3816 588 3856 tv
606 3803 725 3859 Kal.
744 3805 962 3875 Aprilis,
988 3822 1086 3876 per
1105 3821 1322 3861 manum
1345 3807 1617 3861 Zacharia
1651 3807 1892 3876 episcopi

276 3898 488 3946 sancta
517 3890 778 3947 Ecclesia
808 3894 1131 3965 Anagnina,
1166 3902 1217 3949 et
1244 3894 1637 3949 bibliothecarii
1688 3902 1891 3949 sancta

275 3977 431 4034 sedis
460 3980 809 4049 apostolica,
852 3998 1012 4046 anno,
1064 3983 1178 4037 Deo
1222 3982 1491 4053 propitio,
1545 3980 1890 4052 pontificatus

269 4065 485 4121 domini
527 4067 697 4121 nostri
738 4069 961 4123 Joannis
1007 4070 1203 4123 summi
1252 4069 1525 4140 pontiﬁcis
1568 4078 1620 4123 et
1668 4069 1889 4124 univer-

266 4153 405 4208 salis
435 4169 595 4223 papa
619 4156 736 4209 VIII
776 4158 1007 4227 septimo
1036 4157 1091 4211 in
1118 4174 1305 4213 mense
1336 4157 1548 4222 Martio,
1581 4157 1876 4212 indictione

272 4238 622 4293 duodecima.

957 4347 1195 4401 CXCIX.

613 4449 684 4487 AD
725 4450 995 4490 ROMANUM
1034 4450 1530 4490 ARCHIEPISCOPUI.

890 4526 1070 4593 (Anno
1100 4525 1249 4590 879.)

309 4610 376 4665 Ut
407 4610 691 4682 Luponem
721 4612 1107 4683 presbyterum
1130 4613 1192 4666 in
1224 4611 1564 4667 Sarcennati
1596 4610 1846 4664 Ecclesia

769 4699 1091 4771 episcOpum
1124 4699 1368 4756 ordinet.

342 4800 820 4857 Reverendissimo
841 4812 893 4857 et
915 4804 1259 4859 sanctissimo
1282 4802 1536 4859 confratri
1557 4810 1742 4856 nostro
1764 4802 1871 4856 Ro-

260 4903 427 4942 IANO
456 4890 866 4961 archiepiscopo
896 4900 1099 4947 sancta
1130 4890 1462 4947 Ravennatis
1491 4889 1771 4945 Ecclesia.

341 4976 624 5031 Relatione
645 4979 1002 5048 quorumdam
1022 4979 1387 5049 comperimus
1404 4978 1548 5049 quod
1570 4993 1692 5031 eum
1715 4993 1875 5047 quem

259 5063 428 5117 vobis
458 5064 817 5119 ordinandum
848 5066 1166 5136 episcopum
1200 5074 1399 5121 sancta
1428 5065 1744 5120 Sarcennati
1776 5066 1878 5119 Ec-

252 5150 468 5205 clesia.
531 5152 804 5221 Luponem
864 5154 1115 5209 videlicet
1176 5152 1544 5208 venerabilem
1591 5152 1877 5222 presbyte-

248 5238 400 5292 rium
431 5236 496 5310 [Γ.
528 5240 706 5295 deest.
743 5242 1162 5314 mandavimus],
1196 5241 1498 5312 postposito
1534 5249 1741 5294 nostra
1776 5255 1876 5293 vo-

247 5326 479 5380 luntatis
510 5336 561 5380 et
589 5328 850 5394 jussionis
896 5330 1167 5395 mandato,
1202 5344 1527 5385 consecrare
1574 5335 1877 5397 postpona-

248 5413 351 5473 tis.
388 5414 486 5467 sed
517 5415 681 5469 alium
714 5433 810 5486 pro
839 5433 905 5471 eo
933 5418 1164 5488 cupiatis
1194 5417 1539 5472 nihilominus
1571 5415 1829 5469 ordinare
1857 5433 1869 5468 :

326 5560 363 5635 ς’
387 5570 535 5622 Uncis
560 5571 741 5623 inclusa
765 5574 1006 5636 supplevit
1034 5587 1093 5624 ex
1121 5574 1240 5624 edit.
1270 5576 1411 5635 Rom.

1501 246 1851 299 EPISLOLE
1904 245 1994 299 ΕΤ
2040 248 2383 306 DECRETA.

1948 370 2003 428 A
2024 373 2168 442 quod
2196 389 2347 442 sane,
2382 376 2429 430 si
2457 392 2646 433 verum
2675 387 2776 447 est,
2800 380 2960 436 valde
2988 384 3265 449 miramur,
3287 402 3384 440 vos
3404 401 3435 441 a
3458 403 3616 456 spon-

3509 266 3611 317 8H

2019 460 2171 516 sione
2201 477 2366 534 quam
2397 464 2553 519 nobis
2595 465 2819 536 polliciti
2869 469 3019 539 estis,
3053 471 3291 543 quolibet
3333 475 3496 529 modo
3527 474 3612 529 vel

2017 550 2307 607 occasione
2336 552 2475 608 velle
2506 555 2805 611 retrahere.
2841 556 2997 614 Unde
3040 575 3194 616 more
3223 570 3451 631 paterno
3479 562 3614 617 dile-

2017 638 2252 694 ctionem
2301 649 2537 696 vestram
2576 643 2659 697 his
2704 644 2905 700 nostris
2948 648 3259 717 apostolicis
3302 665 3609 715 monemus,

2016 726 2299 782 hortamur
2343 737 2503 800 atque
2542 730 2813 801 jubemus,
2856 734 3118 803 apicibus,
3150 744 3207 790 ut
3236 745 3434 793 vestra
3478 753 3610 807 pro-

2016 814 2293 870 missionis
2335 833 2640 885 memores,
2675 820 2961 890 prafaturn
3005 823 3282 894 Luponem
3320 825 3611 896 presbyte-

2016 919 2155 969 rum,
2190 903 2325 959 sicut
2364 905 2518 960 vobis
2566 908 2935 965 commisimus
2982 912 3239 967 continuo
3268 928 3333 968 ac
3363 928 3613 983 prasen-

2015 990 2214 1046 tialiter
2236 994 2353 1061 jam
2379 994 2538 1050 dicta
2558 996 2819 1053 Ecclesia
2848 999 3143 1055 antistitem
3173 1000 3436 1055 ordinetis
3463 1001 3612 1071 [nam

2013 1080 2058 1133 si
2090 1080 2249 1134 aliter
2298 1080 2550 1151 feceritis,
2582 1093 2634 1139 et
2662 1093 2772 1139 tam
2816 1087 2943 1151 cito,
2995 1088 3114 1158 ipso
3159 1088 3366 1144 scxlicet
3412 1097 3611 1145 vestra

2011 1168 2368 1223 ordinationis
2397 1169 2441 1241 ι]
2473 1171 2624 1225 initio
2655 1188 2751 1239 vos
2780 1190 2810 1227 a
2840 1183 3034 1230 nostra
3065 1176 3359 1231 voluntatis
3388 1176 3609 1233 decreto

2012 1256 2334 1311 subtrahere
2364 1259 2804 1327 cognoverimus,
2836 1263 3112 1317 canenicis
3152 1264 3606 1329 correctionibus,

2008 1343 2155 1397 velut
2184 1344 2582 1399 inobedientem
2614 1348 2893 1418 corripere
2934 1350 3239 1405 nullatenus
3272 1351 3570 1420 pratermit

2021 1438 2216 1484 temus.

2765 1562 2869 1615 CC.

2085 1658 2155 1696 AD
2186 1658 2515 1701 A'NSPERTUM
2545 1661 3022 1703 ARCHIEPISCOPUM
3051 1664 3545 1705 HEDIOLANENSEM.

2638 1736 2819 1802 (Anno
2848 1737 2997 1805 879.)

2013 1838 2078 1892 Ut
2111 1839 2337 1913 Romam
2369 1839 2441 1892 ad
2458 1840 2742 1913 synodum
2789 1842 3184 1897 celebrandam
3216 1859 3347 1898 eum
3398 1843 3614 1913 suffra-

2077 1909 2274 1985 ganeis
2304 1909 2552 1985 accedat,
2587 1911 2681 1965 ubi
2709 1911 2774 1966 de
2802 1913 3160 1982 imperatoris
3189 1909 3612 1985 electione'age-

2080 1981 2209 2039 tur;
2236 1978 2397 2053 jubet
2418 1996 2489 2053 ne
2517 1996 2850 2050 quemquam
2881 1978 3087 2051 regem
3136 1983 3408 2053 excipiat,
3444 1978 3613 2037 ante-

2079 2060 2249 2117 quam
2290 2049 2407 2117 ipse
2455 2049 2856 2123 imperatorem
2884 2049 3153 2122 elegerit:
3184 2049 3301 2107 τιἰῆ
3325 2054 3611 2123 paruerit,

2079 2133 2207 2171 eum
2244 2122 2725 2175 excommunicat.

2077 2222 2552 2279 Reverendissimo
2581 2233 2634 2279 et
2666 2227 3009 2282 sanctissimo
3054 2231 3351 2282 ANsren'ro
3392 2228 3611 2283 archie-

2007 2308 2236 2379 piscopo
2266 2320 2466 2366 sancta
2494 2313 2916 2369 Mediolanensis
2942 2314 3226 2369 Ecclesia.

2076 2395 2306 2465 Quanta
2335 2400 2677 2454 necessitatis
2707 2402 2929 2456 assidue
2959 2402 3378 2456 sustinuerimus
3404 2402 3610 2458 incom-

2004 2484 2187 2550 moda,
2225 2494 2548 2557 quantaque
2589 2489 3011 2558 perturbationis
3055 2505 3197 2545 nunc
3242 2505 3414 2560 usque
3459 2491 3608 2560 passi

2004 2588 2193 2626 sumus
2223 2581 2275 2627 et
2305 2574 2565 2644 quotidie,
2610 2576 2882 2645 patiamur
2924 2577 3175 2641 adversa,
3217 2576 3607 2632 fraternitatem

2005 2668 2238 2714 vestram
2267 2676 2432 2716 nosse
2463 2661 2584 2717 luce
2610 2663 2808 2719 clarius
2839 2679 2949 2719 non
2978 2667 3298 2735 ignoramus
3322 2682 3336 2717 :
3360 2680 3461 2735 pro
3491 2664 3616 2735 qui-

2004 2747 2104 2802 bus
2133 2747 2388 2803 nimirum
2432 2750 2590 2805 malis
2621 2752 2768 2806 sedis
2798 2751 3110 2821 apostolica
3139 2752 3210 2806 ab
3241 2751 3477 2806 inimicis
3503 2767 3605 2806 ne-

2002 2835 2178 2905 quiter
2204 2836 2388 2901 illatis,
2410 2853 2505 2906 per
2532 2838 2801 2907 procellas
2824 2839 2952 2893 etin
2974 2838 3282 2907 periculosa
3310 2838 3480 2893 maris
3513 2838 3607 2893 iti-

2000 2938 2135 2977 nera
2155 2922 2232 2977 ire
2263 2932 2314 2977 et
2344 2923 2679 2979 defensionis
2701 2925 2962 2979 auxilium
2985 2941 3086 2980 nos
3109 2925 3371 2996 quasisse
3392 2942 3607 2981 mecum

2000 3010 2205 3080 pariter
2234 3011 2404 3065 scitis.
2430 3012 2538 3067 Sed
2560 3013 2684 3087 quia
2708 3014 3007 3067 humanum
3036 3012 3451 3083 prasentialiter
3480 3013 3609 3068 sub-

2000 3097 2197 3152 sidium
2230 3114 2336 3154 non
2368 3099 2689 3169 reperimus,
2721 3100 2965 3154 divinum
2994 3108 3051 3154 ut
3080 3101 3260 3170 potius
3299 3117 3608 3171 quaramus

2000 3186 2384 3257 communique
2431 3197 2556 3242 voto
2601 3196 2660 3241 ut
2706 3202 2739 3241 α
2787 3188 3018 3242 Domino
3063 3187 3392 3257 ﬂagitemus,
3439 3187 3608 3244 frater

1998 3274 2091 3340 mi,
2124 3289 2351 3328 necesse
2382 3283 2483 3329 est.
2519 3275 2748 3343 Propter
2778 3275 2922 3345 quod
2962 3274 3259 3329 fraternum
3305 3275 3604 3329 sanctitatis

1998 3368 2195 3415 vestra
2225 3361 2517 3426 collegium
2547 3360 2633 3414 his
2662 3361 2865 3415 nostris
2892 3361 3203 3431 apostolicis
3232 3361 3423 3415 litteris
3450 3376 3601 3416 more

1997 3462 2393 3517 pracessorum
2438 3457 2743 3503 nostrorum
2791 3464 3070 3513 vocamus,
3101 3457 3154 3503 et
3183 3449 3238 3502 in
3267 3448 3600 3503 consortium

1997 3543 2199 3591 nostra
2229 3535 2607 3591 sollicitudinis
2638 3536 2938 3607 apostolica
2978 3537 3236 3591 duntaxat
3283 3535 3598 3592 auctoritate

1996 3623 2345 3689 asciscimus;
2376 3632 2429 3679 et
2457 3624 2611 3695 quasi
2659 3624 2961 3679 membrum
2991 3624 3159 3694 capiti
3187 3639 3287 3678 suo
3314 3623 3598 3678 adharens

1993 3710 2062 3765 ad
2091 3710 2366 3765 Kalendas
2396 3711 2562 3765 Maias
2590 3711 2749 3779 hujus
2792 3711 3127 3766 duodecima
3169 3710 3479 3766 indictionis
3526 3711 3597 3765 ad

1998 3799 2287 3870 synodum,
2313 3799 2603 3855 auxiliante
2635 3799 2887 3861 Domino,
2912 3798 3197 3853 nobiscum
3224 3797 3597 3853 celebraturas

1992 3901 2115 3941 cum
2144 3887 2425 3952 omnibus;
2456 3885 2813 3959 suffraganeis
2836 3886 3032 3941 vestris
3058 3884 3332 3956 episcopis
3361 3884 3589 3939 Romam

1992 3975 2177 4030 venire
2202 3975 2475 4044 jubemus,
2498 3983 2555 4028 ut
2583 3975 2820 4046 superba
2849 3975 3023 4047 gratia
3048 3972 3170 4029 freti
3194 4017 3206 4038 ,
3258 3988 3325 4029 ea
3352 3988 3473 4044 qua
3501 3987 3598 4027 ne-

1993 4063 2228 4117 cessario
2249 4071 2373 4117 sunt
2395 4063 2727 4133 amputanda
2748 4062 3117 4118 ecclesiastico
3145 4076 3461 4117 resecemus
3483 4076 3597 4115 mu-

1990 4164 2187 4215 crone;
2242 4158 2293 4204 et
2341 4166 2463 4221 qua
2512 4150 2714 4204 utiliter
2753 4158 2876 4204 sunt
2935 4149 3223 4204 statuenda
3280 4147 3591 4213 communi,

1988 4238 2105 4292 Deo
2136 4237 2389 4306 prapitio,
2419 4238 2705 4291 statuimus
2726 4237 2980 4301 decreto;
3013 4252 3081 4290 ne
3112 4252 3211 4305 per
3231 4243 3470 4291 vestram
3499 4235 3596 4288 ab-

1989 4324 2240 4378 stentiam
2270 4332 2431 4394 atque
2461 4324 2729 4379 desidiam
2762 4340 2988 4395 regnum
3010 4323 3113 4378 hoc
3137 4323 3370 4392 amplius
3389 4322 3444 4375 in
3465 4338 3590 4391 per-

1907 4399 2285 4466 Dturbatione
2317 4411 2566 4481 persistat
2605 4420 2655 4465 et
2687 4410 2777 4465 tiat
2826 4410 3144 4465 scandalum
3183 4409 3340 4479 pejus
3382 4409 3586 4479 priore.

1982 4499 2052 4552 Et
2095 4499 2220 4569 quia
2250 4498 2697 4561 Carolomannus,
2747 4497 3016 4567 corporis,
3070 4496 3209 4552 sicut
3256 4495 3581 4562 audivimus,

1991 4586 2432 4641 incommoditate
2480 4594 2767 4658 gravatus,
2818 4601 3046 4657 regnum
3089 4583 3324 4639 retinere
3347 4583 3460 4651 jam
3488 4599 3591 4640 ne-

1977 4674 2114 4746 quit,
2143 4683 2201 4728 ut
2231 4674 2299 4728 de
2328 4674 2454 4729 novi
2476 4673 2540 4746 [f.
2561 4676 2716 4730 deest
2736 4672 3020 4745 electione]
3041 4672 3188 4744 regis
3215 4686 3407 4727 omnes
3435 4671 3583 4741 pari-

1976 4769 2059 4816 ter
2088 4762 2521 4829 consideremus,
2547 4778 2645 4817 vos
2665 4761 2927 4833 pradicto
2946 4761 3143 4815 adesse
3162 4767 3407 4829 tempore
3428 4758 3583 4814 valde

1978 4858 2194 4920 oportet
2227 4868 2239 4904 :
2274 4858 2327 4904 et
2356 4850 2479 4905 ideo
2524 4862 2684 4905 antea
2727 4849 2934 4904 nullum
2980 4849 3191 4919 absque
3232 4854 3419 4902 nostro
3450 4862 3586 4902 con-

1979 4953 2142 4992 sensu
2173 4953 2359 5009 regem
2390 4938 2601 4992 debetis
2631 4937 2894 5007 recipere.
2928 4937 3069 4990 Nam
3100 4936 3217 5006 ipse
3248 4935 3337 5007 qui
3364 4952 3396 4989 a
3425 4936 3585 4990 nobis

1980 5033 2062 5079 est
2102 5026 2433 5079 ordinandus
2465 5026 2516 5078 in
2547 5025 2856 5095 imperium,
2890 5040 2921 5077 a
2951 5024 3109 5079 nobis
3152 5023 3386 5093 primum
3425 5031 3589 5093 atque

1980 5112 2321 5182 potissimum
2342 5112 2500 5167 debet
2521 5128 2643 5167 esse
2663 5120 2886 5168 vocatus
2908 5120 3071 5183 atque
3088 5111 3313 5177 electus,
3330 5111 3589 5183 quoniam

1981 5209 2030 5253 et
2065 5215 2163 5253 nos
2192 5215 2296 5252 una
2326 5214 2448 5253 cum
2482 5208 2665 5254 vestra
2716 5199 3045 5255 fraternitate
3090 5200 3338 5269 cupimus
3376 5207 3589 5269 pertra-

1980 5296 2129 5342 ctare
2158 5295 2208 5340 et
2238 5287 2306 5339 de
2338 5287 2438 5340 hoc
2471 5295 2523 5340 et
2555 5304 2661 5357 quo
2692 5296 2879 5343 tenore
2932 5288 3013 5341 vel
3048 5287 3234 5342 ordine
3266 5301 3590 5343 communes

1981 5390 2175 5429 causas
2205 5384 2255 5428 ct
2286 5374 2539 5428 utilitates
2561 5375 2923 5430 Ecclesiarum
2948 5376 3045 5429 Dei
3074 5375 3231 5429 nobis
3261 5375 3584 5431 commissa-

1986 5479 2105 5515 rum
2140 5462 2457 5516 ordinamus
2488 5471 2539 5515 et
2564 5463 2686 5531 jure
2717 5463 2975 5518 canocico
3020 5471 3317 5518 statuamus
3350 5482 3363 5517 :
3395 5474 3591 5539 quate-
