4072 6186
493 285 593 338 823

1727 275 2024 332 JOANNIS
2068 275 2259 332 PAPZE
2315 276 2450 331 VIII.

3682 280 3779 334 824

490 419 594 462 nus
637 411 916 460 tantorum
945 401 1214 459 malorum
1263 413 1431 456 onera
1459 414 1581 472 quae
1612 401 1942 455 sustinemus
1967 413 2094 470 pro—
2123 400 2355 464 Anobis
2400 415 2498 471 pro
2546 399 2819 455 communi
2857 400 3084 455 utilitate
3132 401 3296 473 longe
3346 401 3778 466 consistentibus,

445 550 451 554 _
489 491 577 552 cul
605 491 860 562 abjicere,
886 499 939 548 et
969 490 1089 548 leve
1113 491 1302 562 jugum
1335 489 1534 544 Christi
1551 489 1706 553 laetis,
1730 497 1786 542 ut
1802 487 2084 553 condecet,

488 582 764 654 possimus
789 579 1093 636 cervicibus
1122 578 1285 633 ferre.
1311 575 1656 648 Quapropter
1685 577 1889 630 nullam
1919 576 1976 630 in
2004 591 2092 631 ve-

495 670 698 726 niendo
723 669 1132 724 excusationem
1163 666 1429 731 habeatis,
1463 666 1560 719 sed
1590 665 1759 720 alacri
1789 672 1968 718 mente
1997 680 2092 720 oc-

491 773 714 814 currere
745 766 797 812 et
827 757 897 811 ad
919 757 1030 825 jam
1053 756 1250 810 dictam
1275 755 1539 826 synodum
1563 753 1744 807 venire
1767 753 2086 823 procuretis,

491 861 656 918 quam
688 860 820 900 sane
851 853 903 900 et
933 833 1537 900 canonica'sanctorum
1561 843 1775 895 Patrum
1804 841 1989 913 regula
2008 840 2091 894 bis

489 933 548 989 in
575 948 720 989 anno
767 931 884 988 fieri
921 933 1093 1000 jubet,
1126 939 1180 986 et
1208 931 1458 985 instantis
1505 929 1764 1000 temporis
1797 928 2092 983 necessitas

494 1037 696 1096 magna
723 1021 1018 1090 compellit.
1052 1021 1166 1075 Nos
1197 1020 1340 1075 enim
1373 1027 1601 1088 paterno
1634 1033 1730 1071 vos
1761 1015 1955 1071 affectu
1978 1016 2095 1070 dili-

496 1120 690 1182 gentes
720 1125 816 1181 pro
845 1109 1116 1165 communi
1145 1109 1372 1162 utilitate
1404 1121 1678 1168 vocamus,
1712 1104 1955 1175 quamvis
1979 1105 2093 1173 jam

499 1198 660 1254 tertio
683 1197 1014 1268 jampridem
1045 1195 1264 1260 dilectio
1295 1202 1473 1249 vestra
1505 1200 1698 1248 vocata
1727 1192 1796 1246 ad
1827 1192 2092 1262 synodum

497 1287 682 1342 venire
739 1283 1140 1354 contempserit.
1202 1283 1306 1336 Pro
1363 1297 1471 1352 quo
1519 1279 1740 1350 dignam
1781 1279 2094 1333 debueratis

497 1373 855 1429 correctionis
899 1371 1166 1425 sustinere
1216 1385 1518 1431 censuram,
1567 1384 1688 1422 cum
1720 1383 1749 1421 a
1781 1367 1910 1422 sede
1955 1383 2094 1438 apo-

502 1461 694 1516 stolica
736 1460 890 1514 vobis
937 1474 1152 1528 semper
1181 1456 1368 1511 fuisset
1398 1457 1648 1511 collatum
1677 1456 2008 1525 prazsidium,
2043 1464 2096 1510 et

501 1564 602 1603 vos
632 1547 836 1601 nullum
863 1546 916 1600 in
972 1545 1168 1617 quibus
1215 1545 1496 1614 oportebat
1527 1543 1816 1596 studeretis
1847 1544 2096 1614 praebere

505 1634 753 1690 solatium
787 1651 800 1687 :
829 1649 972 1688 nunc
1010 1641 1211 1696 autem,
1244 1632 1289 1686 si
1317 1633 1386 1686 ad
1415 1632 1663 1686 eamdem
1707 1632 1973 1701 synodum
2006 1647 2100 1686 ve-

505 1722 624 1776 nire
667 1721 1120 1792 contempseritis,
1171 1736 1230 1776 sc
1253 1729 1362 1775 tote
1409 1721 1729 1776 canonicam
1774 1736 1806 1774 a
1850 1719 2006 1774 nobis
2043 1720 2098 1773 in

504 1825 604 1866 vos
632 1809 778 1866 velut
805 1808 1181 1864 inobedientes
1205 1807 1543 1881 promulgari
1571 1808 1913 1863 sententiam.

651 2001 724 2042 AD
762 1999 1140 2125 ΑἹἮΛΝΑΞΠῘΜ(
1149 1991 1490 2122 :PI5008P7U9M)
1501 1999 1934 2040 NBAPOLITANUM
1942 2025 1954 2038 .

1194 2070 1301 2108 nno
1450 2095 1462 2106 .

1194 2070 1301 2108 nno
1340 2070 1462 2108 8'19.

514 2146 877 2203 Commendat
922 2148 1043 2216 ejus
1098 2158 1331 2216 ergarse
1385 2141 1962 2216 observantiampde
2001 2156 2102 2196 suo

580 2217 859 2272 incolumi
885 2211 1076 2270 reditu
1105 2211 1402 2269 certiorem
1433 2215 1616 2283 ipsum
1644 2215 1817 2282 facit;
1841 2211 2104 2266 hortatur

582 2287 654 2341 ad
683 2287 1188 2358 perseverantiam,
1221 2284 1392 2338 donec
1419 2285 1590 2337 simul
1612 2285 1929 2337 conveniat.

579 2371 1060 2427 Reverendissimo
1073 2380 1124 2426 et
1139 2370 1481 2425 sanctissimo
1497 2373 1824 2424 ATHANASIO
1845 2369 2104 2439 episcopo

508 2460 886 2530 Neapolitano.

582 2547 722 2616 Quia
749 2563 860 2603 non
889 2546 1063 2602 solum
1095 2546 1201 2601 tuis
1231 2545 1504 2617 praecipue
1533 2545 1760 2610 actibus,
1795 2545 1988 2616 quibus
2019 2545 2107 2599 de-

509 2636 786 2692 votionem
844 2635 1142 2690 sanctitatis
1207 2643 1311 2689 tua:
1365 2634 1512 2688 circa
1566 2648 1666 2688 nos
1732 2629 2107 2687 fidelissimam

512 2723 796 2780 ostendisti
850 2723 1103 2786 existere,
1166 2737 1355 2777 verum
1405 2721 1568 2776 etiam
1615 2721 1772 2775 nobis
1819 2720 1982 2791 longe
2011 2735 2108 2790 pro

513 2812 776 2868 Ecclesiae
817 2819 958 2865 statu
1003 2810 1348 2865 manentibus
1395 2810 1668 2880 quomodo
1702 2825 1820 2862 eam
1849 2809 2109 2862 illibatam

511 2898 570 2952 in
597 2898 849 2952 omnibus
879 2897 1311 2962 conservaveris,
1356 2895 1595 2950 fidelium
1627 2905 1933 2950 nostrorum
1966 2896 2110 2950 rela-

515 2984 664 3039 tione
703 2983 1009 3038 didicimus.
1059 2981 1429 3051 Quamobrem
1467 2983 1661 3054 dignas
1706 2993 1807 3037 tuae
1838 2983 2112 3038 dilectioni

518 3069 802 3136 referimus
853 3078 1058 3142 grates,
1101 3070 1501 3126 innotescentes
1543 3086 1671 3124 sane
1701 3069 1868 3124 nostri
1899 3086 2112 3141 praesu-

515 3157 660 3214 latus
688 3157 1055 3214 reversionem
1080 3158 1234 3227 juxta
1281 3157 1614 3212 desiderium
1643 3166 1792 3212 tuum
1823 3173 1967 3222 esse,
1997 3158 2112 3212 Deo

513 3245 752 3312 favente,
800 3260 1126 3317 prosperam
1169 3253 1326 3318 atque
1391 3245 1734 3301 incolumem.
1783 3246 1912 3300 Ideo
1959 3261 2114 3300 more

517 3334 833 3406 apostolicae
879 3334 1219 3406 paternitatis
1262 3333 1563 3389 almitatem
1611 3341 1757 3388 tuam
1806 3349 2110 3401 monemus,

519 3438 644 3480 cum
665 3421 928 3494 Apostolo
948 3422 1225 3478 dicentes:
1250 3423 1578 3494 Confortare
1601 3424 1661 3478 in
1685 3423 1937 3486 Domino,
1962 3427 2020 3478 ot
2049 3425 2113 3478 in

517 3513 774 3583 potentia
796 3512 1027 3566 virtutis
1059 3514 1180 3583 ejus
1209 3513 1475 3584 quoniam
1512 3511 1695 3580 ﬁdelis
1715 3515 1800 3566 est
1831 3513 1994 3575 Deus,
2019 3511 2116 3584 qui

518 3615 637 3656 non
655 3599 871 3654 deseret
891 3603 1181 3671 sperantes
1198 3600 1260 3654 in
1279 3615 1338 3654 se
1361 3601 1575 3654 tentari
1593 3616 1766 3670 supra
1787 3615 1954 3671 quam
1981 3615 2112 3670 pos-

524 3692 684 3754 sunt,
709 3687 802 3744 sed
821 3689 997 3760 faciet
1011 3703 1141 3744 cum
1165 3689 1482 3744 tentatime
1513 3693 1868 3760 proventum,
1893 3693 1957 3743 ut
1985 3704 2114 3759 pos-

524 3777 654 3831 sitis
669 3776 951 3831 sustinere
971 3777 1195 3846 (Ephes.
1221 3791 1305 3840 vr;
1326 3776 1350 3830 l
1373 3777 1492 3832 Cor.
1518 3783 1600 3844 χ),
1623 3775 1735 3829 Tua
1772 3775 1936 3845 igitur
1961 3791 2116 3830 reve-

524 3862 703 3917 rentia
730 3862 786 3916 in
805 3861 889 3916 his
909 3862 1156 3916 instantis
1175 3862 1520 3916 adversitatis
1540 3863 1755 3917 casibus
1774 3862 2116 3932 aliquatenus

521 3963 634 4004 non
651 3948 962 4020 frangatur;
983 3949 1110 4019 quin
1145 3949 1324 4018 potius
1346 3950 1401 4002 in
1423 3951 1538 4004 Deo
1553 3949 1833 4004 confidens
1863 3950 2116 4004 roborata

523 4036 805 4102 consistat,
855 4035 1050 4101 donec,
1102 4036 1316 4091 Christo
1346 4037 1652 4104 adjuvante,
1688 4053 1790 4090 nos
1835 4037 2114 4091 vobiscum

523 4121 748 4192 speciali
778 4123 1070 4192 praesentia
1085 4123 1258 4191 juncti
1288 4123 1446 4178 simul
1477 4124 1784 4194 loquamur.
1810 4123 1946 4192 Quia
1966 4133 2110 4188 tunc,

525 4211 644 4266 Deo
673 4210 1037 4280 permittente,
1084 4220 1274 4266 cuncta
1314 4228 1435 4283 quae
1473 4213 1786 4268 necessario
1832 4213 2116 4268 statuenda

479 4333 484 4346 ι
521 4307 647 4354 sunt
662 4299 936 4355 communi
953 4299 1166 4371 eloquio
1185 4309 1344 4372 atque
1361 4316 1628 4356 consensu
1649 4309 1970 4371 pertractata
1991 4317 2089 4371 pro

520 4387 710 4444 venire
753 4387 1030 4443 credimus
1059 4388 1113 4442 in
1144 4389 1393 4444 salutem.
1439 4390 1644 4444 Tamen
1685 4399 1888 4445 nostrae
1916 4390 2113 4444 volun-

2143 3096 2194 3158 C

2190 488 2344 559 quasi
2390 488 2748 558 praesentibus
2792 488 3158 544 sinceritatem
3205 489 3510 544 devotionis
3560 499 3612 544 et
3659 489 3780 544 fidei

2189 584 2384 632 vestrae
2429 577 2574 632 circa
2619 585 2857 632 sanctam
2889 579 3190 632 Romanam
3219 578 3524 632 Ecclesiam
3554 586 3780 633 matrem

2191 673 2448 729 vestram,
2482 672 2837 737 nostrumque
2868 664 3220 735 pontificium,
3244 674 3404 736 atque
3422 665 3569 721 circa
3597 666 3778 721 ﬁdeles

2191 760 2407 807 nostros
2435 761 2738 823 promptam
2770 754 2824 807 in
2852 753 3105 806 omnibus
3145 754 3435 808 ostendere
3463 755 3777 824 procuratis.

2193 839 2556 908 Quamobrem
2587 841 2733 895 nulla
2760 841 3100 896 inimicorum
3142 841 3378 896 versutia
3407 841 3494 896 vel
3525 841 3782 897 calliditas

2191 945 2291 984 vos
2321 945 2353 982 a
2384 929 2528 983 bono
2557 930 2752 983 mentis
2783 929 3062 999 proposito
3090 929 3144 983 in
3177 929 3361 999 aliqua
3391 930 3628 984 sinistrae
3659 930 3777 1002 cogi

2193 1017 2408 1072 tationis
2461 1025 2554 1072 aut
2607 1017 2898 1071 voluntatis
2956 1025 3166 1087 partem
3217 1017 3478 1082 inclinet;
3513 1018 3611 1071 sed
3658 1018 3788 1072 sicut

2193 1103 2455 1175 cmpistis,
2478 1103 2736 1174 perficere
2766 1105 3080 1160 omnimodo
3109 1105 3359 1177 satagite,
3395 1105 3518 1175 quia
3549 1112 3602 1158 et
3631 1105 3787 1158 meri-

2194 1200 2305 1247 tum
2337 1201 2389 1248 et
2439 1193 2713 1265 condigna
2755 1193 3034 1247 retributio
3075 1193 3252 1257 vobis,
3300 1192 3518 1248 Christo
3559 1191 3789 1256 favente,

2192 1280 2458 1351 provenit.
2509 1281 2648 1334 Nam
2695 1281 2819 1335 licet
2875 1279 3213 1335 inimicorum
3269 1296 3370 1334 nos
3427 1281 3788 1350 praepediente

2195 1368 2539 1423 fraudulenta
2572 1369 2830 1440 nequitia,
2865 1385 2976 1423 non
3007 1368 3190 1423 omnia
3231 1385 3352 1440 quae
3382 1368 3704 1423 volebamus
3732 1385 3792 1424 ex

2194 1464 2307 1511 toto
2355 1457 2720 1527 potuissemus
2767 1455 3055 1527 perficere,
3103 1473 3247 1512 nunc
3292 1465 3494 1521 tamen,
3529 1464 3796 1511 annuente

2198 1545 2450 1610 Domino,
2487 1545 2634 1615 quod
2677 1545 2745 1599 ad
2797 1546 3061 1600 honorem
3094 1554 3297 1600 sancta:
3324 1544 3425 1600 Dei
3453 1544 3718 1600 Ecclesia
3744 1553 3795 1598 et

2198 1632 2356 1686 istius
2404 1639 2564 1686 terra?
2589 1631 2817 1686 salutem
2848 1640 3196 1703 vestramque
3226 1632 3603 1687 defensionem
3630 1632 3797 1702 perti-

2127 1729 2352 1809 Bnent,
2380 1722 2491 1788 jam
2535 1728 2773 1790 emptum
2821 1721 3105 1785 habemus,
3151 1721 3421 1775 credimus
3457 1735 3559 1774 nos
3601 1719 3798 1774 incun-

2211 1816 2420 1862 ctanter
2466 1816 2701 1863 acturos.
2753 1808 2986 1863 Proinde
3035 1809 3313 1862 hortamur
3357 1807 3710 1862 nihilominus
3752 1817 3801 1862 et

2197 1911 2486 1950 monemus
2515 1895 2866 1950 dilectionem
2900 1903 3135 1950 vestram
3167 1903 3224 1949 ut
3254 1895 3392 1950 sicut
3422 1896 3707 1962 hactenus,
3730 1896 3799 1950 ita

2194 1983 2455 2054 deinceps
2486 1984 2715 2038 viriliter
2743 1999 2806 2038 ac
2839 1984 3066 2038 firmiter
3093 1983 3418 2052 consistatis,
3462 1983 3640 2039 donec
3669 1999 3797 2054 spe-

2198 2071 2323 2126 ciali
2379 2070 2672 2142 prtesentia
2728 2072 2964 2139 adjuncti
3017 2071 3178 2125 simul
3234 2069 3542 2142 loquamur,
3593 2079 3648 2125 et
3702 2086 3798 2141 pro

2195 2159 2467 2214 communi
2521 2159 2692 2213 salute
2748 2159 2955 2229 pariter
3001 2159 3307 2213 laborantes
3355 2159 3483 2213 totis
3512 2159 3799 2213 conatibus

2196 2247 2546 2302 desudamus.
2607 2246 2874 2315 Quoniam
2935 2247 3079 2301 velut
3122 2246 3497 2301 charissimum
3547 2254 3600 2301 te
3630 2245 3798 2300 tilium

2198 2336 2426 2390 retinere
2470 2335 2769 2405 cupientes,
2824 2335 3059 2406 benigne
3109 2334 3507 2404 amplectimur,
3541 2343 3592 2388 et
3621 2343 3800 2388 tecum

2202 2424 2256 2478 in
2293 2423 2546 2478 omnibus
2593 2423 2956 2496 congratulari
3003 2422 3233 2477 feliciter
3267 2423 3533 2492 cupimus,
3568 2423 3720 2493 quia,
3753 2431 3808 2476 ut

2203 2512 2404 2567 dictum
2434 2520 2534 2586 est,
2559 2526 2660 2581 pro
2689 2520 2835 2566 οτι-ιο
2865 2511 3008 2566 scias
3038 2520 3089 2564 te
3119 2511 3342 2582 dignam
3360 2511 3517 2564 nobis
3534 2526 3801 2580 compen-

2209 2600 2470 2654 sationem
2502 2615 2625 2653 esse
2671 2599 2860 2668 procul
2891 2599 3056 2652 dubio
3096 2607 3459 2668 recepturum.
3495 2600 3646 2652 Hunc
3679 2613 3806 2652 vero

2208 2688 2492 2742 diaconum
2524 2696 2692 2750 tuum,
2720 2686 2811 2757 qui
2831 2701 2927 2756 pro
2948 2694 3040 2739 tuo
3071 2700 3259 2740 amore
3287 2685 3340 2738 in
3363 2694 3550 2740 nostro
3578 2686 3807 2740 servitio

2209 2783 2355 2829 tanto
2401 2782 2643 2844 tempore
2690 2772 2922 2828 ﬁdeliter
2961 2774 3179 2840 mansit,
3215 2772 3482 2827 sanctitati
3523 2780 3724 2826 vestra":
3753 2772 3807 2826 in

2211 2862 2464 2917 omnibus
2509 2861 2972 2925 commendamus,
3004 2869 3060 2915 ut
3088 2861 3311 2932 dignum
3341 2876 3374 2913 a
3399 2861 3554 2915 vobis
3584 2875 3805 2916 recom-

2210 2951 2548 3020 pensationis
2576 2951 2839 3005 honorem
2870 2950 3153 3019 percipiat.
3186 2951 3325 3004 Data
3353 2953 3418 3004 ut
3447 2966 3638 3022 supra.

2916 3099 3097 3154 CCIII.

2829 3220 2902 3258 AD
2941 3218 3192 3258 EUMDEM.

2827 3313 3006 3380 (Anno
3045 3309 3194 3375 879.)

2354 3419 2420 3474 Ut
2449 3417 2553 3473 sibi
2580 3415 2792 3471 indicet
2825 3417 3006 3472 locum
3038 3416 3132 3471 ubi
3159 3416 3333 3470 simul
3358 3415 3576 3487 possint
3607 3413 3676 3468 de

2482 3490 2796 3543 communis
2823 3490 3030 3558 patriw
3058 3488 3242 3541 salute
3271 3487 3529 3557 colloqui.

2287 3585 2746 3641 Reverentissimo
2775 3593 2826 3638 et
2855 3585 3195 3639 sanctissimo
3242 3583 3545 3654 dilectoque
3588 3579 3817 3637 confra-

2214 3673 2300 3739 tri,
2333 3682 2383 3728 et
2415 3673 2721 3727 consiliario
2752 3681 2938 3726 nostro
2965 3676 3291 3727 Arnaxasw
3324 3671 3580 3742 episcopo
3611 3678 3820 3726 saneta!

2215 3761 2588 3832 Neapolitana:
2617 3760 2896 3815 Ecclesiae.

2287 3849 2530 3904 Scientes
2561 3865 2656 3902 vos
2684 3848 2869 3918 procul
2900 3847 3066 3902 dubio
3089 3847 3278 3902 fideles
3299 3847 3354 3901 in
3373 3847 3625 3902 omnibus
3647 3854 3822 3919 atque

2215 3938 2442 3992 devotos
2490 3953 2610 3991 esse
2655 3945 2855 3991 sanctae
2885 3936 3002 3991 sedi
3032 3936 3340 4006 apostolica:
3371 3944 3681 4006 nostraeque
3716 3950 3819 4005 pa—

2215 4024 2470 4090 ternitati,
2506 4025 2630 4078 totis
2677 4025 2992 4094 prazcordiis
3041 4024 3243 4077 nostris
3292 4023 3683 4077 fraternitatem
3718 4039 3822 4077 ve-

2217 4121 2384 4166 st.am
2414 4112 2616 4182 oppido
2645 4111 2920 4183 diligimus
2950 4120 2998 4164 et
3029 4127 3273 4164 amamus
3297 4129 3308 4164 :
3336 4111 3692 4182 quamobrem
3717 4126 3823 4180 pro

2215 4199 2605 4268 multiplicibus
2635 4199 2886 4254 instantis
2915 4199 3178 4269 temporis
3208 4199 3626 4252 necessitatibus
3652 4208 3823 4268 atque

2215 4288 2592 4341 communibus
2623 4288 2937 4340 utilitatibus
2967 4287 3120 4340 vobis
3142 4303 3264 4340 cum
3282 4285 3502 4356 speciali
3526 4285 3824 4354 pnesentia

2215 4375 2362 4445 loqui
2409 4375 2678 4445 cupimus,
2728 4385 2990 4446 quatenus
3029 4385 3211 4430 vestro
3253 4374 3480 4430 consilio
3509 4373 3822 4428 communi-

513 4475 642 4532 ωιίε
678 4473 931 4531 οπεοιυιῃ
975 4492 1072 4546 per
1126 4478 1341 4531 pen-um
1399 4477 1768 4533 venerabilem
1825 4479 2112 4533 diaconum
2143 4449 2322 4535 une
2365 4471 2592 4517 tractatu
2623 4479 2689 4516 ea
2732 4479 2852 4534 quae
2899 4463 3210 4517 necessario
3247 4472 3374 4516 sunt
3419 4461 3826 4516 consideranda

516 4571 670 4620 tuum
718 4579 1169 4636 communemque
1220 4563 1434 4620 fidelem
1467 4574 1572 4620 tuae
1601 4566 1876 4621 dilectioni
1904 4567 2115 4621 innote-

517 4652 782 4708 scendum
825 4652 1223 4720 mandavimus,
1269 4653 1526 4724 quoniam
1559 4662 1608 4708 te
1639 4654 1796 4724 quasi
1837 4655 2116 4724 proprium

515 4737 687 4795 ﬁlium
718 4739 1011 4812 diligentes
1041 4740 1096 4795 in
1119 4741 1372 4794 omnibus
1405 4741 1605 4796 nostris
1635 4742 1887 4797 volumus
1917 4743 2116 4797 habere

519 4836 846 4885 consortem.
879 4830 1014 4885 Data
1042 4833 1109 4885 ut
1138 4846 1334 4902 supra.

1143 5021 1216 5061 AD
1256 5021 1510 5061 EUIDBI.

1137 5078 1318 5148 (Anno
1358 5079 1508 5147 879.)

773 5165 1038 5237 Ejusdem
1080 5167 1406 5236 argumenti
1434 5182 1500 5222 ac
1529 5164 1869 5238 praecedens.

595 5252 1076 5310 Reverendissimo
1089 5261 1140 5308 et
1158 5252 1502 5310 sanctissimo
1522 5257 1848 5308 Aruamsw
1866 5253 2124 5325 episcopo

526 5350 730 5396 sancta:
760 5341 1127 5412 Neapolitana:
1155 5342 1438 5398 Ecclesiae.

598 5428 794 5484 Multas
839 5431 1138 5502 gratiarum
1184 5431 1428 5487 actiones
1455 5439 1616 5504 atque
1645 5431 1846 5487 salutes
1874 5430 2126 5486 almitatis

529 5523 724 5570 vestris
754 5515 838 5570 bis
865 5519 1066 5573 nostris
1097 5519 1412 5590 apostolicis
1443 5519 1730 5575 referimus
1759 5519 1969 5583 litteris,
2005 5519 2128 5590 quia

2214 4552 2708 4622 perspicaciterque
2759 4551 3032 4605 tractanda
3081 4550 3390 4616 salubriter,
3443 4550 3678 4604 Domino
3723 4564 3824 4602 au-

2214 4648 2434 4706 nuente,
2495 4639 2750 4694 ordinare
2809 4647 3152 4710 statuereque
3194 4638 3485 4708 possimus.
3546 4636 3824 4704 Quoniam

2215 4736 2415 4782 nostra:
2443 4744 2504 4782 ac
2535 4737 2728 4782 vestra:
2767 4737 2920 4781 terrae
2968 4727 3219 4786 salutem.
3250 4728 3410 4780 totius
3443 4725 3694 4780 videlicet
3725 4739 3827 4794 po-

2216 4815 2328 4887 puli
2355 4815 2597 4884 pretioso
2627 4815 2825 4868 Christi
2856 4830 3050 4870 cruore
3082 4813 3360 4884 redempti,
3398 4811 3656 4883 pastorali
3685 4811 3830 4865 dun-

2217 4911 2363 4957 taxat
2390 4919 2544 4957 more
2573 4903 2948 4957 desideramus
2975 4900 3264 4972 perficere,
3284 4910 3336 4956 et
3358 4901 3582 4968 idcirco,
3606 4907 3668 4953 ut
3695 4915 3824 4969 per-

2221 4992 2367 5048 tinax
2413 4991 2757 5046 inimicorum
2806 4990 3201 5060 comprimatur
3243 4989 3482 5053 audacia,
3532 4986 3830 5042 vobiscum

2220 5080 2422 5150 pariter
2467 5079 2713 5148 cupimus
2764 5080 3078 5134 convenire.
3113 5078 3460 5147 Quapropter
3489 5075 3744 5130 volumus
3770 5082 3832 5127 ut

2222 5168 2399 5222 locum
2446 5176 2606 5222 etiam
2650 5175 2851 5221 nostra;
2888 5166 3254 5231 eollocutioni,
3286 5179 3449 5236 quem
3478 5171 3668 5234 aptum
3696 5177 3828 5217 esse

2223 5256 2590 5328 cognoscetis,
2637 5263 2819 5309 nostro
2848 5255 3158 5325 praesulatui
3190 5251 3387 5308 vestris
3415 5253 3515 5306 sub
3544 5251 3830 5306 celeritate

2227 5343 2542 5418 signiﬁcetis
2584 5342 2846 5412 apicibus.
2899 5341 3040 5410 Quia
3087 5357 3206 5404 nos,
3261 5343 3376 5395 Deo
3403 5339 3661 5412 propitio,
3695 5338 3836 5392 illuc

2226 5433 2344 5487 sine
2373 5448 2522 5486 mora
2550 5446 2848 5502 properare
2877 5438 2931 5484 et
2960 5445 3068 5485 una
3099 5429 3380 5484 vobiscum
3402 5425 3653 5483 alacriter
3674 5424 3836 5496 loqui

2227 5537 2336 5575 non
2365 5519 2854 5591 praetermittemus.
2889 5519 3027 5573 Data
3058 5522 3124 5574 ut
3153 5533 3345 5590 supra.
