4072 6186
363 298 464 350 825

1078 411 1259 470 CCIV.

862 513 935 557 AD
973 516 1229 558 CAROLUM
1269 517 1475 558 REGEM.

991 594 1171 662 (Anno
1203 595 1352 662 879.)

370 683 647 738 Hortatur
676 687 740 738 ut
764 685 970 754 legatos
989 683 1202 744 mittat,
1227 685 1282 735 et
1304 683 1364 754 in
1385 682 1678 736 auxilium
1707 682 1969 738 Ecclesiae

914 755 1176 808 Romanae
1206 753 1415 806 veniat.

444 839 669 895 Canono
702 841 839 914 regi.

443 928 666 998 Regalis
694 929 1026 984 excellentia:
1055 937 1252 983 vestrae
1289 927 1498 982 litteras
1530 926 1852 998 recipientes
1883 935 1970 982 at-

368 1032 477 1088 que
507 1016 838 1089 relegentes,
872 1024 926 1071 ut
953 1017 1005 1070 in
1031 1033 1095 1071 eo
1113 1017 1257 1088 quod
1274 1025 1432 1071 antea
1455 1024 1641 1070 nostro
1660 1014 1972 1086 praesulatui

369 1103 668 1168 direxistis,
701 1114 884 1160 vestro
916 1105 1165 1160 videlicet
1197 1121 1381 1158 amore
1415 1105 1811 1175 dilectioneque
1850 1120 1972 1158 ma-

367 1208 648 1261 neremus,
682 1210 790 1248 non
821 1193 1018 1258 solum,
1052 1201 1109 1247 ut
1132 1193 1242 1261 jam
1273 1193 1404 1247 olim
1445 1193 1748 1255 retulimus,
1785 1209 1973 1246 verum

368 1279 534 1335 etiam
565 1281 743 1352 magis
772 1298 835 1336 ac
864 1282 1038 1352 magis
1071 1291 1273 1336 nostra:
1303 1281 1590 1335 voluntatis
1621 1280 1873 1336 alfectum
1907 1281 1975 1334 ad

369 1377 565 1424 vestra:
606 1370 984 1424 exsultationis
1028 1369 1302 1424 cumulum
1347 1369 1608 1438 ampliare
1639 1385 1976 1441 magnopere

368 1457 642 1528 cupimus,
675 1466 836 1530 atque
867 1457 922 1511 in
952 1457 1199 1512 omnibus
1229 1473 1328 1512 ceu
1377 1458 1753 1512 charissimum
1801 1455 1971 1511 lilium

367 1560 468 1600 vos
519 1546 751 1600 retinere
807 1546 994 1616 procul
1051 1546 1216 1600 dubio
1260 1553 1596 1617 satagemus.
1649 1545 1875 1599 Tantum
1920 1554 1976 1599 ut

367 1648 478 1706 quo
500 1634 754 1699 celerius,
779 1635 914 1688 sicut
937 1632 1251 1699 mandastis,
1273 1642 1485 1688 vestros
1503 1634 1730 1688 idoneos
1744 1620 1963 1706 legatos

367 1721 437 1774 ad
469 1737 568 1775 nos
613 1721 854 1794 dirigere
902 1722 1155 1792 potestis,
1204 1722 1542 1793 aliquatenus
1585 1738 1692 1775 non
1736 1730 1961 1792 praeter-

369 1809 634 1872 mittatis;
669 1826 791 1864 cum
839 1809 1035 1880 quibus
1084 1826 1216 1863 sane
1261 1818 1314 1864 et
1357 1809 1736 1864 exultationem
1769 1817 1970 1865 sanctae

371 1897 521 1951 sedis
551 1897 882 1967 apostolicae,
917 1906 968 1952 et
999 1898 1326 1953 istiusterree
1347 1898 1596 1960 salutem,
1623 1906 1970 1968 vestrumque

365 1986 632 2040 honorem
663 1985 955 2056 proﬂigare
1109 1985 1462 2058 investigare]
1511 1986 1971 2056 considerareque

369 2071 684 2126 ﬁrmissime
731 2073 992 2126 valemus.
1047 2074 1113 2127 Et
1169 2075 1291 2127 ideo
1337 2082 1533 2128 vestra:
1583 2073 1972 2146 magnitudinis

368 2161 605 2234 gloriam
637 2162 988 2215 exhortamur
1017 2169 1072 2214 ut
1102 2163 1498 2234 prmcingentes
1532 2163 1686 2232 quasi
1721 2162 1802 2214 vir
1827 2162 1970 2215 lum-

372 2249 475 2304 bos
507 2258 647 2313 tuos,
681 2257 733 2303 et
761 2249 1016 2318 potentizn
1046 2250 1144 2303 Dei
1175 2249 1395 2304 brachio
1433 2251 1692 2303 adversus
1723 2249 1972 2304 inimicos

369 2336 747 2406 potentissime
778 2337 1036 2402 roborati,
1063 2337 1176 2404 jam
1208 2337 1309 2407 ipsi
1343 2338 1524 2391 venire
1554 2353 1660 2391 non
1678 2337 1968 2402 dubitetis;

370 2423 630 2495 quoniam
689 2423 734 2476 si
791 2431 950 2478 tantae
1006 2424 1325 2478 calamitatis
1395 2441 1745 2494 pressuram,
1808 2441 1971 2496 quam

368 2521 562 2566 sancta
592 2513 831 2566 Romana
860 2521 1033 2565 mater
1062 2520 1244 2566 vestra
1273 2512 1515 2567 Ecclesia
1547 2522 1599 2566 et
1627 2512 1796 2583 ipsius
1825 2522 1970 2566 terra

367 2599 609 2672 quotidie
639 2599 708 2653 ab
738 2599 970 2653 inimicis
991 2600 1205 2669 patitur,
1239 2601 1658 2672 cognovissetis,
1683 2600 1970 2655 nobiscum

370 2687 560 2758 utique
589 2687 793 2757 pariter
821 2687 1098 2742 doleretis.
1132 2687 1488 2758 Quapropter,
1524 2688 1598 2742 fili
1630 2689 1966 2750 charissime.

365 2785 662 2847 antequam
720 2775 1062 2830 inimicorum
1119 2776 1330 2830 insidim
1403 2777 1525 2847 plus
1591 2787 1970 2832 acerescentes

366 2863 725 2936 praevaleant,
757 2872 998 2918 nostram
1031 2864 1374 2918 devotionem
1395 2874 1557 2936 atque
1575 2865 1860 2919 consilium
1879 2866 1969 2935 pio

365 2952 566 3006 intuitu
599 2951 878 3006 attendere
898 2951 1044 3006 nullo
1074 2953 1236 3006 modo
1265 2953 1548 3017 desinatis,
1572 2953 1670 3007 sed
1699 2969 1850 3007 more
1881 2969 1971 3023 pa-

367 3048 587 3096 rentum
619 3049 924 3094 vest-rorum
971 3055 1036 3094 ea
1086 3057 1206 3111 quae
1262 3041 1576 3095 necessaria
1616 3049 1740 3094 sunt
1789 3040 1966 3104 nobis,

366 3128 755 3184 instantissime
784 3128 1080 3200 peragatis,
1115 3129 1238 3199 quia
1269 3129 1440 3182 nostri
1468 3129 1802 3199 apostolatus
1826 3129 1965 3183 ulnis
1995 3121 2045 3184 C

365 3216 598 3271 extentis
629 3215 880 3271 alacriter
907 3215 1161 3286 amplecti
1208 3217 1451 3288 regalem
1499 3217 1844 3288 praesentiam
1876 3233 1968 3271 ve-

367 3313 543 3359 stram
571 3304 962 3360 desideramus.
992 3303 1171 3358 Tertio
1201 3305 1385 3360 Nonas
1409 3305 1626 3376 Aprilis,
1650 3305 1838 3360 indict.
1863 3320 1962 3359 xu.

1093 3410 1244 3464 CCV.

771 3513 844 3552 ΑΙ)
883 3513 1183 3552 “'IBERTUM
1222 3514 1548 3554 Εριεοορυη.

987 3589 1169 3655 (Anno
1197 3589 1345 3656 879.)

366 3677 572 3749 Arguit
588 3691 718 3750 eum
738 3675 979 3750 quodqbis
998 3679 1225 3750 vocatus
1243 3677 1314 3730 ad
1327 3692 1384 3750 se
1399 3679 1588 3732 venire
1608 3679 1929 3750 neglexerit
1947 3701 1965 3746 ;

539 3747 797 3818 praecipit
829 3749 892 3799 ut
924 3746 1114 3799 veniat
1143 3748 1367 3815 objectis
1399 3746 1792 3818 responsurus.

441 3833 922 3889 Reverendissimo
940 3841 991 3887 et
1014 3833 1352 3888 sanctissimo
1372 3834 1650 3890 Wtasnro
1673 3837 1967 3892 venerabili

371 3922 650 3993 episcopo.

443 4010 562 4063 Jam
606 4009 750 4063 enim
799 4009 1063 4062 sanctitati
1113 4017 1217 4064 tuae
1252 4009 1335 4062 bis
1375 4011 1622 4066 misimus
1668 4021 1726 4066 ut
1771 4014 1835 4068 ad
1869 4031 1966 4069 nos

365 4099 606 4164 venires,
641 4097 738 4150 sed
767 4096 1084 4168 ignoramus
1106 4113 1211 4168 qua
1241 4098 1543 4154 temeritate
1564 4117 1670 4154 non
1701 4102 1925 4157 obedias
1949 4123 1962 4168 ;

369 4187 679 4258 iterumque
735 4184 993 4238 mittimus
1049 4193 1123 4250 ut,
1185 4186 1436 4240 omnibus
1484 4189 1588 4241 tuis
1642 4191 1966 4259 posthabitis

365 4275 547 4339 seriis,
607 4274 678 4328 ad
734 4290 833 4327 nos
891 4273 1306 4342 prmsentialiter
1359 4275 1654 4342 acceleres,
1716 4280 1966 4348 quoniam

362 4363 527 4419 multi
560 4377 727 4432 supra
755 4371 805 4417 te
836 4362 1156 4425 reclamant,
1190 4363 1422 4417 maxime
1462 4365 1549 4420 hic
1578 4382 1744 4420 senex
1775 4368 1865 4437 qui
1896 4369 1967 4422 ob

367 4453 481 4507 hoc
505 4452 615 4519 jam
643 4453 867 4508 Romam
897 4451 1040 4504 venit
1071 4467 1172 4520 pro
1201 4467 1300 4506 suo
1321 4454 1670 4508 monasterio.
1697 4455 1961 4510 Caeterum
1987 4471 2037 4529 Ι)

369 4541 574 4610 sapias,
607 4539 651 4593 si
683 4539 864 4593 venire
894 4539 1190 4600 distuleris,
1225 4549 1276 4594 te
1299 4543 1898 4610 excommunicandum,
1926 4548 1980 4600 si.

365 4627 749 4700 perseveraris
788 4628 840 4681 in
891 4636 977 4681 tua
1029 4626 1092 4699 [Γ.
1137 4628 1291 4683 deest
1338 4629 1717 4702 obstinatione]
1749 4633 1909 4687 etiam
1939 4651 1971 4690 a

367 4717 756 4773 communione
787 4716 1151 4770 alienandum.
1186 4717 1319 4770 Data
1350 4722 1418 4772 ut
1443 4735 1631 4790 supra.

1075 4830 1252 4884 CCVI.

758 4933 828 4972 AD
869 4933 1267 4973 BERENGARIUM
1306 4935 1573 4976 COMITEM.

989 5007 1171 5078 (Anno
1203 5008 1351 5076 879.)

358 5099 637 5158 Declarat
665 5113 828 5152 suam
858 5097 921 5150 in
952 5110 1082 5149 eum
1111 5095 1575 5162 beneuolentiam,
1611 5099 1970 5155 commendat

443 5171 567 5241 ejus
613 5184 746 5241 erga
796 5169 1103 5241 Romanam
1159 5168 1466 5241 Ecclesium
1513 5170 1966 5236 obseruantiam;

445 5237 604 5309 rogat
624 5237 689 5292 ut
708 5237 1058 5309 Stephanum
1089 5238 1406 5308 episcopum
1437 5239 1498 5292 in
1531 5241 1757 5294 tuendis
1787 5243 1970 5296 Eccle-

445 5307 544 5364 sia:
570 5325 685 5363 sua:
703 5307 930 5379 juribus
956 5307 1202 5377 adjuvet.

444 5397 654 5452 Dilecto
683 5394 792 5450 lilio
823 5395 1185 5450 BERENGMIIO
1215 5395 1455 5467 glorioso
1485 5396 1686 5452 comiti.

1532 292 1886 350 EPISTOLAI
1941 299 2028 353 ET
2085 299 2427 354 DECRETA.

1995 422 2053 484 Α
2142 419 2280 490 Quia
2308 437 2676 492 praecessores
2706 431 2945 488 nostros,
2989 437 3180 483 sacros
3207 415 3670 501 videlicet-ponti-

3568 316 3668 368 826

2066 507 2217 571 fices.
2252 510 2543 575 imitantes,
2595 512 2686 584 qui
2717 513 2989 584 gloriosos
3036 517 3415 589 progenitores
3467 527 3672 576 vestros

2056 597 2250 669 .dignis
2281 616 2496 670 semper
2526 601 2820 656 honoribus
2867 601 3332 674 glorificaverunt.
3367 622 3464 660 vos
3509 607 3667 677 quasi

2069 685 2326 740 dilectum
2357 696 2409 741 et
2439 688 2734 758 spiritalem
2765 689 2932 744 litium
2962 702 3190 762 paterno
3211 693 3457 762 cupimus
3477 691 3671 750 aifectu

2071 773 2302 843 diligere
2361 785 2412 830 et
2466 777 2770 848 gloriosum
2825 779 2878 833 in
2935 781 3186 834 omnibus
3232 782 3483 836 retinere.
3532 783 3670 838 Nam

2074 861 2212 915 sicut
2242 879 2340 931 per
2369 865 2631 919 Demeam
2675 867 2930 922 eximium
2976 868 3169 923 ducem
3218 878 3269 924 et
3300 867 3516 926 fidelem
3565 885 3671 927 no-

2075 957 2247 1004 strum
2279 952 2434 1006 nobis
2449 953 2750 1008 intimando
2767 956 3084 1022 mandastis,
3105 958 3250 1028 quod
3273 973 3406 1030 erga
3430 967 3670 1014 sanctam

2076 1038 2261 1091 sedem
2305 1041 2658 1110 apostolicam
2704 1051 2755 1096 et
2804 1052 3043 1100 nostram
3083 1046 3462 1114 paternitatem
3489 1061 3586 1101 vos
3616 1047 3671 1103 in

2075 1125 2329 1180 omnibus
2355 1128 2534 1182 devoti
2556 1138 2607 1183 et
2629 1130 2944 1186 obedientes
2965 1149 3086 1187 esse
3109 1134 3402 1199 deberetis,
3425 1150 3673 1189 omnem-

2077 1230 2182 1284 que
2238 1223 2474 1269 nostram
2531 1217 2856 1272 voluntatem
2913 1221 3066 1290 quasi
3121 1219 3264 1276 filius
3320 1223 3668 1278 charissimus

2077 1301 2472 1372 adimpleretis,
2505 1304 2728 1358 multum
2754 1305 2947 1360 fuimus
2967 1308 3141 1379 gavisi
3176 1327 3188 1362 :
3223 1311 3318 1364 sed
3337 1310 3670 1381 quiaiterum

2076 1404 2177 1457 per
2209 1390 2420 1444 Petrum
2451 1393 2813 1448 venerabilem
2847 1395 3160 1466 episcopum
3198 1406 3250 1450 et
3287 1399 3549 1452 Joannem
3582 1399 3670 1453 in-

2079 1476 2292 1548 signem
2323 1479 2516 1534 ducem
2547 1481 2701 1536 vobis
2732 1483 3126 1549 mandavimus,
3162 1486 3510 1554 utadjutores
3541 1485 3670 1542 fuis-

2079 1565 2209 1618 setis
2259 1567 2530 1636 Stephano
2571 1571 2869 1626 venerabili
2930 1571 3215 1643 episcopo,
3269 1590 3430 1644 quem
3475 1590 3574 1629 nos
3618 1575 3673 1628 in

2080 1653 2354 1709 Comiaclo
2393 1657 2904 1724 praeordinavimus,
2939 1669 3202 1732 quatenus
3249 1670 3429 1716 vestro
3475 1662 3674 1716 auxilio

1999 1772 2053 1832 B
2079 1741 2294 1810 adjutus
2323 1743 2583 1799 Ecclesiae
2599 1747 2848 1814 sutejura
2860 1749 3302 1818 etpossessiones
3321 1759 3482 1822 atque
3501 1749 3673 1820 ipsius

2075 1845 2264 1884 curam
2294 1831 2522 1888 ducatus
2553 1833 2810 1890 retineret
2840 1852 3090 1902 securus,
3127 1846 3180 1891 et
3223 1846 3404 1893 vestro
3451 1837 3672 1894 minime

2071 1918 2378 1972 audivimus
2435 1921 2674 1989 adiutum
2729 1940 2853 1978 esse
2909 1924 3127 1991 auxilio,
3180 1925 3340 1980 valde
3390 1926 3666 1980 miramur.

2071 2004 2420 2077 QuaprOpter
2450 2025 2710 2081 rogamus
2759 2012 3093 2067 nobilitatem
3144 2021 3289 2066 tuam
3329 2023 3386 2066 ut
3427 2014 3531 2068 tale
3555 2015 3670 2082 jam

2070 2093 2215 2148 dicto
2245 2095 2502 2166 episcopo
2534 2106 2722 2153 nostro
2752 2100 3075 2168 adjutorium
3123 2099 3349 2168 faciatis,
3383 2116 3484 2171 per
3524 2101 3668 2172 quod

2071 2197 2225 2235 suam
2287 2185 2586 2239 Ecclesiam
2642 2196 2690 2241 et
2739 2187 3096 2242 ministerium
3159 2188 3262 2242 sibi
3315 2189 3668 2244 commissum

2071 2271 2338 2324 securiter
2367 2273 2600 2328 retinere
2631 2283 2792 2346 atque
2822 2276 3112 2346 disponere
3141 2276 3333 2330 valeat.
3354 2277 3422 2330 Et
3443 2277 3488 2330 si
3511 2274 3664 2341 forte,

2069 2359 2214 2428 quod
2246 2375 2351 2413 non
2401 2362 2693 2428 credimus,
2729 2372 2910 2417 vestra
2959 2373 3040 2418 est
3082 2364 3223 2419 circa
3271 2380 3372 2419 nos
3419 2365 3670 2419 voluntas

2069 2455 2298 2514 mutata,
2332 2457 2386 2502 ut
2419 2450 2608 2504 audire
2637 2467 2736 2505 nos
2765 2454 2834 2506 de
2865 2453 2969 2506 hoc
3008 2467 3115 2506 non
3161 2453 3394 2522 cupiatis
3427 2454 3666 2522 petimus

2070 2541 2127 2586 ut
2156 2550 2252 2604 pro
2283 2551 2472 2591 amore
2503 2538 2602 2592 Dei
2631 2549 2684 2593 et
2715 2548 2900 2593 nostro
2930 2555 3122 2594 omnes
3168 2549 3378 2595 vestros
3422 2540 3669 2594 homines

2068 2622 2404 2690 prohibeatis
2433 2625 2667 2696 aliquam
2700 2627 2770 2680 ibi
2805 2628 3003 2680 nostris
3020 2628 3450 2683 contrarietatem
3467 2626 3665 2693 facere,

2067 2717 2125 2762 ut
2180 2710 2384 2782 absque
2433 2713 2649 2768 illorum
2705 2715 3093 2784 impedimento
3149 2717 3306 2770 nobis
3346 2715 3469 2771 illos
3514 2715 3672 2771 liceat

2070 2798 2372 2852 secundum
2401 2809 2643 2856 nostram
2693 2803 3109 2872 possibilitatem
3159 2804 3451 2876 castigare,
3502 2803 3667 2857 veluti

2069 2885 2300 2939 rebelles
2329 2895 2382 2942 et
2434 2888 2806 2945 inobedientes
2850 2901 3048 2946 nostra:
3089 2892 3402 2962 apostolicae
3437 2889 3669 2960 jussioni

2068 2987 2137 3026 ne
2167 2989 2412 3041 censum,
2447 2993 2606 3048 quem
2636 2979 2720 3031 his
2749 2979 2904 3033 annis
2933 2980 3222 3035 transactis
3243 2980 3454 3034 duobus
3475 2979 3669 3034 exinde

2074 3063 2432 3131 perdidimus,
2465 3073 2516 3120 et
2545 3066 2703 3120 istius
2731 3067 2858 3122 anni
2885 3069 3202 3138 perdamus.
3229 3071 3366 3123 Data
3386 3071 3454 3123 ut
3471 3084 3663 3140 supra.

2748 3208 2954 3264 CCVII.

2457 3327 2533 3370 AD
2552 3328 2960 3368 PANDENULFUM
3005 3329 3272 3370 COIITBI.

2687 3419 2868 3490 (Anno
2898 3422 3047 3490 879.)

2067 3524 2240 3592 Rogat
2262 3527 2326 3578 ut
2344 3525 2543 3595 legatis
2558 3526 2916 3597 imperatoris
2930 3543 3030 3596 per
3041 3528 3163 3598 ejus
3180 3528 3460 3598 regionem
3475 3530 3662 3582 trans-

2137 3612 2305 3666 ituris
2321 3615 2609 3668 auxilium
2638 3619 2864 3684 praestet
2899 3635 2917 3680 ;
2946 3615 3202 3671 condoiet
3233 3616 3296 3670 de
3315 3632 3666 3688 paganorum

2137 3701 2198 3754 in
2229 3717 2360 3754 eum
2385 3705 2710 3758 incursione
2731 3707 3005 3758 :excusat
3034 3720 3112 3764 se.
3133 3720 3237 3758 cur
3263 3703 3335 3783 ad
3372 3720 3502 3759 eum
3547 3717 3661 3757 non

2139 3793 2268 3842 eat:
2319 3790 2582 3845 hortatur
2626 3795 2692 3845 ut
2727 3793 2803 3846 sit
2838 3793 3031 3846 animo
3061 3793 3222 3862 forti,
3284 3792 3661 3863 promititque

2138 3878 2470 3933 subsidium.

2138 3983 2349 4038 Dilecto
2377 3983 2495 4038 viro
2525 3985 2896 4041 Pxxnaxnnro
2917 3986 3159 4058 glorioso
3187 3985 3368 4042 comiti
3405 3993 3449 4039 ³.

2139 4070 2460 4144 Multiplices
2478 4072 2742 4127 nobilitati
2771 4083 2965 4128 vestrae
3001 4074 3086 4128 his
3111 4075 3310 4128 nostris
3339 4072 3662 4144 praesulatus

2065 4157 2310 4227 apicibus
2343 4143 2547 4230 gratias
2593 4161 2826 4232 agimus,
2879 4162 2969 4232 qui
3027 4171 3260 4216 vestram
3317 4143 3664 4216 devotionem

2065 4254 2228 4316 atque
2259 4247 2623 4312 dilectionem,
2657 4265 2816 4320 quam
2848 4257 3046 4303 nostra:
3085 4249 3374 4304 voluntatis
3421 4264 3666 4318 praecep-

2067 4334 2132 4386 tis
2161 4335 2401 4402 parendo
2423 4335 2676 4390 alacriter
2703 4337 3036 4395 ostendistis.
3072 4337 3125 4388 in
3168 4337 3422 4390 omnibus
3479 4337 3663 4391 since-

2069 4438 2182 4475 ram
2227 4430 2280 4476 et
2326 4422 2668 4476 obedientem
2712 4422 2826 4477 fore
2869 4423 3246 4478 incunctanter
3288 4424 3657 4493 agnoscimus,

2071 4525 2191 4565 cum
2236 4517 2559 4580 praesentem
2620 4511 2760 4564 hunc
2829 4510 3082 4565 Graecum
3143 4510 3439 4581 imperialis
3493 4511 3659 4578 bajuli

2070 4598 2343 4652 hominem
2373 4598 2574 4652 nostris
2594 4598 2867 4653 direxistis
2888 4599 3166 4654 obtutibus
3221 4599 3662 4668 praesentandum

2071 4687 2414 4742 incolumem.
2449 4686 2557 4740 Sed
2589 4687 2714 4758 quia
2758 4687 3067 4758 imperiales
3098 4687 3386 4752 missi,ceu
3425 4687 3477 4740 in
3495 4687 3662 4756 ipsius

2071 4772 2235 4843 bajuli
2268 4775 2571 4845 reperimus
2625 4775 2838 4845 litteris,
2887 4791 2988 4846 per
3037 4791 3133 4830 vos
3194 4774 3467 4828 transituri
3516 4782 3659 4840 sunt,

2072 4873 2338 4934 quatenus
2364 4865 2434 4918 ad
2463 4874 2701 4918 nostram
2751 4864 3102 4934 apostolicam
3157 4863 3507 4934 praesentiam
3561 4878 3662 4918 ve-

2071 4953 2240 5017 niant,
2273 4953 2506 5023 petimus
2535 4953 2873 5007 nobilitatem
2929 4961 3168 5007 vestram
3220 4960 3278 5006 ut
3326 4966 3425 5022 pro
3476 4960 3662 5006 nostro

2067 5057 2252 5096 amore
2291 5051 2343 5096 et
2394 5043 2542 5110 ipsos
2589 5049 2796 5096 vestros
2854 5041 3055 5096 auxilio
3104 5043 3338 5096 munitos
3376 5055 3659 5110 prospero,

2067 5139 2338 5184 annuente
2355 5130 2600 5193 Domino,
2619 5130 2777 5184 nob's
2801 5129 2990 5185 itinere
3011 5131 3280 5203 dirigatis.
3301 5128 3461 5197 Quod
3482 5136 3664 5183 autem

2067 5219 2350 5288 multiplici
2373 5234 2714 5290 paganorum
2741 5219 3052 5274 incursione
3083 5236 3180 5274 vos
3202 5226 3459 5290 gravatos
3507 5233 3660 5272 asse-

2068 5307 2186 5361 ritis
2219 5307 2596 5370 mndolemus,
2624 5307 2858 5362 maxime
2888 5308 3013 5378 quia
3057 5308 3223 5362 vestri
3265 5307 3521 5362 concives
3550 5305 3660 5362 cir-

2070 5411 2393 5468 cunquaque
2423 5396 2583 5466 positi
2602 5411 2723 5451 cum
2746 5397 2952 5452 eisdem
2980 5397 3301 5467 perditionis
3329 5393 3456 5451 filiis
3487 5394 3662 5452 foedus

439 5530 462 5555 ι
512 5521 682 5573 Comiti
721 5521 986 5584 Capuam,
1034 5523 1086 5570 ut
1150 5533 1212 5570 ex
1279 5521 1482 5584 epistola
1547 5523 1646 5572 209
1694 5527 1903 5574 constat.
1934 5525 2049 5587 Ejus
2091 5523 2313 5574 meminit
2339 5524 2435 5574 Leo
2480 5523 2531 5572 in
2577 5521 2820 5574 Chronico
2866 5522 3179 5582 Cassinensi,
3223 5523 3310 5572 lib.
3361 5535 3398 5584 ι,
3436 5522 3656 5585 «p.45.
