4028 6180
478 233 580 284 827

1759 225 2054 280 JUANNIS
2113 227 2302 278 PAPA'J
2369 227 2502 280 \‘lll.

3685 235 3778 282 8118

471 353 611 408 inire
641 361 928 422 procurant
965 371 977 404 :
1012 351 1366 422 quamobrem
1393 359 1630 404 nostrain
1673 350 1756 402 his
1789 349 1986 403 vestris
2013 350 2068 403 in
2103 349 2378 414 Adevoti,
2428 359 2480 402 et
2523 365 2588 404 ea
2633 365 2752 420 que
2803 351 2960 404 vobis
3009 349 3158 404 utilia
3221 351 3308 404 vel
3357 351 3608 420 proﬁcua
3664 368 3781 407 esse

471 440 720 511 partibus
749 441 1064 496 necessario
1105 439 1450 510 prazsentiam
1481 437 1870 509 praestolamini
1922 435 2050 491 adfu
2071 468 2083 476 -

473 537 670 582 turam.
706 529 821 583 Nos
877 543 1030 588 vero,
1092 527 1232 581 sicut
1287 526 1616 596 jampridem
1675 524 2080 591 mandavimus,

468 632 570 685 pro
605 616 878 670 communi
922 617 1180 669 duntaxat
1219 615 1449 668 utilitate
1509 621 1676 684 atque
1723 613 1894 668 salute
1935 611 2083 666 omni

471 703 674 758 annixu
705 705 890 758 venire
921 719 1261 775 magnopere
1303 701 1570 772 cupimus,
1632 701 1882 772 quamvis
1932 709 1984 754 et
2014 700 2084 756 de

473 791 692 846 assidua
723 791 972 860 corporis
1003 790 1444 849 incommoditate
1491 797 1544 844 et
1577 790 1644 844 de
1693 795 1916 859 peracto
1969 789 2082 856 jam

470 879 714 933 Francize
745 879 936 933 itinere
967 869 1141 932 adhuc
1173 873 1897 932 maneamusdefessi.Nunc
1917 877 2084 946 igitur

471 976 597 1020 ante
623 967 1006 1036 praedictorum
1039 965 1401 1037 imperialium
1435 965 1726 1018 missorum
1783 964 2076 1018 adventum

471 1053 598 1109 illuc
631 1071 928 1124 properare
959 1054 1244 1124 nequimus
1277 1073 1290 1116 ;
1319 1069 1441 1108 cum
1473 1067 1604 1105 vero
1627 1067 1810 1105 eorum
1841 1051 2077 1123 legatio-

471 1159 596 1197 nem
625 1143 785 1196 nobis
815 1143 1049 1198 delatam
1081 1143 1360 1212 congruis,
1405 1143 1518 1194 Deo
1547 1139 1780 1209 prOpitio
1814 1181 1826 1206 ,
1854 1155 2077 1210 respon-

472 1232 715 1286 sionibus
745 1239 955 1285 utentes
985 1229 1335 1290 audierimus.
1371 1237 1499 1282 tunc
1533 1227 1660 1298 quid
1691 1227 1874 1281 utilius
1912 1243 2080 1299 agen-

470 1319 599 1373 dum
632 1320 700 1372 sit
729 1335 826 1388 pro
857 1319 1061 1372 viribus
1091 1333 1256 1388 agere
1313 1315 1532 1371 omnino
1589 1315 1922 1369 curabimus.
1969 1317 2078 1369 Vos

471 1415 658 1462 tamen
699 1407 754 1460 in
775 1406 1007 1460 Domino
1037 1403 1374 1460 confidentes
1391 1403 1573 1457 animo
1592 1411 1763 1457 estote
1783 1405 2072 1471 constanti,

471 1495 562 1565 qui
595 1510 702 1547 non
733 1494 940 1548 deserit
998 1493 1334 1548 confidentes
1363 1492 1416 1546 in
1447 1507 1526 1556 se,
1560 1499 1616 1544 ut
1647 1491 1788 1544 inter
1849 1499 2078 1546 caeteros

474 1589 688 1636 vestros
715 1581 994 1650 proximos
1041 1590 1200 1652 atque
1239 1581 1445 1635 vicinos
1489 1577 1816 1633 efﬁcaciores
1863 1594 1928 1634 ac
1975 1595 2079 1650 po-

2191 437 2464 502 videntur,
2498 437 2666 492 alacri
2689 437 2942 492 duntaxat
2999 447 3178 492 mente
3225 437 3514 508 perﬁcere,
3563 455 3664 494 nec
3691 456 3788 510 pro

2181 525 2363 596 aliquo
2409 526 2626 581 homine
2669 535 2909 582 vestram
2965 525 3122 581 nobis
3168 527 3420 581 dilectam
3493 529 3782 583 amicitiam

2185 614 2579 685 relinquamus,
2616 615 2712 669 sed
2743 615 2832 684 pio
2861 615 3042 686 potius
3073 614 3264 668 intuitu
3295 615 3346 668 in
3380 615 3636 670 omnibus
3667 631 3782 671 con-

2185 717 2406 755 servare
2453 701 2695 756 illaesam.
2753 703 2832 756 De
2871 711 3023 772 parte
3077 709 3252 756 autem
3309 703 3614 772 spiritualis
3663 703 3782 761 ﬁlia

2181 797 2380 843 nostra:
2411 789 2777 862 Angelberga
2797 790 3182 858 imperatricis,
3209 791 3552 845 charissima;
3597 795 3780 848 matris

2183 886 2397 942 vestras,
2447 893 2544 946 pro
2621 885 2768 932 certo
2815 877 2979 932 citote
3043 877 3298 948 quoniam
3355 887 3590 948 paterno
3665 896 3781 936 eam

2181 963 2380 1018 affectu
2421 981 2636 1034 semper
2693 965 3000 1028 dileximus,
3053 974 3108 1020 et
3161 966 3422 1036 quandiu,
3485 968 3776 1026 auxiliante

2183 1053 2434 1118 Domino,
2485 1053 2801 1120 vixerimus,
2864 1053 3096 1124 diligere
3137 1061 3434 1125 nostroque
3479 1057 3782 1124 apostolico

2183 1141 2428 1194 subsidio
2447 1141 2706 1209 adjuvare
2738 1141 2984 1212 tuerique
3025 1141 3782 1211 magnopere'desideramus,

2181 1245 2392 1284 necnon
2431 1237 2483 1284 et
2514 1229 2670 1300 quasi
2729 1230 3107 1285 charissimam
3157 1239 3209 1284 et
3265 1229 3569 1299 spiritalem
3619 1229 3782 1288 ﬁliam

2179 1316 2476 1387 gloriosius
2507 1317 2764 1372 retinere.
2799 1319 2966 1372 Porro
3003 1317 3072 1371 de
3101 1326 3298 1372 vestra:
3343 1317 3643 1372 voluntatis
3691 1336 3780 1376 ac-

2181 1405 2348 1470 tione,
2394 1420 2556 1476 quam
2614 1405 2795 1460 dicitis
2851 1405 3128 1468 exhibere,
3189 1421 3290 1458 nos
3341 1405 3458 1458 sine
3507 1407 3676 1462 dubio
3737 1409 3784 1462 in

2181 1501 2367 1546 vestra
2389 1493 2624 1547 amicitia
2661 1501 2969 1548 constantes
3015 1491 3303 1546 habebitis.
3335 1493 3416 1547 De
3436 1502 3596 1562 parte
3645 1513 3781 1566 quo-

2183 1595 2288 1650 que
2345 1579 2626 1634 Adelberti
2685 1581 2912 1651 gloriosi
2985 1579 3335 1644 marchionis,
3407 1596 3506 1634 seu
3551 1582 3782 1638 Rutilda

473 1669 639 1723 tiores
707 1669 761 1721 in
845 1670 1096 1724 omnibus
1161 1667 1484 1740 appareatis,
1561 1665 1812 1736 quoniam
1889 1676 2074 1722 nostro
2097 1697 2150 1755 Β
2180 1663 2472 1718 comitissa:
2510 1664 2760 1734 conjugis
2791 1665 2927 1732 ejus,
2983 1671 3280 1732 cognoscat
3311 1663 3570 1718 nobilitas
3609 1674 3786 1721 vestra

472 1756 772 1827 apostolico
797 1771 895 1812 vos
939 1757 1212 1828 praesidio,
1259 1765 1414 1826 prout
1462 1761 1826 1824 opportunum
1883 1753 2061 1820 fuerit,

477 1845 630 1918 quasi
652 1845 1000 1902 charissimos
1031 1845 1169 1902 tilios
1195 1843 1586 1916 adjuvabimus.
1623 1841 1754 1896 Data
1792 1847 1856 1896 ut
1874 1859 2064 1915 supra.

1133 1975 1362 2030 CCVIII.

579 2077 649 2113 AD
679 2077 1162 2126 ARCIIIEPISCOPOS,
1195 2078 1496 2124 Εοιιωιρυε
1521 2075 1970 2118 SUFFRAGANBOS.

1087 2153 1268 2216 (Anno
1299 2153 1448 2220 879.)

473 2237 549 2291 Ne
581 2238 964 2292 Bicbertinum
997 2243 1132 2293 ante
1175 2255 1360 2294 causa:
1380 2241 1790 2294 discussionem
1852 2253 2070 2291 excom-

1111 2311 1427 2364 municent.

543 2411 1034 2467 Reverendissimis
1064 2421 1118 2468 et
1143 2413 1500 2468 sanctissimis
1557 2413 1920 2468 contratribus
1965 2425 2068 2464 no-

471 2499 617 2566 stris,
649 2503 977 2554 AvaaLuNo
1008 2509 1060 2555 et
1093 2499 1463 2564 OTTERAMNO.
1497 2517 1708 2558 necnon
1731 2507 1783 2555 et
1811 2501 2064 2554 Tnnono-

471 2601 618 2654 meo,
654 2595 707 2642 et
739 2587 1008 2642 universis
1038 2589 1382 2660 coepiscopis
1413 2590 1630 2645 vestris.

541 2673 798 2730 Omnium
829 2683 1070 2732 vestrum
1099 2677 1372 2732 sanctitati
1409 2686 1594 2732 notum
1644 2693 1766 2732 esse
1825 2675 2071 2730 volumus

469 2762 684 2817 venisse
713 2763 1098 2828 Bicbertinum,
1140 2763 1478 2820 deferentem
1539 2765 1882 2836 imperatoris
1931 2777 2070 2833 prat-

471 2857 686 2918 ceptum
709 2859 762 2903 et
792 2851 1229 2906 commutationis
1259 2852 1556 2906 chartulam
1593 2853 1662 2906 de
1715 2851 1880 2907 rebus
1937 2865 2072 2920 quas

470 2937 684 2990 charius
706 2951 827 2992 cum
859 2937 1051 2992 Amulo
1081 2938 1496 3009 archiepiscopo
1520 2939 1720 2993 dudum
1759 2937 2072 2993 celebrave-

473 3031 615 3077 runt.
653 3024 881 3094 Insuper
928 3033 1114 3080 nostro
1166 3025 1484 3095 apostolatui
1533 3026 1800 3080 intimavit
1847 3033 1904 3079 ut
1945 3040 2071 3079 cum
2101 3045 2150 3106 Ο

473 3112 590 3165 sine
621 3112 830 3166 ratione
859 3113 1104 3167 discussa
1153 3113 1628 3168 excommunicare
1688 3113 1869 3168 vultis.
1929 3111 2072 3181 Qua-

469 3207 696 3270 propter
731 3200 1028 3270 apostolica
1057 3201 1376 3256 auctoritate
1399 3201 1654 3270 jubemus
1682 3209 1739 3256 ut
1785 3217 1946 3256 nemo
1972 3217 2070 3254 ve-

471 3297 642 3342 strum
660 3304 785 3344 eum
813 3289 1264 3356 excommunicet,
1285 3299 1576 3361 antequam
1597 3289 1666 3344 ad
1683 3289 1822 3361 legis
1841 3305 2069 3344 examen

469 3377 771 3446 proveniat.
807 3376 1028 3446 Scitote,
1062 3378 1522 3448 quemadmodum
1552 3377 1608 3431 in
1633 3378 1931 3432 centesimo
1978 3393 2071 3432 ca-

469 3463 635 3534 pitulo
665 3464 908 3520 Africani
939 3465 1154 3520 concilii
1189 3465 1408 3536 legitur,
1432 3465 1683 3520 similiter
1710 3465 1766 3520 in
1827 3465 2070 3520 secundo

471 3551 808 3606 novellarum
839 3553 1128 3607 Iustiniani
1157 3554 1299 3608 libro
1320 3597 1332 3618 ,
1365 3562 1422 3606 ut
1451 3570 1613 3608 nemo
1655 3555 1946 3624 epiSCOpus
1981 3561 2071 3608 aut

471 3641 759 3710 presbyter
783 3640 1020 3712 aliquem
1051 3643 1484 3698 excommunicet
1541 3650 1831 3712 antequam
1901 3655 2072 3696 causa

467 3729 748 3797 probetur.
783 3727 885 3798 Qui
919 3731 1418 3785 excommunicatus
1448 3731 1713 3798 majorem
1731 3731 2070 3786 sacerdotem

468 3816 647 3878 adeat,
671 3825 724 3871 et
754 3817 862 3872 illa;
892 3818 984 3887 qui
1027 3818 1224 3886 injuste
1263 3817 1775 3882 excommunicavit,
1831 3817 1900 3871 ab
1949 3819 2070 3887 ipso

463 3904 607 3970 juste
635 3905 887 3974 patiatur.
925 3906 992 3958 Et
1021 3921 1180 3959 nemo
1223 3914 1484 3972 vestrum,
1517 3913 1607 3959 aut
1645 3905 1868 3976 quilibet
1897 3905 2068 3959 laico-

473 4007 589 4045 rum
619 3991 850 4060 prmfati,
883 4007 974 4044 res
1012 4000 1135 4046 ante
1219 3993 1359 4062 legis
1412 3993 1748 4048 sanctionem
1808 3993 2069 4048 invadere

470 4077 853 4142 audeat.Nam,
887 4079 1033 4148 quod
1055 4094 1164 4134 non
1203 4079 1493 4144 credimus,
1514 4081 1558 4134 si
1588 4081 1913 4150 quiscontra
1929 4081 2070 4136 hanc

473 4173 716 4220 nostram
773 4166 1128 4236 apostolicam
1187 4167 1560 4222 auctoritatem
1621 4167 1698 4222 ire
1758 4169 2067 4230 tentaverit,

472 4253 606 4308 sciat
647 4270 704 4308 se
751 4255 1113 4309 anathematis
1175 4255 1389 4310 vinculo
1437 4256 1768 4310 innodatnm.
1825 4258 1959 4310 Data
2007 4261 2072 4312 ut

473 4357 665 4414 supra.

1175 4451 1361 4506 CCIX.

931 4553 1002 4590 AD
1033 4553 1290 4592 BOSONEM
1322 4555 1585 4594 COMITEM.

1085 4627 1265 4696 (Anno
1295 4629 1444 4696 879.)

474 4729 546 4781 De
589 4727 864 4781 incolumi
897 4727 1019 4796 ejus
1048 4723 1422 4796 prosperitate
1455 4725 1820 4796 gratulatur:
1845 4739 1917 4796 se!
1943 4727 2067 4776 tum

542 4814 690 4860 eum,
737 4801 860 4850 tum
907 4794 1306 4864 Angelbergam
1365 4795 1788 4864 imperatricc-m
1867 4794 2066 4848 charos

542 4867 740 4920 habere
763 4867 1049 4930 ostendit;
1081 4869 1240 4935 rogat
1273 4867 1334 4918 ut
1359 4864 1650 4918 Adelberto
1681 4868 1736 4917 et
1767 4865 2066 4935 illiuscon-

533 4937 662 5008 jugi
693 4937 928 4992 Rotilda:
973 4933 1252 5005 bonaauaz
1277 4937 1338 4989 in
1357 4935 1648 5006 provincia
1677 4933 2061 5004 possederant,

541 5009 790 5062 retinere
810 5008 1132 5078 permittat.

547 5113 756 5167 Dilecto
787 5109 896 5164 filio
923 5111 1132 5164 BOSONI
1163 5110 1405 5180 glorioso
1423 5109 1673 5179 principi.

541 5201 680 5268 Quia
711 5199 904 5253 litteris
933 5198 1222 5252 nobilitatis
1253 5207 1448 5252 vestra:
1497 5197 1730 5262 relectis,
1769 5213 1868 5251 vos
1917 5197 2064 5250 inco-

474 5289 644 5342 lumes
687 5305 810 5342 cum
850 5295 1030 5354 aptata
1091 5286 1450 5362 prosperitate
1507 5285 1692 5356 vigere
1751 5285 2059 5348 didicimus,

473 5375 760 5444 plurimum
793 5391 980 5428 sumus
1011 5371 1308 5428 lzetiefi‘ecti
1342 5391 1356 5436 ;
1391 5389 1516 5426 nam
1545 5381 1742 5427 vestrae
1757 5372 2064 5428 dilectionis

474 5477 660 5518 amore
673 5462 968 5534 apostolica
991 5478 1208 5538 semper
1229 5460 1477 5536 cupimus
1501 5460 1831 5538 benignitate
1844 5475 2063 5514 manere

2099 4393 2149 4451 D

2179 1751 2324 1822 quod
2347 1752 2502 1805 vobis
2523 1752 2582 1805 in
2615 1751 2866 1806 omnibus
2897 1749 3090 1805 ﬁdeles
3107 1759 3158 1804 et
3189 1749 3418 1804 devotos
3457 1752 3668 1807 amicos
3689 1771 3782 1809 eos

2170 1855 2292 1894 esse
2326 1840 2709 1910 cognoscimus
2743 1859 2756 1904 ;
2783 1839 2906 1894 ideo
2937 1853 3195 1910 rogamus
3226 1845 3283 1890 ut
3313 1853 3505 1892 eorum
3527 1842 3780 1897 comitata

2169 1921 2226 1981 in
2257 1928 2534 1997 provincia
2565 1929 2763 1998 posita,
2796 1927 2934 1982 sicut
2949 1927 3060 1994 jam
3089 1935 3337 1995 tempore
3367 1925 3539 1998 longo
3585 1937 3776 1985 tenue-

2171 2024 2310 2084 runt,
2339 2016 2409 2070 ita
2439 2016 2702 2086 deinceps
2746 2031 2846 2086 pro
2877 2023 3067 2070 nostro
3126 2028 3318 2068 amore
3369 2015 3638 2070 securiter
3689 2020 3784 2072 ha-

2169 2103 2352 2159 beant.
2385 2103 2648 2174 Uptamus
2687 2103 2918 2174 gloriam
2941 2111 3174 2156 vestram
3206 2117 3350 2156 nunc
3373 2111 3427 2158 et
3468 2119 3689 2176 semper
3723 2107 3774 2160 in

2167 2191 2380 2246 Christo
2408 2207 2630 2246 manere
2661 2199 3002 2263 perpetuam.
3027 2190 3164 2244 Data
3197 2193 3262 2244 ut
3280 2207 3478 2262 supra.

2892 2279 3026 2333 CCX
3038 2319 3049 2330 .

2261 2383 2329 2420 AD
2359 2383 2764 2422 LIUDTEFRIDUM
2799 2381 3066 2432 COMITEM,
3099 2380 3340 2418 EIUSDEM
3373 2381 3688 2422 (ῖοκιυαωι.

2775 2471 2792 2526 (Ι
2801 2459 2956 2510 Anno
2987 2458 3086 2510 879
3097 2461 3134 2516 ξ)

2233 2545 2702 2598 Earcommunieat
2735 2559 2842 2608 eos,
2881 2547 3008 2616 quia
3033 2549 3340 2604 monialem
3355 2548 3710 2602 monasterio

2825 2640 3156 2704 rapuerant.

2245 2720 2620 2773 Ltunrnrnmo
2651 2720 2832 2774 comiti
2867 2729 2918 2774 et
2949 2723 3166 2794 conjugi
3199 2739 3330 2778 suae.

2243 2805 2380 2873 Quia
2401 2815 2591 2861 contra
2633 2807 2816 2860 divina
2857 2815 2909 2862 et
2947 2807 3130 2880 legum
3161 2819 3432 2881 praecepta
3493 2813 3774 2866 temerarie

2170 2910 2336 2964 agere
2366 2910 2474 2947 non
2517 2895 2828 2960 erubuistis,
2865 2896 2938 2950 ita
2995 2905 3072 2960 ut,
3134 2899 3343 2954 calcato
3403 2899 3506 2953 Dei
3562 2900 3774 2962 timore,

2174 2981 2538 3036 Garelendam
2562 2998 2721 3036 sacro
2755 2983 3022 3038 velamine
3041 2994 3258 3054 tectam,
3293 2995 3348 3041 et
3375 2987 3426 3040 in
3445 2987 3775 3041 monasterio

2173 3069 2761 3141 Angelbergazdilectze
2779 3070 2902 3126 filize
2919 3081 3116 3128 nostrae
3137 3074 3502 3144 imperatricis
3515 3077 3774 3146 Augusta

2173 3157 2273 3210 sub
2321 3157 2659 3228 professione
2707 3159 2947 3230 regulari
3001 3161 3308 3216 diutissime
3372 3171 3769 3229 conversatam,

2173 3245 2318 3316 quod
2349 3245 2636 3300 Placentiae
2664 3247 2824 3300 situm
2857 3255 2958 3312 est,
3007 3249 3328 3304 abstrahere
3385 3249 3772 3306 fraudulentis-

2173 3333 2310 3386 sima
2360 3333 2618 3388 suasione
2675 3335 2796 3388 ausi
2855 3333 3111 3402 fueritis;
3143 3339 3334 3392 tandiu
3389 3346 3440 3391 te
3521 3347 3770 3410 tuamque

2171 3422 2464 3492 conjugem
2497 3421 2818 3476 auctoritate
2841 3425 3014 3478 sancti
3046 3424 3280 3494 Spiritus
3331 3426 3552 3480 Domini
3597 3427 3764 3480 nostri

2171 3523 2204 3562 ι
2231 3523 2458 3577 corpore
2517 3517 2568 3562 et
2611 3510 2872 3580 sanguine
2931 3511 3148 3566 Domini
3177 3513 3350 3567 nostri
3381 3513 3514 3568 Jesu
3571 3513 3764 3568 Christi

2172 3611 2514 3666 separamus,
2575 3605 2628 3650 et
2686 3613 2715 3650 a
2771 3600 3048 3654 consortio
3087 3600 3529 3668 Christianitatis,
3590 3602 3760 3655 donec

2169 3683 2486 3753 praedictam
2518 3683 2772 3739 feminam
2827 3685 3196 3752 Garelindam,
3231 3687 3354 3743 loco
3381 3689 3528 3743 unde
3555 3689 3760 3760 degan-

2171 3773 2360 3838 nastis,
2387 3773 2884 3840 restituatis.Quod
2917 3775 2962 3828 si
2993 3776 3096 3830 hoc
3139 3776 3510 3848 neglexeritis,
3547 3778 3764 3831 anathe-

2171 3861 2328 3913 matis
2353 3875 2448 3913 vos
2479 3861 2708 3916 vinculis
2737 3861 3080 3917 innodamus.
3115 3865 3252 3919 Data
3273 3869 3339 3919 ut
3353 3881 3552 3936 supra.

2864 3950 3049 4004 CCXI.

2545 4052 2614 4090 AD
2645 4052 2968 4092 GREGORIUM
2999 4053 3382 4095 PRIMICEBIUI.

2783 4129 2962 4192 (Anno
2993 4128 3142 4194 8'79.)

2175 4213 2534 4268 Commendat
2549 4216 2668 4284 ejus
2697 4213 2950 4268 studium
2963 4231 3092 4284 erga
3105 4217 3414 4270 Ecclesium
3445 4221 3504 4270 et
3523 4219 3760 4284 impera-

2241 4287 2410 4356 tores;
2423 4283 2706 4356 signiﬁcat
2721 4299 2776 4338 se
2793 4285 2880 4356 ad
2897 4283 3547 4356 ConstantinOpolitamz
3581 4283 3759 4342 Eccle-

2238 4355 2338 4426 sitz
2355 4355 2774 4426 pertubationes
2787 4353 3064 4426 sedandos
3081 4353 3348 4426 paratum
3360 4373 3504 4412 esse:
3519 4357 3758 4412 ostendit

2241 4425 2598 4499 imperatoris
2617 4425 2823 4499 tegatos
2845 4424 3146 4493 honoriﬁce
3159 4442 3216 4499 se
3227 4431 3756 4499 excepturumquos

2241 4494 2414 4569 etiam
2445 4511 2478 4548 α
2499 4497 2700 4569 comite
2735 4495 2996 4566 Capuano
3019 4497 3262 4568 recipiet
3293 4494 3438 4552 ad’se
3469 4500 3630 4553 mitti
3643 4494 3756 4569 'jam

2151 4563 2163 4574 '
2239 4567 2412 4618 antea
2443 4565 2768 4620 mandarat.

2239 4669 2447 4725 Dilecto
2467 4669 2584 4725 viro
2607 4670 2899 4726 Gnaeoan
2941 4671 3184 4744 glorioso
3205 4673 3540 4742 primicerio,
3587 4685 3642 4728 et
3667 4675 3756 4728 im-

2169 4757 2359 4827 periali
2391 4758 2586 4826 bajulo.

2241 4846 2453 4900 Litteris
2485 4846 2608 4913 tuis,
2643 4861 2780 4916 quas
2823 4847 2981 4901 nobis
3036 4864 3135 4918 per
3185 4848 3520 4918 Stephanum
3575 4850 3748 4905 candi-

2167 4934 2352 4986 datum
2371 4931 2586 4987 lidelem
2607 4943 2754 4987 tuum
2770 4935 3031 4996 direxisti.
3067 4935 3303 4998 relectis,
3325 4937 3636 4991 devotionis
3655 4947 3746 4991 tua

2169 5021 2534 5075 sinceritatem
2567 5030 2618 5076 et
2645 5020 2825 5088 tidem,
2857 5039 3020 5092 quam
3039 5023 3186 5078 circa
3207 5023 3516 5078 Ecclesiam
3577 5026 3676 5079 Dei
3703 5033 3744 5078 et

2168 5109 2591 5180 gloriosissimos
2619 5111 2976 5180 imperatores
2997 5111 3165 5165 habes
3195 5115 3748 5182 Augustos,enuclea-

2167 5198 2271 5250 tius
2299 5207 2682 5268 agnoscentes,
2716 5199 3008 5268 plurimum
3068 5199 3454 5254 collaudamus.
3519 5201 3586 5255 Et
3643 5201 3748 5254 ideo

2167 5285 2337 5340 sacris
2367 5285 2696 5340 orationibus
2728 5287 2950 5352 nostris,
2977 5287 3116 5341 sicut
3153 5287 3388 5356 supplici
3418 5296 3546 5342 voto
3579 5301 3746 5358 postu-

2167 5373 2306 5436 lasti,
2359 5373 2590 5428 Domino
2656 5375 3038 5428 commendare
3079 5383 3135 5428 ut
3167 5385 3217 5428 et
3275 5390 3308 5429 a
3367 5376 3666 5429 visibilibus
3703 5381 3748 5427 et

2167 5461 2526 5526 invisibilibus
2585 5477 2839 5520 securus.
2902 5478 2965 5518 ac
3025 5463 3194 5516 victor
3256 5463 3477 5520 existas.
3541 5463 3744 5518 omnino
