4072 6186
264 258 366 312 829

1431 202 1786 302 ΕΡΙέΤΟΕᾸΞ
1842 248 1932 304 ΕΤ
1985 247 2332 331 DECRETA.

3463 250 3564 302 830

270 378 573 433 studemus.
606 374 677 429 Et
705 372 828 445 quia
853 387 1056 444 magno
1084 370 1394 442 imperatori
1424 378 1518 426 tuo
1564 370 1869 427 Ecclesiam
1896 369 2203 441 Aapostoli
2247 369 2683 431 benedictionem
2732 369 3053 426 ﬁaternitati
3093 376 3285 425 vestrae
3329 371 3562 427 manda-

275 464 374 521 Dei
402 460 685 535 paciﬁcari
712 460 934 526 volenti,
966 475 1067 515 nos
1092 467 1148 514 ut
1176 457 1358 514 favere
1386 458 1687 514 debeamus
1736 458 1870 513 hor-

276 552 426 619 taris,
477 551 534 605 id
576 550 726 618 juxta
774 548 949 604 nostri
991 546 1153 603 ofﬁcii
1200 546 1573 618 magisterium
1618 554 1873 616 prompta

277 641 540 694 duntaxat
568 652 738 710 agere
769 637 1043 691 voluntate
1072 634 1332 689 divinitus
1358 634 1527 702 adjuti
1571 650 1823 689 curamus
1855 652 1870 699 ;

278 726 556 800 quoniam,
602 725 816 780 dicente
860 723 1139 795 Apostolo,
1186 722 1554 778 Ecclesiarum
1603 722 1703 777 Dei
1756 737 1874 777 om-

166 874 177 877 ,
275 816 423 870 nium
452 813 612 868 nobis
650 811 958 868 sollicitudo
1000 811 1281 866 incumbit.
1334 808 1675 881 Quapropter
1720 825 1874 865 more

271 903 740 974 praedecessorum
770 906 1085 954 nostrorum
1113 897 1452 968 pontificum,
1483 898 1873 954 Constantino-

271 991 569 1063 politanam
616 986 922 1043 Ecclesiam
968 986 1357 1057 multiplicibus
1409 986 1682 1042 scandalis
1730 1001 1874 1042 nunc

268 1078 660 1151 perturbatam,
700 1084 859 1147 prout
909 1076 1117 1144 justum
1184 1083 1271 1130 est
1327 1064 1508 1146 'atque
1586 1074 1874 1145 possibile,

267 1167 464 1222 sedare
518 1164 784 1228 volumus,
825 1170 878 1217 et
932 1178 1127 1234 pacem
1210 1170 1532 1233 perpetuam
1611 1161 1870 1217 stabilire-

267 1256 538 1310 Praeterea
567 1250 732 1323 legati
760 1249 1100 1320 imperiales,
1132 1266 1268 1322 quos
1297 1250 1368 1304 ad
1416 1257 1608 1305 nostra
1655 1258 1880 1320 aposto—

263 1343 368 1399 lica
399 1340 615 1413 fastigia
642 1339 782 1395 dicis
804 1355 929 1394 esse
955 1338 1214 1405 directos,
1248 1338 1295 1394 si
1323 1338 1595 1405 venerint,
1648 1353 1880 1410 compe-

265 1430 401 1485 tenti
427 1444 460 1483 a
488 1428 645 1483 nobis
678 1426 1013 1498 recipientur
1039 1427 1269 1495 honore,
1301 1434 1355 1481 et
1381 1426 1740 1499 Augustalem
1777 1440 1879 1498 per

261 1533 359 1573 eos
386 1516 546 1571 nobis
561 1516 796 1570 delatam
807 1515 1136 1588 legationem
1169 1514 1468 1572 clementer
1506 1514 1872 1585 recipiemus;

263 1614 427 1678 atque
444 1604 619 1677 ipsius
640 1603 935 1676 legationis
955 1610 1161 1659 textum
1191 1611 1245 1658 et
1267 1603 1511 1659 ordinem
1532 1618 1877 1674 cognoscen-

260 1701 367 1760 tes,
399 1709 509 1748 una
555 1708 682 1748 cum
722 1691 869 1747 sedis
914 1691 1232 1763 apostolicae
1260 1691 1421 1747 nobis
1445 1690 1753 1747 commissae
1782 1706 1876 1745 as—

260 1797 449 1846 sensu,
483 1788 740 1853 quantum
766 1779 854 1835 fas
884 1788 988 1846 est,
1019 1796 1122 1851 pro
1152 1779 1420 1836 Ecclesia:
1451 1780 1554 1835 Dei
1583 1793 1720 1850 pace
1770 1778 1878 1833 im-

257 1870 451 1941 periali
479 1868 775 1924 voluntati-
797 1866 983 1924 favere
1050 1867 1275 1922 omnino
1346 1866 1714 1922 studebimus.
1775 1867 1882 1921 Pro

261 1958 463 2029 quibus
518 1957 681 2011 etiam
736 1956 922 2011 missis
978 1954 1314 2011 Pandenulfo
1377 1955 1641 2033 Capuano
1694 1953 1881 2010 comiti

262 2044 587 2115 scripsimus
611 2051 668 2098 ut
701 2059 797 2099 eos
826 2044 1109 2099 venientes
1142 2043 1388 2114 recipiat,
1439 2051 1492 2098 et
1540 2057 1640 2114 pro
1682 2051 1875 2097 nostro

261 2149 451 2189 amore
482 2148 750 2204 prospero
804 2132 964 2188 nobis
1009 2132 1224 2198 itinere,
1287 2131 1523 2187 Domino
1578 2138 1870 2185 annuente.

269 2222 515 2291 dirigere
544 2221 775 2275 studeat.
806 2221 964 2276 Nunc
992 2236 1127 2292 ergo
1153 2220 1320 2275 iidem
1348 2219 1499 2273 missi
1556 2218 1872 2290 praesentia-

262 2310 390 2364 liter
420 2309 648 2363 Romam
676 2307 865 2363 venire
894 2316 1210 2378 procurent,
1245 2307 1370 2378 quia
1399 2322 1501 2361 nos
1530 2306 1652 2360 aliis
1691 2306 1871 2361 causis

260 2396 529 2468 impediti,
583 2397 716 2450 istas
770 2396 825 2449 in
880 2404 1066 2466 partes
1112 2395 1297 2461 modo,
1360 2394 1498 2449 sicut
1544 2394 1867 2464 dispositum

258 2485 571 2549 habuimus,
604 2498 898 2554 properare
926 2498 1036 2537 non
1066 2497 1380 2553 possumus.
1418 2483 1554 2536 Data
1584 2486 1648 2536 ut
1666 2498 1861 2552 supra.

967 2605 1178 2661 CCXII.

875 2696 1055 2763 (Anno
1113 2695 1262 2761 8'79.)

269 2783 799 2840 Excommunicatio
814 2782 1085 2853 Ansperti
1102 2782 1234 2853 quia
1254 2781 1326 2836 ad
1344 2782 1619 2853 synodum
1637 2784 1863 2835 vocatus

742 2854 935 2908 venire
963 2856 1396 2920 contempserat.

336 2945 664 3012 Anspertum
693 2940 1155 2994 Mediolauensem
1183 2939 1672 3009 archiepiscopum,
1699 2953 1861 3008 quem

262 3029 446 3100 Papiae
479 3029 771 3083 existentes
799 3036 852 3082 et
880 3028 1227 3097 postmodum
1257 3027 1325 3081 ad
1362 3027 1632 3097 synodum
1676 3026 1863 3081 Rome
1888 3061 1937 3123 Ο

260 3133 363 3187 pro
393 3116 575 3169 multis
605 3115 975 3171 Ecclesiarum
1006 3114 1106 3169 Dei
1135 3114 1549 3170 necessitatibus
1579 3113 1863 3169 collectam

263 3205 599 3268 vocavimus,
632 3219 733 3259 nec
761 3219 859 3274 per
884 3219 943 3257 se
971 3218 1274 3258 occurrere
1326 3217 1429 3257 nec
1474 3201 1877 3256 excusationem

265 3308 419 3346 suam
452 3291 755 3347 secundum
785 3306 966 3345 sacros
997 3306 1239 3346 canones
1276 3290 1331 3344 in
1362 3289 1625 3344 tractoria
1672 3289 1876 3359 scripta

264 3379 425 3434 nobis
456 3387 509 3434 et
543 3386 730 3433 sancto
760 3378 1015 3442 concilio,
1049 3393 1219 3433 causa
1248 3377 1569 3432 temeritatis
1599 3384 1651 3432 et
1680 3377 1873 3432 inobe-

264 3466 503 3535 dientiaa,
537 3467 775 3538 dirigere
822 3465 1121 3530 nolentem,
1170 3466 1370 3520 virtute
1424 3464 1599 3520 sancti
1641 3464 1874 3535 Spiritus

267 3563 320 3610 et
348 3553 659 3624 principum
690 3553 1069 3623 apostolorum
1098 3553 1247 3607 Petri
1285 3569 1352 3608 ac
1382 3552 1551 3618 Pauli,
1584 3560 1873 3624 nostraque

267 3641 614 3705 auctoritate,
654 3657 779 3696 cum
817 3656 1086 3696 consensu
1126 3649 1328 3695 sanctae
1371 3640 1586 3712 synodi,
1641 3655 1873 3710 corpore

268 3738 321 3782 et
359 3729 626 3799 sanguine
671 3728 887 3784 Domini
930 3729 1101 3783 nostri
1142 3729 1271 3785 Jesu
1318 3728 1513 3783 Christi
1568 3728 1868 3799 privamus,

266 3831 554 3888 quousque
586 3832 735 3871 suam
766 3817 921 3873 nobis
949 3818 1299 3887 praesentiam
1319 3816 1577 3872 exhibere
1597 3824 1866 3886 procuret.

277 3905 416 3959 Data
444 3909 512 3960 ut
528 3919 719 3974 supra.

1001 4002 1235 4057 CCXIII.

304 4104 379 4143 AD
408 4103 765 4143 THEODOSIUM
811 4104 1200 4144 ΡΑτιιιΑιιοΗΑκ
1241 4102 1827 4144 ΗιειιοεοιγωτΑΝυυ.

910 4180 1066 4232 Anno
1098 4179 1221 4233 879.

910 4180 1066 4232 Anno
1098 4179 1221 4233 879.

267 4268 524 4340 Excussi
546 4266 773 4321 tardum
804 4178 1116 4340 legatorum
1143 4180 1265 4335 eju)s
1286 4268 1560 4333 reditum,
1592 4283 1693 4336 per
1733 4284 1867 4340 quos

1972 458 2168 514 vimus.
2199 457 2373 527 Quam
2401 457 2634 529 petimus
2656 467 2712 511 ut
2741 472 2841 529 pro
2881 457 2981 514 Dei
3030 466 3082 513 et
3124 457 3295 528 ipsius
3340 467 3563 529 aposto-

1972 545 2148 601 lorum
2178 546 2436 617 principis
2466 562 2655 602 amore
2686 554 2977 618 nostraque
3007 545 3295 601 dilectione
3326 545 3565 618 benigne

1974 633 2265 704 recipiatis,
2316 634 2573 705 quoniam
2618 633 2786 689 nimia
2821 650 3155 706 paganorum
3207 634 3563 705 oppressione

1973 721 2201 793 gravati,
2236 722 2408 792 plura,
2440 729 2495 776 ut
2525 722 2858 790 volebamus,
2890 721 3128 793 dirigere
3145 737 3252 776 non
3268 721 3561 792 potuimus.

1973 809 2249 881 Rogamus
2275 818 2539 880 praeterea
2560 817 2808 865 sanctam
2839 817 3074 864 vestram
3104 809 3160 862 in
3185 809 3416 863 Domino
3445 809 3568 864 cha-

1975 897 2187 952 ritatem
2215 905 2272 951 ut
2300 897 2356 952 in
2385 897 2587 953 sanctis
2614 897 2951 954 orationibus
2979 897 3176 953 vestris
3216 896 3384 951 nostri
3422 912 3565 951 sem-

1973 1000 2075 1056 per
2130 999 2403 1040 memores
2458 984 2771 1051 existentes,
2830 1001 2932 1055 pro
2968 984 3127 1039 nobis
3184 999 3378 1055 preces
3431 985 3563 1038 Jesu

1975 1072 2191 1128 Christo
2220 1072 2452 1128 Domino
2478 1081 2666 1129 nostro
2687 1073 2925 1145 quotidie
2944 1072 3172 1127 fundere
3190 1072 3358 1127 alacri
3380 1070 3562 1125 animo

1975 1160 2292 1233 dignemini,
2327 1160 2608 1217 carissime
2638 1160 2817 1217 frater.
2850 1162 2990 1216 Data
3022 1176 3077 1214 vt
3104 1161 3293 1215 Nonas
3314 1158 3453 1215 Maii.

2653 1262 2886 1318 CCXIV.

2365 1365 2438 1404 AD
2466 1365 2919 1406 CAROLOIANNUI

2578 1440 2757 1507 (Anno
2814 1439 2964 1509 879.)

1982 1528 2046 1583 Ut
2074 1528 2138 1581 in
2174 1526 2509 1582 Verceueusi
2539 1528 2788 1582 Ecclesia
2810 1528 3110 1597 Gospertus
3127 1528 3405 1583 Diaconus
3426 1542 3557 1582 con-

2458 1597 2740 1652 stituatur
2768 1599 3075 1668 episcopus.

2050 1684 2257 1740 Dilecto
2278 1695 2329 1739 et
2351 1684 2577 1755 spiritali
2599 1683 2710 1740 ﬁlio
2725 1685 3146 1741 CAnonouANNo
3166 1685 3411 1758 glorioso
3433 1683 3569 1755 regi.

2052 1772 2339 1828 Multorum
2369 1772 2630 1828 relatione
2659 1773 2948 1829 didicimus
2976 1773 3121 1845 quod
3150 1772 3398 1829 Ecclesia
3426 1771 3568 1826 Ver-

2966 1367 3171 1408 REGEI.

1979 1860 2232 1916 cellensis
2258 1876 2400 1915 nunc
2429 1859 2589 1916 valde
2618 1861 2833 1915 turbata
2861 1870 2915 1916 et
2943 1860 3268 1932 quotidianis
3296 1867 3569 1915 commota

1979 1948 2248 2003 scaudalis
2277 1947 2556 2012 consistat,
2590 1948 2720 2003 dum
2746 1949 2801 2002 in
2828 1948 2964 2003 duas
2994 1957 3180 2019 partes
3205 1947 3439 2019 pOpulus
3465 1961 3568 2017 pro

1977 2036 2219 2107 episcopi
2246 2036 2512 2092 electione
2541 2036 2769 2101 divisus,
2803 2036 2894 2091 alii
2922 2053 3110 2101 unum,
3143 2036 3235 2090 alii
3265 2050 3396 2090 vero
3425 2034 3566 2089 alte-

1976 2140 2096 2179 rum
2124 2124 2331 2196 eligere
2362 2124 2673 2195 habereque
2701 2125 3032 2179 contendant
3073 2132 3128 2179 et
3171 2123 3405 2194 cupiant,
3450 2121 3567 2176 ele-

1974 2220 2228 2283 ctumque
2256 2212 2550 2267 enormiter
2578 2211 2876 2268 defendere
2905 2221 3136 2284 uterque
3164 2219 3440 2282 procuret.
3458 2209 3567 2265 Sed

1972 2300 2095 2370 quia
2117 2300 2268 2368 juxta
2297 2300 2470 2355 nostri
2500 2300 2803 2355 minesterii
2833 2300 3192 2371 apostolicum
3225 2298 3458 2355 ofﬁcium
3514 2304 3567 2351 et

1972 2387 2390 2443 sollicitudinem
2418 2388 2662 2443 omnium
2690 2388 3059 2444 Ecclesiarum
3112 2388 3236 2450 Dei.
3295 2386 3456 2442 nobis
3512 2384 3568 2440 in

1968 2479 2089 2546 ipso
2141 2475 2508 2546 apostolorum
2556 2476 2804 2547 principe
2834 2477 3198 2543 commissam,
3226 2476 3378 2544 juxta
3405 2488 3567 2530 cano-

1964 2564 2142 2619 nicam
2172 2564 2334 2619 etiam
2365 2572 2677 2620 sanctorum
2711 2566 2928 2619 Patrum
2965 2564 3217 2637 regulam
3247 2563 3517 2619 dicentem
3551 2578 3563 2613 :

1967 2652 2023 2705 Si
2052 2652 2244 2707 divisio
2270 2652 2597 2708 clericorum
2628 2651 2713 2707 vel
2745 2652 2930 2722 populi
2961 2652 3248 2717 exstiterit,
3281 2657 3335 2706 et
3386 2649 3456 2704 de
3487 2646 3568 2702 fu-

1963 2741 2073 2794 turi
2101 2739 2364 2795 electione
2394 2738 2664 2810 pontificis
2694 2739 2965 2795 contentio
2996 2738 3155 2794 fuerit
3188 2739 3395 2803 oborta,
3447 2736 3566 2792 nul-

1965 2826 2074 2881 lum
2105 2843 2171 2882 ex
2198 2826 2284 2880 his
2312 2827 2524 2882 duobus
2552 2827 2609 2881 in
2638 2829 2837 2882 throno
2865 2827 3160 2897 episcopali
3188 2842 3310 2881 esse
3365 2824 3569 2896 aliqua-

1962 2922 2119 2969 tenus
2150 2916 2610 2980 consecrandum,
2666 2915 2762 2969 sed
2811 2914 3037 2969 alterius
3080 2914 3405 2969 electionem
3451 2911 3569 2966 ﬁeri

1965 3002 2168 3057 debere
2198 3002 2501 3057 sacerdotis
2519 3002 2781 3058 Ecclesiae
2801 3002 3020 3072 proprio
3040 3001 3314 3057 destituta:
3335 3008 3567 3065 rectore,

1978 3098 2030 3144 et
2062 3090 2132 3144 ob
2162 3090 2216 3143 id
2246 3090 2590 3160 perturbate,
2615 3091 2737 3158 jura
2791 3089 2940 3161 pacis
2987 3089 3225 3145 ferentes
3281 3088 3568 3144 subvenire

1976 3178 2257 3232 debemus.
2300 3178 2527 3248 Regiam
2557 3178 2930 3233 excellentiam
2960 3185 3193 3233 vestram
3227 3192 3487 3249 rogamus
3508 3185 3566 3230 ut

1975 3262 2076 3335 pro
2105 3280 2293 3319 amore
2331 3265 2431 3319 Dei
2468 3266 2603 3320 et
2638 3265 2803 3329 Petri,
2864 3280 2928 3319 ac
2980 3272 3179 3319 nostrae
3232 3263 3567 3334 paternitatis

1975 3352 2285 3420 dilectione,
2343 3352 2520 3422 ipsum
2579 3351 2982 3407 Vercellensem
3028 3351 3402 3421 episcopatum
3446 3351 3571 3405 huic

1974 3440 2314 3496 nobilissimo
2344 3440 2480 3507 viro,
2515 3440 2787 3510 Gosperto
2814 3439 3067 3496 videlicet
3109 3439 3406 3494 venerabili
3453 3439 3569 3493 dia-

1975 3544 2133 3595 cono,
2166 3528 2321 3583 vobis
2350 3528 2489 3583 bene
2519 3529 2739 3602 cognito
2767 3527 3149 3599 communique
3191 3526 3337 3582 fideli
3381 3534 3569 3605 nostro

1973 3632 2036 3673 ac
2061 3625 2266 3681 vestro,
2299 3633 2461 3688 quem
2480 3632 2582 3687 pro
2618 3616 3005 3672 ecclesiasticis
3052 3615 3367 3670 utilitatibus
3388 3616 3443 3669 in
3465 3630 3576 3669 ser-

1973 3704 2161 3759 vitium
2211 3713 2449 3760 vestrum
2497 3704 2816 3770 direximus,
2884 3703 3099 3775 placido
3159 3703 3228 3758 de
3281 3703 3570 3773 prmsentia

1972 3793 2136 3848 modo
2164 3793 2429 3847 tribuatis.
2464 3792 2732 3861 Quoniam
2761 3807 2887 3847 vere
2916 3792 3304 3863 cognoscimus
3332 3792 3475 3845 hunc
3515 3791 3570 3845 in

1970 3881 2223 3936 omnibus
2279 3890 2388 3936 tam
2442 3881 2691 3936 civilibus
2743 3897 2903 3952 quam
2955 3881 3119 3935 etiam
3176 3879 3566 3935 ecclesiasticis

1971 3970 2149 4025 causis
2190 3978 2468 4025 strenuum
2503 3978 2666 4041 atque
2717 3969 3061 4024 utilissimum
3116 3967 3255 4034 fore,
3305 3967 3570 4040 nobisque

1970 4073 2079 4111 non
2107 4058 2457 4113 mediocriter
2482 4056 2875 4113 ﬁdelissimum.
2908 4055 3257 4127 Quapropter
3279 4055 3351 4110 ad
3371 4061 3570 4111 vestrai

1969 4145 2257 4215 praesentis
2286 4154 2342 4200 et
2369 4144 2565 4202 futuras
2593 4145 2785 4217 gloriae
2803 4152 3152 4217 augmentum
3171 4145 3277 4200 hoc
3295 4159 3395 4200 vos
3414 4144 3574 4199 nobis

1968 4234 2271 4289 concedere
2296 4234 2551 4303 petimus,
2603 4234 2742 4289 hanc
2796 4234 3027 4303 primam
3084 4232 3257 4288 nostri
3313 4232 3572 4303 pontificii

343 4318 1864 4408 ,ﬁghhmngrﬁﬁm5:12“;';5,5,,;,;{,,,;,“;;
1961 4327 2168 4394 justam
2199 4320 2517 4391 petitionem
2561 4330 2740 4376 vestra
2787 4321 2987 4393 regalis
3029 4322 3283 4377 alacriter
3324 4318 3573 4391 perﬁciat

342 4406 570 4461 assidue
599 4407 776 4462 Deum
803 4407 1150 4477 deprecetur.

345 4503 825 4559 Reverendissimo
873 4511 927 4558 et
966 4504 1311 4559 sanctissimo
1363 4503 1626 4559 confratri
1688 4513 1876 4560 nostro

266 4592 595 4646 Tuaonosro
626 4591 950 4661 patriarchae
992 4600 1189 4646 sanctae
1208 4592 1718 4663 Hierosolymitanse
1764 4593 1875 4649 Ec-

268 4679 475 4735 clesim.

346 4767 549 4821 Notum
570 4782 694 4821 esse
722 4767 976 4822 volumus
1004 4767 1272 4823 sanctitati
1320 4776 1518 4823 vestrm
1565 4769 1693 4840 quia
1731 4785 1875 4839 prie-

268 4863 458 4911 sentes
486 4855 739 4910 monachi
776 4854 960 4923 vestri,
1003 4855 1341 4910 Theodosius
1379 4855 1652 4919 videlicet,
1703 4856 1876 4911 David

267 4951 326 4997 et
366 4942 526 5010 Saba,
567 4942 848 4998 venientes
898 4944 1124 4997 Romam
1186 4944 1251 4997 ad
1320 4943 1503 4997 limina
1566 4952 1876 4999 sanctorum

269 5029 645 5100 apostolorum
685 5030 827 5084 Petri
866 5038 919 5086 et
972 5030 1143 5099 Pauli,
1185 5031 1452 5086 demorati
1492 5041 1615 5086 sunt
1675 5032 1749 5085 ibi
1809 5047 1875 5086 eo

268 5118 427 5188 quod
457 5132 559 5171 nos
587 5133 689 5187 pro
719 5126 921 5172 nostra:
948 5118 1211 5173 Ecclesia:
1240 5119 1422 5174 causis
1465 5128 1518 5174 et
1556 5119 1875 5174 utilitatibus

266 5204 564 5259 Franciam
593 5221 1032 5275 perrexeramus.
1074 5209 1142 5260 At
1180 5206 1291 5272 ubi,
1334 5207 1448 5261 Deo
1486 5208 1721 5273 volente,
1780 5224 1873 5262 re-

268 5292 420 5348 versi
452 5308 640 5347 sumus
669 5292 990 5359 incolumes,
1024 5294 1105 5348 eis
1134 5293 1202 5348 ad
1236 5302 1466 5348 vestram
1495 5295 1873 5364 paternitatem

268 5379 593 5434 revertendi
639 5380 912 5435 licentiam
962 5382 1235 5448 dedimus,
1277 5398 1377 5452 per
1416 5398 1553 5453 quos
1592 5382 1869 5448 nimirum,

268 5482 442 5532 causa
473 5467 767 5548 charitatis,
798 5468 1032 5541 aliquam
1062 5469 1186 5524 licet
1230 5470 1501 5524 modicam
1550 5470 1692 5524 beati
1736 5472 1873 5531 Petri

1907 4408 1962 4468 D
1984 4408 2300 4481 magnitudo
2349 4416 2453 4472 :ut
2505 4417 2559 4463 et
2611 4424 2710 4463 nos
2765 4417 3003 4464 vestram
3058 4409 3247 4464 libenti
3299 4408 3574 4479 possimus

1976 4496 2160 4551 animo
2205 4494 2470 4566 perﬁcere
2523 4496 2852 4551 voluntatem
2899 4497 3217 4552 charissime
3274 4495 3369 4559 ﬁli,
3431 4512 3571 4568 quo-

1975 4584 2117 4638 niam
2150 4583 2229 4639 sic
2259 4600 2406 4639 verae
2434 4584 2738 4640 dilectionis
2768 4584 3117 4640 unanimitate
3145 4585 3346 4657 pioque
3365 4586 3569 4640 amoris

1974 4670 2166 4728 affectu
2198 4671 2500 4726 videbimur
2526 4687 2749 4727 manere
2777 4673 3074 4743 cunjuncti,
3108 4675 3154 4729 si
3192 4689 3295 4729 nos
3343 4689 3409 4729 ea
3448 4690 3570 4745 quae

1975 4760 2171 4830 cupitis
2196 4760 2491 4830 apostolica
2518 4760 2774 4816 duntaxat
2802 4761 3197 4831 perfecerimus
3227 4763 3566 4826 auctoritate,

1975 4856 2029 4901 et
2057 4864 2155 4902 vos
2184 4848 2310 4903 item
2339 4856 2526 4904 vestro
2554 4850 2730 4919 regali
2755 4850 2879 4918 jure
2909 4850 3076 4904 nostri
3098 4849 3355 4904 desiderii
3374 4866 3571 4921 preces

1974 4936 2165 4991 audire
2219 4953 2341 4990 cum
2377 4936 2772 5005 judicunditate
2800 4938 2992 5007 procul
3020 4937 3189 4992 dubio
3219 4938 3562 4993 studueritis.

1974 5024 2161 5079 Talem
2191 5039 2426 5095 namque
2467 5024 2846 5094 progenitores
2886 5033 3121 5090 vestros,
3176 5025 3566 5079 invictissimos

1976 5112 2334 5182 imperatores
2363 5115 2659 5184 Augustos,
2691 5113 2833 5168 circa
2854 5113 3174 5169 decessores
3188 5120 3425 5178 nostros,
3450 5129 3569 5167 san-

1974 5207 2088 5254 ctos
2119 5200 2370 5255 videlicet
2400 5202 2658 5256 Romanae
2687 5202 2834 5257 sedis
2864 5201 3146 5269 antistites,
3176 5201 3432 5255 habuisse
3480 5201 3568 5255 di-

1974 5286 2259 5342 lectionem
2288 5289 2603 5352 recolimus,
2639 5297 2694 5343 ut
2724 5290 2983 5362 quidquid
3013 5292 3081 5344 ab
3110 5290 3368 5345 alterutra
3416 5300 3570 5362 parte

1974 5376 2280 5445 petebatur,
2313 5378 2461 5431 omni
2490 5377 2791 5448 postposita
2820 5378 3105 5434 occasione
3132 5394 3258 5434 mox
3278 5377 3570 5436 efﬁcaciter

1971 5472 2354 5545 complentur.
2394 5474 2470 5530 Ita
2503 5489 2629 5528 vero
2660 5483 2710 5527 et
2741 5484 2928 5530 nostra
2975 5490 3117 5532 nunc
3161 5474 3486 5547 pontiﬁcalis
3536 5494 3569 5533 a
