4028 6180
495 250 589 299 sat
1735 237 2031 295 JOANle
2081 238 2095 292 Ι

2196 238 2272 291 ἈΞ
2334 238 2468 293 VIII.
3681 249 3784 301 88!

488 368 606 422 Deo
636 374 955 422 conservata
983 367 1242 433 maiestas
1268 368 1325 420 at
1352 373 1532 420 vestra
1562 364 1719 435 regia
1762 362 2086 423 magnitudo
2114 360 2591 421 ACaroiomanno
2603 362 3000 439 gloriosomgi,
3020 374 3145 422 eum
3167 366 3366 438 quibus
3382 379 3536 434 sane,
3554 368 3781 438 antipaa

495 454 712 511 sibimet
769 455 969 511 debent
1021 452 1231 526 placide
1289 452 1472 509 favere
1509 452 1768 508 vicissim.
1821 450 1955 506 Data
2020 454 2086 506 ut
2185 450 2241 503 in
2270 451 2550 506 servitium
2581 452 2754 507 sancti
2786 454 2926 508 Petri
2957 453 3122 509 alacri
3154 462 3331 511 mente
3375 456 3473 520 ire,
3526 470 3780 513 omnem-

497 560 692 616 supra.

1184 647 1392 702 CCXV.

991 750 1065 790 ΑΒ
1094 750 1349 790 ελιιοιωί
1379 747 1585 788 REGBI.

1098 824 1280 892 (Anno
1310 821 1460 891 879.)

501 914 769 967 Hortatur
826 916 893 966 ut
968 914 1387 983 quamprimum
1447 913 1647 983 contra
1708 907 1962 983 infideles
2032 910 2087 961 et

674 984 936 1037 Ecclesiae
978 979 1340 1054 oppressores
1371 982 1592 1036 auxilio
1674 979 1884 1035 veniat.

566 1069 775 1125 Dilecto
804 1085 867 1125 ac
898 1070 1123 1139 spiritali
1153 1068 1263 1123 tilio
1293 1069 1517 1123 Caaoao
1548 1067 1790 1139 glorioso
1820 1064 1961 1136 regi.

570 1157 828 1211 Miramur
856 1156 982 1227 quia
1014 1173 1113 1211 vos
1142 1156 1340 1226 cespitis
1369 1157 1720 1211 exbOrtantes
1747 1161 1806 1207 ut
1834 1152 1903 1207 ad
1933 1152 2088 1207 exal-

496 1245 754 1299 tationem
784 1254 989 1301 sancta:
1019 1247 1116 1299 Dei
1149 1244 1411 1299 Ecclesia:
1444 1252 1684 1297 vestrum
1708 1257 1791 1311 lue
1825 1241 2088 1295 honorem

495 1342 548 1387 et
579 1333 741 1387 totius
768 1342 929 1387 terra}
957 1341 1155 1387 nostras
1183 1330 1558 1386 defensionem
1606 1329 1818 1385 venires
1869 1328 2088 1383 vocavi-

496 1437 636 1483 mus,
670 1428 723 1475 et
753 1422 1017 1475 hactenus
1046 1419 1320 1473 distulisti.
1371 1419 1606 1474 Credere
1649 1432 1884 1488 namque
1932 1415 2090 1470 nobis

494 1508 724 1579 potestis
754 1508 902 1578 quod
932 1507 1098 1562 nimia
1129 1506 1369 1578 undique
1400 1515 1510 1561 tam
1549 1520 1889 1577 paganorum
1930 1519 2090 1575 quam

493 1595 757 1650 malorum
786 1595 1219 1649 Christianorum
1258 1594 1633 1664 persecutione
1680 1592 1909 1665 gravati,
1941 1591 2094 1645 undi-

2186 553 2292 609 que
2321 547 2520 595 nostrm
2546 540 2838 595 voluntatis
2865 557 3086 597 causam
3118 550 3171 597 et
3202 544 3587 599 necessitatem
3633 546 3779 615 apud

2188 628 2440 681 eumdem
2470 643 2659 700 regem
2690 628 2953 698 perﬁcere
2983 631 3262 693 studentis.
3295 641 3386 686 aut
3407 631 3782 688 ﬁdelissimum

2189 722 2244 768 et
2272 715 2526 770 idoneum
2556 731 2585 769 a
2629 716 2801 772 latere
2845 726 2938 773 tuo
2988 719 3167 773 virum
3207 720 3418 791 dirigas
3467 721 3560 791 qui
3611 721 3782 777 vicem

2187 809 2334 856 tuam
2364 802 2418 856 in
2447 804 2697 859 omnibus
2725 806 2996 876 sagaciter
3025 807 3195 876 possit
3225 807 3466 877 explere.
3502 808 3644 863 Nam
3694 817 3782 864 tuo

2189 890 2420 945 consilio
2448 899 2499 944 et
2531 891 2867 960 adjutorio...
2898 895 3121 949 eosdem
3150 895 3361 964 legatos
3392 904 3621 951 nostros
3664 912 3781 951 mu-

2189 977 2309 1032 nias
2329 978 2624 1043 hortamur,
2649 989 2916 1050 quatenus
2932 982 3078 1036 sedis
3099 982 3782 1055 apostolicie'legationem,

2189 1074 2348 1135 prout
2375 1066 2601 1137 dignum
2646 1076 2746 1128 est.
2794 1076 2848 1123 et
2878 1069 3128 1124 instantis
3169 1071 3435 1141 temporis
3478 1072 3781 1128 necessitas

2192 1153 2376 1224 exigit,
2414 1155 2527 1209 Deo
2555 1155 2820 1225 propicio,
2853 1154 3122 1225 perlicere
3149 1158 3379 1228 possint.
3412 1160 3480 1213 Et
3510 1159 3642 1231 quia
3688 1175 3780 1215 eos

2192 1241 2310 1295 sine
2338 1241 2590 1297 tarditate
2619 1242 2699 1297 ire
2755 1257 2819 1297 ac
2875 1244 3073 1298 reverti
3127 1245 3496 1315 praecipimus,
3538 1261 3611 1301 ne
3647 1247 3785 1302 ultra

2190 1336 2303 1383 tres
2332 1329 2451 1383 dies
2480 1329 2600 1384 illos
2628 1345 2801 1400 penes
2829 1339 2881 1386 te
2896 1333 3134 1388 retinere
3153 1348 3457 1403 procures;
3483 1335 3581 1389 sed
3606 1334 3787 1391 habito

2191 1431 2316 1472 mox
2345 1417 2572 1472 consilio
2596 1427 2863 1489 quatenus
2893 1419 3026 1473 salvi
3057 1429 3109 1475 et
3136 1422 3313 1476 securi
3340 1422 3409 1477 ad
3434 1427 3556 1489 jam
3584 1424 3785 1478 dictum

2192 1520 2382 1576 regem
2418 1504 2853 1575 proficiscantur,
2913 1515 3003 1561 aut
3040 1506 3350 1563 nullatenus
3409 1509 3786 1567 demorentur.

2193 1591 2351 1660 Quod
2374 1593 2417 1646 si
2438 1592 2670 1649 fortasse
2689 1595 2759 1648 ad
2776 1595 3232 1650 Carolomannum
3254 1611 3353 1666 pro
3375 1598 3496 1665 ejus
3518 1613 3787 1668 corporea

497 1699 604 1753 que
634 1682 908 1742 concussi.
937 1682 1060 1737 talia
1090 1697 1211 1753 quae
1230 1682 1345 1750 jam
1374 1698 1404 1735 a
1435 1680 1602 1753 longo
1652 1688 1896 1750 tempore
1945 1678 2090 1749 pati-
2120 1705 2175 1766 Β
2194 1678 2501 1734 inﬁrmitate
2529 1681 2609 1735 ire
2639 1697 2747 1736 non
2775 1696 2937 1752 posse
2962 1683 3271 1753 contigerit,
3306 1685 3371 1738 ad
3404 1685 3664 1740 Carolum
3714 1701 3794 1741 re-

495 1786 621 1825 mur
652 1768 876 1826 sufferre
906 1771 1193 1841 nequimus
1227 1787 1239 1823 :
1274 1779 1326 1824 et
1356 1769 1480 1824 ideo
1507 1769 1703 1823 iterum
1734 1768 2091 1822 admonemus

495 1866 555 1912 ut
590 1866 701 1913 toto
730 1859 1037 1917 conamine.
1072 1859 1207 1912 sicut
1236 1858 1392 1913 vobis
1449 1857 1847 1921 mandavimus,
1899 1855 2091 1925 procul

496 1946 663 2000 dubio
691 1947 1002 2000 attendatis.
1037 1946 1175 2001 Nam
1208 1961 1310 2016 pro
1340 1952 1492 2001 certo
1520 1945 1665 2000 scire
1695 1944 1910 1998 debetis
1948 1957 2091 2013 quo-

495 2034 640 2087 niam
672 2049 772 2104 pro
802 2033 1003 2088 nullius
1042 2034 1277 2089 hominis
1332 2034 1504 2097 lucro,
1566 2032 1650 2086 vel
1702 2030 2088 2093 blandimento,

493 2122 608 2176 sive
639 2131 865 2187 terrore,
898 2138 932 2177 a
962 2130 1148 2177 vestro
1179 2137 1279 2176 nos
1307 2120 1584 2176 consortio
1615 2128 1667 2173 et
1697 2127 1893 2174 vestrae
1909 2117 2092 2171 amici-

492 2209 582 2264 tiae
630 2208 837 2265 foedere
882 2210 1298 2280 separabimus;
1348 2209 1551 2263 idcirco
1599 2215 1807 2261 tantum
1868 2206 2095 2259 viriliter

494 2313 660 2368 agere
694 2314 756 2352 ea
786 2314 908 2368 qua:
927 2298 1085 2352 nobis
1103 2313 1170 2353 ac
1187 2297 1341 2351 vobis
1360 2294 1597 2366 proficua
1618 2302 1762 2360 sunt,
1786 2293 2093 2349 nullatenus

495 2384 771 2439 dubitetis.
806 2385 913 2440 Sed
945 2385 1305 2455 praestolando
1333 2392 1572 2439 vestrum
1613 2383 1925 2444 adventum,
1968 2380 2092 2433 diu-

498 2487 605 2545 que
653 2473 958 2527 tardantem
1012 2473 1336 2543 putavimus,
1396 2487 1464 2526 ne
1520 2470 1659 2525 forte
1717 2467 2094 2524 Carolomanni

497 2560 725 2633 gloriosi
748 2561 910 2631 regis.
936 2560 1219 2631 germanni
1242 2560 1403 2615 vestri
1425 2558 1690 2629 praedicti,
1710 2558 1895 2628 aliquo
1915 2557 2093 2626 impe-

500 2649 740 2703 dimento
764 2648 878 2716 jam
910 2664 1108 2703 venere
1139 2647 1463 2719 nequissetis
1497 2664 1510 2700 :
1544 2646 1686 2700 unde
1727 2644 1805 2698 illi
1857 2652 2093 2698 nostram

497 2737 855 2806 apostolicam
886 2736 1184 2800 direximus
1214 2735 1522 2805 epistolam,
1566 2734 1923 2787 admonentes
1970 2731 2094 2800 quia

496 2824 541 2877 si
573 2825 678 2878 hoc
706 2840 937 2895 regnum
968 2823 1200 2893 amplius
1230 2823 1409 2876 taliter
1435 2829 1757 2890 occupatum
1788 2835 1851 2875 ac
1898 2818 2098 2873 inordi-

497 2920 683 2965 natum
711 2919 764 2965 et
795 2911 911 2963 sine
945 2910 1264 2964 defensione
1295 2909 1548 2975 tenuerit,
1581 2908 1774 2961 animae
1804 2922 1917 2961 suae
1932 2906 2099 2960 detri-

499 3006 739 3053 mentum
770 2998 1096 3052 omnimodis
1129 2997 1253 3061 tiet;
1285 2996 1604 3067 nullumque
1642 2995 1797 3049 vobis
1842 3009 1943 3063 pro
1992 2994 2092 3048 Ec-

498 3086 683 3141 clesiae
738 3085 837 3139 Dei
895 3084 1212 3140 defensione
1270 3084 1609 3138 venientibus
1668 3081 2091 3152 inpedimentum

497 3174 703 3245 aliquot
726 3172 908 3229 facere
937 3181 1246 3243 praesumat.
1281 3171 1624 3241 Quapropter
1651 3169 1795 3241 quod
1817 3170 2094 3241 agendum

496 3271 580 3317 est
611 3270 798 3316 vestra
826 3262 1027 3333 regalis
1054 3260 1373 3316 excellentia
1406 3274 1571 3330 agere
1588 3257 1738 3313 nullo
1759 3258 1924 3312 modo
1943 3258 2094 3311 desi-

495 3358 625 3415 nat;
659 3365 782 3403 nam
814 3351 859 3404 si
888 3365 990 3420 per
1018 3365 1117 3405 vos
1148 3357 1338 3404 sancta
1369 3349 1615 3403 Romana
1644 3345 1889 3401 Ecclesia
1934 3344 2097 3399 fuerit

498 3438 734 3494 exaltata
763 3447 925 3509 atque
955 3438 1202 3503 defensa,
1236 3446 1419 3492 vester
1447 3437 1619 3489 honor
1670 3443 1721 3489 et
1764 3434 1936 3506 gloria
1984 3434 2092 3501 hic,

497 3534 550 3580 et
580 3527 633 3579 in
665 3525 843 3581 futuro
874 3526 990 3581 sine
1020 3526 1186 3581 dubio
1238 3541 1419 3580 coram
1469 3523 1699 3578 Domino
1745 3521 2095 3592 multiplicata

495 3614 752 3669 manebit.
791 3614 923 3669 Data
954 3618 1016 3669 ut
1046 3630 1239 3687 supra.

1176 3754 1409 3809 CCXVI.

900 3857 972 3896 AD
1010 3858 1312 3897 WIBBODUM
1370 3857 1696 3897 EPISCOPUM.

1124 3934 1303 3999 (Anno
1334 3931 1487 3998 879.)

510 4019 572 4074 Ut
596 4035 712 4072 una
738 4034 866 4088 cum
892 4019 1089 4087 legatis
1120 4034 1252 4088 quos
1274 4018 1344 4071 ad
1374 4018 1851 4073 Carolomannum
1871 4016 2098 4088 _mittit,_

428 4088 431 4091 ’
576 4091 686 4158 eat,
716 4087 802 4142 vel
844 4086 1090 4158 aliquem
1128 4086 1243 4158 uice
1276 4104 1377 4141 sua
1414 4088 1651 4151 mittat;
1716 4086 1932 4158 arguit,
1960 4086 2101 4157 quod

578 4156 720 4211 bona
744 4162 779 4212 ,4
790 4156 1095 4227 ngelbergte
1114 4157 1285 4226 diripi
1304 4173 1417 4211 non
1437 4157 1813 4226 prohibuerit:
1838 4156 2104 4213 hortatur

576 4231 643 4282 ut
659 4244 728 4283 ea
765 4228 1152 4297 recuperanda
1185 4232 1365 4282 curet.

583 4315 866 4371 WIBBODO
908 4317 1187 4386 episcopo.

2195 1783 2319 1839 gem
2351 1768 2522 1838 ipsius
2546 1784 2868 1841 germanum
2896 1785 2992 1826 eos
3022 1786 3350 1842 quocunque
3394 1774 3565 1828 modo
3616 1773 3787 1844 proﬁ-

2191 1855 2323 1910 cisci
2370 1855 2548 1911 facito.
2597 1858 2881 1916 Praeterea.
2947 1859 3193 1914 veridico
3253 1858 3551 1915 multorum
3618 1862 3786 1917 relatu

2192 1943 2355 2015 longe
2383 1943 2601 2014 lateque
2629 1953 2922 2000 resonante
2951 1945 3241 2000 didicimus
3268 1949 3414 2019 quod
3448 1963 3537 2002 res
3566 1958 3621 2003 et
3666 1963 3788 2019 pos-

2193 2031 2470 2085 sessiones
2496 2032 2711 2087 dilectas
2740 2047 2807 2088 ac
2836 2033 3134 2103 spiritualis
3162 2034 3287 2090 tiliae
3315 2044 3519 2090 nostra!
3546 2044 3602 2091 et
3624 2039 3790 2092 sancti

2193 2119 2335 2173 Petri
2366 2119 2763 2175 commendata
2793 2121 3162 2193 Angelbergm
3203 2122 3572 2192 imperatricis
3617 2127 3724 2178 sint
3759 2140 3789 2179 ι

2193 2206 2522 2276 quibusdam
2569 2206 3015 2263 malefactoribus
3063 2209 3392 2264 omnimodis
3438 2212 3783 2281 deprmdate,

2194 2308 2302 2347 non
2332 2293 2510 2348 solum
2539 2310 2659 2364 quin
2689 2294 2822 2349 toris
2850 2296 3106 2351 exstitere
3136 2297 3188 2350 in
3218 2297 3368 2367 agris
3396 2306 3452 2352 et
3481 2299 3645 2365 villis,
3698 2302 3788 2355 sed

2195 2380 2357 2435 etiam
2387 2397 2508 2452 quae
2535 2381 2680 2435 intus
2727 2398 2825 2453 per
2877 2383 3209 2438 venerabilia
3265 2394 3319 2439 et
3374 2400 3485 2440 non
3541 2387 3791 2443 violanda

2194 2468 2312 2524 loca
2342 2476 2656 2523 sanctorum
2709 2471 3169 2526 monasteriorum
3227 2474 3484 2542 repositae
3536 2473 3787 2529 fuerant:

2194 2572 2293 2626 pro
2323 2572 2430 2627 quo
2471 2556 2678 2611 scilicet
2732 2566 2842 2611 tam
2897 2558 3122 2614 immani
3179 2560 3389 2614 scelere
3450 2560 3791 2634 nefandoque

2196 2644 2411 2713 piaculo
2468 2645 2879 2699 sanctimoniam
2933 2655 3080 2701 tuam
3136 2648 3330 2702 merito
3388 2649 3785 2720 redarguimus.

2196 2730 2465 2800 Quoniam
2496 2733 2786 2788 sacerdotii
2818 2734 2892 2787 tui
2921 2733 3155 2789 ofﬁcium
3186 2743 3268 2789 est
3289 2736 3430 2790 male
3451 2747 3680 2807 agentes
3700 2753 3789 2792 au-

2196 2819 2437 2874 ctoritate
2466 2820 2649 2873 divina
2677 2822 2985 2893 corrigere,
3018 2822 3199 2877 verbis
3218 2839 3309 2892 {ne
3340 2824 3651 2879 salubribus
3694 2841 3786 2881 co-

2198 2907 2401 2969 hibere,
2436 2923 2504 2962 ne
2533 2909 2760 2963 tacendo
2791 2909 2949 2975 tales,
2982 2911 3121 2979 proh
3150 2911 3305 2965 dolor
3336 2910 3349 2963 l
3380 2911 3583 2967 imitari
3614 2914 3783 2983 potius

2198 3010 2358 3065 quam
2391 2996 2677 3065 prohibere
2708 2996 2958 3051 videaris.
2992 2998 3087 3052 Est
3116 2998 3259 3052 enim
3297 3014 3363 3052 ex
3402 2999 3509 3058 hoc
3552 3002 3785 3069 pessima

2193 3081 2336 3137 fama
2367 3082 2677 3138 universum
2703 3084 3022 3140 discurrens
3050 3101 3151 3155 per
3180 3086 3387 3148 orbem.
3421 3087 3572 3157 quod
3615 3089 3785 3143 domi-

2194 3185 2322 3225 nam
2351 3171 2625 3241 quondam
2656 3180 2710 3225 et
2737 3172 3141 3243 imperatricem
3163 3182 3423 3241 vestram,
3450 3175 3540 3229 cui
3557 3185 3782 3232 vestram

2201 3255 2363 3313 fidem
2394 3275 2495 3329 per
2520 3259 2893 3327 jusjurandum
2922 3261 3169 3322 dedistis.
3203 3261 3347 3316 male
3394 3264 3656 3326 tractatis.
3706 3265 3786 3321 cui

2198 3346 2487 3418 pristinum
2517 3347 2783 3402 honorem
2812 3348 3146 3420 dignamque
3176 3350 3539 3404 reverentiam
3579 3367 3785 3421 semper

2195 3434 2455 3489 exhibere
2484 3435 2816 3490 debueratis.
2848 3437 3008 3492 Nune
3036 3437 3218 3507 itaque
3245 3453 3346 3506 pro
3388 3452 3582 3493 amore
3620 3440 3781 3495 sancti

2198 3522 2358 3590 Petri,
2393 3522 2495 3577 sub
2526 3524 2683 3591 cujus
2714 3524 2941 3594 speciali
2969 3523 3286 3580 defensione
3340 3526 3614 3589 consistit,
3667 3541 3779 3582 eam

2198 3611 2457 3679 adjuvare
2487 3626 2597 3665 non
2638 3612 3039 3681 praetermittas,
3112 3628 3396 3683 quousque
3452 3629 3551 3668 sua
3608 3614 3777 3670 omnia

2197 3714 2319 3770 quae
2347 3698 2544 3766 injuste
2571 3700 2826 3769 perdidit,
2885 3703 2950 3770 [Γ.
3008 3701 3162 3756 deest
3210 3700 3557 3773 recuperare]
3590 3702 3764 3772 possit.

2198 3786 2331 3840 Data
2362 3790 2424 3842 ut
2453 3804 2645 3858 supra.

2863 3884 3122 3939 CCXVII.

2474 3986 2546 4025 AD
2577 3985 2899 4026 MICHAELEM
2928 3987 3113 4026 REGEI
3144 3986 3538 4028 ΒυιαΔκοιιυΜ.

2803 4064 2985 4129 (Anno
3042 4060 3193 4129 879.)

2202 4151 2473 4219 Hortatur
2494 4153 2562 4202 ut
2579 4148 2651 4201 ad
2669 4148 3045 4203 obedientiam
3065 4150 3323 4203 Romanis
3345 4150 3629 4211 Ecclesia.
3643 4165 3774 4219 aqua

2272 4218 2537 4273 seductus
2558 4221 2886 4282 recesserat,
2911 4235 3041 4273 cum
3063 4235 3165 4273 sua
3179 4222 3346 4289 gente
3364 4218 3712 4275 revertatur.

2268 4322 2477 4379 Dilecto
2506 4322 2615 4377 tilio
2644 4323 2917 4376 MICHAELI
2949 4323 3067 4395 regi
3107 4323 3483 4395 Bulgarornm.

577 4405 848 4474 Quoniam
879 4419 993 4475 prae
1022 4404 1273 4459 omnibus
1304 4405 1394 4475 qui
1421 4405 1476 4458 in
1505 4404 1589 4458 his
1618 4404 1871 4459 videntur
1918 4402 2097 4458 consi-
2133 4395 2184 4456 D
2274 4411 2414 4478 Quia
2444 4426 2542 4464 vos
2571 4411 2913 4480 omnipotens
2943 4411 3090 4465 Deus
3121 4411 3263 4465 dono
3291 4412 3543 4482 gratuita;
3584 4410 3778 4465 miseri-

506 4503 649 4551 stere
678 4494 940 4565 partibus,
976 4494 1089 4547 Deo
1118 4493 1331 4547 dilectis
1370 4492 1764 4559 sacerdotibus,
1814 4500 1867 4547 te
1914 4499 2100 4562 utpote

506 4582 884 4640 charissimum
914 4579 1083 4635 tilium
1113 4589 1167 4635 et
1196 4586 1423 4635 tratrem
1456 4580 1767 4635 unanimem
1809 4579 2100 4650 specialius

504 4671 801 4741 diligimus,
834 4677 888 4724 et
926 4685 1027 4739 pro
1086 4677 1233 4723 tanta
1287 4677 1392 4723 tuae
1441 4668 1772 4724 sinceritatis
1811 4668 2101 4722 devotione

504 4774 666 4830 quam
696 4759 843 4813 circa
872 4772 975 4812 nos
1002 4766 1056 4812 et
1084 4756 1273 4812 sedem
1305 4756 1658 4826 apostolicam
1683 4756 1884 4809 habere
1903 4755 2099 4826 digno-

508 4846 699 4909 sceris,
731 4853 845 4901 toto
874 4845 1071 4900 mentis
1100 4845 1298 4900 affectu
1348 4844 1745 4914 amplectimur,
1796 4850 1849 4898 et
1895 4842 2102 4897 idcirco

507 4933 866 4989 reverentiam
895 4942 1038 4988 tuam
1071 4934 1158 5003 pie
1188 4933 1347 4988 nobis
1375 4948 1561 4987 amore
1610 4932 1954 5001 conjunctam
2000 4946 2101 4986 cu-

505 5023 687 5095 pimus
715 5020 1014 5092 apostolica
1045 5036 1264 5091 semper
1283 5020 1616 5091 benignitate.
1644 5018 1847 5082 fovere.
1872 5018 2106 5073 auctori-

506 5119 614 5166 tate
646 5109 853 5165 fulcire.
886 5109 1041 5163 Nunc
1070 5109 1236 5181 igitur
1281 5108 1555 5163 dilectioni
1603 5116 1709 5162 tua:
1754 5115 1939 5161 notum
1982 5121 2105 5161 esse

507 5199 757 5254 volumus
786 5198 913 5269 quia
942 5212 1043 5268 pro
1073 5205 1150 5251 tot
1179 5205 1232 5251 et
1270 5197 1432 5250 tantis
1476 5195 1896 5259 calamitatibus,
1944 5210 2100 5266 quas,

508 5288 645 5342 sicut
700 5288 816 5357 ipse
870 5286 1009 5341 bene
1063 5286 1372 5355 cognoscis,
1414 5284 1632 5339 assidue
1689 5283 1945 5353 patimur,
2008 5284 2107 5337 hos

509 5386 808 5445 praesentes
841 5375 1038 5429 missos
1068 5382 1286 5428 nostros
1302 5373 1617 5438 direximus,
1640 5388 1739 5441 per
1759 5380 1809 5427 te
1832 5371 1988 5442 quasi
2009 5386 2108 5439 per

530 5462 803 5531 quoddam
834 5462 1032 5517 ostium
1088 5462 1393 5516 intraturos
1437 5460 1701 5531 spirituali
1760 5458 1870 5514 tilio
1921 5467 2110 5513 nostro

2198 4499 2401 4555 cordia:
2428 4514 2543 4553 suae
2598 4508 2924 4570 gentemque
2956 4507 3191 4552 vestram
3223 4499 3291 4552 ad
3313 4499 3679 4569 cognitionem
3709 4498 3779 4552 sui

2198 4587 2435 4642 nominis
2453 4601 2647 4641 vocare
2668 4587 2921 4658 dignatus
2942 4594 3043 4652 est,
3058 4586 3371 4641 meminisse
3384 4587 3667 4641 debebatis
3690 4588 3781 4641 hoc

2201 4677 2347 4747 quod
2378 4674 2639 4730 Dominus
2667 4674 2828 4729 beato
2859 4675 3016 4728 Petro
3043 4674 3290 4743 apostolo
3319 4673 3479 4728 dicit:
3512 4677 3590 4729 Tu
3609 4692 3666 4730 es
3696 4675 3784 4729 Pe-

2204 4769 2345 4823 trus.
2381 4768 2436 4819 et
2461 4779 2630 4832 super
2651 4764 2796 4817 hanc
2865 4765 3085 4831 petram
3145 4762 3427 4829 adiﬁcabo
3488 4764 3782 4818 Ecclesium

2203 4868 2385 4907 meam
2400 4851 2617 4921 (Matth.
2633 4851 2757 4919 xw)
2772 4866 2785 4904 :
2801 4850 2885 4905 cui
2907 4865 3004 4903 vos
3015 4850 3068 4903 in
3081 4850 3381 4919 primordio
3392 4850 3787 4905 christianitatis

2203 4949 2398 4996 vestrae
2427 4940 2494 4993 ad
2523 4938 2827 5010 regendum
2856 4937 3204 4992 commisistis
3222 4938 3446 5008 ejusque
3467 4938 3787 4994 successori-

2204 5029 2306 5083 bus
2335 5027 2401 5081 ad
2429 5026 2812 5081 obediendum.
2848 5025 2955 5079 Sed
2987 5025 3174 5079 nescio
3204 5040 3313 5095 qua
3348 5028 3554 5080 ratione
3585 5027 3655 5080 ab
3684 5026 3785 5094 ejus

2205 5115 2523 5187 magisterio
2554 5114 2848 5169 calliditate
2880 5112 3237 5183 quorumdam
3268 5113 3397 5166 estis
3443 5114 3682 5179 abducti,
3726 5112 3785 5164 ita

2206 5212 2259 5258 ut
2291 5219 2414 5259 cum
2432 5202 2691 5273 Apostolo
2718 5201 2965 5255 dicamus
2991 5218 3004 5254 :
3031 5203 3162 5269 Qui:
3181 5217 3271 5255 vos
3287 5203 3599 5270 fascinari:
3619 5203 3669 5255 ei
3686 5214 3781 5254 non

2208 5293 2444 5355 obedire,
2472 5292 2566 5346 cui
2586 5290 2798 5345 dudum
2823 5290 2966 5344 colla
2988 5289 3329 5344 submisistis
3359 5289 3506 5355 (Gal.
3533 5289 3658 5357 tu)?
3700 5292 3778 5340 aut

2208 5380 2315 5433 illis
2344 5379 2667 5441 credidistis,
2703 5385 2767 5431 ut.
2794 5392 2931 5446 pace
2975 5377 3290 5432 Grecorum
3341 5375 3641 5447 loluamur,
3699 5371 3776 5442 qui

2211 5467 2452 5542 quotidie
2479 5465 2635 5522 novis
2664 5472 2714 5519 et
2762 5465 2924 5518 variis
2943 5463 3248 5533 disciplinis
3266 5472 3429 5535 atque
3460 5461 3780 5534 dogmatibus
