4072 6186
271 285 374 339 833

1437 277 1791 334 EPISTOLE
1837 276 1928 334 Ετ
1983 269 2328 336 DECRETA.

3461 281 3564 338 83‘

265 404 708 462 confunduntur?
737 405 846 461 Sed
875 421 1083 478 qumso,
1113 403 1194 460 fili
1215 402 1554 467 charissime,
1585 401 1652 456 ad
1671 407 1868 455 sancta:
1895 399 1953 460 Α
2045 400 2185 474 Quia
2215 401 2357 458 fama
2383 411 2487 459 tua:
2514 403 2822 460 dilectionis
2866 411 3025 477 atque
3057 403 3312 460 bonitatis
3339 411 3393 460 et
3441 404 3570 460 reli-

269 493 460 548 matris
487 502 686 549 vestrae
715 492 974 550 Romana:
1017 491 1282 548 Ecclesize
1317 491 1516 556 sinum,
1549 505 1670 562 quae
1710 496 1873 560 caput
1972 492 2151 564 gionis
2181 491 2235 547 in
2263 492 2439 549 Deum
2473 492 2542 547 ad
2575 508 2676 547 nos
2703 508 2874 564 usque
2904 493 3172 562 pervenit,
3231 490 3571 550 contidenter

271 589 372 644 est,
427 581 738 635 instituente
768 581 904 649 Deo,
936 580 1176 636 omnium
1231 578 1603 634 Ecclesiarum
1663 577 1719 630 in
1764 585 1873 630 toto

279 669 411 726 orbe
441 667 782 732 diﬂ'usarum,
813 669 1017 726 relictis
1077 667 1537 738 superﬂuitatibus
1595 673 1647 720 et
1704 664 1873 720 sedu-

274 757 514 816 ctionum
543 755 838 820 scandulis,
871 771 970 812 vos
1014 764 1350 828 gentemque
1390 762 1626 809 vestram
1687 765 1876 824 amore

273 843 473 899 mentis
501 843 620 898 sine
650 859 808 898 mora
835 844 1100 907 reducite,
1135 842 1276 912 Quia
1310 843 1365 896 in
1395 849 1600 896 tantum
1645 853 1744 894 vos
1791 836 1877 892 af—

276 930 512 987 fectione
540 939 770 1002 paterna
792 931 1090 1006 diligimus,
1133 940 1191 985 ut
1231 931 1287 985 in
1321 929 1624 985 visceribus
1681 925 1880 981 Christi

281 1021 414 1074 Jesu
449 1036 572 1075 esse
615 1019 916 1091 cupiamus.
946 1021 1012 1075 Et
1042 1036 1172 1076 ecce
1219 1018 1395 1090 parati
1439 1033 1648 1081 sumus,
1695 1023 1753 1069 ut
1783 1030 1882 1068 vos

286 1106 712 1172 lucrifaciamus,
745 1116 798 1162 et
827 1107 1088 1179 quidquid
1117 1107 1422 1181 legatorum
1456 1113 1763 1160 nostrorum
1793 1101 1880 1155 of-

280 1193 588 1248 fuscatione
618 1210 794 1265 nuper
849 1193 1114 1249 offensum
1147 1203 1249 1260 est,
1281 1194 1349 1248 ad
1379 1209 1571 1264 purum
1604 1189 1884 1264 corrigere

281 1291 331 1336 et
359 1282 541 1336 omnia
570 1282 938 1337 maturissime
1001 1282 1434 1354 redintegrando
1489 1295 1714 1346 curare;
1747 1285 1799 1333 et
1837 1277 1884 1330 si

277 1370 588 1444 contigerit,
620 1385 727 1425 non
759 1371 934 1425 solum
977 1371 1212 1442 compati
1245 1379 1296 1425 et
1340 1368 1634 1424 condolere
1695 1365 1884 1420 vobis-

281 1473 427 1523 cum,
493 1458 591 1514 sed
629 1459 792 1514 etiam
841 1475 943 1530 pro
986 1459 1164 1512 salute
1220 1457 1519 1512 animarum
1579 1463 1888 1509 vestrarum

279 1547 422 1601 mori
453 1562 563 1600 non
607 1547 1003 1613 recusabimus,
1053 1545 1267 1602 dicente
1323 1543 1532 1599 Joanne
1589 1541 1885 1613 apostolo:

291 1634 570 1701 Quoniam
603 1636 748 1690 Deus
775 1651 878 1708 pro
907 1634 1066 1690 nobis
1095 1633 1350 1688 animam
1389 1648 1552 1687 suam
1593 1631 1801 1703 posuit,
1835 1632 1890 1684 et

1974 581 2162 652 gloriae
2219 589 2323 636 tum
2376 580 2724 651 prmcipimus
2777 589 2940 652 atque
2996 581 3319 636 mandamus
3366 591 3422 636 ut
3471 597 3569 651 pro

1975 685 2160 723 amore
2199 677 2512 724 sanctorum
2555 669 2922 740 apostolorum
2972 659 3114 724 Petri
3143 685 3210 724 ac
3238 669 3386 723 Pauli
3436 685 3571 740 pro-

1975 763 2241 812 tectorum
2268 765 2568 812 vestrorum
2617 763 2938 827 praesentem
2996 755 3236 829 legatum
3259 796 3274 824 ,
3313 772 3475 828 quem
3503 757 3574 811 ad

1977 852 2196 916 gentem
2226 845 2588 916 Bulgarorum
2629 843 2915 916 dirigimus
2943 844 2990 910 δ,
3019 844 3230 898 salvum
3257 852 3418 915 atque
3479 844 3568 900 in-

1979 932 2251 990 columem
2293 932 2480 986 venire
2512 932 2718 988 faciatis
2764 949 2936 1004 usque
2994 933 3066 988 ad
3107 932 3362 988 dilectum
3403 931 3574 988 filium

1980 1029 2224 1076 nostrum
2253 1021 2571 1076 Michaelem
2601 1020 2901 1094 gloriosum
2919 1036 3107 1093 regem
3125 1036 3334 1084 eorum,
3355 1030 3404 1077 et
3419 1037 3574 1093 quae-

1983 1120 2196 1177 cunque
2229 1105 2277 1160 ei
2309 1113 2432 1159 sunt
2449 1105 2757 1161 necessaria
2787 1105 2858 1160 ad
2873 1105 3072 1160 victum
3101 1112 3155 1159 et
3169 1105 3570 1171 vestimentum,

1983 1193 2059 1248 illi
2089 1210 2190 1264 pro
2222 1192 2320 1248 Dei
2349 1209 2531 1248 amore
2563 1192 2949 1256 administrate,
2983 1193 3109 1263 quia
3139 1193 3402 1248 Dominus
3447 1193 3580 1250 dicit

1983 1281 2037 1336 in
2069 1281 2370 1352 Evangelio
2401 1297 2414 1336 :
2441 1269 2703 1348 Quandiu
2723 1283 2942 1352 fecistis
2956 1283 3059 1337 uni
3078 1281 3146 1336 de
3161 1283 3472 1338 minoribus
3493 1283 3579 1337 is-

1988 1370 2082 1436 tis,
2101 1370 2245 1425 mihi
2278 1371 2499 1441 fecistis
2518 1369 2741 1438 (Matth.
2773 1371 2953 1438 xxv):
2987 1377 3038 1422 et
3055 1369 3581 1441 apostoluszllospi-

1989 1459 2132 1513 tales
2163 1458 2406 1514 invicem
2431 1457 2554 1512 sine
2583 1457 3040 1512 murmuratione
3070 1457 3119 1525 (ι
3145 1459 3267 1512 Pet.
3307 1457 3404 1527 IV).
3441 1458 3583 1524 Quia

1985 1562 2089 1618 per
2104 1546 2251 1601 hanc
2274 1545 2566 1600 latuerant
2583 1545 2832 1616 quidam,
2849 1545 3065 1615 angelis
3095 1544 3336 1616 hospitio
3351 1561 3583 1616 suscep-

1991 1633 2065 1689 tis
2099 1634 2248 1702 (Heb.
2273 1620 2420 1702 xm).
2464 1635 2626 1704 Agat,
2661 1630 2736 1685 (ili
2761 1631 3100 1700 charissime,
3147 1631 3215 1686 de
3247 1633 3350 1688 hoc
3375 1640 3465 1688 tua
3496 1632 3586 1687 di-

287 1737 390 1777 nos
412 1723 673 1777 debemus
701 1738 803 1794 pro
832 1722 1110 1792 fratribus
1139 1723 1396 1776 animam
1417 1735 1628 1806 ponere
1648 1719 1702 1786 (I
1725 1718 1886 1806 Joan.
1916 1745 1972 1806 Β
1992 1719 2172 1788 lectio,
2205 1727 2260 1774 ut
2289 1728 2508 1776 eterna:
2540 1719 2662 1775 vitae
2681 1720 2906 1791 praemia
2933 1718 3214 1790 percipere
3232 1719 3430 1775 valeat.
3449 1719 3588 1776 Data

288 1809 394 1877 ιιι).
424 1808 635 1864 Vestrae
655 1816 834 1864 tamen
847 1808 1123 1864 dilectioni
1144 1807 1396 1864 convenit
1412 1805 1631 1862 monitis
1645 1803 1887 1877 paternis

291 1896 533 1971 benigno
562 1913 748 1953 amore
767 1913 984 1968 semper
1004 1897 1254 1968 praebere
1277 1911 1584 1960 assensum,
1617 1901 1669 1948 et
1699 1893 1888 1946 admo-

289 1985 585 2039 nitionibus
613 1985 816 2039 nostris
845 1985 1258 2041 accommodare
1306 1983 1566 2047 auditum,
1619 1979 1740 2052 quia
1797 1979 1888 2034 ille

290 2073 442 2128 cuia
477 2072 710 2126 Domino
755 2071 939 2128 claves
979 2072 1138 2146 regni
1186 2072 1448 2127 cmlorum
1493 2068 1698 2142 ligandi
1726 2075 1890 2138 atque

292 2159 542 2214 solvendi
579 2160 792 2216 collata:
824 2169 968 2224 sunt,
1001 2160 1241 2231 quotidie
1281 2167 1334 2214 et
1373 2157 1744 2212 indesinenter
1790 2171 1890 2209 ex-

290 2248 478 2318 pandit
508 2248 746 2316 brachia,
772 2256 824 2302 et
855 2264 954 2303 vos
1006 2255 1339 2303 revertentes
1368 2246 1433 2299 ad
1465 2262 1524 2300 se
1554 2241 1893 2317 gratulenter

291 2343 614 2406 exspectat;
647 2343 912 2408 quatenus
941 2351 1039 2390 vos
1061 2343 1264 2392 aeterno
1293 2333 1498 2404 pastori
1519 2331 1708 2386 reddat
1736 2346 1892 2386 com-

291 2431 449 2493 potes
480 2430 700 2477 mternas
729 2423 1100 2488 beatitudinis,
1142 2439 1175 2476 a
1205 2437 1313 2494 quo
1343 2420 1552 2491 accepit
1594 2417 1894 2473 ministerio

294 2510 378 2564 sui
423 2510 758 2582 apostolatus
804 2511 1016 2565 animas
1046 2519 1256 2566 vestras
1313 2508 1600 2564 redimere.
1651 2507 1788 2561 Data
1829 2509 1895 2560 ut

298 2614 491 2671 supra.

943 2685 1230 2742 CCXVIII.

380 2787 454 2828 AD
494 2789 877 2830 CONSILIABIOS
905 2787 1392 2914 ("ACHAEETSQIBEGIS
1430 2784 1820 2826 BULGAROBUM.

983 2859 1092 2898 nno
1229 2884 1240 2896 .

983 2859 1092 2898 nno
1121 2859 1240 2898 8'19.

783 2931 1044 3004 Ejusdem
1077 2932 1425 3002 argumenti.

371 3021 582 3086 Parua,
603 3019 878 3074 Cunnum:
906 3027 960 3073 et
989 3019 1269 3085 SUNDICJE,
1306 3018 1630 3089 czrterisque
1659 3015 1897 3086 optima-

1991 1812 2060 1865 ut
2077 1823 2268 1880 supra.

2677 1915 2888 1970 CCXX.

2363 2018 2436 2058 AD
2472 2017 2794 2058 θηαοιιιυυ
2823 2017 3208 2059 Ρκηιιεειιιυι.

2608 2092 2792 2163 (Anno
2817 2094 2967 2160 879.)

2001 2183 2175 2252 Rogat
2192 2184 2269 2252 ut
2287 2181 2493 2250 legatos
2513 2181 3169 2250 Constantinopolitanos
3188 2180 3260 2234 ad
3275 2194 3334 2234 se
3363 2180 3592 2252 mittat;

2057 2251 2384 2324 pollicetur,
2423 2267 2559 2324 cura
2573 2252 2922 2324 Francorum
2958 2265 3063 2306 rex
3097 2252 3326 2306 Romam
3347 2251 3585 2314 venerit,

2066 2321 2123 2376 se
2154 2321 2224 2376 ad
2245 2337 2374 2375 eum
2391 2321 2615 2375 auxilio
2639 2323 2879 2376 iturum.

2067 2408 2277 2464 Dilecto
2325 2406 2436 2462 ﬁlio
2467 2407 2762 2463 Ganeoan
2790 2407 3104 2478 primicerio
3133 2423 3200 2463 ac
3219 2407 3402 2476 hajulo
3421 2407 3595 2478 impe-

1996 2495 2134 2552 riali.

2068 2583 2407 2658 Religionem
2439 2591 2544 2638 tuae
2561 2583 2841 2639 charitatis
2863 2583 2918 2637 in
2949 2583 3161 2638 Christo
3193 2591 3244 2638 et
3265 2583 3318 2636 in
3341 2583 3457 2652 ejus
3483 2581 3595 2638 Ec-

1996 2673 2164 2728 clesia
2191 2673 2588 2734 collaudamus,
2622 2679 2675 2727 et
2705 2680 2761 2726 ut
2801 2671 2980 2742 magis
3009 2687 3070 2726 ac
3117 2671 3295 2744 magis
3336 2671 3387 2726 in
3450 2670 3595 2726 bono

1996 2777 2162 2832 opere
2193 2759 2449 2831 proficias
2477 2761 2844 2814 exhortamur.
2879 2761 3116 2830 Legatos
3155 2759 3224 2813 ab
3268 2759 3405 2813 urbe
3447 2758 3596 2812 Con-

1998 2847 2481 2918 stantinopolitana
2523 2847 2593 2902 ad
2641 2863 2743 2902 nos
2790 2847 3028 2904 directos
3074 2863 3173 2918 per
3203 2848 3592 2910 Beneventum,

1998 2936 2196 2990 deinde
2226 2952 2324 3006 per
2369 2935 2608 3006 Capuam
2646 2933 2844 3007 dirige,
2895 2935 3147 3007 quoniam
3170 2935 3280 3003 jam
3329 2934 3598 2988 habemus

2000 3023 2428 3095 praeordinatum
2469 3022 2723 3094 qualiter,
2777 3023 2892 3078 Deo
2947 3023 3183 3090 volente,
3215 3021 3282 3076 ad
3321 3038 3424 3076 nos
3463 3017 3603 3075 salvi

293 3108 444 3162 tibus
473 3107 801 3163 consiliariis
829 3107 1014 3162 dilecti
1055 3103 1149 3160 ﬁlii
1193 3105 1364 3161 nostri
1410 3087 1690 3161 Michaelis
1748 3101 1900 3175 regis
1929 3087 2158 3184 Οξηφιε
2187 3112 2343 3167 magi
2376 3087 2720 3182 ρει-ὗοηίαηιξ
2751 3112 2829 3166 De
2858 3119 3046 3166 ηοειτο
3079 3111 3149 3165 ad
3171 3087 3177 3090 ⁷
3197 3125 3295 3164 vos
3344 3109 3600 3174 adventu,

301 3195 680 3267 Bulgarorum.

371 3285 622 3356 Denique
652 3299 848 3339 moneo
878 3292 1115 3339 vestram
1163 3281 1407 3337 omnium
1453 3279 1801 3335 dilectionem
1843 3286 1902 3333 ut

302 3371 578 3428 continuis
611 3371 1086 3428 adhortationibus
1129 3379 1292 3442 atque
1330 3368 1774 3440 suggestionibus
1813 3365 1900 3420 di-

301 3459 446 3516 lecto
477 3458 588 3514 lilio
616 3469 804 3516 nostro
833 3459 1078 3515 Michaeli
1096 3458 1340 3531 glorioso
1353 3457 1466 3528 regi
1490 3455 1692 3510 seniori
1722 3461 1904 3509 vestro

304 3547 656 3614 annuntietis,
689 3563 895 3619 vosque
925 3563 1047 3602 cum
1079 3561 1146 3601 eo
1166 3547 1237 3600 ad
1273 3545 1450 3599 sinum
1477 3552 1679 3599 sanctae
1701 3541 1905 3597 Roma-

301 3650 391 3691 na
421 3635 845 3707 Ecclesiae,quas
860 3650 959 3690 vos
986 3644 1205 3690 aeternae
1232 3631 1582 3688 beatitudinis
1611 3630 1754 3700 cupit
1784 3644 1907 3684 esse

303 3723 818 3794 participes,redeat
843 3737 907 3779 ac
935 3722 1202 3788 redeatis;
1224 3737 1293 3777 ne
1315 3719 1518 3776 diutius
1549 3717 1908 3790 quorumdam

305 3811 560 3881 perversi
604 3811 876 3882 dogmatis
916 3809 1264 3865 suasionibus
1311 3807 1608 3880 perniciem
1649 3821 1712 3862 ac
1739 3804 1910 3861 detri—

306 3908 576 3962 mentum,
608 3899 752 3970 quod
777 3898 937 3963 absit,
970 3898 1166 3953 animae
1190 3905 1388 3952 vestrae
1428 3893 1727 3966 patiamini,
1769 3908 1911 3964 quo-

306 3987 452 4042 niam
484 4002 586 4042 nos
613 3986 667 4040 in
695 3994 907 4042 tantum
951 4001 1192 4041 amorem
1222 3999 1386 4055 super
1413 3999 1514 4039 vos
1555 3981 1822 4048 ducimur,
1857 3987 1916 4036 ut

307 4075 578 4146 quidquid
601 4075 746 4144 juste
769 4083 822 4129 et
847 4073 1143 4130 secundum
1167 4073 1342 4127 Deum
1359 4071 1648 4142 petieritis,
1681 4085 1714 4124 a
1756 4068 1916 4124 nobis

306 4163 607 4233 impetrare
645 4161 886 4226 valeatis,
900 4162 1206 4232 vestrisque
1237 4159 1586 4230 petitionibus
1613 4157 1915 4228 irrefraga-

314 4250 500 4305 biliter
523 4248 752 4304 velimus
781 4248 1033 4304 effectum
1051 4263 1307 4303 annuere.
1334 4247 1448 4302 Hoc
1469 4246 1662 4301 iterum
1693 4245 1918 4300 iterum-

315 4353 426 4408 que
452 4351 760 4403 monemus,
797 4345 849 4392 et
881 4337 937 4390 in
973 4335 1144 4390 verbo
1173 4335 1392 4389 Christo
1435 4333 1720 4398 edicimus,
1756 4340 1813 4386 ut
1841 4347 1921 4387 re-

316 4425 438 4480 dire
466 4425 536 4479 ad
567 4439 669 4479 nos
727 4423 948 4479 omnino
986 4422 1283 4488 festinetis;
1317 4421 1462 4492 quia,
1495 4422 1632 4476 sicut
1663 4435 1763 4474 nos
1792 4435 1921 4490 pec-

317 4527 452 4568 care
481 4513 758 4577 timemus,
792 4512 838 4566 si
868 4526 969 4566 vos
990 4511 1056 4565 ad
1075 4511 1251 4565 sinum
1279 4515 1482 4564 sanctze
1514 4508 1699 4562 matris
1727 4515 1922 4562 vestue

321 4614 432 4654 non
465 4600 812 4667 deducimus,
846 4599 921 4654 ita
951 4614 1051 4654 vos
1099 4599 1151 4652 in
1185 4599 1358 4652 Deum
1397 4595 1714 4666 peccabitis,
1741 4595 1790 4650 si
1816 4609 1921 4650 no-

323 4697 497 4742 stram
526 4701 718 4743 vocem
749 4686 939 4742 audire
969 4686 1254 4742 omittatis.
1300 4685 1434 4740 Data
1462 4687 1526 4738 ut
1547 4699 1736 4756 supra.

997 4787 1134 4844 CCX
1147 4787 1240 4842 IX.

729 4891 802 4930 AD
831 4889 1225 4932 SEDESCLAVUM
1255 4887 1520 4929 οοιιιτκκ.

940 4967 1121 5035 (Anno
1153 4964 1301 5032 8‘79.)

327 5062 602 5144 Prggipit
622 5064 688 5144 ut
721 5062 901 5144 legato
925 5059 1176 5144 quem-ad
1197 5075 1379 5131 regem
1400 5059 1768 5140 Bulgarorum

404 5135 480 5187 tit
510 5127 626 5186 iter
646 5127 835 5187 tutum
859 5127 1102 5204 prirbeat
1134 5147 1200 5185 ac
1234 5127 1554 5185 necessaria
1588 5127 1922 5200 suppeditet.

399 5235 614 5293 Dilecto
663 5234 773 5294 ﬁlio
808 5238 1170 5294 Sensscasvo
1201 5235 1445 5310 glorioso
1474 5234 1656 5290 comiti
1701 5233 1926 5290 Sclavo-

327 5334 526 5382 ι’ωῐιι.

325 5512 346 5564 1
396 5446 739 5562 ἐέίξξιη
761 5444 972 5502 Historia
994 5443 1288 5498 uacuum
1309 5439 1395 5496 lib.
1446 5451 1549 5496 xvu
1593 5440 1646 5492 in
1665 5437 1914 5503 Manlian),

2001 3201 2148 3271 quod
2179 3209 2288 3266 tua,
2324 3197 2398 3252 ﬁli
2443 3199 2782 3262 charissima,
2817 3197 3035 3252 dilectio
3083 3205 3472 3268 perscrutatur,
3501 3211 3604 3265 pro

2001 3297 2152 3343 certo
2179 3287 2533 3341 deliberatum
2562 3285 2878 3350 habuimus;
2897 3285 3008 3342 .sed
3054 3300 3150 3338 rex
3183 3284 3514 3338 Francorum
3533 3282 3604 3336 ad

2002 3393 2102 3430 nos
2131 3389 2434 3446 properans
2479 3372 2794 3444 suppliciter
2834 3371 3080 3441 deposcit
3127 3380 3184 3426 ut
3213 3371 3282 3428 ab
3321 3369 3462 3426 Urbe
3494 3384 3602 3423 non

2005 3462 2352 3519 discedamus
2370 3477 2641 3534 quoquam
2674 3461 2846 3515 donec
2867 3460 2984 3530 ipse
3002 3459 3298 3529 perveniat.
3319 3456 3425 3525 Qui
3455 3471 3600 3521 cum,

2006 3551 2239 3607 Domino
2267 3557 2610 3622 protegente,
2632 3547 2843 3602 venerit
2859 3563 2982 3602 cum
3013 3547 3192 3602 valida
3222 3561 3407 3610 manu,
3439 3551 3603 3614 prout

2006 3649 2312 3710 temporum
2341 3637 2483 3692 dicta
2510 3635 2824 3700 necessitas,
2857 3635 2983 3690 illuc
3012 3633 3161 3689 omni
3191 3649 3346 3689 mora
3376 3640 3602 3704 postpo-

2009 3728 2128 3792 sita,
2189 3725 2528 3781 studebimus
2597 3723 2926 3779 omnimodis
2974 3737 3288 3792 properare,
3317 3735 3420 3792 pro
3436 3719 3600 3775 totius

2011 3823 2210 3870 sanctas
2238 3813 2338 3868 Dei
2367 3812 2628 3868 Ecclesia
2655 3819 2709 3866 et
2738 3810 2979 3865 omnium
3023 3809 3444 3864 Christianorum
3503 3807 3608 3862 sal-

2013 3902 2252 3958 vatione.
2284 3903 2422 3956 Data
2453 3915 2509 3954 v1
2525 3900 2615 3954 die
2643 3897 2788 3967 Maii,
2818 3897 3113 3953 indictione
3141 3911 3244 3951 χιι.

2690 4049 2930 4106 CCXX].

2441 4153 2516 4194 AD
2561 4153 2829 4194 WIIODUH
2855 4149 3186 4192 EPISCOPUI.

2635 4228 2816 4295 (Anno
2845 4226 2997 4288 879.)

2023 4319 2090 4374 Ut
2107 4315 2258 4387 apud
2281 4315 2774 4387 Carolomannum,
2802 4314 2886 4366 vel
2929 4311 3334 4387 Carolumejus
3345 4311 3609 4387 fratrem,

2098 4377 2163 4440 de
2195 4383 2443 4440 Ecclesia
2473 4385 2572 4438 Dei
2599 4400 2632 4436 a
2651 4397 3003 4453 paganorum
3037 4378 3498 4453 in/estatignibus
3511 4377 3610 4453 de-

1970 4431 2026 4493 D
2552 4431 2642 4526 ,{e—t
2651 4431 3267 4526 Γέῗίῦξῆἰῖτξὶρέῖὶξιίὴ-ὶιέί
3288 4431 3476 4526 Caroli
3513 4447 3612 4501 Ro-

2090 4517 2245 4580 mam
2279 4517 2514 4586 venerit,
2553 4517 2685 4592 ipse
2733 4535 2955 4592 quoque
2987 4517 3228 4592 ueniat,-
3265 4518 3359 4572 sin
3392 4517 3607 4592 minus,

2091 4611 2288 4651 eorum
2307 4609 2502 4665 regum
2517 4588 2869 4648 voluntatem
2889 4591 2994 4646 sibi
3016 4591 3227 4644 litteris
3257 4588 3502 4657 aperiat.

2090 4706 2570 4765 Reverendissimo
2625 4703 2904 4760 WIBBODO
2963 4703 3244 4775 episcopo,
3293 4708 3345 4756 et
3411 4697 3614 4754 dilecto

2025 4797 2316 4854 consiliaro
2344 4807 2550 4853 n05tro.

2095 4885 2231 4941 Cum
2261 4884 2480 4940 assidue
2509 4899 2608 4940 vos
2637 4881 2792 4954 quasi
2821 4879 3200 4936 charissimum
3229 4876 3398 4932 ﬁlium
3427 4876 3483 4931 in
3511 4887 3617 4931 no—

2027 4983 2137 5030 stro
2165 4973 2445 5045 cupiamus
2475 4971 2674 5026 habere
2703 4967 2984 5041 obsequio.
3010 4967 3254 5039 placeret
3283 4980 3430 5022 nunc
3461 4963 3619 5018 nobis

2025 5077 2128 5134 pro
2156 5061 2408 5116 instantis
2455 5058 2718 5129 temporis
2765 5057 3152 5126 multiplicibus
3209 5053 3390 5111 causis
3439 5060 3620 5108 vestro

2029 5149 2214 5223 sagaci
2244 5149 2471 5204 consilio
2528 5147 2658 5205 frui:
2710 5145 2807 5200 sed
2857 5146 2979 5216 quia
3027 5144 3344 5198 industriam
3379 5149 3616 5196 vestram

2029 5253 2094 5295 ea
2124 5253 2244 5310 quas
2270 5237 2338 5292 ad
2369 5237 2632 5294 honorem
2659 5243 2861 5290 sanctae
2890 5233 2991 5288 Dei
3009 5232 3267 5289 Ecclesiae
3297 5244 3361 5286 ac
3383 5237 3624 5284 nostrum

2028 5327 2322 5406 pertinent,
2382 5339 2601 5396 semper
2646 5324 2842 5396 ubique
2910 5337 3077 5392 agere
3135 5319 3280 5374 fideli
3337 5316 3624 5374 devotione

2096 5453 2124 5489 δ
2147 5432 2400 5487 Aimoinus
2439 5431 2525 5484 lib.
2550 5445 2618 5492 tv,
2643 5444 2688 5482 c.
2717 5429 2784 5481 9.6
2807 5436 2857 5481 et
2881 5429 2964 5480 81.
2993 5427 3245 5479 Cedrenns
3270 5425 3322 5478 in
3361 5423 3624 5484 Mauricio,

2031 5502 2351 5566 Nicephorus,
2376 5499 2461 5549 lib.
2484 5511 2626 5556 xvm,
2655 5511 2700 5546 c.
2728 5497 2812 5546 28.
