4072 6186
525 299 626 350 835
1774 295 2068 352 JOANNIS

525 417 664 472 velle
694 417 884 488 procul
915 419 1081 474 dubio
1110 419 1402 486 credimus,
1438 435 1580 473 nunc
1609 421 1675 472 ad
1705 427 1946 472 nostram
1977 435 2114 489 apo-
2143 421 2196 478 Α

527 505 772 560 stolicam
818 505 1002 561 venire
1055 507 1402 576 praesentiam
1450 523 1556 560 non
1606 523 1920 576 gravamus.
1967 506 2119 574 Qua-

525 602 747 664 propter
775 603 966 649 vestrae
997 593 1387 648 innotescimus
1423 593 1698 649 dilectioni
1729 595 1988 666 quoniam
2023 611 2117 649 as-

525 682 676 736 sidua
708 689 760 736 et
789 697 952 752 supra
974 681 1194 735 modum
1225 681 1382 754 gravi
1412 697 1746 754 paganorum
1775 682 2119 737 infestatione

526 771 756 840 gravati,
790 769 1078 839 cujuslibet
1109 771 1256 840 regis
1281 771 1394 838 jam
1425 770 1769 840 cupissemus
1791 771 1990 825 habere
2024 787 2117 824 so-

525 859 731 914 latium.
765 858 918 914 Unde
948 858 992 912 si
1047 857 1497 914 Carolomannum
1529 875 1693 929 posse
1743 859 2119 913 incunctanter

523 946 836 1020 agnoscitis,
870 947 1014 1016 apud
1069 945 1217 1000 illum
1243 965 1257 1011 ;
1290 946 1374 1000 sin
1403 955 1600 1012 autem,
1625 946 1770 1016 apud
1799 963 2120 1018 germanum

525 1043 578 1090 et
605 1035 944 1106 equivocum
975 1035 1108 1102 ejus,
1130 1033 1384 1089 Carolum
1415 1034 1666 1089 videlicet
1697 1034 1994 1106 gloriosum
2025 1049 2118 1089 re-

525 1139 672 1197 gem,
724 1137 918 1178 causas
963 1130 1016 1176 et
1057 1121 1316 1176 utilitates
1365 1129 1566 1176 sanctae
1611 1121 1757 1176 sedis
1807 1122 2120 1192 apostolicae

523 1211 770 1284 prudenti
798 1211 1059 1265 duntaxat
1089 1210 1318 1264 consilio
1349 1225 1517 1280 agere
1549 1217 1622 1274 et,
1655 1209 1769 1264 Deo
1801 1209 2112 1276 auxiliante,

523 1301 592 1355 ad
623 1298 918 1369 perfectum
941 1297 1214 1352 deducere
1246 1297 1525 1368 satagatis,
1553 1305 1814 1367 quatenus
1834 1295 2116 1366 pristinum

525 1388 642 1457 ejus
672 1388 933 1440 honorem
968 1392 1128 1454 atque
1173 1384 1420 1455 vigorem
1459 1383 1628 1454 ipsius
1658 1385 1808 1454 regia
1835 1386 2113 1452 majestas,

524 1491 677 1530 more
727 1473 980 1526 videlicet
1041 1479 1328 1541 parentum
1414 1487 1658 1536 suorum,
1719 1482 2006 1526 conservet
2061 1473 2116 1526 in

530 1562 802 1618 omnibus.
835 1561 1109 1612 Prazterea
1139 1559 1183 1612 si
1224 1559 1346 1612 talis
1391 1559 1858 1630 archicapellanus
1875 1561 1990 1628 jam
2019 1559 2116 1614 fati

529 1649 708 1704 Caroli
739 1647 907 1719 regis,
942 1647 1080 1700 sicut
1111 1647 1266 1701 nobis
1295 1647 1608 1712 mandastis,
1644 1648 1872 1714 venerit,
1919 1647 1988 1702 ad
2019 1663 2114 1701 no-

2129 297 2320 350 PAI’JZ
2373 299 2510 351 VIII.
3709 299 3800 348 836

2859 421 3149 474 CCXXIII.

2269 523 2336 561 AD
2371 523 2696 565 ANSPERTL'M
2741 522 3218 561 ARCHIEPISCOPUM
3263 519 3744 560 MEDIOLANENSEI.

2837 580 3017 646 (Anno
3047 580 3218 644 879.)⁴

2221 669 2422 739 Arguit
2440 683 2568 721 eum
2603 667 2744 738 quod
2784 667 2953 739 tertio
2995 669 3220 739 vocatus
3258 664 3328 739 ad
3357 663 3658 739 concilium
3693 681 3790 739 non

2291 733 2542 798 uenerit;
2583 733 2844 807 pracipit
2873 740 2938 790 ut
2985 737 3057 790 ad
3100 735 3373 804 synodum
3413 733 3790 807 celebrandum

2291 824 2420 863 cum
2455 806 2594 862 suis
2615 807 2886 877 episcopis
2929 807 3179 870 accedat,
3211 809 3268 877 et
3301 821 3431 860 cum
3463 806 3790 877 Francorum

2289 878 2512 948 regibus
2530 879 2624 949 qui
2645 875 2949 949 inltaliam
2968 879 3204 949 fuerant
3233 875 3493 949 ingressi,
3509 947 3518 949 _
3529 875 3792 944 placitum

2291 945 2404 1004 non
2418 945 2592 1007 faciat
2607 967 2624 1000 :
2638 947 2810 1002 aliter
2825 945 3411 1002 excomunicationem
3439 947 3712 999 minatur.

2289 1035 2766 1091 Reverendissimo
2799 1043 2850 1088 et
2889 1034 3232 1089 sanctissimo
3281 1035 3579 1087 Assur-mro
3623 1031 3793 1086 archi-

2219 1125 2478 1194 episcOpo
2507 1121 2914 1177 Mediolanensi.

2288 1213 2468 1266 Multae
2495 1210 2878 1265 inobedientiaa
2923 1219 3086 1281 atque
3124 1209 3442 1280 perniciosae
3491 1209 3798 1264 temeritatis

2215 1301 2406 1370 procul
2439 1299 2604 1353 dubio
2635 1297 2894 1368 reperiris
2923 1297 3209 1363 obnoxius,
3229 1313 3349 1352 cum
3381 1297 3538 1351 nobis
3567 1313 3668 1368 pro
3698 1299 3794 1352 Ec-

2216 1388 2504 1442 clesiarum
2537 1387 2635 1442 Dei
2683 1386 2922 1440 omnium
2952 1393 3104 1452 juxta
3153 1385 3472 1455 Apostolum
3519 1385 3796 1439 commissa

2215 1476 2576 1532 sollicitudine
2608 1474 2903 1545 populique
2933 1473 3100 1528 salute
3133 1473 3188 1527 in
3219 1474 3322 1528 hoc
3345 1473 3653 1544 periculoso
3675 1481 3798 1526 tem-

2215 1581 2365 1634 pore,
2403 1564 2728 1618 necessitate
2763 1563 2968 1618 scilicet
2997 1562 3160 1616 nimia
3179 1570 3428 1634 cogente.
3461 1571 3678 1616 strenue
3707 1561 3796 1616 de-

2214 1653 2568 1718 certantibus,
2601 1651 2828 1716 nullum,
2861 1659 2918 1704 ut
2948 1651 3232 1721 oportebat
3260 1649 3508 1719 praebere
3525 1665 3798 1703 assensum

531 1745 752 1808 straque
783 1735 1080 1822 apostolica
1113 1735 1343 1807 vestigia
1387 1735 1589 1788 missus
1633 1749 1932 1805 properare
1961 1751 2114 1806 quae-
2153 1745 2208 1822 Β·
2228 1741 2562 1810 nullumque,
2593 1739 2757 1794 veluti
2785 1737 2946 1808 capiti
2977 1745 3068 1792 tuo
3113 1737 3507 1806 compatiendo,
3561 1737 3801 1791 studuisti

535 1825 685 1880 sierit
715 1823 965 1878 volumus
995 1819 1046 1876 ei
1075 1837 1199 1877 cum
1237 1837 1302 1877 eo
1350 1823 1419 1876 ad
1465 1839 1566 1876 nos
1607 1822 1810 1892 pariter
1859 1823 2123 1890 veniatis;

535 1921 592 1968 ut
621 1911 896 1968 communi
929 1918 1160 1964 tractatu
1202 1909 1330 1980 quid
1361 1926 1462 1979 pro
1493 1909 1750 1965 Ecclesiae
1785 1911 1884 1965 Dei
1915 1911 2124 1965 exalta-

527 2001 674 2056 tione
713 1998 982 2070 agendum
1015 1997 1100 2066 sit,
1132 1999 1332 2067 pariter
1360 1997 1788 2053 consideremus.
1817 1999 1912 2052 Sin
1943 2007 2126 2053 autem

520 2089 641 2160 ipse
688 2089 912 2143 Romam
951 2102 1058 2140 non
1103 2087 1328 2152 venerit,
1376 2101 1440 2140 eo
1497 2085 1788 2156 diligenter
1843 2087 2124 2158 inquisito-

527 2192 720 2232 causas
753 2185 804 2230 et
817 2175 1118 2229 voluntates
1135 2181 1296 2244 atque
1313 2173 1630 2228 devotiones
1659 2174 1746 2230 vel
1767 2175 2119 2240 Caroloman,

525 2265 600 2330 ni,
633 2264 718 2318 vel
748 2263 916 2333 ipsius
946 2261 1192 2332 germani
1229 2261 1340 2328 jam
1370 2261 1498 2316 dicti
1543 2261 1692 2332 regis
1739 2261 1901 2316 nobis
1930 2261 2123 2316 litteris

533 2351 727 2406 vsstris
761 2351 860 2404 sub
892 2349 1038 2402 omni
1069 2348 1393 2402 certitudine
1437 2349 1850 2417 praesentialiter
1879 2349 2124 2404 innotes-

529 2439 687 2504 catis,
729 2446 787 2491 ut
817 2437 944 2508 quid
987 2453 1253 2506 prospere
1311 2436 1584 2508 agendum
1641 2436 1708 2490 sit
1763 2437 1882 2493 luce
1921 2437 2123 2492 clarius

531 2541 916 2599 agnoscamus.
951 2525 1120 2592 Hujus
1139 2539 1356 2596 quoque
1375 2532 1578 2578 textum
1601 2525 1860 2594 epistolae,
1915 2535 1971 2580 ut
1999 2526 2125 2579 nul-

523 2615 611 2670 lus
642 2621 923 2688 agnoscat,
957 2629 1076 2668 cum
1121 2612 1383 2684 legeritis,
1414 2612 1592 2666 statim
1623 2612 1748 2682 igne
1801 2615 2118 2668 comburite.

527 2705 666 2758 Data
688 2707 754 2756 ut
782 2719 971 2773 supra.

1193 2877 1456 2932 CCXXII.

971 3023 1040 3060 AD
1093 3021 1354 3060 BOSONEM
1389 3021 1636 3060 COMITEM
1645 3048 1656 3060 .

1143 3131 1323 3198 (Anno
1347 3129 1496 3198 879.)

531 3257 732 3330 Scribit
759 3271 818 3330 se
851 3255 1314 3330 tqcituni_te13.ere
1352 3252 1494 3330 quod
1521 3257 1733 3330 secreto
1753 3269 1828 3308 ex
1848 3255 2122 3330 _ipso_au-

595 3327 801 3390 dierat,
855 3329 909 3380 et
953 3323 1262 3388 auxilium,
1326 3323 1468 3394 quod
1515 3323 1893 3394 promiserat,
1945 3325 2011 3378 ab
2059 3340 2120 3380 eo

596 3398 824 3452 omnino
847 3399 1180 3466 exspectare
1207 3398 1516 3464 ;prarterea
1537 3409 1595 3448 se
1625 3395 1760 3448 bene
1791 3395 1993 3448 valere.

603 3531 884 3585 Secretum
916 3527 1082 3598 quod,
1117 3527 1232 3580 Deo
1261 3525 1572 3590 auxiliante,
1605 3525 1884 3581 vobiscum
1939 3526 2122 3582 Trecis

529 3618 826 3674 existentes
873 3615 1183 3678 habuimus,
1227 3613 1606 3668 immutilatam
1637 3628 1702 3668 ac
1731 3611 1894 3668 ﬁxum
1933 3621 2120 3669 nostro

521 3705 816 3776 apostolico
844 3702 1244 3774 pectore,quasi
1275 3701 1550 3772 quoddam
1580 3701 1898 3756 thesaurum
1927 3718 2122 3757 recon-

529 3793 700 3848 ditum
730 3792 924 3863 procul
955 3791 1120 3845 dubio
1145 3789 1459 3850 retinemus,
1493 3798 1546 3844 et
1575 3789 1719 3852 totis,
1751 3789 1862 3844 vita
1901 3789 2117 3854 comite,

529 3882 738 3935 nisibus
769 3879 922 3942 illud,
955 3885 1214 3948 quantum
1245 3877 1300 3930 in
1351 3875 1508 3930 nobis
1551 3885 1652 3940 est,
1687 3877 1936 3932 alacriter
1963 3886 2120 3946 opta-

527 3983 649 4022 mus
667 3965 954 4036 perﬁcere.
988 3963 1332 4033 Quapropter
1372 3963 1416 4015 si
1451 3963 1784 4018 excellentiae
1830 3972 2023 4018 vestrae
2051 3964 2120 4018 li-

528 4055 636 4118 bet,
665 4055 780 4121 jam
809 4053 912 4106 hoc
941 4051 1120 4121 ipsum
1167 4051 1236 4104 ad
1267 4047 1518 4104 effectum
1549 4050 1756 4104 debetis
1795 4051 2116 4120 perducere.

528 4141 665 4210 Quia
696 4141 844 4208 juxta
875 4146 1122 4194 sanctum
1169 4137 1488 4207 Apostolum
1523 4137 1903 4192 admonentem
1938 4155 1950 4192 :
1983 4141 2121 4195 Ecce

531 4247 688 4284 nunc
706 4233 926 4300 tempus
948 4221 1306 4298 acceptabile,
1332 4241 1456 4281 ecce
1491 4243 1644 4280 nunc
1673 4227 1790 4281 die:
1819 4228 2024 4282 salutis
2049 4227 2125 4296 (II

533 4319 652 4374 Cor.
685 4317 807 4388 vn),
839 4317 1038 4388 quibus
1066 4315 1279 4369 favente
1309 4313 1562 4380 Domino,
1586 4323 1762 4369 vestra
1795 4315 2022 4384 potestis
2043 4314 2120 4370 ef-

527 4405 768 4461 ﬁcaciter
824 4403 1096 4459 desideria
1143 4403 1382 4473 explere.
1430 4403 1543 4457 Nos
1602 4403 1744 4456 enim
1770 4403 2118 4472 sponsionem

527 4502 768 4549 vestram
799 4493 1020 4547 nimium
1051 4491 1448 4562 praestolantes,
1481 4491 1578 4544 sed
1619 4507 1792 4561 usque
1825 4491 2002 4546 adhuc
2026 4491 2122 4545 mi-

527 4582 672 4636 nime
698 4579 1142 4650 contemplantes,
1175 4579 1359 4632 tristes
1377 4577 1676 4646 existimas,
1709 4593 1776 4632 eo
1805 4579 1950 4650 quod
1979 4578 2120 4632 assi-

524 4669 664 4724 duas
691 4677 744 4723 et
781 4683 948 4738 supra
971 4667 1188 4720 modum
1215 4681 1418 4738 graves
1449 4681 1788 4737 paganorum
1817 4665 2120 4721 infestatio-

527 4773 625 4811 nes
669 4755 996 4812 omnimodis
1037 4755 1342 4825 patiamur;
1401 4761 1450 4808 et
1507 4753 1708 4809 idcirco
1751 4769 1853 4824 pro
1901 4754 2124 4808 instanti

528 4844 852 4899 necessitate
907 4843 1013 4897 alio
1080 4842 1318 4914 dirigere
1362 4841 1728 4912 auxiliumque
1759 4849 2124 4911 opportunum

527 4931 972 5002 praetermisimus
1003 4947 1268 5000 quaerere.
1303 4930 1475 4994 Unde,
1497 4929 1542 4982 si
1563 4929 1741 5000 placet
1767 4945 1951 5002 agere,
1977 4929 2122 5000 quod

525 5021 800 5092 agendum
856 5027 937 5074 est
983 5019 1127 5088 agite
1175 5019 1306 5072 :sin
1353 5025 1552 5080 autem,
1597 5017 1755 5071 nobis
1798 5017 2120 5072 remandare

529 5109 646 5162 sine
667 5123 822 5162 mora
841 5107 1088 5179 satagite.
1123 5106 1262 5174 Quia
1292 5121 1426 5162 vero
1455 5105 1526 5160 de
1558 5105 1730 5160 salute
1758 5113 1942 5160 nostra
1965 5104 2121 5159 solli-

528 5195 618 5250 citi
651 5195 923 5266 gaudetis,
957 5203 1153 5249 vestra:
1174 5193 1566 5250 innotescimus
1587 5192 1966 5266 magnitudini,
1995 5192 2123 5262 quia

529 5291 580 5336 et
611 5299 956 5354 prosperum,
992 5281 1227 5344 Christo,
1259 5281 1418 5346 duce,
1458 5281 1780 5337 revertendo
1806 5281 1910 5336 iter
1939 5279 2124 5336 habui-

529 5385 666 5432 mus,
701 5380 748 5424 et
783 5387 925 5426 nunc
955 5386 1223 5442 corporea
1243 5369 1476 5425 sanitate
1507 5371 1648 5424 bene
1683 5369 1942 5424 valemus.
1987 5369 2122 5422 Data

535 5459 594 5508 ut
616 5472 804 5523 supra.

2146 3107 2194 3169 C

2225 1827 2476 1883 conferre
2531 1827 2802 1881 solatium.
2854 1826 3033 1879 Missis
3071 1826 3232 1880 etiam
3265 1823 3602 1894 apostolatus
3639 1824 3800 1880 nostri

2226 1916 2468 1972 secundo
2497 1931 2561 1970 ac
2582 1915 2743 1968 tertio
2775 1930 2870 1984 per
2899 1913 3094 1968 fratres
3127 1922 3178 1967 et
3208 1913 3564 1982 coepiscopos
3597 1921 3801 1968 nostros

2223 2003 2432 2068 litteris,
2469 2003 2524 2056 in
2555 2002 2890 2057 consortium
2933 2000 3306 2055 sollicitudinis
3342 2009 3541 2054 nostra:
3579 2008 3631 2054 te
3663 2015 3803 2054 more

2223 2103 2622 2162 praecessorum
2653 2098 2984 2154 nostrorum,
3019 2097 3202 2158 utpote
3231 2087 3486 2142 idoneum
3517 2087 3798 2143 commini-

2225 2187 2416 2246 strum,
2449 2179 2683 2248 primum
2713 2178 2932 2249 quidem
2963 2177 3016 2230 in
3047 2175 3222 2230 Gallia
3249 2185 3300 2230 et
3329 2175 3676 2246 postmodum
3707 2176 3801 2228 Pa-

2223 2267 2326 2337 piae
2364 2267 2724 2322 consistentes
2767 2265 3028 2320 canonice
3067 2264 3399 2324 vocavimus,
3449 2263 3544 2316 sed
3591 2263 3804 2316 minime

2223 2371 2514 2410 occurrere
2547 2353 2784 2408 voluisti.
2815 2351 3072 2422 Regulari
3101 2352 3260 2406 etiam
3292 2357 3344 2405 et
3373 2359 3560 2404 nostra
3589 2359 3804 2419 aposto-

2221 2443 2322 2498 lica
2354 2443 2634 2498 vocatione
2658 2441 2920 2510 jussimus
2953 2449 3010 2494 ut
3037 2440 3261 2495 Romam
3291 2454 3389 2508 pro
3419 2447 3526 2491 tam
3551 2437 3808 2508 multipli-

2223 2531 2374 2584 cibus
2438 2530 2854 2585 necessitatibus
2899 2529 2954 2581 in
2998 2543 3282 2584 commune
3328 2525 3701 2596 pertratandis
3745 2541 3806 2580 ac

2224 2619 2479 2688 synodice
2511 2616 2879 2672 deliberandis
2900 2615 3154 2686 negotiis,
3187 2614 3375 2670 venire
3394 2615 3602 2684 absque
3635 2613 3804 2684 quoli-

2223 2707 2312 2760 bet
2341 2706 2564 2761 obtentu
2596 2713 2904 2776 satageres;
2936 2703 3032 2758 sed
3055 2719 3230 2774 neque
3269 2702 3570 2760 secundum
3592 2701 3804 2756 canoni-

2221 2811 2340 2849 cam
2397 2793 2733 2848 sanctionem
2792 2791 3198 2846 excusationem
3253 2799 3400 2844 tuam
3455 2789 3510 2842 in
3545 2789 3804 2844 tractoria

2223 2882 2480 2952 scriptam
2525 2881 2684 2935 nobis
2725 2889 2784 2934 et.
2805 2887 3008 2934 sancta:
3035 2879 3243 2950 synodo
3285 2877 3647 2949 peridoneum
3674 2893 3706 2930 a
3735 2877 3808 2931 la-

2222 2977 2336 3024 tere
2367 2978 2459 3024 tuo
2487 2969 2796 3024 ministrum
2823 2967 3084 3040 dirigere,
3117 2982 3294 3036 neque
3325 2966 3440 3035 ipse
3477 2965 3658 3035 potius
3715 2980 3806 3018 ve-

2221 3057 2358 3124 nire,
2421 3056 2720 3128 improvida
2784 3056 3038 3110 duntaxat
3093 3061 3274 3108 mente
3320 3053 3540 3120 curasti,
3589 3060 3648 3106 ut
3711 3067 3808 3106 una

2221 3145 2524 3214 uobiscum,
2556 3145 2647 3216 qui
2695 3151 2938 3198 vestrum
2985 3143 3228 3198 omnium
3285 3156 3450 3196 onera
3506 3149 3808 3210 portamus.

2213 3235 2364 3302 juxta
2392 3243 2722 3304 praeceptum
2771 3231 3034 3302 Apostoli,
3069 3248 3130 3286 ea
3173 3238 3386 3301 portare
3416 3229 3562 3284 omni
3613 3230 3810 3282 annixu

2221 3322 2486 3376 studeres.
2539 3322 2643 3376 Pro
2705 3321 2900 3392 quibus
2949 3319 3199 3374 videlicet
3257 3327 3330 3372 tot
3385 3317 3808 3372 evidentissimis

2220 3409 2398 3480 culpis
2427 3417 2481 3463 et
2502 3408 2801 3463 temerariis
2827 3406 3335 3478 praesumptionibus
3377 3421 3410 3460 a
3455 3413 3507 3459 te
3549 3405 3806 3474 peractis,

2222 3513 2331 3552 una
2386 3513 2508 3552 cum
2558 3495 2866 3551 veneranda
2933 3495 3143 3565 synodo
3207 3502 3330 3549 ante
3385 3492 3810 3548 sacratissimum

2223 3586 2365 3640 beati
2387 3585 2532 3640 Petri
2560 3585 2930 3655 apostolorum
2958 3583 3217 3654 principis
3245 3597 3440 3652 corpus
3471 3581 3678 3644 habita,
3721 3595 3810 3633 se-

2222 3675 2459 3729 cundum
2531 3673 2910 3726 immutilatam
2985 3670 3224 3726 Africani
3283 3669 3496 3724 concilii
3563 3668 3810 3741 regulam

2223 3763 2412 3830 (Cone.
2447 3763 2622 3832 Arrio.
2665 3777 2784 3832 cap.
2835 3761 3276 3830 Carthaginense
3314 3774 3366 3820 v,
3401 3773 3449 3812 c.
3491 3757 3600 3826 10),
3635 3765 3688 3810 te
3743 3754 3812 3810 ad

2223 3850 2510 3906 concilium
2539 3857 2784 3904 nostrum
2813 3863 2918 3903 non
2949 3855 3349 3911 occurrentem,
3378 3860 3554 3914 neque
3586 3858 3810 3899 excusa-

2224 3939 2422 3992 tionem
2487 3946 2630 3991 tuam
2683 3936 2738 3990 in
2793 3935 3048 3990 tractoria
3109 3933 3560 3996 subscribentem,
3637 3945 3812 4000 neque

2215 4027 2414 4096 justam
2445 4025 2710 4079 rationem
2747 4022 3116 4094 impedimenti
3163 4021 3238 4076 tui
3269 4019 3412 4090 apud
3441 4035 3542 4074 nos
3569 4019 3810 4074 omnium

2223 4123 2462 4168 vestrum
2493 4113 2778 4183 primatem
2817 4111 3046 4166 reddere
3077 4117 3374 4172 curantem,
3407 4107 3553 4162 omni
3581 4121 3812 4176 prorsus

2223 4201 2587 4258 ecclesiastica
2631 4199 3032 4264 communione,
3083 4197 3256 4252 sancti
3299 4195 3527 4265 Spiritus
3573 4193 3812 4248 auctori-

2223 4297 2352 4356 tate,
2379 4289 2728 4360 privavimus,
2760 4303 3042 4358 quousque
3073 4293 3218 4338 tuam
3249 4283 3540 4353 specialem
3561 4297 3808 4351 prasen-

2223 4377 2350 4430 tiam
2380 4377 2538 4431 nobis
2593 4385 2646 4432 et
2701 4375 2818 4430 sedi
2873 4373 3171 4444 apostilicae
3213 4371 3471 4426 exhibere
3517 4369 3810 4424 curaveris.

2149 4453 2202 4512 D
2225 4465 2382 4521 Nunc
2411 4465 2613 4535 itaque,
2645 4463 2902 4536 quoniam
2935 4469 3247 4518 constanter
3271 4457 3814 4524 tenentesjustitiam,

2221 4555 2458 4626 benigne
2491 4553 2754 4608 debemus
2797 4566 3010 4620 semper
3039 4549 3285 4619 praebere
3331 4545 3698 4610 clementiam,
3735 4544 3816 4597 his

2223 4641 2418 4696 iterum
2445 4640 2646 4696 nostris
2675 4636 3198 4709 apostolicislitteris
3227 4634 3504 4690 dilectioni
3535 4641 3644 4688 tuae
3667 4648 3808 4702 prm-

2223 4729 2471 4801 cipimus,
2503 4737 2560 4783 ut
2591 4729 2712 4800 quia
2742 4727 2808 4781 ad
2837 4725 3121 4797 praefatam
3153 4725 3420 4794 synodum
3449 4737 3558 4776 non
3581 4719 3806 4785 venisti,

2222 4819 2291 4872 ad
2319 4834 2438 4874 eam
2479 4832 2642 4888 quam
2663 4831 2876 4880 rursus,
2901 4815 3050 4882 juxta
3081 4811 3306 4868 canonis
3336 4809 3618 4882 apostolici
3652 4809 3808 4878 capi-

2222 4905 2394 4960 tulum
2443 4904 2776 4959 tricesimum
2831 4911 3112 4974 quartum,
3172 4899 3373 4954 erimus
3430 4905 3623 4969 quarto
3691 4897 3814 4950 Idus

2223 4993 2494 5058 Octobris,
2527 4992 2817 5047 auxiliante
2835 4990 3084 5056 Domino,
3109 4987 3452 5052 celebraturi,
3495 4985 3810 5056 omnipost-

2220 5081 2391 5152 posita
2425 5079 2728 5148 occasione,
2787 5095 2908 5134 cum
2957 5075 3316 5149 suifraganeis
3375 5073 3648 5145 episcOpis
3707 5071 3812 5125 tuis

2222 5169 2448 5224 devotus
2477 5185 2746 5224 occurras.
2783 5166 2880 5222 Vel
2928 5165 2972 5220 si
3000 5165 3177 5236 aliqua
3211 5163 3446 5219 evidenti
3485 5161 3812 5216 necessitate

2223 5266 2274 5314 te
2303 5273 2410 5312 non
2431 5273 2592 5328 posse
2614 5256 2796 5312 venire
2826 5253 3100 5316 claruerit.
3134 5251 3363 5307 eximios
3403 5267 3436 5304 a
3493 5249 3662 5304 latere
3725 5255 3814 5302 tuo

2221 5345 2431 5415 dirigas
2461 5346 2624 5404 viros.
2661 5345 2749 5416 qui
2783 5353 2906 5398 tunc
2937 5341 3092 5396 nobis
3124 5349 3176 5396 et
3205 5348 3392 5396 sancto
3418 5337 3654 5393 concilio
3691 5337 3814 5390 ido-

2225 5451 2322 5488 nee
2357 5433 2615 5492 faciendo.
2653 5443 2698 5486 et
2731 5447 2948 5486 causam
2985 5439 3085 5485 tua:
3117 5427 3566 5499 impossibilitatis
3601 5425 3820 5479 veraci-
