4072 6186
346 242 452 334 ω

1488 257 1839 329 Ειηδτοιμε
1886 266 1971 327 ET
2028 244 2371 326 bECREi‘A.

3488 259 3725 332 '838‘

345 410 434 455 ter
462 399 725 462 intiment,
759 407 811 452 et
839 414 903 454 ea
935 415 1057 469 qua:
1083 414 1184 468 pro
1216 396 1585 453 Ecclesiarum
1603 396 1703 451 Dei
1724 395 1948 450 utilitate
1970 396 2023 455 A
2051 401 2305 465 promptu
2350 391 2609 444 habentes
2677 378 2863 440 ulcisci
2920 393 3141 437 omnem
3198 376 3640 469 inobedientiam,

348 486 663 559 peragenda
692 495 834 553 sunt,
870 486 1156 541 nobiscum
1187 485 1462 558 sagaciter
1490 484 1707 539 valeant
1734 484 1946 538 delibe-

348 591 487 629 rare.
545 575 683 629 Nam
739 574 785 627 si
842 581 893 628 et
939 574 1081 629 hanc
1115 582 1366 644 quartam
1411 581 1614 626 nostra:
1637 570 1949 641 apostolicae

346 662 688 718 auctoritatis
732 662 1068 717 vocationem
1113 661 1536 731 parvipendons,
1588 659 1657 714 ad
1702 660 1813 728 jam
1846 658 1948 712 de-

346 751 650 805 nuntiatam
710 748 979 820 synodum
1036 749 1152 819 ipse
1208 748 1394 815 venire
1440 749 1525 802 vel
1571 734 1692 802 tuos
1736 746 1950 800 mittere

350 838 764 908 contempseris,
798 838 943 893 scias
973 852 1072 907 pro
1103 845 1251 891 certo
1281 835 1535 907 quoniam
1566 834 1759 904 majori
1788 842 1840 887 te
1864 833 1952 901 ju-

350 926 480 980 dicii
508 924 861 981 ecclesiastici
893 924 1109 980 vinculo
1148 923 1293 978 velut
1322 924 1725 978 inobedientem
1752 922 1950 976 incun-

349 1021 560 1069 ctanter
603 1012 914 1084 ligabimus.
965 1013 1231 1067 Praeterea
1277 1013 1381 1067 hoc
1422 1012 1585 1067 etiam
1614 1011 1711 1064 tibi
1737 1009 1952 1080 tuisque

351 1099 719 1173 suﬁ‘raganeis
758 1100 1012 1155 omnibus
1046 1100 1414 1154 admonitione
1449 1107 1639 1154 nostra
1665 1097 1952 1152 denuntia-

348 1206 474 1243 mus
489 1198 648 1260 atque
672 1189 1035 1259 praecipimus,
1060 1197 1113 1243 ut
1136 1204 1258 1243 cum
1275 1203 1341 1242 eo
1360 1188 1450 1259 qui
1470 1188 1538 1242 de
1559 1186 1781 1259 regibus
1799 1186 1955 1239 Fran-

350 1292 563 1343 corum,
588 1278 704 1331 Deo
735 1276 968 1341 favente,
994 1276 1204 1330 Italiam
1225 1274 1384 1330 fuerit
1412 1276 1718 1346 ingressus,
1750 1273 1954 1327 nullum

348 1364 558 1436 absque
587 1372 775 1419 nostro
805 1380 1076 1419 consensu
1108 1373 1161 1418 et
1190 1363 1538 1417 unanimitate
1575 1361 1835 1433 placitum
1867 1360 1955 1414 fa-

347 1468 478 1506 cere
520 1452 899 1522 praesumatis;
934 1451 1304 1522 apostolorum
1349 1467 1555 1517 canone
1602 1449 1823 1520 capituli
1852 1448 1955 1502 tri-

351 1539 543 1595 cesimi
588 1540 757 1610 quinti
799 1540 872 1594 ita
896 1540 1122 1608 jubente
1169 1548 1333 1610 atque
1361 1540 1576 1595 dicente
1609 1556 1621 1591 :
1654 1538 1957 1608 Episcopos

2047 482 2215 553 digna
2251 477 2591 548 correptione
2637 471 2914 529 canonicis
2957 470 3182 525 vocibus
3223 484 3319 522 vos
3350 467 3646 538 pet-ferire-

2048 585 2188 635 mus,
2242 568 2345 622 nisi
2405 562 2779 619 misericordia
2845 557 3157 630 apostolica:
3205 556 3351 610 sedis
3400 564 3644 610 nostrum

2050 657 2291 710 animum
2334 659 2682 723 temperaret.
2732 650 2842 704 Vos
2888 655 3085 707 autem,
3135 642 3458 707 charissimi,
3504 650 3652 697 tanta

2050 752 2239 797 nostra
2279 741 2535 812 patientia
2579 753 2688 793 non
2737 735 2911 799 abusi,
2946 733 3119 789 redite
3144 733 3212 786 ad
3242 747 3355 797 cor,
3390 739 3441 786 et
3472 731 3648 801 depo—

2050 838 2245 884 nentes
2292 844 2507 883 omnem
2537 825 2920 888 temeritatem,
2952 837 3053 892 pro
3084 818 3358 876 communi
3397 818 3569 873 salute
3598 825 3651 872 et

2051 933 2189 988 pace
2236 916 2391 987 regni
2432 914 2587 970 nobis
2633 914 2856 975 haerete,
2902 910 3041 964 adeo
3086 917 3142 963 ut
3181 924 3303 980 quae
3356 907 3652 977 recipimus

2054 1004 2350 1076 recipiatis,
2383 1011 2435 1057 et
2479 1018 2599 1073 quia
2643 1000 2951 1071 respuimus
2989 998 3279 1068 respuatis,
3310 1004 3369 1051 ut
3415 995 3653 1067 idipsum

2055 1093 2302 1148 dicamus
2329 1106 2518 1145 omnes
2548 1097 2601 1144 et
2630 1088 2822 1143 eadem
2853 1086 3147 1156 sapiamus,
3177 1084 3301 1156 quia
3329 1092 3381 1139 et
3411 1100 3515 1156 ego
3546 1084 3655 1140 sol-

2056 1180 2233 1235 licitos
2278 1194 2376 1234 vos
2419 1192 2521 1248 pro
2568 1174 2841 1231 communi
2890 1174 3065 1229 salute
3111 1189 3176 1228 ac
3225 1180 3365 1227 statu
3412 1172 3570 1243 regni
3601 1180 3656 1228 et

2054 1284 2189 1338 pace
2236 1268 2466 1321 libenter
2509 1265 2693 1329 audio,
2745 1263 2880 1317 sicut
2908 1278 2938 1316 e
2969 1269 3158 1316 contra
3199 1261 3341 1315 aliud
3373 1276 3537 1331 quam
3567 1269 3652 1315 te-
3708 1292 3717 1306 ε

2055 1372 2249 1411 nemus
2298 1363 2567 1417 tenentes,
2618 1367 2727 1406 non
2775 1350 3007 1404 libenter
3063 1349 3307 1404 admitto.
3354 1350 3473 1403 Jam
3520 1364 3653 1404 vero

2058 1443 2186 1514 quia
2214 1441 2491 1497 multoties
2522 1440 2591 1494 ad
2622 1438 2889 1510 synodum
2920 1436 3221 1495 convocati.
3254 1437 3440 1491 venire
3470 1437 3654 1492 hacte-

2058 1548 2161 1586 nus
2210 1529 2632 1600 contempsistis,
2681 1528 2823 1582 sicut
2863 1525 3218 1596 praetulimus,
3251 1525 3399 1580 omni
3431 1525 3653 1580 temeri—

350 1627 596 1699 gentium
646 1627 983 1699 singularum
1029 1627 1172 1683 scire
1220 1627 1473 1682 convenit
1522 1626 1644 1697 quis
1692 1625 1833 1679 inter
1862 1639 1959 1678 eos
2058 1627 2165 1674 tate
2195 1627 2358 1689 atque
2401 1615 2698 1672 inevitabili
2742 1614 3028 1669 occasione
3074 1612 3340 1683 deposita,
3392 1613 3461 1667 ad
3495 1613 3654 1667 aliam

350 1714 560 1785 primus
587 1715 873 1779 habeatur,
907 1723 961 1769 et
989 1731 1149 1786 quem
1180 1714 1324 1769 velut
1354 1722 1516 1784 caput
1546 1712 1876 1776 existiment,
1901 1719 1955 1766 et
1983 1741 2036 1800 Β
2058 1707 2372 1800 synodum,_
2394 1720 2573 1800 quam,
2620 1703 2795 1775 gratia
2844 1701 3028 1800 divina
3071 1700 3401 1800 .opitulante,
3464 1708 3657 1798 quarto

352 1801 490 1856 nihil
520 1802 749 1873 amplius
780 1810 982 1872 praeter
1007 1802 1124 1871 ejus
1153 1802 1543 1857 conscientiam
1572 1809 1767 1872 gerant
1789 1813 1955 1869 quam

346 1889 443 1944 illa
472 1889 591 1945 sola
615 1889 818 1962 singuli
849 1906 969 1961 quae
997 1889 1274 1961 parochiae
1311 1888 1551 1959 propria;
1579 1896 1632 1942 et
1660 1886 1803 1941 villis
1835 1901 1956 1957 quae

346 1977 454 2032 sub
484 1993 551 2031 ea
580 1985 721 2045 sunt,
746 1986 1078 2047 competunt,
1111 1977 1210 2032 sed
1236 1991 1339 2032 nec
1368 1976 1458 2031 ille
1487 1983 1681 2045 praeter
1714 1973 1955 2029 omnium

349 2065 744 2120 conscientiam
787 2064 968 2129 faciat,
1020 2064 1256 2136 aliquid;
1305 2065 1383 2119 sic
1428 2064 1575 2118 enim
1629 2061 1956 2117 unanimitas

351 2153 459 2207 erit
488 2160 542 2207 et
569 2151 963 2225 gloriﬁcabitur
1012 2154 1159 2208 Deus
1206 2168 1307 2223 per
1354 2152 1626 2206 Christum
1672 2149 1726 2204 in
1758 2149 1957 2220 Spiritu

350 2251 563 2297 sancto.
588 2242 815 2311 Propter
843 2241 987 2312 quod
1017 2249 1070 2296 et
1098 2257 1198 2296 nos
1218 2247 1398 2295 vestro
1418 2238 1697 2295 communi
1725 2244 1957 2292 tractatu

351 2337 514 2400 atque
557 2345 849 2394 αοιιεειιειι,
876 2344 942 2383 ea
974 2345 1094 2400 quae
1124 2328 1193 2382 ad
1237 2343 1583 2383 communem
1614 2334 1666 2381 ει
1694 2338 1955 2381 necessa-

349 2415 490 2469 riam
519 2416 804 2471 utilitatem
837 2415 1207 2471 Ecclesiarum
1238 2416 1338 2469 Dei
1360 2414 1517 2469 nobis
1538 2414 1955 2469 commissarum

351 2503 567 2574 agenda
616 2511 759 2569 sunt,
791 2503 1120 2558 omnimodis
1149 2519 1313 2576 agere
1361 2502 1627 2573 cupimus.
1660 2502 1782 2556 Non
1813 2500 1957 2555 enim

353 2591 534 2658 aliter,
564 2591 777 2647 dicente
819 2601 1009 2647 sancto
1036 2592 1238 2655 Leone,
1272 2607 1414 2645 unus
1442 2606 1574 2662 grex
1607 2598 1658 2644 et
1689 2606 1830 2643 unus
1861 2604 1958 2659 pa—

351 2688 470 2734 stor
498 2696 706 2747 sumus,
737 2679 841 2733 nisi
874 2679 1332 2750 quemadmodum
1368 2677 1662 2749 Apostolus
1691 2678 1870 2744 docet,
1904 2675 1959 2730 id

350 2768 533 2836 ipsum
579 2767 824 2823 dicamus
866 2782 1058 2822 omnes
1108 2785 1121 2820 :
1171 2767 1351 2823 Simus
1400 2774 1580 2820 autem
1627 2763 1852 2835 perfecti
1904 2763 1957 2817 in

349 2855 547 2910 eodem
592 2871 757 2910 sensu
788 2863 841 2911 ot
870 2856 922 2909 in
971 2854 1163 2909 eadem
1211 2854 1439 2910 scientia
1468 2854 1519 2919 (Ι
1546 2854 1666 2908 Cor.
1701 2853 1782 2920 ιι).
1820 2853 1959 2905 Data

350 2956 454 2996 xiv
485 2941 760 2998 Kalendas
790 2942 952 3008 Junii,
986 2942 1279 2997 indictione
1312 2957 1410 2996 xu.
1830 2948 1831 2951 ‘

1003 3099 1289 3155 CCXXIV.

974 3203 1045 3241 AD
1085 3203 1335 3242 EUMDEH.

972 3278 1152 3343 (Anno
1190 3278 1340 3344 879.)

750 3372 1013 3442 Ejusdem
1040 3387 1182 3443 pene
1212 3374 1555 3443 argumenti.

428 3478 728 3530 Ausraaro
758 3476 1191 3546 archiepiscopo.

426 3563 558 3617 Cum
590 3562 827 3617 universi
858 3561 950 3634 qui
977 3563 1280 3618 Christiano
1327 3572 1621 3619 censentur
1666 3563 1948 3631 vocabulo,

354 3650 425 3704 ab
454 3650 573 3720 ipso
603 3649 883 3722 religionis
926 3650 1170 3714 exordio,
1204 3649 1309 3705 ﬁde
1335 3659 1387 3705 et
1417 3651 1625 3706 meritis
1666 3652 1807 3706 Petri
1836 3651 1951 3705 Ro-

354 3753 571 3793 manam
628 3738 928 3793 Ecclesiam
988 3738 1329 3799 sublimatam
1400 3739 1546 3793 omni
1603 3738 1951 3794 veneratione

355 3825 511 3897 sequi
559 3825 815 3896 omnique
864 3826 1165 3880 reverentia
1210 3826 1481 3882 honorare
1529 3826 1865 3890 studuerint;
1900 3833 1953 3879 et

354 3921 548 3967 contra
595 3928 740 3978 eam,
782 3913 886 3967 nisi
931 3914 1022 3984 qui
1065 3915 1134 3969 de
1177 3929 1236 3969 se
1282 3914 1450 3969 voluit
1487 3914 1740 3982 judicari,
1774 3912 1953 3967 nullus

353 4001 543 4056 obices
588 4016 749 4055 manu
810 4001 1100 4066 habuerit;
1150 4002 1308 4057 valde
1370 4002 1631 4055 miramur
1672 4016 1772 4056 cur
1814 4000 1953 4055 adeo

349 4088 524 4143 vestri
555 4089 759 4143 ordinis
788 4089 1147 4144 ministerium
1178 4090 1473 4153 excedatis,
1507 4097 1565 4142 ut
1590 4089 1745 4158 cujus
1775 4097 1955 4144 aucto-

351 4177 552 4243 ritatis,
586 4177 847 4247 cujusque
887 4177 1161 4251 privilegii
1185 4177 1376 4232 eadem
1406 4185 1593 4232 sancta
1615 4177 1684 4231 sit
1714 4177 1956 4231 Romana

346 4264 621 4329 Ecclesia,
653 4263 777 4320 fuco
808 4264 1130 4337 ignorantiae
1168 4281 1278 4320 non
1325 4265 1637 4327 advertatis,
1672 4272 1725 4318 et
1754 4264 1804 4318 ei
1834 4256 1956 4334 qua:

350 4367 453 4405 vos
481 4352 669 4423 genuit
711 4352 914 4407 dolenti
961 4369 1023 4408 ac
1070 4353 1292 4421 injurias
1335 4353 1581 4422 patienti,
1615 4352 1763 4405 nullo
1811 4350 1954 4405 tilio-

1983 3078 2034 3141 C

2064 1794 2187 1849 ldus
2221 1792 2474 1848 Octobris
2521 1791 2717 1845 futuras
2760 1789 2933 1844 tertia
2962 1788 3191 1844 decimae
3219 1788 3529 1843 indictionis
3559 1804 3656 1844 ce-

2058 1881 2321 1937 lebraturi
2369 1896 2575 1947 sumus,
2644 1877 2929 1933 occurrite.
2991 1874 3272 1944 Quatenus
3310 1892 3374 1931 ea
3420 1892 3541 1948 quae
3587 1878 3657 1932 ad

2058 1968 2342 2024 utilitatem
2389 1975 2594 2022 sanctre
2637 1965 2737 2020 Dei
2766 1962 3028 2019 Ecclesia:
3056 1963 3349 2033 pertinent,
3382 1964 3657 2019 communi

2059 2064 2309 2122 tractatu,
2337 2053 2611 2110 communi
2640 2061 2765 2107 voto
2795 2060 2953 2123 atque
2985 2066 3274 2117 consensu,
3295 2066 3420 2106 cum
3441 2051 3657 2107 Domini

2060 2142 2329 2212 adjutorio
2381 2157 2762 2212 exsequamur.
2797 2138 2958 2207 Quod
2989 2138 3035 2192 si
3065 2137 3200 2193 forte
3233 2146 3286 2193 et
3314 2147 3441 2194 tunc
3468 2139 3656 2195 venire

2059 2230 2517 2302 contempseritis,
2552 2228 2737 2284 sciatis
2765 2243 2863 2283 vos
2892 2235 2942 2282 et
2971 2226 3040 2281 de
3068 2226 3357 2296 praeteritis
3387 2236 3441 2281 et
3469 2227 3536 2281 de
3567 2226 3656 2282 fu-

2061 2319 2195 2373 turis
2242 2317 2593 2390 negligentiis
2620 2316 2882 2371 canonice
2917 2314 3261 2384 judicandos,
3295 2314 3365 2368 ita
3394 2323 3452 2369 ut
3481 2315 3656 2371 eccle-

2062 2407 2265 2460 siarum
2296 2413 2602 2460 vestrarum
2633 2403 3012 2459 communione
3037 2403 3191 2470 juxta
3211 2417 3401 2458 sacros
3420 2419 3657 2458 canones

2062 2494 2178 2548 sitis
2207 2493 2465 2557 contenti,
2499 2492 2590 2563 qui
2634 2507 2745 2545 non
2792 2490 2954 2545 vultis
3001 2489 3390 2545 ecclesiasticis
3431 2490 3656 2562 acquie-

2062 2597 2214 2636 scere
2271 2580 2573 2650 disciplinis
2627 2579 2966 2650 (Concilium
3028 2578 3386 2648 A/‘ricanum,
3446 2594 3496 2633 c.
3548 2580 3655 2644 l3;

2066 2669 2505 2739 Carthaginense
2538 2682 2590 2729 v,
2624 2683 2670 2721 c.
2710 2666 2816 2735 ιο).
2854 2667 2987 2719 Data
3031 2680 3133 2719 xm
3174 2665 3446 2721 Kalendas
3489 2666 3652 2735 Junii,

2062 2755 2354 2811 indictione
2386 2770 2486 2809 xu.

2730 2877 2990 2932 CCXXV.

2126 2980 2196 3018 ΑΙ)
2235 2980 2592 3019 τιιιςουοειυιι
2629 2979 2881 3019 ειιςστυκ
2919 2979 3229 3021 EPISCOPUI
3269 2982 3590 3023 ΝοΝεΝδειι.

2657 3053 2837 3121 (Anno
2866 3054 3017 3122 879.)

2058 3160 2279 3215 Laudat
2305 3161 2427 3231 ejus
2466 3175 2595 3231 erga
2638 3161 2952 3214 Romanam
2994 3160 3307 3215 Ecclesium
3353 3161 3653 3217 observan-

2129 3231 2272 3285 tiam
2302 3230 2358 3284 et
2390 3230 2695 3298 praeclaras
2733 3230 2854 3298 ejus
2899 3230 3181 3295 virtutes;
3215 3233 3464 3286 testatur
3489 3248 3655 3286 suam

2126 3302 2191 3354 in
2221 3315 2350 3354 eum
2381 3298 2824 3354 benevolentiam
2855 3316 2873 3351 :
2908 3302 3098 3353 monet
3119 3302 3185 3352 ut
3212 3317 3247 3354 a
3276 3316 3335 3355 se
3363 3316 3658 3356 consecra-

2132 3370 2340 3424 tionem
2376 3368 2747 3439 episcopalem
2777 3368 3040 3438 accipiat.

2127 3475 2450 3528 THEODOSIO
2497 3472 2799 3527 venerabili
2841 3472 3074 3528 diacono
3118 3482 3172 3528 et
3226 3474 3398 3529 electo
3456 3483 3655 3531 sancte

2055 3560 2317 3617 Ecclesiae
2348 3559 2641 3614 Nonensis.

2127 3647 2444 3704 Dilectionis
2488 3656 2594 3702 tua
2639 3647 2832 3702 litteris
2876 3648 3107 3719 receptis
3155 3657 3317 3720 atque
3375 3651 3653 3721 perlectis,

2054 3736 2359 3793 devotionis
2387 3743 2441 3790 et
2466 3733 2594 3789 ﬁdei
2624 3743 2730 3790 tuae
2758 3735 3145 3802 sinceritatem,
3177 3753 3342 3808 quam
3369 3737 3512 3793 circa
3539 3739 3652 3794 Ec-

2055 3824 2280 3880 clesiam
2309 3825 2368 3879 B.
2392 3823 2537 3878 Petri
2556 3822 2787 3893 apostoli
2804 3832 2856 3878 et
2886 3823 3027 3878 circa
3050 3833 3292 3879 nostrum
3318 3825 3656 3896 pontificium

2054 3912 2245 3978 habes,
2268 3912 2388 3967 luce
2417 3910 2615 3966 clarius
2645 3911 2985 3982 agnovimus.
3011 3913 3077 3966 Et
3098 3912 3226 3983 quia
3256 3921 3498 3968 nostram
3527 3930 3660 3988 gra-

2054 4001 2185 4055 tiam
2217 4008 2268 4055 et
2299 3998 2733 4054 benedictionem
2778 3999 2966 4054 humili
2998 4016 3222 4070 prorsus
3257 4000 3454 4057 aﬁ'ectu
3484 4018 3655 4075 expe-

2055 4096 2172 4144 tere
2201 4087 2483 4152 studuisti,
2517 4086 2678 4142 valde
2725 4104 2913 4142 sumus
2950 4088 3152 4160 gavisi;
3185 4104 3311 4144 nam
3338 4098 3390 4145 et
3419 4090 3656 4148 Joannes

2056 4176 2385 4232 venerabilis
2450 4176 2755 4246 presbyter,
2820 4176 2889 4230 de
2962 4184 3140 4231 vestra
3196 4186 3350 4247 parte
3407 4180 3650 4245 veniens,

2056 4264 2224 4318 multa
2266 4264 2422 4317 nobis
2469 4271 2573 4318 tuae
2624 4262 2881 4317 bonitatis
2935 4271 2987 4317 et
3032 4265 3304 4333 patientia:
3351 4266 3471 4320 viva
3521 4283 3656 4324 voce

2056 4350 2326 4422 praeconia
2372 4350 2568 4414 retulit,
2621 4366 2741 4420 qua?
2792 4349 2847 4402 in
2885 4349 3167 4405 sacerdote
3197 4352 3394 4406 Christi
3419 4369 3656 4426 magno-

351 4454 476 4493 rum
494 4422 700 4496 affectu
748 4440 984 4511 compati
1030 4440 1311 4494 studeatis.
1346 4439 1490 4509 Quin
1518 4440 1697 4509 potius
1727 4438 1781 4492 in
1811 4453 1950 4493 con-
1980 4422 2179 4510 Dpere
2209 4444 2331 4491 sunt
2360 4437 2628 4491 habenda.
2668 4437 2824 4491 Unde
2854 4444 2905 4490 te
2934 4437 3087 4507 quasi
3118 4438 3375 4493 dilectum
3405 4422 3654 4513 corporis

348 4535 617 4597 templum
666 4529 945 4602 religionis
993 4543 1104 4583 non
1146 4527 1323 4582 solum
1369 4526 1652 4598 possibilia
1681 4525 1952 4594 adjutoria

344 4615 511 4670 nobis
541 4616 786 4685 prmbere
815 4616 1178 4685 contemnitis,
1205 4616 1303 4670 sed
1331 4616 1491 4670 etiam
1510 4630 1686 4684 nuper
1704 4629 1734 4666 a
1757 4612 1951 4668 Galliis

347 4703 742 4767 remeantibus,
794 4712 851 4756 ut
894 4705 1085 4759 saltem
1132 4705 1429 4759 clamorem
1477 4711 1530 4758 et
1576 4702 1821 4756 laborem
1852 4716 1951 4755 no-

349 4799 541 4857 strum,
577 4807 739 4862 quem
788 4807 888 4860 pro
938 4792 1189 4846 omnibus
1218 4793 1574 4863 patiebamur,
1607 4788 1867 4845 audiretis
1898 4796 1951 4843 et

346 4877 634 4944 doleretis,
668 4878 813 4948 apud
843 4878 1084 4934 Ticinum
1128 4880 1285 4933 nobis
1315 4895 1608 4935 occurrere
1638 4876 1946 4943 distulistis,

343 4964 447 5018 ubi
479 4966 639 5025 etiam
668 4966 870 5020 diutius
899 4966 1274 5036 immorantes,
1310 4974 1367 5021 ut
1396 4967 1463 5021 ad
1494 4967 1763 5037 synodum
1793 4964 1950 5020 veni-

346 5052 487 5106 retis
515 5067 615 5107 vos
660 5052 853 5107 litteris
881 5054 1083 5108 nostris
1114 5054 1446 5109 vocavimus.
1491 5054 1597 5108 Sed
1626 5054 1951 5109 inobedien-

343 5139 440 5194 tiaa
488 5138 652 5211 atque
698 5141 1014 5196 temeritatis
1061 5141 1284 5198 audacia
1332 5140 1475 5207 freti,
1522 5157 1623 5196 nec
1667 5150 1791 5196 tunc
1852 5156 1951 5196 ve-

346 5235 521 5281 stram
554 5228 712 5283 nobis
740 5230 1083 5298 presentiam
1112 5230 1368 5284 exhibere
1397 5228 1657 5293 curastis;
1676 5237 1954 5299 postremo

344 5315 599 5387 generali
625 5317 835 5387 synodo
873 5317 1059 5372 Romae
1099 5316 1384 5387 praeteritis
1416 5316 1677 5371 Kalendis
1707 5316 1829 5371 Maii
1858 5333 1954 5372 ce-

345 5403 598 5467 lebratae,
648 5421 676 5456 a
725 5404 882 5459 nobis
931 5421 1147 5459 rursum
1194 5405 1387 5465 vocati,
1431 5403 1697 5459 interesse
1742 5403 1956 5473 penitus

345 5491 659 5545 distulistis.
722 5492 887 5559 Hujus
945 5494 1020 5545 rei
1080 5493 1258 5563 gratia
1321 5493 1468 5559 juxta
1529 5491 1845 5561 Apostolum
1902 5491 1957 5544 in

2051 4524 2248 4580 Christi
2277 4524 2579 4579 membrum
2611 4531 2664 4579 et
2694 4523 2996 4594 spiritalem
3028 4522 3199 4579 tilium
3225 4527 3399 4581 nostri
3429 4537 3651 4599 aposto-

2049 4610 2192 4666 latus
2221 4612 2363 4667 ulnis
2392 4611 2629 4667 extensis
2658 4611 3059 4683 amplectimur,
3093 4622 3431 4686 paternoque
3469 4632 3657 4674 amore

2050 4699 2347 4772 diligimus,
2369 4708 2529 4771 atque
2558 4700 2857 4772 apostolica
2886 4716 3104 4772 semper
3132 4702 3383 4758 volumus
3404 4703 3648 4777 benigni-

2052 4791 2161 4843 tate
2208 4787 2411 4844 fovere.
2474 4788 2601 4844 Ideo
2659 4805 2945 4845 monemus
2986 4789 3341 4860 sagacitatem
3391 4800 3539 4847 tuam
3588 4809 3658 4849 ne

2050 4878 2107 4931 in
2136 4876 2432 4948 quamlibet
2477 4885 2686 4947 partem
2711 4878 2872 4932 aliam
2915 4878 3180 4949 declines,
3203 4887 3255 4933 et
3285 4888 3468 4935 contra
3501 4897 3659 4939 sacra

2052 4964 2447 5022 venerabilium
2488 4966 2705 5019 Patrnm
2751 4965 2994 5020 instituta
3026 4966 3376 5037 episcopatus
3425 4971 3656 5041 gratiam

2054 5053 2299 5123 recipere
2328 5068 2560 5123 quaeras,
2584 5054 2808 5107 audiens
2840 5053 2988 5107 illam
3014 5054 3435 5111 desiderabilem
3459 5058 3657 5112 summi

2048 5140 2249 5211 judicis
2278 5156 2466 5196 vocem
2498 5140 2729 5196 dicentis
2761 5157 2773 5195 :
2807 5143 2976 5213 Euge,
3009 5159 3165 5199 serue
3196 5145 3334 5201 bone
3363 5149 3420 5200 et
3446 5146 3650 5214 ﬁdelis,

2054 5231 2187 5301 quia
2217 5245 2388 5301 super
2410 5244 2594 5301 pauca
2613 5229 2780 5299 fuisti
2800 5229 3003 5297 fidelis.
3023 5247 3199 5302 supra
3220 5233 3407 5287 multa
3446 5237 3497 5287 te
3530 5249 3658 5291 con-

2056 5319 2329 5383 stituam;
2357 5317 2511 5371 intra
2536 5318 2597 5371 in
2617 5317 2883 5387 gaudium
2911 5319 3134 5373 Domini
3155 5321 3469 5387 tui(Matth.
3492 5323 3653 5389 xxv).

2058 5405 2164 5459 Sed
2199 5412 2309 5459 toto
2348 5404 2513 5459 corde
2554 5412 2767 5475 totaque
2802 5404 3073 5460 voluntate
3108 5406 3176 5460 ad
3202 5408 3469 5477 gremium
3509 5409 3656 5465 sedis

2059 5492 2388 5561 apostolicae,
2424 5491 2565 5546 unde
2599 5500 2976 5547 antecessores
3003 5493 3080 5546 tui
3106 5492 3304 5550 divinae
3332 5495 3470 5567 legis
3506 5498 3652 5569 dog-
