4072 6186
1727 221 2022 278 JOANNIS
2076 221 2270 276 PAPzE
2311 222 2450 280 VIII.

3688 224 3796 284 8&0

499 361 647 412 mata
674 349 930 416 meliﬂua,
951 363 1075 405 cum
1096 361 1266 404 sacrm
1280 346 1627 400 institutionis
1647 345 1843 408 forma,
1867 343 2090 398 summi-
2118 345 2172 404 A
2267 344 2406 414 Quia
2435 363 2585 403 more
2629 348 3090 417 praedecessorum
3122 356 3434 406 nostrorum
3472 348 3794 422 pontiﬁcum

499 459 604 516 que
634 437 925 496 sacerdotii
954 437 1214 492 honorem
1247 441 1615 504 sumpserunt,
1641 433 1836 487 redeas
1861 450 1873 486 :
1899 440 2092 503 quate-

501 548 606 588 nus
621 539 673 585 et
689 529 806 598 ipse
826 527 894 580 ab
915 525 1209 594 apostolica
1244 523 1392 585 sede,
1417 538 1538 594 quae
1569 529 1730 590 caput
1747 530 1798 576 et
1828 521 2093 592 magistra

499 629 582 676 est
611 617 850 674 omnium
882 613 1250 670 Ecclesiarum
1282 611 1397 674 Dei,
1423 610 1790 680 episcopalem
1812 623 2094 664 consecra-

499 709 724 772 tionem,
773 719 869 774 rer
913 710 1110 756 nostrae
1165 715 1354 753 manus
1397 698 1817 767 impositionem,
1877 697 2092 750 Christo

501 802 793 857 annuente,
841 789 1143 860 percipias;
1177 797 1441 858 quatenus
1479 787 1778 842 secundum
1806 784 2093 854 pristinum

500 899 711 940 morem
758 879 931 936 sancti
976 877 1119 931 Petri
1168 883 1220 930 et
1272 883 1456 930 nostra
1504 890 1720 943 semper
1775 872 2094 927 auctoritate

500 981 662 1043 atque
704 968 928 1023 tuitione
972 964 1228 1028 munitus,
1280 963 1536 1032 populum
1569 960 1782 1016 Domini
1813 959 1906 1014 tibi
1937 975 2092 1015 com-

502 1060 725 1114 missum
759 1064 977 1110 strenue
1008 1069 1072 1108 ac
1103 1051 1368 1107 securiter
1411 1065 1595 1120 regas,
1630 1057 1684 1103 et
1714 1048 1769 1101 in
1799 1057 2093 1116 conspectu

501 1146 764 1205 Altissimi
805 1143 1029 1199 veniens
1069 1140 1258 1194 venias
1295 1154 1418 1194 cum
1461 1136 1833 1200 exsultatione,
1869 1144 2092 1206 portans

500 1235 803 1306 manipulos
851 1240 992 1295 tuos,
1022 1229 1314 1296 dicereque
1345 1225 1574 1280 Domino
1613 1223 1790 1294 possis
1821 1232 2044 1278 ovanter
2077 1241 2090 1278 :

498 1327 644 1380 Ecce
672 1337 800 1393 ego,
834 1327 887 1374 et
933 1316 1106 1388 pueri,
1139 1323 1190 1369 et
1221 1329 1358 1384 quos
1389 1313 1519 1366 mihi
1548 1312 1777 1376 dedisti;
1809 1320 1861 1365 et
1890 1311 1958 1366 ob
1987 1313 2092 1366 hoc

497 1429 620 1470 cum
651 1413 766 1465 Deo
795 1407 974 1460 valeas
1003 1403 1120 1457 sine
1143 1401 1249 1456 fine
1265 1402 1524 1472 gaudere.
1550 1401 1686 1455 Data
1708 1415 1761 1454 ιν
1779 1400 1867 1454 die
1887 1400 2092 1455 mensis

497 1500 662 1564 Junii,
695 1495 988 1552 indictione
1019 1506 1120 1545 xu.

1151 1577 1438 1632 CCXXV].

668 1687 741 1728 AD
777 1682 1076 1726 ANSELMUM
1115 1681 1420 1721 EPISCOPUM
1473 1679 1919 1719 LEMOVICENSEM.

1113 1754 1292 1824 (Anno
1323 1753 1473 1814 8‘79.)

504 1852 624 1909 Non
648 1846 1030 1923 separandum
1046 1847 1239 1923 cirum
1267 1843 1333 1897 ab
1363 1841 1680 1923 uxoreaqui
1706 1840 1892 1923 [ilium
1921 1855 2090 1895 suum

814 1917 1151 1972 necessitate
1181 1917 1418 1983 urgente
1447 1913 1772 1982 baptizavit.

571 2013 839 2064 ANSELMO
869 2003 1126 2074 episcopo
1155 1999 1514 2054 Lemovicinae
1543 1997 1821 2052 Ecclesia.

572 2099 662 2169 (30
693 2103 884 2166 quaest.
907 2097 955 2157 1,
981 2091 1062 2146 Ad
1093 2087 1443 2156 limina.)Ad
1477 2086 1658 2140 limina
1691 2087 1970 2140 beatorum
2001 2086 2094 2140 Pe-

499 2186 567 2241 tri
616 2192 668 2239 et
725 2179 1290 2249 Pauli‘apostolorum
1348 2175 1646 2246 principum
1705 2174 1792 2228 hic
1848 2189 2092 2244 praesens

500 2275 684 2334 homo,
713 2269 932 2324 nomine
981 2266 1304 2336 Stephanus,
1355 2262 1616 2318 orationis
1655 2277 1816 2316 causa
1845 2261 2090 2326 veniens,

501 2368 690 2416 nostro
731 2352 1435 2428 praesulatui-suggerando
1483 2349 1691 2404 innotui
1739 2349 1884 2420 quod
1927 2347 2092 2402 tilium

501 2464 655 2504 suum
686 2447 740 2500 in
771 2453 1013 2500 extremo
1043 2441 1166 2496 vitae
1197 2440 1448 2509 positum,
1483 2437 1710 2492 necdum
1756 2436 2095 2507 baptismatis

499 2537 642 2592 unda
673 2535 862 2600 lotum,
894 2529 1138 2584 absentia
1165 2527 1367 2582 scilicet
1397 2526 1738 2581 sacerdotum
1771 2525 2096 2580 necessitate

502 2631 733 2697 cogente
778 2619 1122 2691 baptizasset,
1159 2631 1392 2686 eumque
1440 2614 1556 2682 ipse
1583 2613 1813 2683 propriis
1843 2612 2094 2666 manibus

501 2711 788 2768 retinendo
835 2706 1183 2776 suscepisset,
1231 2712 1392 2774 atque
1439 2717 1537 2771 pro
1581 2702 1740 2769 hujus
1773 2700 1845 2755 rei
1878 2701 2095 2771 negotio

497 2800 702 2856 notitia
747 2806 852 2852 tua:
919 2793 1204 2865 patefacto,
1257 2790 1556 2846 reverentia
1600 2799 1708 2852 tua,
1769 2789 1923 2859 quasi
1979 2788 2096 2842 zelo

500 2885 842 2944 rectitudinis
869 2884 1130 2954 ﬂagrans,
1165 2877 1444 2950 praefatum
1477 2877 1746 2932 hominem
1779 2893 1808 2929 a
1841 2893 1936 2929 sua
1959 2876 2098 2944 judi-

499 2975 704 3032 caverit
743 2971 976 3042 conjuge
1026 2967 1407 3038 separandum.
1441 2964 1602 3033 Quod
1630 2963 1746 3018 fieri
1788 2963 2096 3017 nullatenus

497 3063 676 3124 debet,
721 3061 934 3115 dicente
984 3057 1262 3126 Scriptura
1309 3069 1342 3108 a
1390 3055 1504 3108 Deo
1547 3052 1791 3120 junctam
1825 3051 1939 3104 viro
1970 3067 2092 3104 esse

497 3164 744 3215 uxorem,
769 3155 817 3202 et
840 3163 854 3202 :
876 3145 1024 3214 Quod
1043 3147 1186 3200 Deus
1207 3141 1530 3213 conjunxit,
1555 3141 1714 3195 homo
1736 3155 1848 3194 non
1871 3141 2094 3209 separet

497 3238 713 3310 (Matth.
737 3233 882 3304 xxx).
901 3233 1056 3290 Unde
1073 3240 1124 3287 et
1141 3230 1404 3286 Dominus
1426 3229 1480 3281 in
1497 3225 1798 3297 Evangelio
1818 3226 2090 3280 neminem

496 3343 661 3399 posse
689 3324 959 3379 dimittere
1003 3336 1229 3376 uxorem
1262 3333 1410 3372 suam
1445 3315 1549 3370 nisi
1578 3330 1741 3370 causa
1771 3312 2089 3368 fornicatio—

496 3416 581 3470 nis
636 3411 971 3484 apertissime
1002 3409 1172 3477 jubet.
1235 3405 1583 3474 Quapropter
1640 3411 1692 3457 et
1749 3418 1871 3466 nos,
1930 3409 2091 3456 tantae

466 3483 831 3559 .auctoritatis
871 3498 1114 3567 jussione
1159 3493 1428 3564 praecipue
1477 3489 1616 3551 freti,
1648 3490 1878 3544 dicimus
1909 3489 2090 3544 “omit-

496 3591 716 3646 tendum
747 3604 869 3642 csse
900 3595 950 3641 et
981 3581 1310 3652 inculpabile
1332 3579 1686 3648 judicandum
1719 3577 1861 3648 quod
1894 3593 2089 3632 neces-

499 3679 631 3734 sitas
657 3676 852 3732 intulit.
897 3675 1036 3728 Nam
1081 3669 1383 3740 baptizandi
1432 3669 1534 3722 hoc
1579 3682 1715 3736 opus
1747 3666 1907 3721 etiam
1937 3665 2090 3720 laicis

497 3765 769 3825 ﬁdelibus,
811 3763 963 3830 juxta
1007 3758 1324 3814 canonicam
1373 3755 1725 3819 sanctionem,
1777 3753 1822 3808 si
1865 3769 2090 3808 necesse

499 3853 679 3919 fuerit,
715 3852 892 3906 facere
941 3848 1110 3902 libere
1156 3845 1492 3900 conceditur.
1540 3843 1692 3898 Unde
1723 3841 1767 3894 si
1799 3841 2091 3910 praedictus

497 3941 714 4014 genitor
758 3936 926 3991 filium
971 3949 1126 3988 suum
1173 3947 1405 4001 corpore
1448 3929 1768 3984 morientem
1799 3927 2088 3996 aspiciens,

499 4045 570 4082 ne
615 4027 849 4080 animam
892 4030 1067 4076 morte
1109 4027 1374 4091 perpetua
1420 4025 1734 4088 pereuntem
1779 4015 2085 4080 dimitteret,

503 4113 646 4170 sacri
682 4111 1017 4181 baptismatis
1060 4109 1202 4163 unda
1249 4107 1394 4173 lavit,
1445 4112 1502 4160 ut
1549 4119 1670 4158 eum
1716 4104 1784 4157 de
1827 4112 2091 4173 potestate

499 4201 738 4257 auctoris
767 4197 954 4254 mortis
971 4206 1022 4252 et
1043 4197 1386 4252 tenebrarum
1417 4193 1666 4264 eriperet,
1701 4201 1752 4246 et
1779 4192 1831 4245 in
1862 4208 2091 4264 regnum

501 4289 694 4346 Christi
717 4289 830 4357 jam
864 4294 1242 4359 regeneratum
1273 4281 1632 4337 indubitanter
1662 4280 1917 4340 mitteret,
1952 4281 2089 4334 bene

2121 3033 2171 3098 Ο

2193 435 2402 505 regiam
2451 435 2825 493 excellentiam
2869 436 3127 492 divinitus
3153 437 3442 492 exaltatum
3474 438 3566 508 pio
3593 439 3791 493 mentis

2192 521 2388 577 affectu
2437 523 2733 595 diligimus,
2765 525 2830 578 ad
2878 525 3137 580 honorem
3169 535 3219 580 et
3249 526 3624 580 exaltationem
3659 543 3792 580 san-

2191 619 2290 664 ctte
2324 611 2420 665 Dei
2438 612 2683 666 ecclesia
2703 628 2818 666 eam
2843 613 3114 666 sitibundo
3134 622 3354 683 pectore
3377 614 3561 668 videre
3583 614 3796 669 deside-

2193 713 2399 763 ramus,
2471 708 2737 768 quatenus
2795 709 2990 754 vestrze
3037 701 3425 771 magnitudinis
3483 701 3793 772 triumphali

2193 786 2488 841 certamine
2530 787 2678 841 sedis
2721 789 3032 858 apostolicae
3081 789 3236 860 vigor
3283 797 3333 844 et
3379 791 3575 854 honos,
3631 807 3790 861 quem

2191 874 2604 944 progenitorum
2635 885 2960 943 vestrorum,
2986 877 3507 949 gloriosissimorum
3539 877 3791 934 videlicet

2191 962 2602 1032 imperatorum,
2629 972 2870 1034 tempore
2895 965 3148 1020 habuisse
3179 965 3489 1033 recolimus,
3523 966 3682 1021 vobis
3704 983 3795 1022 re-

2191 1051 2483 1122 gnantibus
2533 1061 2744 1106 maneat
2785 1052 3024 1107 illibatus
3069 1061 3121 1106 et
3161 1053 3391 1125 integer,
3423 1061 3481 1107 ut
3510 1061 3564 1108 et
3595 1056 3790 1110 vestrae

2191 1139 2397 1212 regalis
2439 1136 2627 1210 gloria;
2675 1140 2844 1194 decus
2875 1141 3056 1212 vigeat
3079 1141 3458 1196 indiminutum
3489 1150 3542 1196 et
3573 1151 3790 1197 aeterna:

2192 1227 2458 1282 mercedis
2479 1228 2633 1282 vobis
2654 1245 2849 1282 munus
2871 1245 3106 1298 superna
3127 1229 3299 1300 gratia
3316 1229 3609 1284 tribuatur.
3633 1230 3790 1285 Nunc

2191 1314 2353 1384 igitur
2399 1331 2495 1385 pro
2527 1324 2599 1369 tot
2627 1325 2680 1370 et
2727 1316 2888 1370 tantis
2933 1317 3330 1372 calamitatibus
3375 1333 3439 1373 ac
3482 1319 3786 1372 necessita-

2192 1403 2334 1456 tibus
2365 1419 2498 1472 quas
2528 1420 2557 1455 a
2589 1405 2820 1476 paganis
2864 1405 3080 1459 assidue
3111 1415 3273 1476 atque
3303 1421 3336 1460 a
3366 1406 3523 1460 malis
3557 1407 3789 1476 patimur

2193 1490 2530 1558 Christianis,
2555 1491 2677 1546 licet
2705 1508 2804 1562 pro
2825 1493 3162 1548 multitudine
3194 1494 3435 1548 scribere
3466 1510 3574 1549 non
3605 1494 3789 1548 valea-

2189 1595 2330 1643 mus,
2354 1587 2405 1633 et
2427 1587 2663 1632 vestram
2686 1580 3059 1635 excellentiam
3083 1581 3341 1653 ignorare
3360 1597 3467 1636 non
3489 1583 3786 1649 credimus,

2125 1667 2448 1750 Bpastorali
2476 1667 2838 1724 sollicitudine
2870 1669 3016 1734 moti,
3037 1677 3300 1738 ponentes
3331 1671 3542 1724 animas
3574 1679 3789 1724 nostras

2204 1754 2260 1808 in
2289 1755 2540 1809 manibus
2569 1757 2788 1821 nostris,
2821 1756 3070 1828 ingentes
3099 1757 3313 1812 labores
3343 1773 3451 1812 non
3481 1758 3661 1812 solum
3688 1773 3792 1812 ma-

2189 1843 2290 1896 rini
2321 1843 2417 1896 sed
2447 1843 2652 1897 itineris
2679 1843 2840 1898 etiam
2863 1845 3064 1898 terreni
3084 1845 3410 1900 omnimodis
3431 1845 3784 1916 sumpsimus.

2191 1931 2472 1984 Testamur
2513 1947 2749 2002 namque
2798 1933 2991 1996 Deum,
3025 1932 3111 1986 cui
3149 1933 3362 1988 occulta
3390 1934 3636 1988 omnium
3667 1949 3786 1988 ma-

2191 2017 2382 2072 nifesta
2432 2019 2687 2081 existunt,
2735 2020 2883 2090 quod
2926 2028 3108 2074 vestro
3163 2021 3515 2076 desiderabili
3562 2023 3783 2090 honore,

2192 2106 2388 2160 nul‘ins
2418 2106 2674 2170 hominis,
2707 2107 2811 2160 nisi
2840 2116 3078 2162 vestrum
3120 2118 3432 2178 praepotens
3461 2108 3786 2176 adjutorium

2194 2193 2353 2248 avida
2381 2202 2562 2249 mente
2593 2210 2836 2265 quaerere
2868 2195 3176 2260 voluimus;
3209 2197 3308 2250 sed
3329 2196 3600 2250 malorum
3620 2195 3790 2252 homi-

2195 2298 2341 2346 num,
2377 2297 2514 2352 quos
2544 2281 2646 2351 ipsi
2677 2283 2845 2345 scitis,
2881 2283 3163 2353 prmpediti
3219 2283 3448 2346 insidiis,
3483 2285 3591 2340 hoc
3621 2297 3784 2355 agere

2195 2385 2301 2423 non
2345 2369 2632 2423 valuimus.
2683 2369 3042 2440 Quapropter,
3087 2371 3436 2426 dilectissime
3476 2369 3575 2436 fili,
3609 2379 3789 2427 nostra

2195 2457 2491 2526 apostolica
2539 2458 2913 2512 exhortatione
2961 2475 3244 2514 monemus
3288 2459 3522 2530 gloriam
3552 2467 3788 2514 vestram

2196 2552 2252 2598 ut
2283 2561 2384 2614 pro
2417 2560 2601 2599 amore
2641 2555 2840 2600 sanctae
2873 2547 3132 2601 Romana:
3173 2546 3439 2602 Ecclesiae
3469 2547 3662 2601 matris
3694 2563 3789 2601 ve-

2196 2641 2320 2686 strm
2349 2632 2679 2687 defensionis
2707 2633 2948 2689 laborem
2979 2634 3344 2689 indubitanter
3371 2650 3653 2690 assumere
3683 2650 3787 2688 non

2195 2721 2637 2790 praetermittatis,
2689 2721 2832 2776 unde
2882 2722 3038 2776 vobis
3076 2723 3253 2778 honor
3282 2731 3333 2778 et
3359 2722 3508 2778 salus
3535 2723 3627 2778 hic
3657 2733 3708 2778 et
3736 2723 3787 2777 in

2196 2817 2460 2862 aeternum
2505 2818 2804 2864 accrescat.
2852 2811 2918 2864 Et
2966 2809 3088 2865 ideo
3131 2811 3366 2880 petimus
3396 2819 3448 2864 ut
3479 2809 3580 2880 pro
3611 2809 3713 2864 Dei
3739 2817 3790 2865 et

2197 2903 2503 2950 sanctorum
2531 2896 2895 2965 apostolorum
2925 2898 3066 2952 Petri
3094 2913 3158 2953 ac
3191 2898 3337 2952 Pauli
3375 2914 3562 2954 amore
3593 2897 3794 2953 nosnris

2197 2983 2513 3052 apostolicis
2559 2984 2778 3038 monitis
2827 2992 2936 3039 toto
2983 2985 3268 3040 conamine
3312 2987 3602 3040 attendatis
3651 3001 3790 3055 qua-

2193 3079 2349 3125 tenus
2380 3080 2471 3124 aut
2500 3087 2598 3141 per
2627 3087 2724 3125 vos
2764 3080 2854 3126 aut
2894 3088 2996 3142 per
3037 3073 3451 3128 saluberrimum
3501 3073 3789 3128 consilium

2193 3166 2434 3213 vestrum
2465 3159 2623 3214 citius
2650 3160 2807 3214 nobis
2836 3161 3127 3216 subvenire
3164 3162 3478 3216 omnimodo
3505 3161 3790 3232 satagatis.

2191 3246 2460 3315 Quoniam
2506 3257 2650 3302 tanta
2678 3248 2833 3302 istius
2867 3258 3025 3304 terrae
3069 3250 3374 3318 perditione
3423 3251 3663 3320 undique
3691 3265 3794 3322 ag-

2191 3335 2420 3406 gravati,
2453 3336 2694 3406 undique
2733 3337 2984 3391 concussi
3015 3337 3142 3392 talia
3165 3338 3276 3406 jam
3307 3336 3538 3393 suﬁ'erre
3566 3337 3789 3393 minime

2190 3423 2454 3478 valemus.
2487 3424 2627 3478 Nam
2660 3425 2725 3491 si,
2759 3426 2904 3495 quod
2951 3425 3113 3490 absit,
3145 3441 3242 3496 per
3269 3442 3366 3480 vos
3395 3424 3535 3480 forte
3566 3441 3789 3480 reman-

2191 3511 2340 3580 serit,
2374 3519 2431 3565 ut
2460 3511 2710 3567 Ecclesia
2754 3513 2854 3568 Dei
2897 3513 2950 3566 in
2979 3507 3230 3582 praesenti
3271 3513 3646 3568 defensionem
3679 3528 3787 3568 non

2189 3599 2408 3664 habeat,
2441 3606 2492 3655 et
2535 3599 2710 3654 taliter
2757 3601 2970 3654 turbata
3018 3601 3296 3667 consistat,
3351 3601 3532 3658 videte
3561 3617 3630 3656 ne
3661 3609 3788 3657 ante

2191 3687 2422 3742 tribunal
2485 3687 2684 3742 Christi
2729 3696 2780 3742 et
2827 3705 3008 3743 coram
3065 3689 3435 3758 apostolorum
3483 3688 3790 3760 principem

2188 3775 2476 3844 praesentia
2493 3785 2688 3830 vestrae
2707 3776 2902 3831 animre
2923 3776 3204 3845 patiamini
3224 3776 3636 3842 detrimentum,
3661 3775 3791 3847 quia

2189 3878 2290 3917 nos
2318 3871 2546 3932 paterna
2589 3879 2687 3918 vos
2733 3863 3099 3919 admonitione
3152 3865 3456 3930 hortantes,
3487 3865 3790 3920 secundum

2188 3951 2475 4006 ministerii
2505 3951 2673 4005 nostri
2721 3950 2955 4006 ofﬁcium
2987 3968 3050 4006 ea
3100 3969 3219 4022 quae
3250 3953 3348 4007 Dei
3395 3961 3519 4006 sunt
3551 3960 3604 4007 et
3633 3951 3786 4006 saluti

2190 4047 2390 4092 vestrae
2421 4035 2660 4108 proficua
2685 4055 2848 4111 agere
2878 4039 3252 4094 incunctanter
3281 4040 3658 4094 convenimus.
3685 4039 3784 4094 Mi-

2192 4126 2366 4180 simus
2397 4134 2578 4181 autem
2611 4127 2806 4190 advos
2837 4137 3134 4197 praesentes
3163 4129 3364 4182 missos
3393 4136 3610 4182 nostros
3638 4127 3786 4182 Joan-

2188 4231 2310 4270 nem
2363 4223 2414 4270 et
2460 4215 2772 4270 Paschalem
2820 4215 3156 4270 venerabiles
3218 4216 3507 4285 episcopos
3562 4215 3784 4271 dilectos

2189 4303 2378 4357 tideles
2423 4311 2658 4368 nostros,
2694 4319 2832 4373 quos
2879 4303 3114 4372 petimus
3155 4311 3211 4357 ut
3240 4319 3337 4372 pro
3385 4311 3570 4358 nostro
3600 4317 3783 4356 amore

499 4377 694 4434 feeisse
743 4375 1005 4429 laudatum
1039 4375 1104 4428 Et
1135 4372 1338 4427 ideirco
1370 4386 1493 4425 cum
1524 4384 1818 4462 manum.”
1849 4368 1951 4462 sibi
1976 4368 2088 4462 jf‘m
2113 4383 2166 4444 D
2188 4391 2424 4462 benigne
2455 4368 2748 4460 recipiatis,
2785 4399 2839 4444 et
2870 4368 2949 4445 eis
2978 4391 3157 4446 locum
3189 4368 3570 4445 familiaritatis
3589 4389 3786 4444 tribua-

495 4467 624 4522 olim
669 4463 911 4537 legitime
937 4463 1137 4518 sociata
1177 4461 1415 4530 impune,
1449 4457 1688 4528 quandiu
1719 4455 1967 4520 vixerint,
1994 4455 2086 4524 ju-

494 4553 744 4610 dicamus
787 4567 1011 4606 manere
1060 4550 1424 4618 conjunctum,
1475 4562 1574 4600 nec
1622 4543 1692 4599 ob
1751 4545 1853 4600 hoc
1899 4552 2087 4599 contra

493 4641 747 4714 praefatus
792 4639 1144 4696 auctoritates
1185 4635 1395 4690 divinas
1450 4633 1791 4704 aliquatenus
1847 4631 2087 4702 separari

493 4729 720 4786 debere.
753 4727 890 4783 Data
921 4741 999 4780 vn
1031 4725 1116 4779 die
1145 4723 1348 4778 mensis
1377 4721 1540 4788 Junii,
1571 4721 1684 4776 ind.
1718 4733 1820 4773 xu.

1132 4828 1446 4884 CCXXVII.

880 4915 954 4958 AD
1003 4914 1458 4955 CAROLOMANNUM
1497 4911 1702 4951 REGEM.

1109 4974 1289 5037 (Anno
1328 4971 1430 5023 879
1460 4970 1478 5037 )

497 5063 773 5120 Hortatur
799 5060 872 5116 ad
905 5061 1164 5116 Ecclesiae
1192 5060 1452 5112 Romam:
1481 5055 1884 5126 defensionem,
1909 5069 2032 5124 quae
2056 5071 2090 5108 (ι

568 5134 868 5194 Saracenis
919 5131 1116 5185 multis
1143 5129 1492 5199 afﬁciebatur
1527 5125 2094 5199 detrimentisnogat

571 5212 630 5262 ut
681 5207 890 5275 legatos
955 5195 1203 5272 benigne
1249 5199 1561 5271 excipiant,
1616 5201 1673 5254 et
1733 5195 1904 5265 ﬁdem
1971 5195 2090 5250 illis

569 5276 848 5333 adhibeat.

571 5371 933 5431 Dilectissimo
962 5385 1030 5427 ac
1057 5367 1281 5442 spiritali
1309 5365 1421 5424 ﬁlio
1451 5367 1875 5424 Canommnno
1894 5362 2096 5436 glorio-

496 5474 716 5516 sissimo
742 5474 882 5530 regi.

2189 4479 2276 4543 tis,
2309 4487 2470 4550 atque
2515 4493 2580 4532 ea
2629 4495 2750 4548 quae
2797 4479 2952 4533 vobis
2979 4479 3046 4532 de
3094 4487 3280 4533 nostra
3327 4487 3480 4549 parte
3527 4477 3776 4540 dixerint,

2187 4565 2545 4622 libentissime
2597 4566 2909 4622 attendatis.
2961 4568 3094 4622 Data
3139 4582 3214 4621 vn
3245 4566 3332 4622 die
3379 4565 3588 4622 mensis
3624 4563 3780 4632 Junii,

2189 4655 2485 4711 indictione
2517 4667 2616 4708 xu.

2821 4742 3159 4799 CCXXVIII.

2743 4845 2833 4885 AD
2886 4845 3222 4885 EUMDEH.

2805 4920 2982 4986 (Anno
3022 4917 3174 4985 879.)

2279 5012 2342 5068 Ut
2374 5013 2436 5066 in
2476 5009 2808 5065 Vercellensi
2837 5009 3088 5091 Ecclesia
3117 5008 3454 5078 Conspertus
3483 5010 3710 5062 creetur

2829 5094 3116 5149 episcopus
3133 5119 3145 5130 .

2265 5175 2472 5232 Dilecto
2511 5190 2575 5231 ac
2624 5173 2846 5246 spiritali
2898 5173 3008 5228 tilio
3065 5161 3492 5230 CAROLOMANNO
3547 5170 3778 5243 glorioso

2193 5263 2333 5337 regi.
3236 5341 3244 5348 ξ

2264 5360 2506 5416 Misimus
2535 5375 2656 5417 cum
2687 5359 2772 5416 his
2803 5359 3160 5430 praesentibus
3189 5351 3372 5415 missis
3411 5355 3616 5414 nostris
3641 5356 3774 5411 hunc

2192 5448 2564 5506 venerabilem
2611 5447 2904 5504 diaconum
2951 5447 3168 5506 nomine
3199 5446 3578 5518 Conspertum,
3606 5442 3766 5500 vobis.
