4028 6180
267 285 366 336 841

1481 271 1834 330 EPISTOLrE
1876 269 1966 324 ET
2023 271 2366 328 DECRETA.

3465 273 3566 331 8L2

269 414 330 460 ut
359 406 657 472 credimus,
691 387 896 468 uotum,
948 404 1002 457 in
1049 404 1328 458 servitium
1353 401 1740 474 magnitudinis
1772 417 1871 456 ve-
1901 394 1955 454 A
1983 397 2078 452 tria
2110 385 2454 469 suggessisti,
2487 405 2755 469 quatenus
2801 404 2988 452 nostro
3017 395 3114 451 tibi
3143 410 3240 452 ore
3267 395 3570 468 apostolico

273 503 408 550 stra':
441 512 454 547 :
487 510 650 565 quem
681 493 914 564 petimus
948 499 1004 546 ut
1033 509 1134 562 pro
1180 499 1368 548 nostro
1419 507 1606 546 amore
1637 489 1872 562 benigne

269 582 583 652 recipiatis:
617 589 670 636 et
701 581 826 654 quia
857 581 1013 636 nobis
1045 596 1110 636 ac
1141 580 1296 636 vobis
1339 579 1515 634 ﬁdelis
1545 579 1744 644 existit,
1779 594 1871 632 ro-

267 687 472 744 gamus
503 670 880 725 excellentiam
912 678 1144 725 vestram
1163 677 1218 723 ut
1250 669 1619 739 episcopatum
1649 666 1872 729 Vercel-

271 759 446 814 lensis
476 758 741 814 Ecclesiae
769 757 986 828 placido
1034 757 1214 812 animo
1265 757 1532 820 tribuatis,
1580 763 1867 827 quatenus,

265 848 390 902 Deo
421 847 738 914 auxiliante,
771 863 870 917 per
899 855 1140 901 nostram
1192 862 1254 901 ac
1285 853 1518 900 vestram
1549 842 1870 898 muniﬁcen-

265 935 405 990 tiam
435 934 736 1006 episcopali
767 935 1021 989 duntaxat
1068 936 1275 990 honore
1304 934 1526 1004 potitus,
1561 932 1717 987 nobis
1747 948 1868 986 om-

267 1023 434 1077 nibus
464 1023 700 1078 existere
725 1023 972 1078 dcvotior
1000 1032 1161 1094 atque
1191 1021 1404 1078 ﬁdelior
1417 1020 1606 1092 possit.
1629 1022 1764 1075 Data
1794 1035 1869 1075 vn

265 1111 360 1166 die
391 1111 598 1166 mensis
623 1111 786 1175 Junii,
823 1111 1116 1166 indictione
1145 1127 1243 1165 xu.

922 1209 1214 1263 CCXXIX.

773 1321 852 1360 AD
893 1321 1362 1360 BRANIMIRL'M.

885 1403 1066 1472 (Anno
1105 1406 1254 1472 879.)

265 1502 522 1572 Suscipit
553 1516 684 1555 eum
723 1501 794 1554 ad
841 1503 1104 1555 Ito-mante
1150 1501 1412 1572 Ecclesia:
1460 1501 1738 1568 gremium
1768 1513 1862 1553 re—

338 1571 644 1636 deuntem,-
689 1576 881 1627 monet
926 1575 989 1624 ut
1035 1572 1097 1624 in
1145 1571 1246 1625 Dei
1275 1585 1464 1625 amore
1489 1573 1813 1640 perseveret
1841 1589 1860 1624 :

336 1643 680 1713 impartitur
740 1642 1178 1696 benedictionem
1233 1641 1635 1713 apostolicam,
1692 1657 1862 1712 quam

1975 485 2424 542 benediceremus
2453 501 2552 556 pro
2589 492 2696 540 tum
2744 483 2933 540 salutis
2965 490 3278 557 augmento,
3307 483 3364 540 id
3391 484 3572 556 ipsum

1971 574 2204 630 libenter
2248 574 2492 630 fecimus.
2548 575 2687 629 Nam
2735 573 2790 627 in
2837 574 2926 629 die
2971 573 3322 630 Ascensionis
3353 573 3571 630 Domini

1971 662 2111 717 inter
2139 679 2295 719 sacra
2325 663 2619 718 missarum
2669 663 2933 718 solemnia
2964 679 3132 733 super
3161 678 3375 718 sacrum
3401 662 3571 718 altare

1973 750 2028 804 S.
2062 751 2202 805 Petri
2235 751 2464 822 apostoli
2494 751 2854 818 celebrantes,
2891 750 3120 806 elevatis
3151 747 3372 806 sursum
3401 750 3572 806 mani-

1971 839 2073 892 bus
2098 840 2471 895 benediximus
2518 839 2633 909 tibi,
2683 847 2736 894 et
2785 839 2932 894 omni
2962 839 3164 911 populo
3193 846 3285 895 tuo
3312 838 3570 912 omnique

1971 934 2125 982 terrza
2155 935 2275 996 tum,
2325 936 2384 982 ut
2423 927 2510 982 hic
2558 934 2612 982 et
2667 927 2724 982 in
2777 927 3038 983 aeternum
3069 941 3296 999 corpore
3325 925 3486 982 simul
3516 933 3572 983 et

1968 1015 2144 1070 anima
2173 1016 2428 1081 salvatus,
2462 1024 2512 1070 et
2549 1015 2907 1087 principatum
2957 1023 3229 1071 terrenum
3270 1031 3432 1087 quem
3461 1017 3567 1071 ha-

1969 1106 2086 1169 bes,
2121 1120 2384 1175 prospere
2414 1120 2478 1159 ac
2509 1105 2771 1160 securiter
2813 1120 3012 1178 regere
3059 1103 3240 1176 possis
3283 1111 3338 1172 et
3361 1103 3420 1159 in
3447 1118 3566 1161 cce-

1967 1192 2086 1248 lesti
2115 1193 2342 1266 regione
2373 1200 2493 1263 post
2523 1199 2752 1247 mortem
2781 1208 2907 1248 cum
2925 1193 3041 1248 Deo
3061 1192 3294 1250 feliciter
3323 1192 3567 1264 gaudeas

1965 1288 2018 1335 et
2044 1280 2097 1334 in
2129 1289 2451 1350 perpetuum
2496 1297 2717 1352 regnes.
2750 1280 2818 1334 Et
2848 1281 2976 1352 quia
3005 1281 3150 1336 hunc
3180 1281 3362 1352 ipsum
3391 1281 3563 1337 Joan-

1965 1385 2090 1423 nem
2147 1369 2532 1440 presbyterum
2597 1367 2692 1423 tibi
2738 1376 2791 1423 et
2833 1369 2994 1424 nobis
3040 1383 3230 1424 verum
3258 1367 3474 1425 ﬁdelem
3504 1369 3561 1424 in

1963 1457 2215 1512 omnibus
2272 1473 2395 1512 esse
2452 1456 2856 1530 cognoscimus,
2897 1457 3146 1512 dedimus
3194 1455 3271 1511 illi
3317 1464 3559 1514 nostram

1961 1545 2315 1615 apostolicam
2346 1545 2631 1616 epistolam
2661 1545 3015 1601 deferendam
3035 1544 3156 1618 regi
3185 1544 3557 1617 Bulgarorum.

1963 1634 2091 1689 Ideo
2133 1634 2367 1705 petimus
2412 1641 2468 1688 ut
2513 1650 2613 1704 pro
2656 1649 2838 1690 amore
2887 1634 3061 1690 sancti
3105 1633 3246 1690 Petri
3289 1643 3342 1690 et
3370 1641 3560 1690 nostro

333 1711 619 1806 petierfzt;
652 1711 933 1806 hnortatur,
971 1716 1035 1766 ut
1069 1711 1372 1806 permittat
1415 1711 1662 1780 legatum
1692 1711 1854 1766 auum

1961 1737 2084 1776 cum
2113 1729 2203 1776 tua
2233 1723 2349 1793 ipse
2381 1721 2597 1777 licentia
2627 1722 2957 1794 legationem
2997 1723 3140 1778 hanc
3165 1729 3414 1782 nostram
3444 1721 3562 1779 sine

337 1783 635 1853 epistolam.
665 1783 1034 1852 Bulgarorum
1063 1783 1302 1852 deferre.

335 1879 550 1935 Dilecto
583 1877 692 1934 ﬁlio
722 1881 1016 1934 BRANIMIB.

333 1967 664 2040 Relegentes
692 1956 984 2023 nobilitatis
1013 1976 1119 2022 tua:
1147 1967 1376 2035 litteras,
1411 1983 1544 2039 quas
1572 1983 1673 2038 per
1702 1969 1862 2024 Joan-

259 2073 392 2112 nem
422 2057 791 2112 venerabilem
837 2057 1210 2128 presbyterum
1260 2071 1604 2112 communem
1646 2057 1863 2112 ﬁdelem

260 2145 425 2201 nobis
453 2145 744 2211 mandasti,
783 2154 1037 2217 quantam
1086 2145 1248 2200 ﬁdem
1297 2153 1348 2200 et
1391 2145 1661 2202 sinceram
1688 2146 1862 2202 devo-

260 2234 470 2290 tionem
500 2235 643 2290 circa
667 2235 966 2290 Ecclesiam
990 2242 1300 2290 sanctorum
1323 2235 1695 2305 apostolorum
1717 2235 1863 2290 Petri

261 2339 329 2378 ac
359 2323 512 2378 Pauli
537 2339 600 2379 ac
631 2323 773 2379 circa
803 2339 904 2378 nos
943 2324 1145 2378 habeas
1191 2323 1312 2378 luce
1357 2323 1557 2379 clarius
1586 2324 1856 2380 novimus.

255 2411 328 2465 Et
363 2411 506 2483 quia,
549 2413 665 2466 Deo
711 2409 946 2477 favente,
1006 2411 1162 2483 quasi
1209 2411 1439 2468 dilectus
1485 2411 1627 2466 ﬁlius
1673 2420 1862 2468 sancto

255 2499 424 2555 Petro
455 2507 506 2555 et
536 2501 712 2568 nobis,
748 2500 838 2572 qui
871 2517 970 2570 per
997 2500 1234 2554 divinam
1269 2500 1506 2573 gratiam
1538 2500 1712 2556 vicem
1744 2501 1862 2569 ejus

258 2597 532 2650 tenemus,
565 2587 741 2643 ﬁdelis
771 2589 823 2642 in
857 2588 1108 2642 omnibus
1130 2596 1182 2643 et
1211 2588 1472 2644 obediens
1501 2605 1623 2644 esse
1651 2590 1857 2660 cupias,

253 2676 540 2732 humiliter
565 2676 852 2748 proﬁteris,
885 2685 989 2732 tua:
1019 2677 1287 2732 nobilitati
1316 2677 1514 2750 dignas
1542 2678 1704 2733 valde
1730 2694 1860 2750 gra-

249 2764 362 2818 tias
391 2764 477 2819 his
505 2765 675 2821 nostri
705 2767 1038 2837 apostolatus
1067 2765 1257 2820 litteris
1278 2765 1493 2839 agimus
1523 2774 1860 2838 paterneque

251 2869 471 2923 amore,
502 2862 684 2926 utpote
715 2853 1093 2909 charissimum
1124 2853 1312 2920 ﬁlium,
1347 2855 1416 2908 ad
1446 2854 1711 2926 gremium
1741 2867 1866 2910 san‘

250 2952 360 3001 ctze
391 2942 539 2998 sedis
567 2943 877 3014 apostolicae
921 2943 1112 2998 matris
1159 2951 1284 3009 tuae,
1327 2943 1394 2998 de
1425 2943 1576 3011 cujus
1607 2943 1862 2999 videlicet

249 3032 556 3106 purissimo
586 3031 735 3087 fonte
783 3039 971 3102 patres
1021 3032 1097 3086 tui
1141 3031 1399 3086 mellitlua
1426 3041 1632 3088 sanctae
1656 3032 1900 3106 praedi-L

1965 1811 2220 1866 tarditate
2247 1809 2513 1882 perﬁciat,
2559 1819 2618 1864 ut
2663 1817 2715 1865 et
2759 1818 2988 1882 propter
3014 1811 3122 1867 hoc
3149 1819 3257 1867 tua:
3285 1811 3562 1868 dilectioni

1963 1898 2290 1970 multiplices
2337 1901 2540 1970 gratias
2586 1898 2902 1955 habeamus.
2953 1897 3084 1954 Data
3131 1913 3207 1955 vn
3234 1897 3324 1956 die
3348 1897 3560 1956 mensis

1963 1987 2127 2056 Junii,
2158 1987 2453 2043 indictione
2479 2001 2583 2042 xu.

2629 2120 2898 2182 CCXXX.

1963 2234 2036 2274 AD
2073 2233 2426 2276 SACEIDOTES
2471 2235 2542 2276 ET
2585 2237 2834 2279 POPULOS
2885 2235 3192 2280 nmmum
3229 2237 3548 2284 πωπω-ω.

2468 2324 2478 2330 ’
2572 2319 2755 2388 (Anno
2786 2321 2938 2393 879.)

2098 2419 2442 2492 Excipitgeos
2469 2419 2542 2474 ad
2573 2420 2834 2476 Romam:
2854 2419 3117 2477 Ecclesiae
3143 2422 3426 2492 gremium

2246 2490 2564 2555 redeuntes,
2587 2495 2781 2548 monet
2806 2495 2874 2546 ut
2888 2490 3268 2563 perseverent.

2035 2584 2301 2640 Omnibus
2345 2586 2748 2644 venerabilibus
2791 2588 3186 2656 sacerdotibus,
3220 2595 3273 2644 σι
3299 2587 3554 2646 universo

1961 2673 2182 2744 p0pulo.

2035 2770 2167 2825 Cum
2195 2771 2400 2826 litteras
2424 2771 2686 2842 principis
2710 2773 2878 2828 vestri
2907 2773 3194 2840 Branimir,
3225 2786 3365 2847 quas
3395 2774 3554 2830 nobis

1964 2874 2063 2928 per
2089 2860 2350 2914 Joannem
2379 2861 2746 2916 venerabilem
2777 2862 3161 2933 presbyterum
3188 2862 3306 2934 ipse
3338 2862 3550 2930 direxit,

1962 2947 2289 3020 legeremus,
2323 2964 2432 3004 non
2463 2948 2638 3004 solum
2681 2949 2828 3004 illius
2868 2950 3234 3018 devotionem,
3267 2951 3364 3008 sed
3393 2951 3555 3008 etiam

1967 3035 2090 3090 fidei
2121 3045 2316 3093 vestrae
2345 3037 2712 3093 sinceritatem
2741 3046 2793 3094 et
2820 3038 3187 3106 dilectionem,
3220 3055 3383 3112 quem
3411 3039 3557 3098 circa

247 3121 486 3178 cationis
515 3129 774 3192 potavere
805 3121 1020 3185 ﬂuenta,
1068 3121 1384 3176 redeuntem
1423 3121 1765 3192 suscipimus,
1798 3128 1850 3176 et
1871 3101 1921 3166 Ο
1952 3133 2200 3180 sanctum
2231 3127 2447 3182 Petrum
2473 3127 2842 3196 apostolorum
2870 3127 3173 3199 principem
3203 3101 3256 3184 et
3283 3129 3426 3184 circa
3453 3144 3556 3184 nos

249 3209 589 3282 spiritalibus
617 3209 998 3280 amplectimur
1026 3208 1186 3275 ulnis,
1231 3217 1393 3280 atque
1419 3209 1717 3280 apostolica
1747 3225 1849 3265 v0-

244 3300 432 3354 lumus
465 3298 796 3372 benignitate
814 3298 1027 3364 fovere;
1061 3299 1392 3370 utgratiam,
1417 3297 1849 3354 benedictionem

243 3388 352 3444 Dei
377 3396 794 3460 sanctorumque
825 3387 964 3443 Petri
995 3404 1057 3442 ac
1088 3387 1238 3442 Pauli
1287 3387 1661 3458 apostolorum
1690 3387 1846 3457 prin-

245 3478 456 3548 cipum,
487 3485 539 3532 et
569 3485 810 3532 nostram
843 3493 1006 3547 super
1034 3483 1086 3531 te
1115 3476 1323 3530 habens
1353 3475 1625 3542 diffusam,
1657 3491 1690 3529 a
1718 3475 1848 3530 visi-

248 3565 454 3619 bilibus
482 3574 534 3620 et
563 3565 922 3620 invisibilibus
971 3563 1235 3627 hostibus,
1289 3563 1382 3634 qui
1411 3564 1572 3618 saluti
1601 3565 1848 3644 humanae

241 3651 495 3708 insidiari
522 3661 576 3709 et
606 3653 871 3723 impedire
901 3669 1011 3707 non
1053 3660 1285 3719 cessant,
1319 3652 1506 3706 salvus
1537 3668 1755 3722 semper
1783 3667 1847 3708 ac

243 3758 476 3798 securus
505 3741 725 3808 existas,
780 3749 1128 3812 optatamque
1175 3741 1244 3794 de
1282 3740 1515 3796 inimicis
1566 3741 1845 3796 victoriam

241 3830 458 3887 facilius
488 3829 668 3900 possis
699 3830 916 3884 habere.
949 3831 1089 3884 Nam
1121 3837 1319 3900 quanto
1352 3829 1470 3899 ipse
1511 3838 1564 3884 te
1594 3830 1709 3884 Deo
1738 3830 1845 3884 hu—

241 3919 446 3974 militer
472 3919 704 3973 subdere
735 3919 1044 3990 sanctisque
1094 3917 1264 3988 ipsius
1304 3917 1527 3972 obedire
1556 3918 1845 3989 praeceptis

239 4007 538 4072 studueris,
599 4015 758 4078 atque
812 4007 983 4077 ipsius
1041 4005 1417 4062 sacerdotibus
1478 4015 1530 4060 et
1587 4006 1844 4061 ministris

238 4098 512 4152 honorem
569 4095 811 4150 debitum
867 4111 967 4165 pro
1013 4111 1195 4150 amore
1244 4095 1460 4150 Domini
1505 4095 1840 4165 exhibueris,

241 4194 392 4240 tanto
423 4200 589 4254 super
617 4200 808 4239 omnes
840 4183 1088 4238 inimicos
1117 4192 1240 4238 tuos
1289 4192 1339 4237 et
1385 4183 1616 4239 rebelles
1646 4185 1842 4239 adver-

241 4273 421 4329 sarios
453 4273 560 4328 eris
612 4273 802 4344 procul
846 4273 1013 4327 dubio
1057 4272 1230 4328 victor
1275 4279 1328 4326 et
1374 4280 1589 4342 potens.
1623 4273 1690 4326 Et
1717 4272 1842 4326 ideo

238 4377 532 4417 monemus
560 4361 880 4416 industriam
909 4369 1057 4415 tuam
1105 4369 1162 4414 ut
1199 4360 1254 4414 in
1284 4360 1534 4415 omnibus
1566 4361 1674 4415 tuis
1702 4359 1841 4416 acti-

1951 3213 2217 3278 habeatis,
2251 3215 2628 3284 cognovimus.
2679 3215 2747 3269 Et
2787 3215 2916 3286 quia
2944 3214 3091 3270 velut
3120 3215 3429 3271 charissimi
3454 3214 3553 3270 ﬁlii

1948 3302 2015 3354 ad
2045 3311 2287 3358 sanctam
2319 3303 2620 3358 Romanam
2649 3301 2958 3368 ecclesiam,
2991 3303 3137 3358 unde
3163 3310 3419 3373 parentes
3447 3319 3550 3359 ve-

1949 3397 2092 3444 stros
2121 3390 2377 3444 mellillua
2409 3397 2611 3446 sanctze
2637 3389 3040 3461 praedicationis
3069 3391 3332 3464 dogmata
3359 3404 3548 3448 susce-
3602 3443 3612 3450 .

1947 3478 2094 3548 pisse
2123 3478 2442 3552 agnoscitis,
2473 3486 2582 3533 toto
2611 3478 2792 3533 animo
2814 3485 3036 3550 totaque
3059 3479 3334 3536 voluntate
3364 3478 3550 3536 redire

1948 3567 2195 3636 cupiatis,
2219 3574 2466 3621 nostram
2495 3566 2850 3638 apostolicam
2880 3567 3114 3637 gratiam
3131 3575 3184 3624 et
3204 3567 3546 3624 benedictio-

1947 3671 2072 3710 nem
2104 3655 2308 3710 habere
2337 3671 2674 3728 magnOpere
2701 3655 3098 3725 desiderantes,
3129 3672 3325 3730 magna
3355 3672 3546 3712 sumus

1947 3742 2140 3814 repleti
2168 3743 2370 3798 laetitia.
2395 3743 2464 3798 Et
2492 3743 2616 3799 ideo
2645 3743 2887 3798 brachiis
2909 3743 3146 3800 extensis
3177 3759 3276 3801 vos
3304 3745 3546 3816 amplec-

1947 3831 2126 3898 timur,
2177 3839 2510 3904 paternoque
2564 3846 2751 3887 amore
2797 3831 3114 3903 recipimus,
3157 3839 3212 3889 et
3241 3831 3544 3904 apostolica

1945 3920 2198 3975 volumus
2226 3928 2444 3992 semper
2463 3919 2794 3992 benignitate
2825 3920 3028 3991 fovere,
3063 3920 3110 3977 si
3140 3935 3240 3978 vos
3270 3921 3410 3978 hanc
3437 3936 3542 3978 vo-
3585 3977 3593 3988 ,

1945 4009 2206 4065 luntatem
2260 4017 2313 4065 et
2361 4008 2712 4080 sponsionem
2759 4017 2996 4066 vestram
3041 4025 3216 4083 usque
3258 4009 3330 4066 ad
3375 4007 3542 4067 finem

1945 4098 2232 4154 sinceriter
2285 4098 2600 4165 habueritis,
2663 4106 2718 4154 et
2761 4097 2992 4155 ﬁdeliter
3029 4098 3348 4166 tenueritis;
3393 4099 3540 4173 quia,

1945 4186 2160 4242 dicente
2191 4187 2454 4242 Domino:
2477 4187 2585 4254 Qui
2612 4188 3243 4260 perseveraveritusque
3259 4189 3322 4243 in
3342 4188 3538 4257 ﬁnem,

1946 4275 2035 4330 hic
2064 4275 2254 4330 salvus
2303 4277 2416 4330 erit
2470 4273 2692 4344 (Matth.
2744 4273 2842 4342 x);
2892 4280 2945 4330 et
2991 4273 3242 4345 apostolo
3288 4273 3456 4330 Paulo
3483 4273 3542 4330 id

1943 4361 2120 4430 ipsum
2149 4360 2360 4415 dicente
2393 4378 2406 4414 :
2431 4360 2728 4430 Participes
2756 4359 2900 4414 enim
2931 4359 3128 4416 Christi
3160 4359 3290 4416 facti
3309 4361 3462 4428 estis,
3495 4360 3544 4417 si

237 4451 340 4505 bus
377 4451 552 4505 Deum
583 4467 800 4520 semper
829 4465 944 4520 prae
973 4449 1147 4505 oculis
1178 4449 1401 4513 habeas,
1426 4448 1619 4502 timeas
1647 4456 1698 4504 et
1728 4455 1841 4502 toto
1869 4455 1922 4514 D
1945 4455 2125 4502 tamen
2153 4447 2363 4502 initium
2393 4446 2520 4502 ﬁdei
2549 4463 2724 4519 usque
2754 4447 2824 4502 ad
2844 4446 3010 4502 ﬁnem
3029 4446 3244 4502 ﬁrmum
3264 4447 3543 4504 retineatis

235 4537 442 4612 diligas
472 4538 658 4604 corde,
693 4539 968 4609 quoniam,
1012 4537 1227 4592 dicente
1255 4528 1555 4593 'Psalmista
1590 4555 1602 4590 :
1637 4540 1842 4592 Beatus

237 4631 326 4683 est
357 4628 446 4682 vir
473 4627 568 4698 qui
596 4629 760 4682 timet
789 4629 1112 4693 Dominum,
1138 4628 1198 4681 in
1221 4627 1507 4681 mandatis
1530 4629 1651 4696 ejus
1683 4627 1842 4697 cupit

239 4717 422 4771 nimis
453 4735 471 4770 :
489 4719 689 4786 potens
719 4717 780 4769 in
812 4719 966 4770 terra
997 4716 1108 4770 erit
1127 4731 1317 4770 semen
1355 4717 1474 4783 ejus
1494 4713 1668 4782 (Psal.
1702 4713 1837 4784 CXI).

236 4805 309 4859 Et
340 4803 460 4874 ipse
488 4802 544 4858 in
568 4802 870 4876 Evangelio
907 4821 918 4856 :
957 4804 1060 4872 Qui
1087 4819 1196 4867 me,
1236 4802 1427 4874 inquit,
1473 4803 1679 4873 diligit,
1717 4819 1840 4857 ser-

238 4908 469 4950 monem
498 4909 687 4947 meum
716 4893 976 4959 servabit,
1001 4895 1056 4946 ct
1085 4894 1257 4946 Pater
1277 4908 1434 4946 meus
1463 4891 1661 4962 diliget
1689 4908 1836 4962 eum,

238 4985 294 5036 et
315 4981 391 5035 ad
420 4995 547 5035 eum
579 4981 888 5044 veniemus,
928 4984 985 5036 et
1026 4981 1380 5036 mansionem
1410 4979 1562 5050 apud
1594 4995 1724 5035 eum
1751 4981 1842 5050 fa-

239 5070 460 5124 ciemus
487 5069 672 5138 (Joan.
709 5069 850 5138 xw).
885 5067 1045 5136 Quod
1081 5084 1202 5122 cum
1251 5067 1325 5122 ita
1354 5067 1439 5132 sit,
1475 5067 1519 5120 si
1549 5067 1654 5122 tuis
1684 5067 1872 5137 bonis_

237 5155 504 5228 operibus
534 5156 588 5210 in
617 5156 870 5227 praesenti
899 5156 1202 5212 lucentibus
1225 5157 1396 5210 Deum
1426 5154 1838 5228 gloriticaveris,

235 5245 422 5319 gloria
449 5244 558 5300 eris
588 5245 915 5315 sempiterna
943 5244 998 5298 in
1016 5246 1194 5298 futuro
1213 5244 1329 5298 sine
1348 5244 1514 5298 dubio
1531 5245 1836 5310 decoratus,

239 5333 500 5406 quoniam
529 5333 648 5404 ipse
693 5349 791 5404 per
836 5333 1061 5404 Moysen
1109 5333 1212 5388 hoc
1257 5350 1314 5387 se
1358 5331 1542 5387 facere
1591 5339 1838 5399 testatur,

243 5423 437 5480 dicens
473 5441 485 5476 :
524 5423 913 5491 Gloriﬁcantes
935 5438 1024 5477 me
1043 5421 1358 5492 gloriﬁcabo
1377 5421 1430 5491 (Ι
1443 5423 1570 5492 Reg.
1593 5421 1674 5490 ιι).
1693 5420 1841 5476 Sicut
1877 5445 1889 5461 -

235 5521 420 5567 autem
453 5517 640 5566 nostro
669 5509 983 5581 praesulatui
1011 5526 1108 5580 per
1129 5509 1240 5577 jam
1272 5510 1437 5564 fatum
1465 5509 1840 5580 presbyterum

607 5633 842 5689 ΡΑτιιοι.
879 5632 1124 5688 CXXVI.
1173 5665 1186 5675 -

1942 4536 2125 4608 (Hebr.
2160 4537 2264 4607 ιιι).
2299 4534 2640 4606 Quapropter
2675 4543 2847 4592 estote
2879 4534 3071 4591 ﬁdeles
3101 4535 3238 4602 Deo,
3271 4543 3326 4592 et
3352 4543 3541 4593 sancto

1943 4625 2124 4690 Petro,
2157 4623 2295 4680 sicut
2323 4623 2644 4691 mandastis,
2685 4640 2857 4697 usque
2903 4623 2972 4678 ad
3017 4631 3270 4692 mortem,
3305 4631 3360 4680 et
3387 4623 3539 4680 acci-

1940 4712 2100 4783 pietis
2132 4727 2390 4768 coronam
2422 4713 2565 4780 vitze,
2598 4729 2758 4784 quam
2789 4711 3097 4784 repromisit
3124 4711 3273 4766 Deus
3303 4710 3539 4784 diligen-

1942 4801 2083 4855 tibus
2114 4817 2192 4856 se.
2223 4802 2347 4856 Non
2375 4801 2518 4856 enim
2548 4801 2720 4856 sacris
2749 4800 3081 4856 orationibus
3109 4799 3308 4856 nostris
3337 4813 3541 4856 memo-

1942 4889 2082 4944 riam
2111 4889 2280 4945 vestri
2301 4905 2482 4946 coram
2507 4889 2738 4944 Domino
2759 4887 2980 4944 assidue
2995 4887 3276 4958 facientes,
3292 4887 3542 4944 manibus

1944 4993 2162 5032 sursum
2192 4978 2263 5033 ad
2293 4977 2583 5032 Dominum
2613 4975 2858 5044 elevatis,
2907 4975 3265 5048 omnipotenti
3295 4977 3412 5032 Deo
3440 4989 3541 5033 vos

1943 5083 2046 5121 una
2075 5082 2199 5123 cum
2227 5065 2427 5121 dilecto
2457 5063 2568 5120 ﬁlio
2599 5071 2788 5120 nostro
2806 5063 3049 5135 principe
3069 5071 3251 5121 vestro
3267 5077 3541 5122 commen-

1942 5154 2155 5221 damus,
2189 5163 2242 5208 et
2270 5153 2418 5208 omni
2449 5152 2829 5208 benedictione
2861 5151 3092 5224 spiritali
3122 5152 3278 5210 vobis
3308 5150 3541 5208 benedi-

1941 5243 2114 5298 cimus
2143 5242 2198 5297 in
2229 5241 2443 5297 Christo
2491 5243 2620 5297 Jesu
2666 5241 2900 5296 Domino
2946 5249 3152 5308 nostro,
3196 5249 3254 5296 ut
3283 5241 3372 5298 hic
3401 5248 3454 5297 et
3483 5241 3541 5297 in

1941 5339 2204 5386 aeternum
2236 5345 2468 5400 corpore
2501 5329 2662 5384 simul
2692 5336 2745 5385 et
2775 5329 2957 5384 anima
2980 5328 3256 5386 benedicti
3278 5329 3542 5400 existatis,

1940 5427 1992 5474 et
2035 5419 2090 5473 in
2133 5426 2456 5490 perpetuum
2499 5417 2737 5474 Domino
2788 5417 3094 5491 gaudeatis.
3143 5417 3284 5478 Data
3329 5433 3410 5478 vn
3453 5417 3546 5478 die

1941 5507 2145 5563 mensis
2176 5505 2340 5574 Junii,
2372 5505 2666 5564 indictione
2698 5520 2794 5568 xu.

3262 5635 3331 5699 ιιι
