4072 6186
570 239 669 291 843

1222 360 1460 414 CCXXX
1475 361 1512 412 l.

833 471 905 536 ῥυ
935 471 1254 510 ΜιωιΛΕιιωι
1286 471 1474 509 ΙιΕὓΕΜ
1507 471 1893 508 ΒὶἰίΛὶᾹΙὶΟὶὶἰΜ.

1185 552 1364 616 (Auno
1397 554 1518 604 879.
1531 554 1545 602 ἰ

573 679 698 748 .lgit
725 680 833 733 Deo
857 678 1072 748 gratius
1102 676 1244 748 quod
1275 677 1482 745 legatos
1509 675 1579 748 uti
1610 691 1668 748 se
1695 676 1928 736 miserit,
1955 675 2162 728 doctri-

641 765 774 802 nam
792 745 1233 802 ecclesiasticam
1255 750 1310 800 et
1329 745 1600 800 canonica
1623 747 1890 799 instituta
1914 748 2165 814 receptu-

642 835 738 873 rus
762 837 779 872 :
802 817 1068 871 hortatur
1096 820 1161 871 ut
1189 817 1260 870 ad
1283 819 1592 872 Romanam
1613 816 1922 870 Ecclesium
1941 814 2162 877 redeat,-

639 892 695 942 ct
711 889 762 942 si
781 889 834 942 ei
847 888 1148 959 placuerit,
1165 903 1223 941 se
1247 889 1491 956 legatum
1509 887 1817 940 missurum
1838 886 2158 956 pollicetur.

639 985 840 1040 Dilecto
890 999 954 1039 ac
1013 983 1242 1053 spiritali
1295 982 1406 1037 tilio
1457 983 1730 1035 Minium
1776 981 2014 1052 glorioso
2047 981 2164 1052 regi

562 1073 939 1146 llulgarorum.

641 1161 868 1229 Quanta:
891 1161 1108 1230 pietatis
1135 1167 1189 1213 et
1223 1158 1580 1212 miserationis
1631 1175 1742 1212 suae
1790 1157 2038 1228 largitate
2069 1173 2164 1210 vos

564 1251 910 1320 omnipotens
957 1250 1102 1303 Deus
1157 1247 1428 1309 dilexerit,
1487 1262 1712 1299 narrare
1761 1245 1882 1315 quis
1913 1243 2160 1308 sufﬁciat,

565 1337 885 1392 charissima
915 1334 1034 1389 ﬁli?
1062 1333 1295 1402 Quando
1326 1349 1425 1403 per
1467 1332 1791 1387 infusionem
1831 1331 2005 1386 sancti
2036 1331 2162 1402 Spi-

567 1427 703 1480 ritus
731 1425 816 1479 sui
845 1425 902 1477 in
931 1439 1027 1478 cor
1073 1430 1314 1476 vestrum
1361 1421 1697 1492 unigenitum
1749 1419 1940 1474 Filium
1981 1436 2159 1485 suum,

565 1529 660 1583 per
688 1527 848 1582 quem
879 1510 1062 1592 omnia
1089 1509 1324 1564 visibilia
1353 1517 1405 1564 et
1432 1508 1726 1564 invisibilia
1742 1507 2162 1574 condidit,vobis

563 1600 861 1655 clementer
889 1599 1131 1654 revelare
1151 1597 1405 1670 dignatus
1425 1605 1526 1662 est,
1547 1604 1892 1667 mentemque
1925 1604 2164 1650 vestram

1858 233 2153 301 Jo.\.\jxts
2213 223 2402 285 l’Al’Ja‘
2447 234 2578 286 \"lll.

2184 357 2236 412 Α
2270 357 2440 412 salute
2471 374 2564 409 vos
2610 374 2930 408 Ct)lt:‘:2:'\iti't:
2970 357 3227 425 dignetur
3258 355 3602 408 lltCUlltlltt‘tll.
3641 353 3770 404 Data
3805 367 3852 400 vi

3760 230 3853 279 8H

2269 445 2391 496 ldus
2421 445 2624 505 Junius,
2662 443 2954 497 indictione
2986 459 3085 496 xu.

2895 540 3219 594 CCXXXII.

2319 641 2390 678 Μ)
2428 639 2674 678 ΛΙΒΛΙΗΣΜ
2715 639 3158 677 ΛΗΩΠΙΕΡΙΞΟΡΕΜ
3197 636 3519 675 ACSCENSEM
3564 634 3798 683 κη’ςρῑιιζ

2832 708 3278 747 SL'FFBAGANEOS.

2877 793 3057 861 (Anno
3089 793 3236 853 879.)

2268 894 2536 946 Hortatur
2563 892 2634 944 ad
2657 892 2986 961 deprauatus
3029 890 3222 957 populi
3246 960 3250 961 ν
3273 903 3449 941 mores
3481 885 3841 961 corrigendos.

2336 964 2614 1030 pm’cipuc
2660 956 2874 1016 incesta.
2922 956 3291 1013 matrimonia
3323 977 3339 1012 :
3373 973 3442 1010 ne
3489 958 3614 1026 quis
3659 956 3845 1008 relicta

2339 1029 2515 1087 uxore
2537 1033 2713 1086 aliam
2743 1031 2934 1092 ducat,
2959 1029 3254 1084 autsimul
3284 1045 3411 1082 cum
3443 1043 3626 1080 uxore
3648 1040 3842 1078 runcu-

2338 1104 2528 1156 Ιιὶηίιυι
2559 1102 2775 1166 habeat,
2829 1105 2889 1154 ut
2936 1116 3022 1153 res
3071 1100 3379 1154 immobiles
3413 1096 3667 1152 ecclesia?
3696 1110 3844 1148 nemo

2337 1173 2440 1226 sibi
2465 1175 2714 1240 usurpet,
2747 1175 2800 1223 et
2827 1174 2886 1224 ut
2909 1171 3104 1224 clerici
3129 1170 3228 1223 sub
3258 1167 3499 1239 episcopi
3521 1169 3642 1220 sint
3672 1169 3845 1232 potrs-

2338 1247 2477 1297 tale.

2336 1337 2821 1394 Reverendissimis
2851 1346 2902 1391 et
2933 1335 3307 1401 sanctissimis,
3341 1337 3558 1387 Amano
3589 1331 3848 1401 archiepi-

2265 1443 2452 1497 scopo,
2485 1436 2538 1480 et
2567 1429 2848 1480 [NVOLATO
2879 1423 3241 1484 Convenensi,
3274 1423 3600 1476 WAtxxnnA
3649 1421 3846 1473 Conse-

2263 1531 2420 1579 rano,
2452 1516 2744 1570 Sxasroxo
2770 1512 3086 1585 Bigorrensi
3114 1509 3386 1580 episcopis
3407 1519 3452 1563 ³.

2336 1603 2529 1658 Multas
2558 1601 3032 1672 praevaricationes
3071 1607 3260 1654 contra
3285 1598 3450 1652 totius
3481 1594 3850 1650 Christianita-

563 1686 825 1742 claritatis
883 1703 996 1742 suae
1043 1685 1246 1740 lumine
1293 1685 1570 1753 irradiare,
1624 1693 1677 1739 et
1719 1685 1788 1739 de
1821 1684 2060 1740 tenebris
2091 1684 2160 1737 ad

2265 1693 2333 1746 tis
2364 1691 2685 1764 religionem
2716 1698 2878 1760 atque
2907 1697 3214 1742 sanctorum
3265 1687 3476 1740 Patrum
3514 1682 3852 1738 venerabiles

567 1789 752 1830 veram
779 1774 947 1829 voluit
974 1774 1274 1846 perducere
1295 1773 1470 1828 lucem
1492 1789 1742 1843 veraeque
1759 1771 1884 1826 ﬁdei
1901 1773 2158 1842 dogmate

564 1877 664 1918 suo
720 1863 934 1918 docere.
998 1862 1174 1933 Ipsius
1230 1862 1391 1917 etiam
1447 1861 1616 1932 gratia
1663 1859 1819 1914 vobis
1862 1859 2152 1926 revelante,

562 1951 631 2006 ad
677 1951 864 2007 sedem
921 1951 1066 2006 beati
1113 1950 1258 2005 Petri
1301 1949 1674 2021 apostolorum
1717 1947 2000 2018 principis,
2037 1965 2159 2018 quae

560 2047 724 2112 caput
753 2048 806 2094 et
834 2039 1098 2112 magistra
1127 2038 1366 2093 omnium
1417 2035 1794 2092 Ecclesiarum
1825 2036 1925 2090 Dei
1956 2035 2153 2104 existit,

561 2137 614 2184 et
643 2138 676 2183 a
705 2143 812 2200 qua
845 2143 1036 2183 omnes
1065 2143 1228 2199 reges
1257 2135 1309 2180 et
1338 2125 1616 2196 principes
1655 2125 1882 2180 verbum
1915 2123 2159 2179 veritatis

561 2224 906 2288 acceperunt,
939 2215 1155 2287 legatos
1194 2223 1426 2278 vestros,
1460 2215 1678 2268 Petrum
1709 2213 1916 2268 scilicet
1947 2229 2157 2286 cogna-

559 2313 674 2359 tum
703 2313 964 2368 vestrum,
1013 2311 1068 2358 et
1103 2303 1370 2357 Joannem
1413 2310 1574 2372 atque
1606 2301 1909 2367 Martinum,
1943 2301 2159 2370 praede-

560 2391 800 2448 cessoris
849 2390 1034 2446 domni
1077 2390 1246 2445 nostri
1308 2389 1517 2445 Nicolai
1565 2389 1865 2444 beatissimi
1909 2389 2160 2459 praesulis

561 2489 806 2552 tempore
834 2477 1126 2546 direxistis,
1164 2485 1222 2532 ut
1251 2485 1304 2532 et
1332 2493 1430 2533 vos
1478 2477 1604 2532 inde
1643 2477 1949 2533 doctrinam
1977 2477 2158 2532 eccle-

560 2568 838 2624 siasticam
878 2575 1038 2640 atque
1089 2566 1356 2622 canonica
1402 2565 1644 2620 instituta
1683 2565 2017 2636 reciperetis,
2066 2564 2160 2618 ubi

560 2657 725 2712 totius
754 2656 1020 2712 Ecclesiae
1069 2655 1317 2710 Christus
1360 2653 1540 2725 posuit
1582 2653 1964 2724 principatum,
2013 2653 2159 2724 quod

561 2745 839 2813 nimirum,
873 2744 1175 2801 secundum
1203 2750 1443 2800 vestram
1484 2742 1836 2806 voluntatem,
1869 2741 1940 2796 ab
1968 2741 2160 2797 eadem

561 2841 752 2889 sancta
777 2833 1022 2888 Romana
1063 2831 1315 2887 Ecclesia
1357 2829 1758 2901 promeruistis.
1809 2831 1966 2884 Nunc
1997 2829 2162 2901 igitur

565 2935 680 2986 vos,
715 2919 872 2991 quasi
900 2919 1178 2990 propriam
1207 2918 1394 2990 gregis
1431 2917 1700 2972 Dominici
1731 2933 1889 2973 ovem
1920 2916 2076 2970 nobis
2106 2916 2163 2968 in

563 3009 681 3078 ipso
711 3007 1080 3078 apostolorum
1102 3006 1344 3077 principe
1365 3005 1734 3068 commissam,
1752 3012 1936 3075 utpote
1957 3003 2160 3060 charis-

562 3097 760 3151 simam
788 3093 956 3149 ﬁlium
988 3103 1238 3150 nostrum
1251 3094 1353 3158 _his
1400 3093 1568 3148 nostri
1600 3093 1934 3164 apostolatus
1963 3091 2156 3146 litteris

562 3183 842 3240 visitamus
872 3192 923 3238 et
952 3183 1154 3239 nostris
1191 3181 1503 3254 apostolicis
1543 3181 1899 3252 spiritualiter
1945 3180 2158 3250 ample-

561 3273 759 3330 ctimur
788 3272 959 3338 ulnis;
992 3271 1210 3326 assidue
1259 3287 1356 3326 vos
1406 3286 1530 3326 cum
1569 3271 1714 3325 omni
1743 3269 1944 3340 populo
1986 3278 2159 3322 vestro

563 3361 736 3417 sacris
781 3360 1120 3416 orationibus
1167 3359 1366 3414 nostris
1414 3359 1644 3414 Domino
1693 3358 2156 3422 commendantes,

560 3457 618 3504 ut
647 3450 785 3520 ipse,
819 3448 912 3520 qui
940 3448 1096 3503 vobis
1122 3447 1423 3520 gloriosum
1465 3448 1520 3500 in
1551 3447 1711 3501 terris
1741 3446 1923 3499 tribuit
1951 3445 2160 3515 princi-

561 3546 766 3608 patum,
798 3537 999 3591 tribuat
1047 3544 1100 3590 et
1147 3543 1271 3606 post
1327 3543 1555 3590 mortem
1605 3535 1825 3590 caeleste
1851 3549 2081 3605 regnum
2111 3543 2162 3586 et

563 3624 797 3698 gloriam
827 3624 1230 3695 sempiternam.
1261 3623 1602 3693 QuaprOpter
1625 3638 1906 3677 monemus
1928 3621 2163 3694 gloriam

564 3721 818 3777 vestram,
851 3720 907 3766 ut
937 3712 1005 3766 ad
1036 3719 1280 3766 sanctam
1328 3719 1563 3765 matrem
1593 3718 1831 3764 vestram
1866 3710 2163 3764 Romanam

570 3801 869 3857 Ecclesiam
899 3799 1090 3854 devota
1122 3807 1300 3854 mente
1347 3799 1644 3869 libentique
1675 3799 1856 3851 animo
1889 3796 2160 3860 redeatis;

566 3897 625 3943 ut
653 3887 1026 3959 apostolorum
1058 3894 1370 3942 sanctorum
1413 3887 1666 3956 precibus
1696 3885 1862 3954 adjuti
1894 3893 2000 3937 tam
2032 3883 2164 3937 visi-

573 3975 709 4030 biles
729 3973 980 4028 inimicos
1009 3972 1074 4044 [Γ.
1099 3973 1250 4028 deest
1279 3989 1442 4044 quam
1470 3971 1792 4042 invisibiles]
1825 3971 1980 4026 facile
2013 3987 2166 4040 supe-

575 4077 694 4116 rare
727 4060 945 4132 possitis
977 4077 990 4112 :
1020 4068 1072 4114 et
1101 4060 1223 4130 quia
1244 4076 1362 4124 vos,
1383 4068 1441 4114 ut
1460 4059 1778 4130 praedictum
1809 4067 1907 4122 est,
1942 4058 2165 4112 multum

574 4148 873 4222 diligimus,
906 4155 1153 4202 nostrum
1180 4147 1250 4202 ad
1281 4163 1378 4202 vos
1424 4147 1673 4202 volumus
1705 4162 1829 4202 cum
1860 4145 2006 4200 sedis
2038 4161 2166 4216 apo-

575 4235 780 4292 stolicaa
809 4235 1112 4291 visitatione
1141 4235 1382 4306 dirigere
1413 4234 1672 4308 legatum,
1692 4234 2019 4305 visitareque
2047 4251 2164 4296 vos,

576 4325 714 4380 sicut
744 4333 932 4396 pastor
961 4323 1142 4379 visitat
1171 4340 1402 4396 gregem
1432 4323 1638 4378 domini
1667 4323 1749 4376 sui
1783 4323 1887 4376 sibi
1916 4322 2168 4377 commis-

2260 1779 2568 1835 sanctiones
2599 1779 2684 1832 his
2715 1777 2912 1832 vestris
2933 1777 2985 1830 in
3015 1776 3259 1846 partibus
3289 1790 3321 1828 a
3351 1773 3534 1844 pravis
3563 1771 3682 1826 fieri
3711 1769 3854 1824 Chri-

2261 1869 2448 1922 stianis
2477 1867 2722 1922 veridica
2750 1865 3042 1919 multorum
3071 1863 3335 1918 relatione
3364 1860 3674 1916 didicimus.
3710 1857 3852 1926 Quos

2259 1972 2390 2012 vero
2422 1972 2522 2011 nec
2551 1956 2654 2026 pim
2685 1952 3069 2008 admonitionis
3097 1960 3292 2007 vestrae
3325 1949 3722 2012 blandimento,
3757 1963 3851 2002 nec

2259 2045 2456 2100 debitae
2487 2040 3059 2098 excommunicationis
3092 2039 3329 2104 vinculo,
3379 2053 3479 2092 nec
3527 2036 3690 2091 etiam
3719 2049 3851 2105 apo-

2261 2133 2466 2188 stolicaa
2495 2129 2895 2186 constitutionis
2942 2128 3110 2182 verbo
3155 2127 3494 2197 aliquatenus
3525 2139 3557 2177 a
3590 2132 3852 2177 tantorum

2259 2219 2523 2275 malorum
2555 2235 2779 2288 operum
2813 2215 3158 2270 iufestatione
3203 2231 3266 2268 ac
3297 2212 3704 2284 perpetratione
3733 2227 3854 2280 pro—

2260 2309 2448 2362 hibere
2477 2322 2580 2362 nec
2611 2305 2824 2376 penitus
2872 2304 3066 2358 valetis
3112 2317 3478 2372 compescere.
3513 2300 3583 2352 Et
3611 2300 3735 2354 ideo
3763 2299 3853 2351 do-

2259 2397 2433 2451 lemus
2461 2395 2663 2466 pariter
2693 2393 2993 2456 vobiscum,
3043 2391 3240 2445 fratres
3284 2390 3410 2456 mei,
3445 2403 3614 2458 super
3643 2385 3852 2440 temeri-

2261 2492 2365 2538 tate
2419 2483 2608 2554 populi
2664 2482 2790 2536 talia
2845 2479 3244 2551 prsesumentis,
3299 2485 3352 2532 et
3409 2477 3617 2530 nullam
3671 2492 3737 2528 ex
3776 2474 3852 2526 bis

2259 2553 2651 2643 pmnitudinem
2683 2570 3015 2624 fructuosam
3047 2567 3102 2620 in
3132 2553 3392 2637 praesenti
3411 2581 3576 2636 agere
3611 2561 3850 2622 volentis,

2259 2669 2609 2730 vestramque
2660 2657 2938 2712 salubrem
2987 2655 3384 2726 correptionem
3425 2669 3524 2723 pro
3557 2651 3728 2706 nihilo
3755 2651 3850 2704 du-

2259 2749 2451 2806 centis.
2485 2749 2653 2819 Igitur
2681 2747 2806 2818 quia
2833 2753 3022 2800 nostro
3065 2743 3390 2814 apostolatui
3419 2741 3700 2795 humiliter
3728 2755 3850 2810 sug-

2258 2837 2509 2910 gessistis
2568 2845 2644 2903 ut,
2707 2834 3006 2905 apostolica
3050 2833 3166 2887 fulti
3215 2831 3554 2894 auctoritate,
3602 2828 3849 2899 populum

2259 2942 2482 2999 gravem
2514 2932 2565 2979 et
2595 2924 2818 2995 plenum
2867 2921 3145 2994 iniquitate
3187 2920 3359 2974 libere
3413 2917 3653 2989 possetis
3682 2915 3850 2972 corri-

2181 3053 2230 3114 C
2261 3030 2426 3086 gere;
2459 3013 2676 3084 quando
2699 3028 2764 3066 ex
2784 3009 2969 3065 divino
2985 3008 3201 3080 eloquio
3218 3007 3476 3062 docemur
3494 3015 3550 3060 ut
3571 3003 3850 3076 aliquando

2260 3101 2510 3157 conversi
2557 3099 2748 3154 fratres
2792 3106 3010 3154 nostros
3053 3097 3253 3168 aliqua.
3277 3095 3464 3150 saeculi
3511 3093 3848 3148 fluctuatione

2259 3189 2564 3245 inefficaces
2595 3188 2919 3243 confirmare
2946 3187 3242 3240 debeamus
3261 3185 3418 3254 (Luc.
3451 3186 3576 3242 22‘);
3610 3198 3708 3236 vos
3733 3196 3848 3235 cum

2259 3279 2483 3334 doctore
2527 3277 2774 3350 gentium
2821 3275 3210 3334 convenimus.
3258 3273 3502 3326 dicentes
3537 3288 3550 3324 :
3586 3268 3849 3338 Corripite

2260 3366 2548 3437 inquietos,
2583 3362 2935 3419 consolamini
2967 3361 3359 3431 pusillanimes,
3394 3359 3611 3430 arguite
3641 3371 3858 3427 peccan-

2262 3465 2360 3519 tes,
2393 3454 2676 3508 obsecrate
2707 3461 3009 3522 protervos,
3031 3458 3079 3502 et
3100 3447 3577 3518 inerepateinique
3609 3452 3848 3516 agentes,

2261 3560 2382 3597 cum
2415 3541 2559 3596 omni
2592 3540 2821 3610 imperio
2853 3541 2898 3602 (l
2934 3540 3115 3594 Thess.
3153 3537 3230 3605 νζ).
3266 3535 3433 3590 Vobis
3483 3549 3718 3604 namque
3762 3546 3852 3602 po-

2261 3631 2420 3700 pulus
2450 3630 2567 3700 ipse
2599 3628 2737 3683 sicut
2770 3643 2904 3699 grex
2953 3626 3130 3679 ovium
3180 3623 3395 3678 Domini
3441 3621 3748 3692 pastoribus
3775 3627 3851 3672 est

2262 3718 2612 3780 commissus;
2645 3724 2698 3770 ct
2729 3715 2832 3768 nisi
2877 3731 2972 3768 eos
3017 3713 3090 3768 ita
3127 3728 3270 3767 nunc
3302 3710 3587 3781 temporali
3619 3710 3850 3777 increpa-

2264 3807 2406 3862 tione
2437 3803 2800 3868 correxeritis,
2835 3811 2891 3856 ut
2921 3801 3110 3872 spiritu
3141 3800 3278 3854 salvi
3309 3799 3416 3852 sint
3444 3799 3500 3851 in
3527 3797 3620 3851 die
3651 3793 3850 3850 Domini

2266 3894 2436 3948 nostri
2463 3894 2591 3946 Jesu
2621 3891 2842 3957 Christi,
2877 3888 3102 3960 sanguis
3132 3904 3321 3942 eorum
3350 3887 3418 3941 de
3449 3886 3648 3941 vestris
3679 3880 3850 3954 procul

2265 3983 2432 4037 dubio
2459 3981 2712 4036 manibus
2743 3979 3066 4049 requiratur.
3118 3977 3212 4030 Sin
3242 3983 3422 4030 autem
3451 3975 3608 4028 vobis
3643 3986 3843 4028 annun-

2267 4070 2523 4124 tiantibus
2552 4085 2658 4122 non
2705 4066 3030 4132 obedierint,
3082 4064 3184 4135 ipsi
3234 4064 3289 4117 in
3336 4063 3450 4117 suis
3495 4059 3848 4132 iniquitatibus

2267 4157 2537 4222 deﬁcient,
2560 4173 2657 4210 vos
2689 4172 2818 4210 vero
2847 4155 3054 4208 animas
3075 4161 3284 4207 vestras
3304 4150 3597 4206 liberastis.
3634 4151 3845 4203 Praeter-

2266 4263 2328 4300 ea
2357 4261 2522 4300 unum
2551 4245 2710 4300 valde
2752 4243 2992 4298 illicitum
3037 4250 3088 4295 et
3139 4239 3475 4294 exsecrabile
3505 4239 3703 4291 malum
3723 4250 3844 4290 con-

2268 4344 2352 4388 tra
2383 4333 2710 4388 venerabilia
2761 4340 3072 4384 sanctorum
3120 4330 3341 4382 Patrum
3387 4328 3612 4381 decreta
3641 4323 3844 4378 eosdem

576 4429 734 4468 sum:
769 4413 816 4467 si
852 4422 1036 4468 tamen
1071 4413 1492 4484 cognoverimus
1541 4411 1873 4466 voluntatem
1903 4418 2162 4474 vestram,

2269 4431 2478 4477 vestros
2505 4421 2868 4492 parochianos
2899 4417 3234 4473 committere
3263 4415 3533 4480 audimus,
3567 4415 3671 4468 hoc
3698 4419 3770 4466 est
3799 4415 3846 4462 ut

574 4501 720 4573 quod
749 4509 991 4556 nostram
1019 4501 1248 4572 cupiatis
1294 4501 1540 4570 recipere
1584 4499 1915 4572 legationem
1945 4506 1997 4553 et
2031 4514 2167 4568 apo-

577 4589 822 4646 stolicam
847 4589 1228 4643 visitationem.
1281 4588 1439 4656 Quod
1485 4589 1530 4640 si
1577 4587 1874 4653 volueritis,
1906 4603 2004 4656 per
2027 4587 2169 4640 hunc

574 4679 840 4732 Joannem
858 4676 1227 4732 venerabilem
1244 4675 1626 4746 presbyterum
1663 4675 1880 4729 fidelem
1903 4682 2164 4737 nostrum,

574 4765 732 4820 nobis
763 4765 864 4819 sub
893 4763 1213 4820 certitudine
1259 4763 1556 4817 litterarum
1608 4771 1911 4816 vestrarum
1947 4777 2168 4816 reman-

576 4853 705 4908 dare
763 4861 970 4918 curate,
1029 4851 1378 4906 dilectissime
1435 4859 1597 4922 atque
1652 4845 2024 4904 amantissime
2071 4849 2166 4904 fili.

579 4940 938 5011 Omnipotens
968 4941 1132 5008 Deus,
1156 4939 1246 5011 qui
1277 4939 1434 4994 vobis
1465 4939 1608 4993 viam
1639 4937 1883 4992 veritatis
1913 4938 2166 5006 ostendit,

573 5037 628 5084 ct
653 5029 856 5084 lumine
903 5045 1016 5083 sua:
1062 5027 1320 5083 claritatis
1368 5043 1465 5083 cor
1510 5034 1752 5082 vestrum
1783 5025 2057 5080 illustrare
2089 5026 2170 5080 di-

571 5125 771 5189 gnatus
800 5124 884 5172 est
911 5131 1054 5171 nunc
1081 5124 1134 5170 et
1163 5132 1382 5186 semper
1409 5131 1533 5172 cum
1563 5115 1709 5169 omni
1732 5113 2087 5185 prosperitate
2119 5123 2171 5169 et

636 5326 659 5349 «ι
683 5297 735 5345 In
757 5295 879 5347 edit.
917 5297 1138 5347 Romana
1175 5295 1344 5346 titulus
1379 5295 1672 5357 depravatus
1695 5300 1790 5357 est,
1819 5299 1869 5344 et
1893 5306 2002 5344 cum
2028 5294 2171 5344 dubi-

567 5390 766 5440 taverim
796 5389 1040 5440 Labbeum
1062 5403 1156 5440 sua
1169 5388 1447 5451 conjectura
1477 5389 1554 5438 hic
1573 5389 1866 5448 correxisse,
1892 5400 2054 5438 nonex
2075 5387 2168 5436 ﬁde

564 5481 736 5537 limitis
770 5481 971 5538 codicis,
1009 5483 1115 5532 ideo
1142 5482 1221 5530 hic
1247 5487 1392 5543 prout
1427 5485 1500 5529 est
1543 5482 1586 5529 in
1649 5483 1862 5530 Romana
1900 5492 2171 5540 repraesen-

2268 4511 2417 4564 nulla
2459 4509 2675 4582 generis
2722 4507 3188 4579 consanguinitate
3232 4503 3498 4568 custodia,
3547 4501 3686 4556 nulla
3727 4511 3844 4568 pro-

2268 4597 2581 4669 pinquitatis
2627 4595 2908 4667 parentela
2951 4594 3255 4658 observata,
3306 4591 3678 4661 unusquisque
3707 4599 3845 4640 suam

2268 4687 2628 4756 propinquam
2674 4685 2728 4738 in
2776 4699 3100 4754 quocunque
3146 4680 3345 4735 fuerint
3392 4679 3590 4751 gradu,
3639 4673 3846 4744 accipiat

2270 4791 2514 4835 uxorem,
2548 4782 2708 4843 atque
2738 4772 2946 4826 incesto
2989 4778 3042 4824 et
3081 4768 3288 4824 nefario
3327 4784 3384 4821 se
3413 4767 3668 4838 conjugio
3695 4776 3845 4831 copu-

2271 4862 2399 4916 lent.
2434 4861 2590 4928 Quod
2626 4860 2831 4914 licitum
2879 4857 3061 4912 facere
3103 4855 3427 4911 Christianis
3467 4870 3576 4908 non
3605 4862 3699 4916 est,
3729 4850 3842 4903 dum

2258 4949 2440 5020 iisque
2499 4967 2558 5003 se
2609 4946 2889 5019 generatio
2943 4945 3281 5016 cognoverit.
3336 4943 3490 4998 Unde
3543 4933 3843 4994 sanctissimi

2268 5037 2707 5108 praedecessores
2730 5033 2919 5102 nostri,
2951 5033 3259 5102 Stephanus
3287 5030 3560 5090 videlicet,
3590 5023 3844 5095 Eugenius

2269 5133 2430 5195 atque
2461 5125 2588 5188 Leo,
2624 5121 2870 5194 synodali
2921 5121 3142 5175 decreto
3185 5119 3290 5172 tale
3341 5116 3628 5171 nefandum
3671 5110 3842 5176 conju-

2269 5304 2465 5354 tandum
2499 5303 2613 5354 duxi
2663 5315 2675 5350 :
2731 5299 3176 5351 Ret'erendissimis
3221 5305 3269 5349 et
3315 5296 3634 5348 sanctissimis
3677 5287 3844 5341 Attalo

2267 5387 2668 5449 archiepiscopo,
2709 5390 2756 5435 et
2791 5385 3004 5434 lnrolato
3048 5383 3350 5439 Convenien,
3392 5381 3565 5430 amrin
3593 5379 3711 5428 Arrio
3733 5373 3848 5421 Con-

2269 5486 2446 5521 srrono
2481 5473 2652 5519 Sursto
2680 5469 2816 5517 nobis
2844 5466 3018 5516 ()ronsi
3041 5467 3298 5526 episcopis.
