4028 6180
236 278 342 328 «ti-iii

1389 267 1738 322 ISPlSl‘OLJﬂ
1791 265 1875 318 ΕΤ
1925 264 2267 320 DECRETA.

3439 276 3542 329 8“

244 399 402 470 gium
432 398 552 451 fieri
581 397 987 467 prohibuerant.
1019 397 1261 448 dicentes
1295 411 1305 446 :
1347 395 1408 448 L't
1441 391 1846 459 consobrinam,
1883 389 1930 447 Α
1956 391 2056 444 clis
2114 391 2366 444 eumdem
2425 393 2851 447 Aetnauscusem
2899 394 3216 467 episcopum
3281 398 3348 452 ad
3393 415 3546 454 com-

245 495 489 556 ncptem,
524 501 842 549 novercam,
874 483 1052 537 fratris
1083 498 1323 545 uxorein,
1358 481 1443 534 vel
1466 481 1626 534 etiam
1660 497 1853 550 quam-

248 574 384 628 libet
415 575 484 628 de
514 573 732 644 propria
765 572 1112 644 cognatione,
1147 571 1326 624 nullus
1357 577 1647 640 priesumat
1678 569 1780 622 sibi
1802 569 1854 621 in

245 661 510 732 conjugio
539 661 818 730 copulare,
854 661 983 730 quia
1030 659 1288 728 scriptum
1337 666 1419 712 est
1465 658 1520 710 in
1568 657 1691 728 lege
1739 657 1854 710 Do-

246 749 387 803 mini
421 767 435 802 :
475 749 901 820 Turpitudinem
926 749 1124 803 uxoris
1151 749 1335 819 patris
1359 747 1463 809 tui,
1507 746 1621 800 sive
1657 745 1857 801 uxoris

250 839 461 905 fratris
475 838 578 900 tui,
595 841 764 908 atque
775 837 981 890 sororis
994 839 1108 890 tum
1121 852 1232 890 non
1248 835 1513 890 reuelabis
1529 853 1546 888 :
1561 832 1856 904 turpitudo

251 927 412 979 enim
427 929 526 979 tua
543 929 626 979 est
650 926 848 990 (Lavit.
871 927 1055 992 xvm).
1072 923 1140 976 Et
1153 923 1198 976 si
1213 925 1359 977 Deus
1373 922 1640 976 llebraico
1654 921 1857 991 populo

247 1021 376 1066 ante
406 1012 834 1067 incarnationem
865 1010 1128 1082 unigeniti
1166 1010 1284 1064 Filii
1329 1010 1408 1064 sui
1438 1011 1553 1064 haec
1586 1009 1859 1064 servanda

253 1101 553 1167 mandavit,
591 1108 791 1170 quanto
822 1099 1058 1170 amplius
1088 1115 1208 1162 nos,
1243 1099 1332 1170 qui
1375 1098 1696 1153 Christiana:
1726 1096 1856 1151 reli-

251 1188 440 1259 gionis
470 1188 797 1242 documenta
826 1196 1093 1255 tenemus,
1124 1187 1194 1241 ab
1223 1186 1425 1241 illicitis
1454 1185 1740 1241 connubiis
1761 1187 1858 1239 ob-

251 1291 477 1330 servare
523 1275 808 1340 debemus,
851 1292 918 1329 ne
968 1275 1208 1329 demersi
1250 1274 1304 1328 in
1350 1275 1665 1346 voraginem
1714 1273 1858 1345 ignis

249 1364 448 1419 aeterni
478 1379 893 1418 concrememur
917 1362 1212 1418 incendio?
1244 1363 1300 1417 Si
1330 1362 1450 1433 quis
1495 1378 1623 1416 vero
1661 1361 1714 1414 in
1753 1363 1858 1416 hoc

253 1451 473 1506 nefario
503 1451 759 1522 conjugio
788 1451 1040 1505 inventus
1069 1451 1124 1504 in
1151 1467 1216 1505 eo
1244 1466 1566 1521 permanere
1605 1449 1855 1518 voluerit,

251 1548 346 1594 aut
379 1557 522 1594 nunc
553 1539 621 1593 ab
652 1556 821 1594 uxore
851 1539 1060 1594 solutus
1081 1541 1184 1595 hoc
1205 1555 1370 1609 agere
1393 1546 1695 1603 tentaverit,
1723 1537 1860 1594 sciat

254 1646 316 1683 se
366 1627 688 1682 auctoritate
733 1627 1026 1698 apostolica
1069 1627 1426 1682 anathematis
1472 1627 1690 1682 vinculo
1736 1643 1859 1681 esse

255 1717 596 1784 innodatum,
629 1725 683 1770 et
713 1716 892 1770 nullus
923 1716 1183 1771 sacerdos
1212 1713 1288 1770 illi
1317 1715 1513 1770 tribuat
1529 1715 1861 1771 communio-

253 1821 386 1860 nem
419 1821 432 1859 :
470 1811 522 1859 et
551 1804 597 1858 si
629 1803 917 1859 inclinatus
948 1804 1016 1858 ab
1041 1804 1225 1858 illicita
1272 1822 1332 1859 se
1363 1803 1554 1874 copula
1593 1803 1859 1868 diviserit,

254 1893 593 1964 poenitentiae
625 1893 1026 1958 submittantur,
1061 1901 1117 1947 ut
1147 1893 1407 1948 sacerdos
1429 1892 1532 1948 loci
1549 1892 1862 1947 considera-

253 1983 420 2036 verit.
455 1982 569 2036 Hoc
601 1981 762 2036 etiam
792 1997 916 2036 cum
949 1981 1054 2034 illis
1083 1981 1282 2051 pariter
1302 1981 1558 2049 jubemus
1589 1989 1646 2035 ut
1684 1980 1862 2035 nullus

255 2071 546 2141 propriam
574 2070 847 2142 relinquat
875 2085 1119 2135 uxorem,
1151 2077 1200 2125 et
1240 2069 1328 2123 illa
1375 2069 1591 2125 vivente
1633 2069 1863 2124 alteram

256 2159 367 2214 sibi
401 2158 614 2214 sociare
643 2167 976 2229 praesumat;
1016 2174 1117 2214 nec
1162 2158 1324 2214 liceat
1367 2158 1418 2213 ei
1463 2174 1573 2212 uno
1623 2166 1864 2228 tempore

253 2248 398 2301 duas
429 2247 630 2302 habere
659 2262 857 2301 uxores
885 2262 1176 2301 uxoremve
1207 2255 1260 2301 et
1287 2246 1668 2302 concubinam.
1699 2245 1864 2300 Iube-

257 2353 386 2390 mus
426 2336 588 2390 etiam
634 2343 690 2388 ut
739 2335 870 2388 nulli
929 2335 1276 2391 sacerdotum
1315 2335 1557 2406 nullique
1601 2334 1864 2390 laicorum

257 2424 423 2479 liceat
455 2440 541 2478 res
573 2423 878 2478 immobiles
908 2424 1011 2476 sub
1042 2423 1282 2493 qualibet
1310 2423 1596 2478 occasione
1617 2439 1650 2476 a
1679 2423 1783 2493 piis
1813 2429 1866 2477 et

261 2511 671 2567 venerabilibus
718 2511 850 2566 locis
896 2512 1220 2566 subtrahere
1277 2521 1329 2565 et
1379 2512 1432 2566 in
1488 2511 1706 2582 proprio
1765 2527 1866 2565 usu

263 2601 495 2656 habere.
529 2599 634 2667 Qui
666 2616 798 2654 vero
826 2599 1252 2670 pra-sumpserit,
1287 2601 1564 2656 canonicis
1588 2600 1866 2667 subjaceat

261 2689 718 2744 correctionit-us.
754 2689 1049 2744 Statuimus
1081 2689 1240 2743 etiam
1266 2698 1324 2742 ut
1352 2705 1542 2744 omnes
1564 2688 1866 2758 presbyteri

261 2787 317 2830 et
351 2777 534 2832 clerici
568 2777 669 2830 sub
699 2777 906 2847 proprii
953 2786 1220 2846 potestate
1241 2777 1543 2832 consistant
1600 2777 1862 2846 episcopi,

259 2875 318 2919 et
371 2865 502 2918 nihil
548 2864 664 2918 sine
711 2865 878 2934 ipsius
927 2865 1259 2920 conscientia
1307 2874 1519 2934 gerant,
1570 2865 1866 2920 secundum

263 2953 520 3025 regulam
551 2969 583 3006 a
613 2953 864 3007 Patribus
894 2953 1258 3009 constitutam.
1293 2955 1349 3008 Si
1381 2953 1502 3024 quis
1533 2969 1665 3008 sane
1697 2968 1868 3006 sacer-

263 3042 460 3095 dotum
491 3049 581 3094 aut
611 3041 931 3096 clericorum
971 3042 1130 3096 aliter
1165 3058 1334 3114 agere
1378 3041 1806 3112 praesumpserit,
1838 3055 1868 3092 a

264 3145 376 3184 suo
406 3129 668 3185 canonice
697 3131 1065 3198 redarguatur
1093 3130 1389 3200 episcopo;
1422 3130 1589 3186 laicus
1627 3145 1866 3200 quoque,

263 3218 314 3272 si
348 3217 417 3272 de
447 3226 711 3288 potestate
741 3219 985 3289 episcopi
1013 3218 1271 3274 clericum
1303 3217 1600 3290 quemlibet
1647 3218 1868 3271 subtra-

263 3308 404 3360 here
449 3307 879 3376 przesumpserit,
938 3306 1435 3362 excommunicatus
1471 3306 1682 3360 existat.
1719 3306 1865 3370 Haec,

263 3395 470 3449 fratres
498 3394 828 3460 charissimi,
849 3411 949 3464 pro
973 3403 1154 3448 vestra
1185 3394 1576 3465 supplicatione
1609 3403 1660 3447 et
1691 3394 1868 3447 hono-

267 3481 536 3537 rificentia
569 3483 621 3536 in
644 3483 1022 3537 auctoritatem
1039 3482 1290 3537 habenda
1309 3482 1698 3552 descripsimus
1715 3481 1870 3535 vobis

265 3579 537 3640 quatenus
568 3571 652 3623 bis
681 3579 883 3625 nostra:
911 3570 1311 3626 constitutionis
1349 3570 1536 3624 muniti
1564 3569 1868 3640 prmceptis,

262 3660 440 3732 digna
470 3659 586 3713 Deo
615 3666 799 3713 nostro
827 3659 1047 3728 possitis
1078 3659 1348 3714 securiter
1375 3658 1586 3713 deferre
1607 3656 1871 3727 obsequia

262 3747 597 3817 debitasque
626 3746 938 3817 persolvere
968 3747 1176 3801 laudes.
1221 3746 1484 3817 Optamus
1532 3745 1869 3801 sanctitatem

266 3843 513 3891 vestram
546 3834 600 3888 in
629 3835 845 3889 Christo
876 3835 1014 3890 bene
1045 3835 1246 3890 valere.
1281 3836 1416 3889 Data
1457 3835 1638 3888 Idibus
1677 3832 1868 3898 Juniis,

267 3923 576 3979 indictione
606 3939 708 3977 χιι.

904 4023 1250 4077 CCXXXIII.

692 4126 764 4166 AD
806 4126 1139 4166 ROS‘I‘AGNUM
1178 4126 1248 4166 ΕΤ
1285 4125 1462 4165 Λιιοε.

751 4199 968 4271 Fragm.
1001 4229 1070 4239 —
1101 4201 1226 4265 (An.
1261 4201 1362 4253 879
1391 4198 1409 4268 )

347 4289 654 4342 Rosncuo
683 4286 1099 4356 archiepiscopo
1131 4285 1452 4354 Arelatensi,
1473 4285 1772 4340 SIGIBOLDO
1787 4303 1874 4341 ar-

269 4375 628 4446 chiepiscOpo
657 4374 1023 4438 Narbonensi,
1057 4383 1111 4428 et
1152 4375 1415 4430 Ronan'ro
1462 4373 1874 4444 archiepiscopo

269 4463 540 4536 Aquensi,
573 4478 605 4517 a
634 4462 878 4533 paribus.

346 4551 642 4606 Veracium
698 4551 962 4606 relatione
1009 4549 1374 4621 comperimus
1417 4550 1718 4604 Gilbertum
1762 4551 1876 4604 Ne-

271 4655 630 4696 mausensem
660 4639 1030 4694 venerabilem
1061 4639 1395 4710 episcopum,
1429 4637 1573 4709 quod
1605 4637 1878 4708 quoddam

271 4728 671 4785 monasterium
701 4736 948 4782 nostrum
995 4728 1142 4798 quod
1189 4742 1352 4797 super
1380 4725 1628 4780 eumdem
1659 4725 1875 4796 episco-

276 4833 414 4888 pum
444 4815 854 4886 acq‘uisivimus,
888 4815 1005 4886 ipse
1035 4815 1309 4870 Gilbertus
1344 4822 1548 4867 temere
1594 4813 1873 4879 invaserit,

273 4913 619 4974 cunctasque
651 4920 737 4958 res
767 4903 937 4974 ipsius
963 4901 1276 4958 monasterii
1324 4917 1424 4972 per
1471 4916 1600 4955 suos
1628 4902 1877 4957 homines

271 4991 632 5057 distribuerit,
684 5000 734 5046 et
786 4991 928 5045 illius
977 4991 1273 5045 monachos
1315 4989 1441 5044 inde
1470 4997 1660 5044 contra
1700 5005 1878 5045 sacras

267 5079 502 5152 regulas
531 5079 752 5134 omnino
782 5078 1067 5149 expulerit.
1103 5077 1261 5146 Quod
1305 5085 1509 5131 tantum
1554 5077 1712 5131 nobis
1759 5077 1876 5131 dis-

263 5167 484 5241 plicuit,
547 5175 806 5238 quantum
834 5211 846 5228 .
907 5167 1045 5222 sicut
1099 5166 1216 5236 ipse
1278 5165 1561 5222 nobiscum
1619 5165 1874 5235 advertis,

265 5256 494 5313 calcata
554 5255 857 5310 reverentia
904 5253 1336 5308 venerandorum
1367 5269 1633 5310 canonum
1690 5261 1880 5307 contra

266 5342 623 5416 privilegium
656 5343 970 5413 apostolica:
1000 5342 1147 5397 sedis
1178 5358 1302 5396 eum
1343 5341 1535 5396 fecisse
1560 5357 1668 5396 non
1697 5340 1876 5394 ambi-

265 5434 381 5506 gis.
439 5431 786 5501 Quapropter
836 5430 1150 5485 fraternitati
1202 5439 1304 5484 tua;
1355 5429 1639 5499 dirigimus
1674 5437 1728 5482 ut
1761 5429 1878 5484 vice

267 5529 466 5574 nostra
495 5535 618 5572 cum
650 5519 1014 5573 conl'ratrilms
1059 5525 1111 5570 et
1155 5517 1492 5586 coepiscopis
1524 5516 1721 5570 nostris
1746 5518 1877 5583 jun-

1956 494 2118 533 mune
2148 479 2476 551 colloquium
2508 482 2840 546 convocetis,
2892 491 2944 537 et
2988 499 3054 538 ex
3095 486 3414 543 auctoritate
3445 505 3548 545 no-

1956 575 2068 622 stra
2098 569 2434 623 conveniatis
2463 578 2518 623 ut
2548 571 2618 624 ab
2649 571 2796 624 omni
2830 571 3112 627 invasione
3154 573 3326 645 ipsius
3355 592 3549 632 mona-

1955 655 2104 709 sterii
2132 665 2238 710 tam
2283 673 2342 711 se
2373 674 2531 728 quam
2563 675 2694 713 suos
2742 669 3039 728 removeat,
3079 669 3132 716 et
3175 663 3402 719 ulterius
3448 682 3552 722 nec

1957 760 2044 796 res
2091 744 2230 813 ejus,
2281 761 2383 800 nec
2430 747 2728 801 monachos
2785 745 2894 803 illic
2953 749 3186 806 Domino
3227 750 3552 810 famulantes

1957 831 2254 886 molestare
2284 842 2598 902 praesumat.
2633 834 2786 903 Quod
2818 836 2864 890 si
2896 836 3014 906 ipse
3041 838 3205 892 surda
3230 855 3381 906 aure,
3406 843 3554 914 quod

1959 919 2120 982 absit,
2152 936 2252 990 per
2281 937 2379 974 vos
2407 922 2613 976 monita
2641 933 2821 977 nostra
2865 925 3116 991 audierit,
3167 935 3296 984 tunc
3341 945 3406 984 ex
3452 946 3554 984 au-

1958 1008 2206 1063 ctoritate
2253 1009 2395 1063 beati
2447 1011 2590 1064 Petri
2636 1013 2887 1082 apostoli,
2930 1013 3018 1069 cui
3073 1014 3217 1072 idem
3274 1027 3554 1074 monaste-

1959 1096 2099 1149 rium
2128 1097 2382 1167 pertinet,
2417 1099 2578 1152 snmul
2621 1108 2670 1154 et
2717 1107 2925 1167 nostra,
2977 1102 3124 1156 illum
3173 1119 3206 1158 a
3252 1104 3552 1163 ministerio

1960 1185 2280 1240 sacerdotali
2335 1187 2856 1244 excommunicando
2914 1192 3206 1260 suspende,
3268 1209 3553 1267 quousque

1961 1273 2090 1326 dum
2149 1284 2239 1328 aut
2282 1275 2353 1328 ab
2401 1275 2519 1345 ipsa
2562 1275 2842 1331 invasione
2890 1293 2949 1332 se
3006 1279 3304 1347 subtrahat,
3351 1291 3444 1337 aut
3481 1283 3552 1338 ad

1962 1361 2150 1414 sedem
2207 1363 2564 1432 apostolicam
2638 1364 2722 1418 vel
2779 1365 2846 1418 ad
2916 1375 3157 1422 nostram
3209 1371 3555 1440 praesentiam

1963 1449 2119 1503 nobis
2150 1449 2521 1506 satisfacturus
2549 1461 2814 1508 occurrat.
2847 1456 2989 1527 Agat
3033 1455 3088 1508 in
3134 1455 3219 1510 his
3271 1459 3560 1515 sanctimo-

1963 1537 2051 1590 nia
2080 1546 2171 1591 tua
2198 1538 2338 1593 sicut
2366 1539 2513 1593 illam
2544 1556 2712 1613 agere
2765 1541 2925 1598 decet
2953 1551 3010 1597 ut
3041 1551 3094 1598 et
3123 1545 3558 1604 nosDeolaudes

1964 1634 2017 1680 et
2047 1626 2142 1680 tibi
2171 1627 2378 1700 gratias
2406 1627 2728 1684 referamus.
2780 1631 2921 1686 Data
2967 1647 3108 1687 xvm
3138 1633 3262 1688 Kal.
3292 1634 3438 1700 Julii,
3469 1636 3557 1690 in-

1965 1713 2200 1770 dictione
2227 1730 2326 1769 xu.

2586 1824 2930 1881 CCXXXIV.

2355 1925 2426 1964 AD
2467 1926 2734 1967 SALONITA
2741 1929 2849 1968 N05
2881 1931 3016 1970 CLRR
3023 1931 3159 1972 ICOS.

2567 2001 2749 2070 (Anno
2793 2005 2944 2074 879.)

1969 2085 2224 2170 Moneta!
2234 2087 2306 2170 ad
2315 2089 2595 2170 gremium
2616 2092 2878 2170 Itoman
2889 2095 3151 2150 Ecclesia
3161 2101 3526 2170 revertantur
3537 2119 3557 2170 ,-

2037 2161 2093 2212 εἰ
2104 2159 2316 2234 electus
2329 2159 2395 2213 ab
2415 2162 2496 2214 eis
2526 2160 2978 2234 archiepiscopus
2998 2169 3478 2227 consecrationem
3499 2159 3557 2228 et

2034 2229 2282 2312 patlium
2311 2247 2353 2312 a_
2374 2246 2452 2295 se,
2485 2235 2540 2284 et
2572 2248 2686 2312 non
2715 2229 2789 2312 ab
2814 2229 2937 2312 ‘aiz'o
2956 2237 3249 2312 accipiat;
3265 2243 3436 2312 utque
3469 2243 3553 2299 le-

2036 2302 2166 2370 gato
2195 2300 2448 2371 quadam
2479 2302 2656 2357 verbis
2679 2305 2931 2362 relaturo
2958 2300 3126 2374 ﬁdem
3156 2300 3478 2368 adhibeant.

2039 2405 2528 2461 Reverendissimis
2574 2417 2627 2462 et
2667 2411 3021 2466 sanctissimis
3063 2413 3335 2487 episcopis
3365 2419 3557 2476 thu

1969 2494 2224 2558 Adransi,
2259 2495 2540 2550 Dommco
2571 2497 2882 2560 Absarensi.
2924 2501 3242 2574 ueterisque
3286 2505 3560 2579 episcopis

1968 2582 2302 2648 Dalmatinis,
2339 2601 2434 2638 seu
2463 2585 2670 2639 Josxm
2688 2587 3162 2660 archipresbytero
3183 2601 3385 2650 sancte
3414 2596 3561 2651 sedis

1970 2670 2315 2736 Salonitanzr,
2349 2673 2708 2744 omnibusque
2739 2677 3113 2731 sacerdotibus
3155 2689 3207 2734 et
3253 2682 3558 2740 senioribus

1967 2758 2151 2827 populi
2208 2759 2594 2813 habitatoribus
2661 2762 2994 2831 Spalatensis
3067 2766 3334 2836 civitatis,
3397 2780 3562 2843 atque

1967 2845 2306 2911 Zadarensis,
2341 2855 2764 2919 czetemrumque
2800 2850 3096 2907 civitatum.

2041 2941 2303 2996 Pastorali
2333 2943 2695 2999 sollicitudine
2727 2947 2876 3011 moti,
2912 2964 3010 3002 vos
3041 2951 3194 3020 quasi
3224 2968 3356 3008 oves
3385 2955 3570 3012 Domi-

1969 3028 2123 3084 nicas
2161 3030 2318 3084 nobis
2373 3031 2428 3084 in
2487 3032 2646 3087 beato
2707 3035 2868 3090 Petro
2898 3037 3265 3106 apostolorum
3321 3042 3569 3117 principe

1973 3117 2314 3182 commissas,
2348 3119 2562 3174 dicente
2594 3122 2824 3177 Domino
2857 3141 2870 3176 :
2905 3125 2965 3180 Si
3004 3125 3197 3198 diligis
3237 3146 3344 3196 me,
3377 3131 3570 3190 Simon

1971 3208 2156 3270 Petro,
2189 3223 2353 3277 pasce
2371 3225 2493 3263 oves
2523 3225 2678 3264 mea:
2701 3212 2881 3279 (Joan.
2911 3213 3056 3282 χχι),
3080 3213 3205 3268 licet
3221 3233 3322 3284 pro
3348 3219 3570 3276 assidua

1971 3295 2214 3366 gentium
2261 3295 2642 3364 persecutione
2693 3313 2834 3351 nunc
2895 3315 3068 3369 usque
3144 3301 3424 3374 impediti,
3485 3307 3572 3363 his

1972 3381 2134 3436 modo
2159 3383 2493 3451 apostolatus
2524 3383 2695 3438 nostri
2742 3384 2936 3439 litteris
2972 3386 3187 3443 visitare
3236 3393 3568 3464 curavimus,

1971 3469 2328 3524 admonentes
2357 3469 2748 3526 fraternitatem
2781 3481 3015 3528 vestram
3046 3483 3122 3543 ut,
3155 3493 3305 3533 more
3335 3496 3572 3550 praees-

1973 3573 2160 3612 sorum
2188 3566 2510 3625 vestrorum,
2545 3560 2616 3614 ad
2638 3561 2824 3615 sedem
2855 3561 2999 3617 beati
3018 3564 3160 3618 Petri
3181 3568 3430 3636 apostoli,
3451 3586 3574 3641 quae

1971 3655 2130 3716 caput
2159 3654 2211 3700 et
2240 3646 2503 3716 magistra
2553 3656 2638 3702 est
2676 3649 2916 3704 omnium
2965 3651 3337 3709 Ecclesiarum
3367 3657 3488 3724 Dei,
3522 3663 3598 3714 et'

1972 3734 2039 3788 ad
2086 3751 2209 3799 nos,
2239 3735 2330 3805 qui
2386 3735 2436 3789 ei
2491 3735 2748 3792 divinitus
2803 3739 3182 3808 praesidemus,
3233 3751 3342 3799 toto
3387 3745 3570 3802 animo

1972 3822 2269 3893 libentique
2299 3823 2576 3879 voluntate
2607 3826 2807 3881 reverti
2833 3827 3117 3894 studeatis,
3151 3839 3416 3902 quatenus
3444 3833 3572 3890 inde

1973 3910 2167 3964 summi
2196 3912 2460 3966 honorem
2509 3914 2820 3980 sacerdotii,
2873 3915 3033 3971 totius
3079 3917 3428 3976 institutionis
3475 3938 3540 3980 ec

1973 3998 2293 4055 elesiastica:
2322 3999 2552 4056 formam
2582 4003 2827 4066 sumatis,
2861 4005 3006 4060 unde
3033 4015 3288 4076 parentes
3322 4025 3386 4064 ac
3427 4025 3544 4081 prae

1974 4102 2223 4143 cessores
2267 4097 2480 4144 vestros
2528 4090 2783 4146 mellitlua
2829 4101 3031 4149 sancta!
3070 4095 3468 4165 pradicationis
3517 4108 3570 4154 et

1975 4175 2237 4230 doctrinae
2266 4177 2579 4246 apostolicae
2608 4187 2825 4248 potasse
2871 4180 3072 4236 fluenta
3102 4185 3356 4239 recolitis.
3389 4185 3573 4242 Remi-

1975 4262 2113 4317 nisci
2151 4279 2384 4334 namque
2433 4265 2643 4320 debetis
2701 4277 2898 4337 quanta
2935 4269 3156 4324 eosdem
3205 4287 3571 4342 praecessores

1977 4358 2186 4404 vestros
2216 4366 2482 4420 prospera
2499 4352 2902 4410 evidentissime
2925 4356 3334 4424 comitabantur,
3353 4361 3570 4430 quando

1903 4444 1954 4503 1)
1976 4438 2044 4491 ad
2074 4438 2256 4491 limina
2287 4439 2428 4493 Petri
2457 4440 2694 4494 caelestis
2725 4441 2880 4514 regni
2926 4442 3186 4514 clavigeri
3227 4445 3424 4501 devoto
3465 4463 3567 4518 pe-

1975 4533 2121 4580 ctore
2151 4525 2303 4597 quasi
2333 4527 2536 4597 proprii
2567 4525 2659 4582 lilii
2689 4528 3029 4585 continebant
3053 4548 3068 4595 ;
3101 4535 3156 4585 et
3185 4540 3384 4603 quanta
3412 4543 3569 4604 post-

1973 4613 2194 4668 modum
2225 4630 2368 4669 nunc
2400 4631 2573 4687 usque
2601 4617 2961 4672 sustinueritis
2991 4618 3238 4684 adversa,
3271 4635 3394 4676 cum
3413 4623 3483 4676 ab
3501 4639 3569 4678 ea

1976 4717 2073 4755 vos
2103 4702 2258 4773 quasi
2287 4703 2494 4758 alienos
2525 4720 2785 4775 separare
2813 4722 2922 4761 non
2968 4706 3273 4762 dubitastis.
3316 4707 3568 4780 Quapro-

1975 4798 2098 4860 pter
2126 4807 2224 4845 vos
2253 4791 2545 4862 plurimum
2575 4793 2882 4864 diligentes,
2934 4809 3042 4850 non
3087 4811 3153 4850 ea
3195 4812 3316 4868 quae
3361 4807 3564 4871 vestra,

1977 4879 2072 4933 sed
2122 4895 2219 4934 vos
2255 4889 2583 4951 quaerentes,
2635 4889 2855 4951 paterna
2901 4882 3232 4956 benignitate
3279 4900 3568 4942 monemus

1977 4975 2138 5038 atque
2181 4969 2461 5023 hortamur
2506 4978 2587 5037 ut,
2651 4969 2784 5024 sicut
2845 4969 3115 5038 diximus,
3162 4974 3232 5026 ad
3299 4973 3568 5044 gremium

1978 5064 2178 5111 sancta:
2233 5057 2488 5112 Romanae
2550 5057 2813 5112 Ecclesia
2884 5059 3072 5113 matris
3130 5069 3327 5116 vestrae
3384 5061 3567 5117 redire

1977 5160 2208 5206 ovanter
2237 5151 2548 5218 attendatis,
2583 5159 2639 5204 ut
2671 5151 2879 5206 electus
2909 5169 2940 5208 a
2986 5153 3142 5208 vobis
3189 5155 3450 5210 canonice
3475 5171 3565 5211 ar-

1977 5240 2359 5310 cliiepiscOpus
2387 5255 2489 5292 una
2519 5255 2642 5294 cum
2690 5248 2874 5295 vestro
2920 5241 3159 5296 omnium
3189 5259 3483 5309 consensu,
3518 5254 3572 5300 et

1979 5327 2252 5380 voluntate
2281 5327 2348 5378 ad
2380 5341 2480 5379 nos
2510 5327 2733 5381 veniens
2764 5328 2994 5398 gratiam
3026 5329 3350 5400 episcOpalis
3381 5348 3571 5389 conse-

1980 5415 2238 5469 crationis
2269 5429 2594 5486 sacrumque
2622 5415 2843 5486 pallium
2874 5432 2902 5468 a
2951 5417 3130 5471 nobis-
3151 5434 3300 5474 more
3343 5421 3571 5492 pristino

1980 5512 2358 5565 incunctanter
2389 5510 2671 5580 percipiat.
2705 5520 2755 5563 ut
2790 5511 3020 5578 gratiam
3058 5521 3104 5567 et
3145 5514 3573 5575 benedictionem
