4072 6186
591 277 692 329 847

1890 271 1912 322 .l
1944 269 2176 324 )ANNIS

2275 270 2436 322 ἈΜΕ
2499 271 2636 324 Vlll.
2876 237 2879 240 ’
3755 268 3836 318 δικ

586 417 642 472 S.
703 415 849 472 Petri
904 429 970 472 ac
1015 423 1252 470 nostram
1309 415 1588 477 habentes,
1637 430 1668 467 a
1713 414 1871 466 mulis
1927 411 2176 466 omnibus

2277 393 2450 447 cando
2482 394 2773 462 suspende,
2809 408 3093 462 quOUsque
3141 392 3270 444 dum
3315 390 3499 443 autab
3545 389 3658 458 ipsa
3701 389 3830 442 inva-

584 504 762 572 liberi,
797 511 847 560 et
878 503 1036 559 bonis
1064 502 1334 558 universis
1364 501 1576 573 repleti,
1611 509 1661 556 et
1689 501 1774 556 hic
1824 501 1880 554 in
1929 499 2184 570 praesenti

585 593 770 649 seculo
827 591 1130 662 gaudeatis,
1172 598 1224 646 et
1273 591 1330 644 in
1383 589 1561 644 futuro
1613 606 1734 645 cum
1791 587 2022 643 Domino
2069 587 2185 640 sine

579 679 688 738 ﬁne
715 677 908 752 procul
933 679 1098 734 dubio
1129 678 1426 734 exsultetis.
1453 679 1619 733 Porro
1653 677 1697 731 si
1720 677 1921 748 aliquid
1943 677 2010 730 de
2031 683 2184 746 parte

583 769 903 827 Graecorum
933 767 1020 824 vel
1049 767 1367 823 Sclavorum
1397 782 1562 838 super
1591 775 1773 821 vestra
1789 765 1859 820 ad
1881 781 1982 819 nos
2003 780 2186 818 rever-

581 857 736 914 sit'me
764 855 852 914 vel
908 856 1320 912 consecratione
1367 863 1458 910 aut
1509 855 1576 910 de
1632 854 1781 926 pallii
1830 852 2184 923 perceptione

582 942 858 1015 dubitatis,
891 945 1082 1001 Scitote
1111 953 1212 1014 pro
1242 951 1394 1000 certo
1425 943 1681 1014 quoniam
1735 957 1835 997 nos
1886 940 2184 995 secundum

581 1041 890 1090 sanctorum
919 1031 1138 1088 Patrum
1169 1033 1626 1103 decessorumque
1658 1038 1972 1085 nostrorum
2002 1028 2182 1099 ponti-

581 1120 743 1179 ficum
785 1127 981 1176 Statuta
1029 1136 1127 1176 vos
1173 1120 1429 1188 adjuvare
1487 1119 1805 1174 auctoritate
1847 1116 2180 1172 curabimus.

579 1208 740 1280 Quod
769 1211 816 1266 Si
845 1210 985 1265 forte
1016 1209 1156 1264 hanc
1186 1216 1430 1263 nostram
1458 1206 1810 1277 apostolicam
1853 1204 2182 1260 admonitio-

583 1305 728 1368 nem,
761 1299 870 1354 imo
898 1298 1218 1354 canonicam
1260 1295 1703 1367 praeceptionem,
1739 1311 1840 1364 pro
1881 1293 2048 1348 nihilo
2077 1293 2182 1348 du-

581 1393 787 1455 centes,
837 1387 907 1442 ad
973 1385 1160 1440 sedem
1202 1384 1555 1455 apostolicam
1603 1383 1864 1438 Romanae
1923 1381 2184 1438 Ecclesia:

582 1472 780 1542 redire,
813 1483 867 1530 et
893 1474 1021 1528 inde
1051 1473 1350 1528 secundum
1383 1471 1663 1544 antiquam
1685 1485 1954 1537 normam,
1989 1487 2182 1525 conse-

581 1564 880 1621 CratiOnem
911 1561 1280 1633 episcopalem
1308 1575 1629 1632 sacrumque
1675 1559 1896 1631 pallium
1935 1559 2183 1629 recipere

579 1651 1036 1723 contempseritis,
1083 1649 1231 1706 omni
1274 1649 1609 1706 ecclesistica
1659 1665 1758 1705 vos
1799 1647 2180 1705 communione

583 1708 1044 1812 scitote‘penitus
1101 1738 1674 1795 excommunicandos.
1737 1735 1956 1792 Interim
2004 1744 2182 1790 tamen
2209 1739 2261 1803 Β
2353 1708 3108 1812 ἶνίυῙξδεῇνθβίίθ,θξθθηθηξίῗυ

577 1828 898 1886 auctoritate
927 1827 1027 1883 Dei
1055 1835 1108 1883 et
1147 1827 1320 1883 sancti
1364 1826 1507 1882 Petri
1553 1825 1706 1881 vobis
1747 1825 2097 1897 prmcipimus
2126 1833 2183 1880 ut

580 1934 688 1974 non
719 1916 960 1973 habeatis
991 1915 1260 1972 licentiam
1289 1915 1506 1970 aliunde
1551 1914 2020 1970 consecrationem
2064 1913 2180 1984 pal-

577 2007 816 2078 liumque
845 2005 1114 2076 recipere.
1145 1996 1285 2059 Nam
1315 2003 1361 2058 si
1389 2003 1646 2070 feceritis,
1679 2003 1836 2074 quasi
1867 2011 2178 2074 transgres-

575 2107 733 2151 sares
761 2103 817 2150 et
859 2091 1237 2150 inobedientes
1287 2107 1386 2149 vos
1428 2092 1544 2147 sine
1580 2092 1747 2146 dubio
1787 2090 2176 2161 judicabimus.

578 2184 731 2240 Haec
759 2187 937 2238 autem
967 2181 1138 2238 nostri
1168 2179 1504 2252 apostolatus
1535 2179 1820 2252 epistolam
1857 2177 2178 2234 fraternitati

576 2277 772 2328 Vestras
798 2276 900 2342 per
940 2267 1084 2326 hunc
1125 2277 1448 2340 prasentem
1496 2269 1762 2324 Joannem
1807 2267 2178 2323 venerabilem

573 2359 980 2431 presbyterum,
1016 2357 1234 2412 fidelem
1281 2355 1603 2411 familiarem
1652 2364 1913 2418 nostrum,
1970 2355 2177 2409 direxi-

575 2429 719 2514 mus,
750 2429 866 2502 cui
915 2445 1123 2502 scilicet
1179 2444 1358 2516 aliqua
1413 2443 1741 2514 injunximus
1796 2442 1950 2498 vobis
2008 2443 2177 2498 verbo

573 2543 732 2591 tenus
787 2529 1092 2600 referenda,
1125 2541 1178 2588 et
1231 2533 1356 2588 ideo
1413 2532 1487 2587 illi
1535 2532 1716 2588 omnia
1765 2549 1884 2602 qum
1928 2531 1996 2586 de
2023 2539 2178 2602 parte

572 2631 762 2680 nostra
792 2622 989 2678 dixerit
1037 2621 1211 2690 vobis,
1264 2622 1490 2678 credere
1537 2621 1846 2675 nullatenus
1895 2619 2172 2674 dubitetis.

571 2711 861 2784 Ipsamque
906 2710 1210 2783 epistolam,
1243 2717 1302 2764 ut
1351 2709 1420 2764 ad
1465 2710 1705 2765 omnium
1746 2716 1982 2764 vestrum
2030 2708 2176 2762 noti-

575 2797 705 2854 tiam
734 2798 926 2864 ferant,
955 2798 1104 2853 bulla
1133 2805 1318 2854 nostra
1342 2798 1605 2868 jussimus
1651 2797 1707 2850 in
1755 2797 1903 2852 calce
1953 2796 2172 2868 signari.

576 2888 716 2942 Data
744 2901 784 2940 χ
813 2887 900 2942 die
929 2885 1134 2940 mensis
1163 2885 1328 2952 Junii,
1362 2885 1654 2942 indictione
1685 2900 1792 2938 xu.

1211 2990 1528 3045 CCXXXV.

985 3087 1058 3132 AD
1097 3093 1235 3134 τηε
1273 3092 1756 3134 ARCHIEPISCOPOS.

1191 3168 1372 3240 (Anno
1401 3168 1550 3236 8'79.)

578 3259 645 3318 Ut
676 3257 1111 3330 Nemausensem
1127 3258 1449 3330 episcopum
1469 3273 1502 3311 α
1523 3254 1860 3330 monasterii
1878 3254 2175 3330 cujusdam

647 3331 843 3399 iniqua
863 3325 1171 3385 invasione
1201 3325 1546 3393 removeam,
1579 3329 1636 3380 et
1663 3327 1714 3381 si
1752 3339 1866 3380 non
1914 3325 2174 3397 paruerit

645 3400 1161 3457 excommunicauit.

641 3489 944 3544 ROS'I'AGNO
974 3485 1381 3558 archiepiscopo
1421 3485 1743 3552 Arelatensi,
1777 3486 2057 3540 ‘Srotsono
2088 3499 2174 3538 ar-

571 3576 922 3648 chiepiscOpo
975 3573 1354 3638 Narbonensi,
1409 3575 1710 3630 Rornsn'ro
1756 3571 2172 3644 archiepiscopo

571 3665 833 3738 Aquens-i,
875 3679 908 3720 a
936 3664 1181 3736 paribus.

641 3753 926 3809 Veracium
955 3752 1210 3808 relatione
1240 3751 1602 3822 comperimus
1633 3749 1914 3806 Gibertum
1935 3752 2171 3805 Nemau-

573 3857 794 3898 sensem
819 3839 1191 3896 venerabilem
1221 3840 1554 3910 episcopum,
1587 3839 1734 3909 quod
1763 3839 2039 3910 quoddam
2057 3853 2171 3893 mo-

573 3923 876 4000 materiam
905 3931 1168 3986 nostrum,
1202 3921 1348 3992 quod
1376 3935 1541 3992 super
1573 3921 1825 3975 eumdem
1853 3921 2171 3992 episcopum

573 4009 980 4082 acquisivimus,
1015 4009 1132 4080 ipse
1179 4009 1436 4063 Gibertus
1479 4015 1682 4064 temere
1726 4009 2004 4074 invaserit,
2047 4023 2171 4062 om-

575 4111 782 4169 nesque
812 4111 904 4152 res
931 4096 1104 4168 ipsius
1133 4096 1446 4151 monasterii
1475 4111 1576 4167 per
1605 4095 1734 4150 Suos
1781 4097 2030 4151 homines
2059 4096 2172 4150 dis-

575 4184 840 4250 tribuerit,
903 4191 956 4240 et
1011 4183 1154 4239 illius
1206 4185 1506 4240 monachos
1561 4183 1687 4238 inde
1751 4192 1939 4240 contra
1993 4183 2188 4240 sacras

576 4273 792 4346 regulas
837 4273 1061 4329 omnino
1103 4272 1386 4343 expulerit.
1431 4271 1589 4342 Quod
1637 4280 1842 4327 tantum
1888 4273 2046 4328 nobis
2083 4272 2170 4328 di-

575 4361 810 4436 splicuit,
842 4369 1104 4434 quantum
1134 4361 1275 4422 sicut
1303 4361 1419 4432 ipse
1448 4361 1735 4417 nobiscum
1765 4361 2026 4428 advertis,
2060 4360 2173 4416 cal-

2287 481 2438 536 sione
2471 498 2530 536 se
2560 481 2856 544 subtrahat,
2890 487 2981 533 aut
3012 479 3081 532 ad
3111 478 3300 532 sedem
3330 476 3674 548 apostolicam
3691 476 3764 529 vel
3777 477 3831 529 ad

2285 577 2530 622 nostram
2585 568 2929 638 prmseuliam
2985 567 3143 620 nobis
3197 565 3566 619 satisi'acturus
3608 573 3830 618 occurrat.

2287 659 2424 728 Agat
2454 657 2508 710 in
2531 657 2614 710 his
2645 655 3001 712 sanctimonia
3029 663 3117 708 tua
3150 655 3286 708 sicut
3315 654 3463 708 illam
3499 667 3662 724 agere
3688 653 3830 708 decet.

2287 753 2339 798 ut
2369 753 2424 799 et
2451 761 2551 798 nos
2580 746 2695 800 Deo
2727 745 2918 799 laudes
2949 752 3000 798 et
3032 744 3127 798 tibi
3157 743 3363 815 gratias
3397 740 3702 795 referamus.
3725 741 3832 794 Data

2285 847 2427 887 xvul
2459 833 2694 887 Kalend.
2736 833 2926 897 Julias,
2963 831 3146 886 indict.
3181 846 3275 884 xu.

2917 937 3258 992 CCXXXVI.

2534 1025 2605 1062 Αἰ)
2646 1023 2965 1064 ΜΙΟΠᾹΕΙᾸΞΜ
3005 1023 3191 1063 REGI-3M
3230 1021 3620 1062 BULGARORUH.

2643 1120 2649 1124 -
2870 1081 3050 1150 (Anno
3090 1081 3238 1146 879.)

2287 1152 2359 1206 De
2372 1152 2660 1221 legatione
2678 1168 2741 1206 ac
2766 1148 3090 1206 mulieribus
3116 1152 3301 1205 missis
3319 1149 3534 1221 gratias
3555 1150 3698 1218 agit:
3713 1148 3834 1202 dolet

2354 1220 2482 1276 eum
2513 1223 2778 1292 defecisse
2810 1223 2875 1276 ab
2891 1222 3140 1276 Ecclesia
3163 1220 3428 1288 Rornana,
3464 1220 3535 1274 ad
3570 1235 3725 1291 quam
3743 1233 3836 1274 mo-

2353 1297 2452 1347 net
2485 1297 2551 1348 ut
2578 1295 2895 1357 revertatur
2925 1311 2941 1356 ;
2969 1293 3215 1347 ostendit
3255 1293 3468 1346 Gra’eos
3497 1292 3832 1361 Bulgarorum

2353 1363 2654 1426 diazcesim,
2688 1379 2816 1417 eum
2844 1363 2920 1416 sit
2952 1365 3188 1418 Romani
3218 1362 3520 1434 pontiﬁcis,
3552 1364 3738 1416 contra
3765 1377 3817 1414 ca

2355 1450 2527 1489 nones
2557 1434 2828 1488 detinere.

2353 1533 2560 1587 Dilecto
2603 1545 2667 1587 ac
2715 1531 2945 1602 spiritali
2989 1531 3100 1583 tilio
3151 1531 3423 1584 MlClIAELl
3469 1529 3704 1602 glorioso
3744 1527 3837 1600 regi

2281 1621 2665 1693 Bulgarorum.

3389 1707 3588 1776 gratias
3635 1707 3837 1776 agimus,

2282 1798 2407 1870 quia
2439 1798 2576 1853 sicut
2603 1797 2960 1852 charissimus
2999 1795 3140 1850 filius
3187 1797 3371 1850 divino
3419 1795 3661 1866 repletus
3687 1807 3842 1848 amore

2280 1887 2660 1957 paternitatem
2690 1895 2935 1941 nostram
2961 1901 3061 1956 per
3109 1885 3420 1940 Functicum
3457 1885 3706 1940 eximium
3734 1882 3842 1936 lide-

2281 1975 2388 2030 lem
2418 1983 2655 2030 vestrum
2686 1975 2901 2030 visitare
2929 1975 3220 2045 missisque
3262 1974 3423 2028 donis
3466 1974 3734 2028 honorare
3760 1987 3840 2027 cu-

2281 2065 2430 2130 rasti,
2464 2081 2563 2135 per
2585 2081 2746 2135 quem
2775 2071 2880 2119 tua:
2910 2063 3100 2118 salutis
3143 2063 3566 2118 incolumitatem
3602 2061 3842 2116 omnium-

2281 2169 2385 2224 que
2415 2151 2653 2207 ﬁdelium
2683 2161 2898 2207 tuorum
2929 2152 3208 2206 audientes
3244 2150 3680 2222 prosperitatem,
3710 2149 3844 2203 valde

2280 2257 2468 2295 sumus
2499 2241 2694 2313 gavisi.
2727 2243 2840 2295 Nos
2871 2249 3052 2295 autem
3074 2249 3126 2295 et
3147 2239 3344 2294 nostris
3365 2239 3604 2294 assiduis
3625 2235 3844 2310 precibus

2279 2337 2404 2385 ante
2434 2327 2864 2385 sacratissimum
2901 2330 2964 2382 Β.
3022 2328 3162 2382 Petri
3199 2328 3568 2398 apostolorum
3615 2324 3846 2398 principis

2279 2434 2473 2489 corpus
2504 2425 2766 2482 astantes,
2801 2426 2854 2472 et
2899 2426 2950 2472 te
2989 2425 3041 2472 et
3065 2433 3256 2472 omnes
3300 2416 3574 2487 principes
3603 2423 3716 2470 tuos
3743 2430 3843 2468 om-

2278 2523 2511 2579 nemque
2541 2505 2802 2577 populum
2833 2513 2983 2559 tuum
3027 2507 3156 2560 .lesu
3205 2505 3418 2560 Christo
3459 2505 3690 2559 Domino
3717 2518 3844 2557 sem-

2278 2612 2378 2666 per
2407 2596 2791 2651 commendare
2822 2595 3122 2660 studemus,
3172 2602 3224 2648 et
3267 2593 3644 2649 benedicimus
3671 2591 3777 2656 tibi,
3804 2597 3849 2644 et

2277 2684 2422 2738 omni
2454 2684 2656 2754 pepulo
2687 2691 2800 2749 tuo,
2829 2682 3086 2753 omnique
3117 2698 3286 2753 regno
3317 2689 3428 2745 tuo,
3463 2689 3522 2734 ut
3549 2689 3603 2735 et
3632 2695 3663 2734 a
3690 2678 3848 2734 visibi-

2277 2772 2418 2826 libus
2475 2780 2529 2826 et
2587 2771 2950 2826 invisibilibus
3009 2771 3257 2826 hostibus
3311 2770 3606 2835 liberatus,
3665 2767 3846 2838 Deique

2277 2861 2478 2916 auxilio
2507 2861 2744 2930 adjutus,
2796 2860 3140 2915 inimicorum
3187 2866 3398 2914 tuorum
3445 2874 3662 2928 semper
3697 2857 3848 2912 victor

2279 2949 2496 3018 existas,
2531 2958 2583 3004 et
2611 2950 2676 3003 ad
2707 2949 2945 3020 palmam
2978 2965 3230 3022 superna)
3258 2947 3559 3004 vocationis
3597 2942 3848 3018 gloriosus

2279 3038 2576 3108 pertingas.
2610 3039 2675 3094 Ut
2723 3038 2840 3108 ipse
2890 3038 2981 3109 qui
3028 3037 3222 3110 gratia;
3265 3053 3375 3091 sua:
3421 3036 3671 3106 largitate
3701 3041 3748 3088 et
3775 3049 3850 3088 re-

2275 3141 2442 3198 gnum
2473 3125 2568 3179 tibi
2593 3135 2874 3181 terrenum
2905 3125 3194 3188 concessit,
3229 3123 3654 3180 etilluminando
3679 3121 3848 3178 oculos

2271 3214 2472 3268 mentis
2499 3222 2604 3268 tua:
2633 3215 2773 3270 viam
2804 3214 3042 3269 veritatis
3072 3214 3326 3279 ostendit,
3361 3221 3414 3268 et
3441 3213 3511 3268 de
3543 3210 3774 3267 tenebris
3791 3208 3852 3263 ad

2273 3319 2459 3358 veram
2504 3303 2682 3358 lucem
2731 3303 3000 3373 perduxit,
3031 3319 3206 3373 usque
3253 3302 3323 3357 ad
3367 3300 3532 3356 ﬁnem
3582 3301 3638 3355 in
3680 3299 3850 3355 eadem

2273 3399 2462 3446 sancta
2493 3389 2601 3446 fide
2632 3399 2684 3446 et
2713 3391 2872 3446 bonis
2893 3391 3146 3460 operibus
3168 3398 3588 3462 perseverantes
3619 3389 3790 3444 salvos
3806 3394 3851 3440 et

2271 3479 2572 3534 incolumes
2613 3479 2870 3551 dignetur
2914 3479 3238 3550 perducere,
3271 3487 3326 3533 ut
3373 3485 3498 3549 post
3527 3476 3693 3533 tinem
3718 3492 3850 3548 prse-

2273 3568 2442 3623 sentis
2471 3568 2612 3630 vitae,
2641 3584 2742 3638 per
2773 3568 3202 3624 intercessiones
3241 3575 3552 3622 sanctorum
3590 3565 3850 3637 apostolo-

2273 3673 2391 3711 rum
2423 3656 2565 3711 Petri
2607 3665 2658 3711 et
2698 3657 2868 3725 Pauli,
2920 3673 3149 3729 regnum
3196 3655 3381 3712 valeas
3422 3655 3646 3710 caeleste
3685 3651 3850 3726 perci-

2269 3761 2433 3816 pere;
2467 3745 2519 3798 in
2551 3761 2658 3816 quo
2701 3745 2788 3798 illa
2819 3745 3002 3800 omnia
3024 3745 3183 3811 bona,
3218 3761 3338 3816 quae
3365 3743 3554 3799 oculus
3578 3758 3685 3798 non
3712 3740 3849 3804 vidit,

2271 3850 2372 3889 nec
2400 3833 2550 3888 auris
2580 3833 2802 3899 audivit,
2837 3849 2939 3890 nec
2969 3833 3022 3886 in
3067 3849 3161 3888 cor
3208 3831 3444 3888 hominis
3487 3831 3852 3894 ascenderunt,

2271 3937 2393 3978 cum
2424 3921 2626 3978 sanctis
2657 3921 2911 3976 omnibus
2941 3922 3098 3979 simul
3137 3921 3392 3992 accipias,
3426 3937 3548 3992 qua;
3589 3917 3852 3992 diligenti-

2271 4009 2372 4064 bus
2431 4025 2489 4064 se
2546 4010 2616 4064 ab
2659 4010 2872 4082 origine
2912 4010 3100 4064 mundi
3158 4009 3473 4080 preparavit
3523 4008 3853 4078 omnipotens

2271 4097 2532 4152 Dominus
2559 4099 2611 4169 (Ι
2663 4099 2782 4154 Cor.
2830 4099 2912 4167 ιι).
2965 4098 3073 4152 Sed
3103 4113 3212 4152 non
3257 4097 3471 4153 modica
3508 4112 3608 4151 nos
3637 4092 3852 4155 tristitia,

2270 4202 2302 4240 ο
2333 4185 2404 4238 tili
2435 4185 2772 4250 charissime,
2808 4185 3100 4256 replevisti,
3124 4185 3251 4257 quia
3299 4185 3488 4241 sedem
3527 4183 3670 4239 beati
3701 4179 3851 4247 Petri,

2271 4273 2509 4330 caelestis
2534 4274 2691 4345 regni
2719 4275 2999 4347 clavigeri,
3033 4275 3124 4346 qui
3154 4273 3249 4328 tibi
3269 4274 3324 4328 in
3353 4273 3643 4330 manifesta
3659 4271 3856 4326 visione

2271 4363 2515 4432 apparuit
2558 4370 2612 4418 et
2657 4370 3017 4434 opportunum
3047 4361 3304 4416 auxilium
3352 4361 3603 4432 praebuit,
3649 4356 3854 4430 reliqui-

573 4459 694 4508 cata
722 4451 1031 4506 reverentia
1061 4450 1500 4505 venerandorum
1530 4465 1820 4516 canonum,
1841 4457 2034 4506 contra
2063 4449 2174 4520 pri-
2202 4445 2253 4505 D
2277 4451 2362 4519 sti,
2395 4467 2518 4506 cum
2548 4452 2667 4520 ipsa
2701 4451 2860 4506 sedes
2903 4459 3063 4521 caput
3111 4458 3165 4505 et
3210 4449 3467 4523 magistra
3517 4450 3584 4504 sit
3625 4447 3855 4504 omnium

572 4538 832 4612 vilegium
860 4537 1174 4610 apostolicae
1204 4537 1350 4592 sedis
1379 4554 1504 4592 eum
1533 4537 1730 4594 fecisse
1778 4553 1888 4592 non
1913 4537 2167 4610 ambigis.

571 4628 920 4699 Quapropter
947 4625 1262 4682 fraternitati
1291 4633 1395 4680 tua:
1425 4625 1708 4696 dirigimus
1740 4634 1796 4680 ut
1837 4626 1954 4682 vice
1985 4634 2173 4682 nostra

573 4727 694 4772 cum
739 4713 1099 4798 contratribus
1163 4721 1216 4770 et
1285 4713 1626 4784 coepiscopis
1701 4714 1900 4768 nostris
1951 4714 2172 4784 junctus

571 4805 826 4860 malem
855 4804 1290 4859 Nemausensem
1320 4801 1636 4872 episcOpum
1656 4803 1725 4856 ad
1754 4816 2041 4857 commune
2059 4801 2172 4858 col-

573 4891 816 4964 loquium
844 4891 1177 4957 convocatis,
1212 4898 1265 4946 et
1293 4905 1358 4946 ex
1387 4889 1703 4946 auctoritate
1753 4898 1940 4944 nostra
1965 4905 2170 4946 conve-

569 4979 751 5049 niatis,
782 4988 839 5034 ut
867 4979 934 5034 ab
979 4979 1128 5036 omni
1177 4979 1457 5034 invasione
1503 4977 1674 5050 ipsius
1722 4978 2032 5033 monasterii
2064 4986 2171 5034 tam

570 5083 630 5126 se
661 5078 828 5141 quam
857 5083 986 5122 suos
1014 5076 1312 5133 removeat,
1348 5075 1398 5122 et
1429 5067 1650 5121 ulterius
1681 5081 1782 5122 nec
1814 5082 1900 5122 res
1933 5067 2050 5136 ejus
2070 5083 2172 5124 nec

569 5159 866 5214 monachos
889 5155 1000 5212 illic
1048 5156 1283 5211 Domino
1333 5155 1653 5210 famulantes
1702 5155 1996 5210 molestare
2025 5172 2170 5226 prae-

568 5255 764 5302 sumat.
799 5245 962 5314 Quod
991 5244 1038 5299 si
1059 5244 1178 5316 ipse
1211 5244 1378 5298 surda
1407 5259 1558 5311 aure,
1585 5245 1731 5316 quod
1760 5243 1921 5311 absit,
1951 5260 2053 5315 per
2072 5259 2171 5300 vos

571 5335 772 5388 monita
798 5341 989 5390 nostra
1017 5332 1270 5400 audierit,
1303 5339 1432 5388 tunc
1461 5347 1526 5388 ex
1566 5332 1880 5388 auctoritate
1915 5333 1972 5388 Β.
2025 5333 2171 5388 Petri

567 5421 799 5490 apostoli
845 5422 930 5477 cui
987 5421 1132 5477 idem
1188 5419 1577 5477 monasterium
1624 5420 1876 5492 pertinet,
1911 5420 2071 5475 simul
2119 5428 2172 5476 et

566 5515 765 5575 nostra,
816 5509 967 5566 illum
1013 5526 1042 5564 a
1091 5509 1392 5566 ministerio
1430 5508 1756 5566 sacerdotali
1801 5507 2171 5565 excommuni-

2271 4538 2632 4594 Ecclesiarum
2662 4539 2781 4605 Dei,
2817 4539 2884 4593 ad
2915 4540 3068 4608 cujus
3098 4547 3374 4594 auctorem
3401 4539 3619 4593 beatum
3655 4539 3856 4590 Petrum

2272 4642 2303 4682 a
2333 4627 2564 4682 Domino
2595 4627 2798 4681 dictum
2828 4634 2945 4681 est:
2978 4629 3150 4682 Pasce
3169 4628 3670 4698 ovesmeaonan.
3694 4621 3852 4692 xxn),

2272 4722 2324 4768 et
2351 4714 2438 4769 cui
2481 4714 2692 4770 tradita:
2738 4723 2863 4768 sunt
2902 4715 3085 4769 claves
3105 4714 3260 4785 regni
3308 4715 3586 4778 cmlorum,
3634 4721 3694 4768 ut
3723 4725 3888 4784 quas.

2271 4818 2487 4873 cunque
2515 4803 2767 4874 hgaverit
2797 4818 2962 4874 super
2993 4811 3214 4866 terram,
3257 4803 3424 4874 ligata
3451 4809 3710 4858 maneant
3733 4807 3783 4856 et
3808 4798 3858 4852 in

2271 4891 2425 4946 oculis
2450 4909 2464 4957 ;
2497 4899 2551 4945 et
2580 4907 2917 4962 quaecunque
2947 4891 3170 4946 solverit
3201 4907 3364 4962 super
3391 4899 3608 4956 terram,
3633 4889 3744 4944 sint
3769 4902 3855 4942 so—

2272 4979 2384 5034 luta
2426 4987 2479 5034 et
2518 4979 2573 5033 in
2619 4979 2774 5034 caelis
2816 4981 3036 5050 (Matth.
3083 4981 3226 5045 xvr).
3278 4977 3575 5035 Revertere
3613 4978 3750 5048 jam,
3787 4971 3856 5028 ﬁli

2272 5066 2660 5133 amantissime,
2691 5067 2760 5122 ad
2799 5075 3040 5124 sanctam
3088 5075 3322 5122 matrem
3371 5075 3516 5122 tuam
3561 5067 3855 5122 Romanam

2270 5155 2592 5219 Ecclesiam,
2626 5171 2747 5227 quae
2802 5164 2853 5210 te
2912 5155 3170 5227 religioso
3215 5164 3368 5212 utero
3423 5155 3628 5226 genuit,
3683 5161 3736 5208 et
3769 5165 3858 5223 per

2272 5259 2433 5314 quam
2487 5243 2650 5298 totius
2689 5243 2972 5314 religionis
3017 5252 3073 5298 et
3110 5243 3334 5312 justitim
3382 5243 3628 5310 formam,
3677 5245 3857 5296 sancto

2271 5331 2680 5402 praedecessore
2707 5339 2898 5386 nostro
2928 5331 3156 5388 Nicolao
3180 5331 3416 5403 praesule
3438 5332 3705 5395 mittente,
3738 5341 3856 5382 sns-

2273 5419 2498 5490 cepisti;
2529 5427 2583 5474 et
2609 5436 2732 5492 quae
2778 5419 3021 5474 omnium
3062 5421 3308 5492 gentium
3345 5419 3544 5475 retinet
3585 5417 3858 5489 principao

2275 5515 2402 5574 tum,
2437 5516 2490 5564 et
2519 5507 2588 5562 ad
2619 5523 2779 5578 quam
2809 5507 2970 5564 totius
2999 5507 3205 5573 mundi,
3237 5507 3392 5578 quasi
3435 5507 3506 5562 ad
3542 5519 3708 5561 unam
3739 5517 3856 5559 rna-
