4072 6186
325 252 427 302 849

1462 254 1812 309 EPISTOLJE
1870 257 1972 310 ET.
2014 259 2356 315 DECRETA.

3512 275 3614 326 550

325 383 467 427 trem
518 383 569 426 et
616 389 780 426 unum
826 383 1006 444 caput,
1077 377 1405 430 conveniunt
1475 377 1742 433 nationes.
1802 381 2002 442 NoliA
2030 385 2276 440 nuntiare
2307 395 2395 440 aut
2425 387 2724 457 prmdieare
2753 391 3182 460 prmsumpserit,
3217 392 3331 446 zelo
3380 393 3478 448 Dei
3525 409 3622 450 ac-

330 459 566 530 amplius
613 459 874 514 deserere
902 468 1131 515 matrem
1179 470 1344 527 tuam,
1385 463 1510 534 quia
1555 465 1647 519 illa
1698 466 1773 519 tui
1820 483 1929 522 non

328 547 703 613 obliviscitur;
759 549 888 619 quin
931 549 1110 619 potius
1158 552 1312 620 quasi
1367 552 1581 608 unicam
1620 553 1817 627 diligit,
1877 563 1930 610 et

331 651 552 706 semper
605 637 924 692 memoriam
969 638 1048 692 tui
1097 654 1280 694 coram
1342 641 1575 695 Domino
1629 641 1773 697 facit.
1805 643 1927 698 Non

331 724 478 777 enim
511 724 713 778 licitum
745 724 842 780 fuit
885 725 1094 782 Graecis
1136 727 1362 782 alterius
1411 731 1725 800 parochiam
1761 748 1927 786 usur-

329 829 484 884 pare,
519 813 722 870 sanctis
765 815 868 869 hoc
914 815 1164 869 Patribus
1194 817 1538 886 apertissime
1585 819 1926 890 prohibenti-

331 901 454 955 bus.
478 903 546 956 Et
578 901 782 958 idcirco
811 903 913 972 ipsi
943 910 1134 958 contra
1163 920 1402 960 canones
1435 907 1639 976 Spiritu
1665 908 1760 962 Dei
1789 923 1926 964 con-

330 989 478 1044 ditos
507 999 560 1044 et
589 990 750 1044 totius
778 991 966 1045 mundi
998 992 1304 1047 reverentia
1333 1004 1682 1050 consecratos
1712 1004 1928 1051 nostras

338 1077 576 1134 retinent
603 1078 890 1134 dioeceses.
925 1078 1077 1148 Quos
1107 1081 1152 1134 si
1181 1097 1282 1152 pro
1313 1089 1404 1135 tuo
1431 1083 1588 1137 nobis
1619 1099 1725 1138 non
1783 1093 1930 1139 esset

329 1181 541 1231 amore,
563 1168 674 1236 jam
705 1183 804 1238 per
831 1169 1185 1238 apostolicam
1216 1170 1540 1224 sententiam
1592 1171 1715 1226 inde
1771 1188 1927 1227 com-

329 1253 666 1323 pelleremus
695 1255 866 1311 exire.
907 1243 1039 1311 Data
1069 1261 1134 1311 ut
1163 1273 1353 1330 supra.

947 1379 1316 1436 CCXXXVII.

749 1477 820 1516 AD
851 1477 1201 1519 ANASTASIL'M
1231 1480 1507 1521 ABBATEM.

935 1552 1117 1620 (Anno
1163 1555 1311 1611 879.)

406 1639 669 1710 Prmcipit
689 1643 754 1692 ut
785 1640 1054 1694 cellulam
1091 1641 1396 1696 Gaudet-iro
1428 1645 1680 1716 episcopo
1709 1645 1924 1700 reddat.

403 1747 718 1797 Axssrssro
747 1745 1005 1814 religioso
1027 1746 1239 1814 abbati.

405 1831 682 1885 Monemus
712 1832 1036 1903 religionem
1059 1843 1207 1888 tuam
1228 1843 1280 1889 et
1301 1852 1558 1906 expresse
1579 1838 1926 1908 prmcipimus

330 1928 406 1984 ut,
441 1919 589 1974 omni
619 1929 828 1974 remota
856 1922 1147 1977 occasione
1179 1931 1232 1976 et
1261 1923 1536 1978 dilationis
1593 1925 1921 1994 inventione,

329 2007 589 2062 cellulam
629 2009 686 2062 S.
721 2008 989 2064 Valentini
1035 2010 1092 2063 in
1143 1997 1382 2065 Sabinis.
1405 2013 1660 2082 positam,
1704 2030 1864 2086 quam
1895 2032 1927 2070 a

329 2095 642 2151 Gauderico
662 2097 958 2151 venerabili
990 2098 1248 2170 episcopo
1277 2100 1568 2167 abstulisti,
1591 2101 1640 2155 ei
1671 2103 1927 2158 continuo

330 2183 548 2252 reddas,
579 2201 754 2256 usque
783 2185 836 2238 in
867 2191 1106 2239 nostram
1141 2187 1510 2256 praesentiain,
1545 2197 1602 2246 ut
1630 2207 1730 2244 nec
1769 2207 1924 2244 suum

329 2271 579 2326 laborem
609 2273 818 2343 perdat,
853 2290 954 2327 nec
981 2289 1079 2343 pro
1109 2290 1175 2329 eo
1196 2275 1342 2346 quod
1373 2292 1435 2330 ex
1471 2277 1596 2332 hinc
1629 2294 1729 2332 nos
1758 2278 1922 2344 addit,

332 2360 437 2414 sibi
466 2361 680 2423 obesse,
715 2361 841 2432 quin
871 2362 1050 2431 potius
1099 2363 1360 2432 prodesse
1397 2373 1696 2434 cognoscat
1729 2383 1742 2420 ε
1779 2367 1925 2437 quod

332 2448 494 2502 etiam
544 2448 636 2502 tibi
675 2449 982 2504 faciendum
1014 2465 1114 2519 per
1158 2460 1483 2520 prmsentcm
1537 2453 1924 2508 cubicularium

334 2545 582 2591 nostrum
631 2536 974 2602 mandamus,
1026 2545 1082 2591 ut
1125 2538 1281 2592 aliter
1318 2540 1467 2594 nullo
1516 2541 1676 2596 modo
1725 2541 1924 2606 facias;

333 2640 458 2679 cum
489 2633 668 2679 autem
719 2633 769 2678 te
797 2625 955 2680 nobis
1012 2626 1342 2692 exhibueris,
1377 2627 1421 2680 si
1469 2628 1658 2683 merito
1690 2645 1785 2683 sua
1825 2645 1926 2684 ne-

329 2712 592 2784 gligentia
623 2713 854 2768 fortasse
903 2713 1077 2784 ipsam
1127 2714 1375 2768 cellulam
1413 2716 1610 2782 amisit,
1658 2733 1757 2772 nos
1804 2735 1928 2772 eum

329 2809 522 2856 contra
549 2801 813 2869 justitiam
843 2801 1139 2856 defendere
1161 2803 1412 2857 nolumus
1437 2822 1450 2866 ;
1485 2803 1622 2859 sicut
1653 2819 1754 2860 nec
1780 2805 1928 2860 illum

331 2889 673 2944 inndcentem
731 2890 943 2960 perpeti
992 2891 1193 2945 damna
1235 2891 1613 2961 permittimus.
1678 2893 1807 2946 Data
1864 2897 1930 2949 ut

331 2993 524 3047 supra.

929 3067 1324 3122 CCXXXVIII.

683 3170 753 3206 AD
783 3169 1160 3209 TL'VENTARUH
1191 3170 1262 3210 DE
1292 3170 1577 3210 MARAUNA.

953 3245 1134 3311 (Anno
1165 3243 1314 3314 879.)

333 3333 608 3386 Hortatur
645 3335 748 3397 ut,
788 3348 1012 3404 omnem
1037 3333 1247 3404 falsam
1283 3334 1602 3389 doctrinam
1639 3335 1924 3404 reficiens,

401 3404 463 3456 in
484 3404 747 3457 Romanae
765 3403 1026 3457 Ecclesia:
1045 3403 1150 3470 ﬁde
1172 3407 1402 3458 maneat
1424 3423 1442 3458 :
1457 3403 1706 3459 miratur
1725 3405 1929 3460 Metho-

400 3473 562 3528 dium
608 3474 783 3528 aliter
821 3490 990 3545 quam
1036 3476 1231 3543 fuerat
1267 3476 1553 3545 professus
1611 3476 1823 3544 docere,
1874 3479 1929 3529 et

398 3547 698 3615 prapterea
727 3560 761 3598 a
788 3559 846 3598 se
868 3545 1322 3614 vocatum-fuisse
1352 3546 1654 3616 signiﬁcat.

401 3649 748 3702 Tuvnmano
772 3664 845 3703 ns
875 3651 1172 3704 Musam.

403 3736 558 3791 Scire
588 3736 856 3804 volumus,
892 3737 1022 3808 quia
1046 3753 1146 3792 nos
1178 3739 1268 3808 qui
1299 3755 1399 3808 per
1447 3738 1547 3792 Dei
1599 3739 1832 3809 gratiam
1870 3740 1929 3796 B.

336 3825 478 3880 Petri
527 3825 901 3894 apostolorum
959 3825 1216 3895 principis
1287 3826 1460 3880 vicem
1514 3836 1778 3893 tenemus,
1842 3829 1932 3897 pio

338 3928 529 3968 amore
557 3928 655 3969 vos
687 3913 840 3983 quasi
888 3913 1241 3968 charissimos
1273 3912 1413 3968 filios
1462 3916 1840 3984 amplectimur
1882 3923 1933 3969 et

331 4009 566 4072 paterna
596 4000 889 4056 dilectione
918 4016 1182 4066 amamus,
1207 4002 1520 4072 nostrisque
1541 4003 1775 4057 assiduis
1807 4018 1932 4072 pre-

329 4088 484 4143 cibus
516 4103 614 4144 vos
661 4104 854 4144 omnes
882 4088 1013 4143 Jesu
1043 4089 1256 4144 Christo
1303 4091 1534 4144 Domino
1575 4090 1932 4146 commenda-

338 4193 483 4242 mus,
519 4185 740 4232 orantes
763 4193 982 4247 semper
1000 4192 1101 4246 pro
1117 4177 1292 4241 vobis,
1319 4185 1374 4230 ut
1397 4179 1540 4232 Deus
1569 4178 1931 4248 omnipotens,

335 4265 428 4336 qui
477 4265 648 4320 corda
703 4273 884 4320 vestra
929 4264 1253 4319 illuminavit
1301 4273 1352 4319 et
1409 4265 1477 4319 ad
1508 4265 1651 4320 viam
1695 4265 1932 4320 veritatis

334 4352 608 4422 perduxit,
642 4353 698 4406 in
727 4352 885 4407 bonis
931 4352 1190 4423 operibus
1218 4351 1502 4408 confirmet
1546 4362 1599 4407 et
1647 4369 1816 4423 usque
1863 4354 1933 4407 ad

338 4440 504 4495 ﬁnem
537 4441 590 4494 in
624 4449 770 4496 recta
801 4439 906 4496 fide
953 4441 1202 4512 bonaque
1257 4441 1468 4496 actione
1514 4442 1798 4496 decoratos
1833 4457 1929 4496 vos
1957 4425 2009 4483 D

333 4537 494 4600 atque
524 4529 811 4584 incolumis
855 4529 1112 4600 dignetur
1154 4530 1473 4600 perducere.
1511 4529 1666 4596 Quod
1726 4536 1927 4598 autem,

332 4614 476 4668 sicut
503 4613 712 4668 Joanne
763 4613 1084 4684 presbytero
1133 4622 1330 4677 vestro,
1379 4630 1540 4684 quem
1592 4612 1748 4667 nobis
1781 4613 1930 4666 misi-

337 4701 457 4767 stis,
508 4699 782 4755 referente
838 4701 1147 4768 didicimus,
1208 4701 1263 4755 in
1293 4709 1442 4756 recta
1490 4699 1597 4755 fide
1655 4700 1927 4768 dubitetis,

336 4804 626 4844 monemus
659 4788 1006 4844 dilectionem
1061 4798 1296 4844 vestram
1340 4799 1396 4842 ut
1439 4789 1520 4843 sic
1570 4789 1814 4856 teneatis,
1853 4787 1932 4844 sic

335 4877 593 4941 credatis,
620 4876 759 4931 sicut
790 4884 980 4931 sancta
1010 4877 1254 4931 Romana
1285 4875 1532 4931 Ecclesia
1567 4877 1638 4930 ab
1666 4875 1786 4946 ipso
1809 4891 1932 4946 apo-

333 4965 598 5018 stolorum
639 4964 886 5034 principe
925 4964 1127 5028 didicit,
1164 4965 1327 5018 tenuit
1361 4973 1410 5019 et
1465 4981 1640 5036 usque
1679 4965 1732 5018 in
1772 4962 1932 5019 finem

339 5052 525 5107 saeculi
556 5052 779 5120 tenebit,
811 5061 974 5123 atque
1018 5069 1116 5122 per
1170 5061 1336 5106 totum
1383 5053 1646 5106 mundum
1695 5051 1933 5123 quotidie

331 5149 535 5194 sanctae
586 5139 712 5194 fidei
742 5139 909 5194 verba
967 5147 1235 5211 rectmque
1282 5139 1684 5210 praedicationis
1729 5139 1935 5195 semina

333 5227 510 5292 mittit,
545 5235 600 5282 et
631 5227 767 5282 sicut
795 5235 1173 5282 antecessores
1221 5237 1457 5293 nostros,
1516 5235 1734 5282 sanctos
1791 5227 1937 5282 vide-

329 5316 456 5370 licet
528 5315 677 5369 sedis
706 5315 1020 5386 apostolicae
1066 5317 1346 5386 prmsules.
1411 5324 1664 5385 parentes
1722 5322 1937 5370 vestros

341 5402 411 5456 ab
432 5402 584 5457 initio
607 5402 861 5458 docuisse
884 5403 1239 5476 cognoscitis.
1267 5403 1321 5456 Si
1350 5411 1531 5457 autem
1561 5401 1754 5472 aliquis
1783 5402 1937 5456 vobis

343 5491 425 5543 vel
460 5490 754 5560 episcopus
774 5500 956 5546 vester
1001 5492 1084 5546 vel
1109 5491 1330 5562 quilibet
1361 5491 1621 5544 sacerdos
1651 5489 1809 5542 aliter
1851 5505 1940 5542 an-

2027 473 2173 526 censi
2223 490 2413 529 omnes
2463 491 2570 529 uno
2622 477 2806 532 animo
2844 493 3062 548 unaque
3113 479 3388 535 voluntate
3428 481 3624 537 doctri-

2027 577 2149 614 nam
2174 561 2364 617 falsam
2396 563 2632 631 abjicite,
2677 573 2880 619 stantes
2920 573 2972 620 et
3001 574 3248 622 tenentes
3278 567 3621 625 traditionem

2028 648 2174 702 sedis
2203 650 2532 720 apostolica}.
2567 651 2705 719 Quia
2733 668 2866 708 vero
2893 653 3199 709 audivimus
3228 655 3354 726 quia
3405 656 3615 712 Metho-

2027 735 2150 790 dius
2179 746 2358 792 vester
2405 739 2851 811 archiepiscOpus
2896 741 2966 795 ab
3012 750 3358 798 antecessore
3409 751 3624 814 nostro,

2029 824 2267 879 Adriano
2299 826 2504 881 scilicet
2532 843 2692 898 papa,
2734 828 3030 894 ordinatus,
3063 815 3332 902 vobisque
3357 831 3622 897 directus,

2027 913 2186 967 aliter
2213 915 2404 970 doceat
2453 930 2617 986 quam
2648 931 2833 972 coram
2882 917 3014 974 sede
3051 918 3348 988 apostolica
3386 935 3449 976 se
3493 934 3621 978 cre-

2026 1001 2155 1056 dere
2186 1003 2368 1056 verbis
2397 1012 2451 1057 et
2481 1003 2669 1058 litteris
2699 1004 2982 1074 professus
3011 1014 3110 1071 est,
3145 1006 3304 1062 valde
3319 1006 3620 1072 miramur;

2029 1097 2208 1146 tamen
2237 1099 2464 1162 prOpter
2510 1093 2612 1147 hoc
2641 1092 2940 1148 direximus
2983 1094 3061 1150 illi
3105 1101 3165 1148 ut
3219 1093 3429 1166 absque
3472 1094 3621 1150 omni

2029 1179 2316 1234 occasione
2347 1180 2416 1233 ad
2446 1195 2548 1235 nos
2590 1181 2776 1236 venire
2816 1190 3084 1252 procuret,
3135 1190 3398 1254 quatenus
3427 1197 3495 1238 ex
3522 1197 3618 1239 ore

2029 1265 2142 1334 ejus
2173 1267 2456 1322 audiamus
2487 1278 2665 1324 utrum
2696 1269 2773 1324 sic
2795 1277 2975 1326 teneat
2994 1278 3049 1325 et
3077 1270 3262 1326 credat
3307 1270 3444 1326 sicut
3485 1283 3619 1340 pro-

2028 1355 2195 1418 misit,
2231 1363 2324 1409 aut
2353 1373 2480 1410 non.
2515 1358 2649 1412 Data
2689 1363 2754 1413 ut
2772 1375 2963 1430 supra.

2650 1454 2998 1509 CCXXXIX.

2103 1555 2170 1593 AB
2204 1555 2536 1595 METIIODIUM
2583 1557 3057 1600 ARCHIEPISCOPUI
3085 1557 3544 1600 PANNONIBNSBI.

2633 1631 2813 1698 (Anno
2843 1632 2992 1700 8'19.)

1956 1735 2009 1794 B
2031 1717 2301 1788 Praecipit
2331 1722 2396 1772 ut
2415 1719 2486 1773 ad
2512 1735 2570 1772 se
2600 1719 2809 1786 veniat,
2843 1723 2910 1774 ut
2923 1719 2990 1774 de
3007 1723 3130 1792 ejus
3149 1721 3410 1776 doctrina
3425 1735 3624 1792 cogno-

2103 1807 2488 1930 sceil'ebpgssit.
2541 1807 2732 1862 Missas
2763 1807 3087 1863 Sclavom'ca
3127 1809 3322 1878 lingua
3349 1808 3622 1863 celebrari

2103 1893 2200 1930 oro
2223 1893 2264 1930 η
2299 1893 2326 1929 e
2359 1917 2372 1930 .

2099 1893 2372 1948 promoec.

2101 1964 2578 2021 Reverendissimo
2611 1966 2908 2022 ltisruonio
2951 1965 3368 2036 archiepiscopo
3397 1965 3615 2028 Panno-

2029 2052 2235 2106 niensis
2264 2053 2546 2109 Ecclesia}.

2102 2141 2506 2196 Prsidicationis
2536 2149 2640 2196 tuae
2671 2142 2937 2198 doctrinis
2967 2142 3226 2214 populum
3262 2143 3479 2202 Domini
3499 2143 3618 2210 tibi.

2030 2228 2187 2298 quasi
2215 2228 2446 2298 spiritali
2465 2229 2690 2300 pastori,
2721 2229 3072 2286 commissum
3090 2231 3305 2288 salvere
3319 2231 3618 2290 instruere-

2030 2331 2136 2386 que
2174 2331 2299 2371 cum
2328 2316 2549 2382 debeas,
2585 2317 2892 2373 audivimus
2919 2319 3066 2389 quod
3093 2333 3281 2375 nones.
3303 2334 3423 2390 quas
3442 2328 3625 2379 sancta

2031 2403 2275 2458 Romana
2303 2404 2553 2460 Ecclesia
2581 2405 2649 2459 ab
2677 2405 2798 2476 ipso
2823 2405 3194 2476 apostolorum
3213 2406 3457 2478 principe
3484 2406 3624 2470 didi-

2030 2491 2102 2546 cit
2131 2500 2184 2546 et
2214 2491 2453 2561 quotidie
2483 2493 2760 2562 praedicat,
2785 2502 2840 2548 tu
2863 2494 3111 2550 docendo
3134 2494 3353 2560 doceas,
3372 2503 3426 2552 et
3439 2494 3619 2566 ipsum

2029 2580 2288 2650 populum
2328 2580 2383 2634 in
2411 2595 2655 2636 errorem
2712 2581 2912 2636 mittas.
2964 2581 3120 2639 Unde
3164 2582 3249 2638 his
3281 2581 3620 2652 apostolatus

2031 2669 2202 2724 nostri
2233 2668 2424 2723 litteris
2454 2668 2549 2724 tibi
2571 2669 2827 2737 jubemus
2868 2677 2944 2739 ut,
2973 2669 3123 2727 omni
3148 2668 3438 2726 occasione
3465 2677 3623 2740 post-

2031 2757 2226 2827 posita,
2256 2757 2324 2810 ad
2364 2772 2462 2812 nos
2493 2757 2561 2810 de
2603 2756 2855 2827 presenti
2903 2757 3087 2814 venire
3133 2772 3418 2828 procures,
3469 2764 3523 2811 ut
3553 2772 3620 2812 ex

2032 2857 2129 2895 ore
2152 2849 2241 2894 tuo
2271 2839 2559 2894 audiamus
2587 2849 2640 2896 et
2667 2855 3069 2913 cognoscamus
3098 2847 3280 2900 utrum
3309 2840 3388 2896 sic
3435 2848 3625 2896 teneas

2001 2937 2085 2983 ~ct
2129 2928 2208 2982 sic
2263 2927 2530 2998 praedices
2583 2929 2722 2984 sicut
2767 2927 2952 2984 verbis
3008 2936 3060 2984 et
3121 2927 3314 2983 litteris
3341 2935 3396 2982 te
3425 2935 3627 2984 sancta:

2032 3018 2292 3072 Romanas
2338 3017 2604 3076 Ecclesia:
2649 3017 2870 3073 credere
2917 3015 3236 3093 promisisti,
3287 3022 3378 3074 aut
3405 3030 3537 3084 non.
3565 3023 3627 3080 ut

1962 3079 2011 3141 C
2031 3105 2298 3190 veraciter
2327 3115 2744 3177 cognoscamus
2789 3079 3094 3162 doctrinam
3135 3079 3303 3166 tuam,
3355 3102 3622 3166 Audimus

2028 3189 2190 3248 etiam
2223 3193 2368 3264 quod
2397 3193 2594 3247 missas
2623 3200 2811 3247 cantes
2850 3191 2906 3246 in
2947 3191 3197 3256 barbara,
3253 3191 3362 3246 hoc
3413 3199 3516 3260 est,
3564 3189 3622 3244 in

2031 3281 2281 3335 Sclavina
2311 3280 2498 3352 lingua
2523 3298 2538 3344 ;
2568 3279 2712 3334 unde
2756 3279 2867 3348 jam
2898 3278 3089 3336 litteris
3113 3277 3315 3334 nostris
3343 3293 3446 3350 per
3473 3277 3619 3332 Pau-

2029 3369 2140 3422 lum
2173 3367 2490 3437 episcOpum
2519 3366 2918 3422 Anconitanum
2964 3364 3060 3420 tibi
3085 3364 3308 3420 directis
3335 3363 3622 3445 prohibui-

2030 3473 2153 3510 mus
2182 3471 2250 3510 ne
2284 3455 2341 3508 in
2371 3471 2434 3509 ea
2462 3454 2648 3526 lingua
2675 3469 2828 3508 sacra
2854 3452 3146 3508 missarum
3177 3451 3442 3516 solemnia
3469 3451 3622 3508 cele-

2031 3543 2244 3608 brares,
2270 3542 2369 3596 sed
2389 3541 2472 3597 vel
2504 3541 2560 3596 in
2595 3540 2796 3605 Latina,
2829 3539 2915 3596 vel
2941 3540 2996 3594 in
3025 3539 3220 3596 Graec.
3253 3537 3464 3614 lingua,
3485 3537 3624 3594 sicut

2031 3631 2280 3686 Ecclesia
2309 3629 2411 3685 Dei
2447 3636 2558 3684 toto
2586 3636 2854 3683 terrarum
2899 3628 3030 3684 orbe
3057 3625 3257 3684 diﬁ‘usa
3285 3633 3339 3682 et
3366 3626 3422 3682 in
3441 3625 3622 3682 omni-

2033 3719 2135 3773 bus
2165 3718 2417 3791 gentibus
2447 3716 2668 3770 dilatata
2688 3724 2886 3771 cantat.
2909 3714 3216 3772 Praedicare
3233 3729 3364 3772 vero
3385 3721 3478 3769 aut
3497 3729 3620 3777 ser-

2032 3823 2251 3862 monem
2279 3805 2332 3859 in
2343 3803 2550 3876 populo
2571 3803 2746 3859 facere
2775 3803 2874 3858 tibi
2903 3803 3046 3872 licet,
3064 3801 3320 3878 quoniam
3337 3799 3622 3856 Psalmista

2034 3911 2224 3950 omnes
2244 3893 2499 3948 admonet
2509 3892 2799 3948 Dominum
2811 3899 3002 3966 gentes
3013 3890 3238 3946 laudare
3249 3889 3426 3966 (Psal.
3445 3889 3621 3958 cxvn),

2035 3992 2087 4038 et
2105 3981 2395 4053 Apostolus
2416 3997 2428 4034 :
2465 3981 2678 4046 Omnis,
2701 3979 2892 4052 inquit,
2911 3980 3102 4052 lingua
3120 3977 3480 4052 conﬁteatur,
3493 3976 3626 4047 quia

2034 4072 2304 4128 Dominus
2325 4071 2484 4126 Iesus
2506 4070 2569 4124 in
2597 4070 2778 4138 gloria
2815 4071 2902 4124 est
2936 4068 3039 4124 Dei
3071 4065 3261 4125 Patris
3281 4064 3512 4137 (Philip.
3538 4063 3622 4133 ιι).

2035 4161 2168 4213 Data
2196 4163 2260 4213 ut
2280 4174 2472 4229 supra.

2721 4246 2921 4301 CCXL.

2085 4350 2158 4388 AD
2188 4349 2519 4388 ANSPEBTUM
2553 4347 3030 4387 ARCBIEPISCOPUM
3067 4343 3558 4388 κευιοιΑΝεΝεεκ.

2645 4419 2828 4489 (Anno
2866 4418 3016 4490 8'79.)

2034 4512 2232 4582 Arguit
2251 4510 2394 4582 quod
2407 4509 2524 4582 sedi
2540 4508 2861 4582 apostolica,
2874 4505 3128 4582 obediens
3143 4521 3258 4561 non
3267 4507 3464 4576 fuerit,
3472 4507 3621 4582 ejus-

2109 4578 2212 4653 que
2247 4578 2452 4650 legatos
2476 4578 2751 4653 injuriose
2766 4579 3053 4653 tractarit,
3069 4581 3139 4653 et
3157 4578 3612 4653 encommunica-

2108 4644 2199 4706 ius
2222 4644 2425 4706 missas
2445 4644 2764 4705 celebrarit.
2801 4646 2922 4703 Ideo
2950 4649 3142 4704 monet
3161 4649 3228 4700 ut
3253 4644 3326 4700 ad
3343 4645 3620 4706 synodum

2105 4739 2162 4777 se
2189 4725 2537 4793 purgaturus
2559 4719 2978 4790 quamprimum
2995 4717 3081 4773 vel
3097 4731 3199 4788 per
3221 4731 3280 4772 se
3299 4716 3387 4772 vol
3404 4731 3508 4788 per
3541 4716 3618 4772 le-

2104 4790 2258 4862 gatos
2285 4790 2536 4847 accedat.

2107 4883 2402 4933 Assenaro
2433 4877 2841 4948 archiepiscopo
2881 4874 3294 4931 Mediolanensi.

2107 4967 2310 5034 Tantis,
2348 4967 2470 5032 heu,
2503 4966 2641 5036 proh
2676 4963 2866 5020 dolor!
2911 4962 3438 5036 transgressionibus
3482 4961 3637 5018 inve-

2035 5056 2170 5110 niris
2198 5053 2485 5118 obnoxius,
2517 5052 2732 5124 quantis
2761 5051 2942 5107 nullus
2971 5051 3040 5108 de
3067 5050 3318 5108 Ecclesia
3371 5045 3628 5106 Mediola-

2037 5143 2191 5198 ncnsi
2221 5142 2404 5213 aliquo
2463 5140 2626 5195 modo
2675 5148 2756 5195 est
2802 5139 3054 5196 inventus
3088 5158 3102 5194 :
3134 5139 3190 5194 in
3232 5137 3428 5210 primis
3477 5136 3625 5208 quod

2037 5231 2208 5286 nostri
2239 5229 2423 5300 operis
2451 5236 2614 5299 atque
2643 5227 2849 5283 laboris
2904 5227 3124 5283 noluisti
3172 5226 3355 5282 socius
3397 5240 3520 5280 esse
3561 5239 3630 5284 ac

2036 5319 2328 5389 particeps,
2365 5317 2462 5371 sed
2480 5315 2788 5386 apostolica
2818 5316 2935 5370 sedi
2951 5323 3224 5385 proterve,
3244 5313 3622 5371 inobedienter

2038 5422 2102 5461 ac
2133 5405 2434 5476 procaciter
2455 5403 2766 5469 resultasti;
2797 5403 2993 5458 deinde
3012 5403 3450 5474 legatosnostros
3468 5403 3631 5459 Joan-

2039 5510 2162 5549 nem
2179 5493 2520 5548 Ticinensem
2538 5500 2588 5545 et
2619 5490 2961 5560 Walpertum
2972 5489 3326 5546 Portuensem
3337 5491 3628 5563 episcopos
