4028 6180
475 262 568 312 851

1685 254 1983 308 JOANNIS
2034 253 2227 306 l’AP/E
2293 254 2428 307 Vlll.

3678 261 3779 310 852

477 393 508 431 e
537 377 705 432 latere
736 387 920 433 nostro
953 380 1024 432 ad
1053 386 1106 432 te
1135 379 1368 432 directos
1397 393 1506 431 nou
1529 376 1853 447 suscipiens,
1877 374 2075 446 przefo-
2103 377 2160 436 A
2179 383 2282 430 sta:
2309 375 2519 446 synodo
2549 375 2618 430 de
2649 376 2734 429 bis
2765 392 2886 447 quae
2915 377 2992 430 illi
3021 376 3234 444 objecta
3264 385 3406 446 sunt,
3461 377 3656 431 idonee
3686 394 3770 431 sa-

479 466 632 521 ribus
664 475 837 538 portae
895 467 988 521 diu
1032 467 1128 520 tibi
1186 475 1385 522 nostrae
1438 465 1877 520 commonitionis
1909 465 2078 520 verba

481 555 763 622 facientes,
797 563 1062 626 quatenus
1092 555 1268 621 nobis,
1302 561 1394 608 aut
1423 570 1524 625 per
1554 562 1624 619 te,
1657 562 1750 608 aut
1782 569 1879 624 per
1925 553 2076 625 lega—

479 649 592 698 tum
616 651 784 708 tuum,
817 651 964 698 tuam
993 658 1146 698 more
1174 643 1643 712 praedecessorum
1685 650 1901 696 tuorum
1948 658 2078 696 con—

479 730 700 804 dignam
729 731 1090 786 obedientiam
1113 731 1373 792 exhibere
1393 730 1700 798 debuisses,
1716 731 2078 784 irreverenter

479 827 620 874 stare
649 818 842 887 fecisti,
888 819 1198 890 nullamque
1237 818 1344 872 illis
1375 819 1733 874 reverentiam
1781 819 1868 873 vel
1915 819 2075 872 audi-

479 914 593 961 tum
622 907 1040 962 accommodare
1067 907 1344 980 dignatus,
1394 907 1490 962 sed
1537 908 1676 962 sicut
1721 907 1869 977 aspis
1912 907 2079 962 surda

479 1003 667 1050 contra
715 995 995 1050 charitatis
1023 993 1277 1050 affectum
1335 995 1545 1050 viscera
1600 995 1782 1050 cordis
1811 1004 1864 1049 et
1919 1011 2078 1049 aures

479 1081 659 1138 valide
687 1083 968 1138 obturasti.
997 1084 1100 1138 Pro
1116 1083 1314 1155 quibus
1345 1092 1398 1138 et
1427 1083 1512 1137 his
1533 1083 1799 1138 similibus
1829 1092 1880 1138 te
1895 1083 2078 1138 tandiu

478 1171 857 1226 communione
887 1171 1220 1242 privavimus
1249 1172 1640 1242 missarumque
1688 1171 2074 1234 celebratione,

478 1258 655 1314 donec
683 1259 842 1313 nobis
871 1274 1213 1324 occurreres,
1275 1268 1328 1314 et
1355 1268 1448 1312 aut
1475 1275 1573 1329 per
1601 1269 1654 1313 te
1683 1267 1771 1312 aut
1800 1275 1896 1330 per
1935 1259 2079 1313 vica-

479 1346 620 1400 rium
673 1354 825 1400 tuum
909 1355 1102 1402 cuncta
1156 1356 1327 1401 errata
1411 1347 1734 1419 corrigeres,
1786 1356 1838 1400 et
1892 1347 1970 1401 sic
2025 1355 2078 1400 te

479 1434 696 1488 demum
729 1434 1090 1504 personaliter
1108 1435 1162 1488 in
1192 1441 1439 1489 nostrum
1468 1435 1798 1490 consortium
1829 1434 2076 1488 admitte-

481 1537 687 1576 remus.
738 1521 847 1577 Sed
882 1521 938 1574 in
991 1521 1310 1592 despectum
1356 1531 1408 1576 et
1439 1522 1693 1590 injuriam
1722 1530 2077 1593 paternorum

478 1624 752 1664 canonum
783 1609 1280 1665 excommunicatus
1309 1626 1338 1663 a
1360 1609 1538 1674 nobis,
1571 1627 1782 1665 sacrum
1833 1610 2078 1664 ministe-

478 1697 617 1752 rium
646 1713 814 1770 agere
842 1698 1177 1768 missumque
1206 1697 1488 1753 celebrare
1537 1698 1972 1770 praesumpsisti;
2005 1699 2076 1753 de

479 1800 587 1856 quo
619 1785 846 1840 sollicite
875 1785 1144 1841 voluimus
1158 1801 1388 1857 parcere
1421 1795 1526 1841 tua:
1557 1786 1821 1842 senectuti
1851 1787 2076 1858 perqui-

478 1881 662 1928 rentes
687 1891 700 1938 ;
734 1873 831 1927 sed
861 1873 1000 1929 adeo
1019 1889 1204 1928 verum
1225 1890 1348 1929 esse
1369 1873 1826 1945 deprehendimus
1857 1883 1912 1928 ut
1929 1891 2077 1945 pra:-

477 1961 708 2016 sentium
739 1969 763 1995 ⁸
799 1961 1032 2026 videtur,
1067 1961 1323 2017 videlicet
1353 1961 1645 2033 presbyter
1665 1961 1802 2016 lator
1816 1979 1925 2017 non
1955 1962 2078 2018 fue-

480 2049 550 2103 rit
571 2063 736 2103 ausus
755 2063 944 2104 coram
959 2049 1190 2121 collegio
1213 2049 1665 2120 coepiscoporum
1683 2065 1785 2121 pro
1802 2051 1956 2105 vobis
1976 2052 2078 2106 hoc

480 2127 817 2192 satisfacere.
853 2137 1202 2208 Quapropter
1230 2138 1379 2208 quia,
1412 2137 1643 2192 Domino
1667 2139 1975 2204 auxiliante,
2001 2155 2080 2194 se-

480 2223 718 2280 cundum
745 2233 942 2280 statuta
961 2239 1232 2280 canonum
1250 2225 1395 2281 circa
1415 2226 1656 2280 autumni
1677 2233 1888 2296 tempus
1910 2242 2079 2297 syno-

480 2312 611 2366 dum
642 2327 829 2366 sumus
849 2311 1198 2376 celebraturi,
1230 2313 1298 2367 ad
1329 2327 1492 2384 quam
1531 2321 1584 2367 te
1613 2313 1883 2378 volumus,
1933 2313 2081 2368 omni

486 2399 777 2454 occasione
805 2399 1128 2470 postposita,
1161 2400 1278 2456 sine
1325 2416 1480 2456 mora
1509 2401 1693 2455 venire
1740 2409 1830 2455 aut
1867 2401 2083 2472 legatos

480 2485 738 2559 dirigere,
801 2495 854 2541 et
909 2487 1057 2552 dum,
1123 2487 1338 2543 Christo
1394 2487 1712 2558 Opitulante,
1772 2497 2082 2560 perpetrata

480 2574 928 2646 transgressionis
957 2576 1303 2648 purgaveris,
1337 2583 1388 2631 te
1416 2576 1471 2630 in
1493 2577 1931 2632 communionem
1961 2593 2078 2630 om-

485 2661 718 2716 nimodis
756 2662 1105 2733 recipiemus.
1141 2663 1281 2718 Data
1311 2668 1377 2720 ut
1397 2681 1588 2736 supra.

1176 2769 1403 2825 CCXLI.

842 2871 914 2910 AD
954 2871 1364 2912 ANGELBERGAM
1409 2873 1722 2912 AUGUSTAM.

1104 2945 1284 3014 (Anno
1315 2946 1464 3010 879.)

488 3031 784 3103 Signiﬁcat
797 3045 856 3085 se
871 3030 1038 3103 modo
1045 3031 1323 3103 absolvere
1343 3034 1495 3088 noli'e
1528 3034 1870 3103 Auspertum
1893 3037 2079 3091 archi-

559 3100 1040 3178 epigcopum;_s_ed
1081 3101 1139 3178 si
1165 3103 1228 3178 in
1266 3103 1470 3174 synodo
1501 3100 1748 3159 crimina
1785 3121 1906 3178 quae
1944 3107 2082 3178 obji-

555 3169 876 3235 ciebantur,
901 3169 1163 3240 diluerit,
1189 3169 1324 3228 tunc
1344 3188 1475 3228 eum
1493 3169 2081 3232 exconzmuhicatio’ne

558 3240 953 3316 absoiuturum
983 3260 1002 3296 :
1025 3241 1117 3316 nit
1138 3257 1196 3316 se
1223 3258 1325 3314 pro
1353 3243 1629 3316 Ludovico
1657 3245 1998 3316 imperatore
2018 3248 2081 3300 in

557 3311 950 3367 anniversario
980 3313 1102 3382 ejus
1123 3311 1712 3384 dio'sacrafacturum.

555 3397 782 3454 Dilectae
803 3412 867 3454 ac
896 3398 1127 3470 spiritali
1159 3397 1282 3454 filia:
1302 3402 1698 3457 Amenanus:
1718 3402 2073 3474 imperatrici.

553 3485 650 3540 Pio
677 3484 875 3542 affectu
901 3486 1176 3557 petitionis
1207 3496 1401 3543 vestrm
1427 3504 1618 3559 preces
1650 3491 1846 3562 quibus
1871 3507 1972 3547 nos
1990 3509 2083 3546 su-

484 3587 585 3644 per
613 3573 952 3630 absolutione
982 3575 1559 3632 excommunicationis
1581 3579 1837 3650 Ausperti
1869 3580 2080 3636 Medio-

481 3659 724 3714 lanensis
751 3661 1143 3733 archiepiscopi
1163 3673 1384 3733 precata
1407 3680 1466 3719 es
1483 3666 1762 3733 exaudire,
1781 3669 2082 3722 secundum

483 3745 737 3803 collatam
765 3749 924 3803 nobis
951 3749 1153 3820 ligandi
1184 3751 1538 3823 solvendique
1561 3752 1818 3818 divinitus
1835 3763 2078 3824 potesta-

483 3843 612 3904 tem,
641 3850 752 3890 non
779 3837 1334 3905 prmtermitteremus,
1371 3847 1426 3894 et
1461 3840 1695 3894 maxime
1724 3851 1952 3912 propter
1979 3858 2080 3896 au-

481 3937 642 3976 nuam
667 3924 1238 3978 commemorationem
1265 3925 1406 3981 diva:
1438 3927 1718 3982 memorias
1747 3928 1955 3984 domini
1970 3930 2080 3986 Lu-

482 4006 682 4072 dovici,
716 4009 991 4078 quondam
1011 4009 1353 4080 imperatoris
1382 4013 1633 4085 Augusti,
1670 4031 1790 4086 quae
1819 4016 1873 4070 in
1893 4018 2082 4087 proxi-

490 4109 581 4148 mo
607 4093 933 4148 celebranda
962 4103 1080 4160 est;
1115 4099 1213 4152 sed
1243 4099 1371 4168 quia
1412 4101 1662 4170 synodali
1689 4117 1815 4157 eum
1865 4105 2082 4160 decreto

487 4195 588 4250 pro
617 4181 732 4236 suis
762 4181 1109 4253 negligentiis
1139 4191 1193 4239 et
1217 4187 1754 4257 praesumptionibus,
1798 4192 1935 4248 sicut
1964 4193 2084 4264 ipsa

486 4267 626 4324 bene
647 4270 956 4342 cognoscis,
981 4274 1590 4344 excommunicavimus,
1627 4277 1834 4350 absque
1863 4296 2080 4336 eorum-

486 4355 613 4412 dem
643 4356 870 4413 fratrum
897 4365 949 4414 et
979 4360 1434 4432 coepiscoporum
1464 4373 1790 4434 nostrorum,
1823 4384 1946 4423 cum
1971 4371 2080 4441 qui-

482 4445 587 4500 bus
616 4445 674 4499 in
705 4461 830 4501 eum
857 4449 1432 4506 excommunicationis
1474 4456 1794 4511 sententiam
1842 4458 2078 4528 promul-

483 4531 754 4604 gavimus,
790 4549 1061 4590 consensu
1091 4545 1144 4590 et
1171 4538 1446 4594 voluntate
1476 4557 1620 4596 nunc
1647 4543 1932 4600 absolvere
1990 4561 2082 4600 no-

485 4619 667 4674 lumus
697 4639 712 4686 ;
745 4637 814 4676 ne
846 4621 916 4676 ab
941 4622 1027 4676 bis
1057 4624 1148 4694 qui
1190 4625 1275 4679 vel
1303 4626 1594 4695 desiderio,
1632 4630 1717 4683 vel
1743 4632 2080 4704 negligentia

483 4707 908 4764 ecclesiasticam
937 4709 1282 4781 disciplinam
1311 4723 1680 4782 contemnunt,
1709 4726 1760 4771 et
1778 4719 1942 4774 multa
1970 4736 2078 4776 non

487 4796 866 4862 praesumenda
894 4807 1252 4866 praesumunt,
1285 4801 1607 4858 canonicum
1660 4805 2080 4875 parvipendatur

479 4881 764 4950 judicium.
798 4885 970 4940 Porro
998 4901 1122 4942 cum
1152 4888 1224 4942 ad
1253 4888 1585 4944 nominatam
1603 4891 1892 4960 synodum,
1917 4911 2076 4964 quam

485 4969 788 5024 secundum
812 4987 1000 5028 sacros
1027 4989 1264 5029 canones
1285 4974 1484 5045 Spiritu
1503 4977 1603 5032 Dei
1619 4979 1867 5034 conditos
1888 4991 2080 5050 quarto

486 5055 616 5110 Idus
644 5055 921 5124 Octobris,
944 5061 1173 5115 Domino
1202 5072 1492 5129 annuente,
1513 5065 1834 5121 celebraturi
1851 5069 2074 5136 erimus,

483 5143 568 5196 vel
596 5143 714 5214 ipse
746 5146 974 5214 venerit,
1009 5147 1091 5202 vel
1122 5163 1154 5202 e
1181 5147 1351 5203 latere
1380 5166 1480 5205 suo
1510 5153 1846 5208 venerabiles
1867 5155 2080 5210 confra-

490 5237 596 5283 tres
645 5241 698 5286 et
728 5233 1083 5304 coepiscopos
1117 5251 1245 5289 suos
1265 5237 1540 5304 direxerit,
1565 5239 1656 5310 qui
1687 5241 1842 5294 nobis
1871 5252 1922 5296 et
1955 5260 2080 5296 san-

555 5370 901 5445 ξιιεξειξιξὰμιῃΔ
923 5376 1131 5445 videtur,
1179 5380 1492 5438 pra-sentiam
1539 5381 1767 5431 videlicet
1804 5384 2080 5445 prwsbyter

487 5433 634 5493 lator,
659 5436 969 5502 subintellige
1005 5433 1302 5505 litterarum,
1331 5451 1380 5494 et
1406 5447 1553 5496 verbo
1586 5448 1782 5500 videtur
1804 5433 2074 5512 .expun'cto.

2176 463 2462 532 tisfaciant,
2495 471 2622 520 tunc
2651 473 2774 534 post
2820 479 3008 519 veram
3055 463 3476 520 satisfactionem
3523 465 3590 518 ab
3634 467 3779 520 omni

2179 568 2303 606 eum
2334 553 2908 608 exconimunicationis
2939 569 3081 608 nexu
3110 553 3300 623 procul
3329 553 3496 608 dubio
3526 553 3780 609 absolve-

2179 657 2322 705 mus,
2355 649 2408 695 et
2438 641 2590 712 quasi
2639 640 2861 696 fratrem
2909 650 2963 696 et
3017 641 3455 696 comministrum
3492 643 3548 695 in
3575 651 3777 698 nostrae

2181 728 2578 783 communionis
2608 729 2884 784 consortio
2912 729 3292 784 incunctanter
3332 729 3676 784 habebimus.
3715 731 3778 784 Et

2183 817 2307 870 ideo
2336 833 2434 886 pro
2477 817 2737 886 praedicta
2792 833 2970 871 annua
3022 821 3558 883 ,commemoratione
3610 818 3778 888 ipsius

2181 905 2386 959 domini
2417 914 2468 959 et
2497 905 2731 960 senioris
2760 907 2924 960 vestri
2968 922 3035 960 ne
3065 905 3355 961 turbemini
3413 906 3564 977 quod
3619 908 3782 961 modo

2183 1008 2281 1047 vos
2329 1009 2430 1062 pro
2471 993 2811 1048 absolutione
2839 993 3050 1064 praefati
3080 993 3448 1064 achiepiscopi
3475 1010 3587 1049 non
3625 995 3779 1048 audi-

2183 1081 2378 1145 vimus,
2414 1097 2538 1136 nam
2569 1081 2623 1134 in
2654 1082 2848 1136 eodem
2867 1081 2954 1136 die
2985 1098 3093 1153 quo
3111 1083 3228 1152 ipse
3258 1083 3327 1136 de
3344 1081 3548 1137 saeculo
3578 1083 3785 1154 migra-

2183 1169 2278 1232 vit,
2311 1185 2409 1239 pro
2440 1169 2636 1224 animm
2665 1169 2809 1223 illius
2838 1170 3028 1240 requie
3079 1170 3407 1240 sempiterna
3455 1169 3782 1225 sacrificium

2183 1256 2389 1310 erimus
2419 1257 2650 1311 Domino
2679 1257 2911 1312 oblaturi
2937 1277 2950 1322 ;
3001 1257 3160 1312 etiam
3203 1266 3254 1312 et
3291 1273 3392 1327 pro
3423 1259 3610 1311 anima
3640 1257 3780 1328 Sup—

2181 1344 2360 1414 ponis,
2423 1343 2664 1400 fraterna
2710 1345 2841 1399 moti
2891 1345 3292 1416 compassione,
3350 1345 3782 1416 omnipotentem

2183 1432 2475 1486 Dominum
2517 1433 2870 1503 deprecamur
2896 1442 2955 1488 ut
3001 1448 3222 1488 suorum
3259 1433 3658 1487 absolutionem
3691 1450 3784 1485 va-

2182 1520 2290 1574 leat
2321 1521 2598 1590 percipere
2628 1521 2975 1576 delictorum.

2857 1609 3110 1664 CCXLII.

2122 1725 2176 1782 B
2648 1713 2720 1750 AD
2762 1713 3080 1752 LUDOVICUM
3127 1713 3333 1751 REGEM.

2809 1786 2989 1856 (Anno
3021 1786 3170 1856 879.)

2189 1875 2412 1947 Gratias
2432 1873 2549 1944 agit
2583 1875 2662 1947 de
2680 1889 2964 1944 propensa
2998 1875 3293 1947 voluntate
3313 1891 3445 1947 erga
3475 1879 3788 1932 Romanam

2256 1943 2606 2017 Ecclesinrn:
2645 1943 2908 2017 hortatur
2929 1949 2996 2017 ut
3023 1944 3094 1998 ad
3119 1960 3242 1999 eam
3273 1963 3306 2000 (ι
3328 1943 3684 2017 paganorum
3705 1949 3793 2001 in-

2257 2014 2612 2088 cursionibus
2660 2014 3071 2088 defendendam
3125 2017 3335 2080 veniat,
3384 2014 3544 2088 eique
3617 2021 3788 2072 tacite

2257 2085 2564 2154 imperium
2583 2084 2901 2153 pollicetur.

2260 2171 2471 2226 Dilecto
2499 2187 2564 2226 ac
2595 2171 2863 2240 spirituali
2891 2169 3003 2225 filio
3033 2172 3318 2226 Lunnvtco
3351 2173 3596 2244 glorioso
3646 2178 3782 2248 regi.

2265 2260 2470 2312 Vestrae
2510 2261 2681 2330 regia:
2711 2259 3018 2313 serenitatis
3059 2259 3335 2314 melliiluis
3364 2261 3588 2317 reiectis
3616 2265 3786 2332 apici-

2191 2349 2309 2411 bus,
2344 2362 2482 2416 quos
2511 2363 2610 2415 per
2641 2346 2922 2401 Astaldum
2964 2347 3234 2419 insignem
3261 2349 3515 2404 comitem
3550 2359 3788 2406 vestrum

2187 2433 2347 2488 nobis
2378 2433 2690 2498 mandastis,
2721 2443 2978 2505 quantam
3009 2434 3357 2490 devotionem
3387 2453 3452 2492 ac
3481 2438 3787 2493 sincerissi-

2187 2537 2331 2574 mam
2364 2522 2696 2575 voluntatem
2729 2522 2997 2576 exaltandi
3027 2531 3080 2577 et
3109 2523 3442 2579 defendendi
3479 2526 3784 2581 Ecclesiam

2191 2610 2310 2673 Dei,
2342 2623 2496 2663 more
2525 2609 2776 2664 videlicet
2802 2619 3089 2680 parentum
3107 2619 3416 2666 vestrorum
3447 2613 3786 2685 gloriosissi—

2189 2712 2403 2750 morum
2432 2696 2822 2767 imperatorum
2853 2697 3118 2760 habeatis,
3152 2699 3270 2754 luce
3290 2699 3496 2755 clarius
3511 2702 3782 2756 novimus.

2189 2785 2344 2840 Unde
2373 2785 2528 2840 valde
2576 2785 2752 2856 gavisi
2806 2784 3120 2850 existentes,
3155 2788 3422 2842 maximas
3454 2791 3789 2846 excellentiae

2188 2880 2382 2927 vestrae
2439 2872 2651 2943 agimus
2681 2873 2909 2943 gratias,
2970 2873 3099 2944 quia
3127 2875 3288 2930 nobis
3329 2877 3468 2930 inter
3497 2885 3577 2931 tot
3603 2892 3783 2950 angu-

2112 2962 2162 3024 C
2185 2961 2315 3016 stias
2344 2970 2397 3015 et
2426 2961 2858 3031 persecutiones,
2889 2978 3026 3032 quas
3055 2979 3088 3017 a
3115 2963 3342 3034 paganis
3372 2965 3597 3020 assidue
3622 2983 3784 3038 supra

2182 3049 2400 3104 modum
2433 3049 2688 3119 patimur,
2741 3058 2938 3106 vestrae
2976 3049 3190 3106 invictae
3218 3053 3474 3121 potentiae
3522 3055 3777 3109 auxilium

2182 3136 2627 3208 defensionisque
2683 3137 2935 3192 solatium
2982 3138 3072 3209 pia
3101 3139 3357 3194 duntaxat
3399 3141 3569 3194 animi
3611 3143 3778 3197 devo-

2179 3225 2326 3278 tione
2355 3224 2607 3280 conferre
2637 3224 2965 3280 omnimodis
2994 3227 3243 3296 cupiatis.
3281 3228 3429 3294 Ideo,
3465 3227 3541 3284 fili
3569 3231 3774 3284 charis-

2183 3312 2338 3379 sime,
2371 3319 2570 3367 nostra:
2597 3311 2904 3382 apostolicae
2935 3314 3286 3369 admonitioni
3316 3331 3508 3372 aurem
3539 3317 3778 3374 clemen-

2183 3400 2272 3456 tia:
2297 3408 2492 3454 vestrae
2540 3408 2596 3454 ut
2644 3402 3068 3456 accommodetis
3117 3403 3312 3458 obnixe
3368 3419 3680 3473 precamur,
3728 3419 3782 3460 ut

2183 3488 2344 3543 citius
2365 3488 2522 3542 nobis
2550 3497 2734 3543 vestro
2760 3490 2966 3560 potenti
2997 3490 3222 3545 brachio
3251 3492 3545 3548 subvenire
3559 3494 3777 3548 studea-

2182 3576 2270 3638 tis,
2305 3583 2572 3646 quatenus
2601 3585 2847 3631 sanctam
2864 3577 2963 3632 Dei
2995 3578 3316 3642 Ecclesiam,
3342 3579 3395 3633 in
3421 3597 3617 3654 magna
3641 3598 3778 3637 nunc

2183 3663 2527 3718 ﬂuctuatione
2583 3657 2834 3734 positam,
2869 3665 2937 3718 ad
2983 3675 3197 3736 portum
3227 3667 3417 3722 salutis
3439 3678 3493 3722 et
3521 3670 3774 3740 tranquil-

2182 3751 2346 3806 litatis
2375 3750 2666 3806 eﬁicaciter
2695 3752 3023 3822 perducatis,
3065 3763 3117 3808 et
3148 3763 3348 3808 terram
3385 3757 3650 3826 perditam
3680 3773 3773 3827 per

2184 3854 2302 3904 vos,
2337 3841 2450 3894 Deo
2481 3840 2736 3910 propitio,
2768 3841 2839 3894 ad
2868 3841 3154 3910 pristinam
3185 3845 3456 3898 revocetis
3488 3845 3766 3900 incolumi-

2183 3934 2366 3992 tatem,
2401 3936 2456 3981 ut
2487 3944 2549 3982 ex
2580 3929 2682 3982 hoc
2712 3936 2762 3982 et
2809 3929 2950 3997 apud
3007 3928 3436 4000 omnipotentem
3494 3933 3766 3987 Dominum

2183 4015 2407 4086 dignam
2441 4014 2668 4070 valeatis
2697 4017 3005 4071 mercedem
3053 4017 3314 4088 recipere,
3349 4027 3403 4073 et
3435 4019 3491 4072 in
3527 4020 3764 4090 praesenti

2185 4102 2384 4158 saeculo
2413 4101 2679 4158 laudabile
2701 4119 2897 4158 nomen
2929 4105 3244 4160 omnimodo
3272 4107 3588 4178 acquiratis.
3621 4107 3760 4176 Qua-

2183 4198 2406 4261 propter
2434 4191 2626 4246 scitote
2655 4207 2753 4260 pro
2782 4201 2929 4246 certo
2957 4192 3087 4263 quia
3140 4193 3320 4248 nullus
3365 4205 3644 4264 parentum
3670 4211 3759 4249 ve-

2109 4309 2160 4369 D
2183 4285 2421 4332 strorum
2451 4287 2654 4332 tantam
2684 4279 2914 4351 gloriam
2936 4289 2986 4334 et
3019 4281 3400 4336 exultationem
3448 4299 3482 4337 a
3536 4300 3757 4354 praeces-

2183 4366 2399 4420 soribus
2428 4367 2630 4420 nostris
2656 4367 2920 4437 percepit,
2944 4377 3201 4438 quantam
3215 4386 3316 4424 nos
3347 4371 3524 4437 vobis,
3550 4373 3593 4425 si
3621 4387 3759 4426 vene-

2183 4453 2315 4518 ritis,
2369 4453 2496 4508 totis
2526 4454 2892 4524 multipliciter
2920 4455 3124 4510 viribus
3153 4457 3532 4512 desideramus
3562 4460 3757 4530 impen-

2181 4541 2327 4595 dere.
2365 4541 2536 4594 Porro
2564 4543 2633 4596 de
2655 4544 2756 4597 hoc
2779 4543 2924 4614 quod
2973 4545 3286 4606 mandastis,
3337 4555 3394 4599 ut
3437 4563 3536 4616 pro
3579 4553 3754 4601 eventu

2181 4629 2338 4700 regni
2366 4629 2624 4685 Ludovici
2652 4629 2757 4700 piae
2796 4631 3070 4687 memoriae
3110 4633 3324 4702 nepotis
3368 4635 3536 4689 vestri
3571 4649 3754 4704 pmpe-

2179 4716 2278 4771 diti
2307 4716 2572 4782 existatis,
2608 4734 2709 4788 pro
2740 4718 2908 4772 multo
2927 4719 3068 4790 quod
3091 4719 3238 4775 circa
3268 4737 3367 4775 vos
3383 4722 3600 4776 videndi
3620 4721 3752 4776 desi-

2179 4803 2389 4858 derium
2423 4804 2686 4858 habemus
2707 4806 2910 4860 turbati
2956 4823 3280 4872 manemus;
3341 4809 3439 4863 sed
3480 4819 3655 4864 vestra
3680 4808 3750 4860 fisi

2181 4891 2512 4962 benignitate
2533 4893 2768 4962 petimus
2790 4903 2866 4958 ut,
2886 4895 3031 4948 omni
3053 4911 3182 4949 cura
3205 4906 3431 4964 remota,
3467 4915 3566 4968 pro
3585 4913 3748 4952 amore

2181 4979 2279 5032 Dei
2299 4987 2350 5032 et
2380 4989 2687 5034 sanctorum
2715 4982 3079 5050 apostolorum
3113 4985 3256 5038 Petri
3295 4995 3349 5038 et
3379 4985 3545 5054 Pauli,
3573 4993 3748 5040 nostra!

2179 5066 2454 5136 petitionis
2475 5067 2891 5123 sollicitudinem
2923 5071 3010 5140 pio
3039 5081 3262 5140 pectore
3305 5082 3485 5128 vestro
3526 5073 3748 5129 alacriter

2179 5155 2483 5222 assumatis,
2519 5163 2574 5208 ut
2607 5146 2755 5211 sicut
2775 5158 3284 5228 sedesapostolica,
3327 5178 3447 5232 quae
3478 5168 3627 5232 caput
3677 5167 3743 5212 est

2179 5243 2418 5296 omnium
2447 5244 2820 5298 Ecclesiarum
2846 5245 2958 5311 Dei,
2989 5263 3086 5300 vos
3116 5263 3318 5319 magno
3335 5247 3738 5320 desiderioquasi

2179 5385 2304 5496 gusti
2332 5387 2497 5434 natum
2520 5390 2672 5435 estex
2696 5388 2987 5448 repetitione
3003 5389 3250 5450 sequentis
3268 5391 3504 5447 adverbia
3531 5391 3738 5440 ridrliz‘rt.

2225 5463 2335 5496 mn.

2225 5463 2335 5498 1RD.
