4072 6186
218 300 326 350 853

1432 275 1475 327 Ε
1483 271 1785 328 PISTOLE
1838 263 1930 322 ET
1986 266 2330 324 DECRETA.

3421 259 3522 312 854

220 415 448 475 unicum
488 425 542 471 et
589 411 966 470 charissimum
1017 407 1185 461 tilium
1235 402 1597 474 praestolatur,
1647 402 1830 449 vestra
1856 390 2088 464 Aloque
2108 398 2453 447 commotam.
2488 389 2600 443 Nos
2621 387 2820 456 itaque,
2855 382 3160 439 serenitatis
3181 387 3376 436 vestra;
3399 395 3528 450 pre-

220 506 450 580 speciali
502 500 708 559 visione
757 499 1008 558 celeriter
1057 494 1401 566 perfruatur;
1449 485 1706 560 quoniam
1755 481 1819 546 si;

223 600 345 652 Deo
363 595 593 655 favente,
621 593 920 646 Romanum
943 579 1283 654 sumpseritis
1311 577 1618 648 imperium,
1643 571 1825 628 omnia

223 685 385 740 vobis
417 697 585 754 regna
616 680 858 747 subjecta
889 674 1134 729 existent.
1168 671 1308 723 Nam
1341 667 1383 720 si
1400 664 1630 736 pleniter
1659 661 1826 715 scire-

225 775 294 828 tis
326 779 524 844 quanta
573 784 674 822 nos
703 765 940 836 undique
985 761 1148 823 mala,
1184 773 1302 828 quas
1339 770 1440 825 pro
1484 749 1824 806 multitudine

227 861 476 916 scribere
508 855 868 927 nequivimus,
903 849 1214 921 opprimunt
1239 853 1286 898 et
1325 841 1588 911 afﬂigunt,
1621 845 1824 892 tantum

223 950 280 1004 in
313 957 495 1003 vestra
547 942 926 1015 cognoscimus
973 935 1240 1007 sapientia
1272 930 1413 1002 quod
1444 945 1542 999 per
1589 934 1826 980 vestram

227 1033 656 1107 magnitudinem
684 1032 792 1098 jam
825 1039 1170 1082 maneremus
1217 1018 1446 1075 defensi.
1481 1017 1626 1070 Deus
1657 1023 1708 1066 te
1737 1012 1824 1064 in-

229 1125 504 1182 columem
535 1116 819 1183 custodiat,
841 1112 1156 1172 charissime
1187 1108 1282 1162 iili.
1317 1109 1454 1161 Data
1475 1108 1538 1159 ut
1559 1119 1750 1173 supra.

889 1238 1163 1293 CCXLlll.

343 1349 413 1387 .\D
465 1347 738 1394 BASILIUM,
787 1339 1215 1381 CONSTANTINUM
1249 1336 1316 1375 ΕΤ
1345 1329 1719 1372 ΛΙΑΕΧΑΝῘΠΠῘΜ

841 1410 1245 1454 ιλιιιειιλτοιυεε.

867 1492 1047 1561 (Anno
1080 1485 1229 1538 879.)

237 1593 648 1661 Imperatorum
675 1577 1279 1661 precibus-com"totus,
1309 1573 1371 1624 ut
1402 1583 1518 1661 eam
1539 1565 1614 1618 sit
1635 1561 1829 1661 Epclﬁ-

305 1653 406 1715 sine
431 1630 1088 1721 (Ionstaregimpolitamr,
1143 1630 1432 1721 dispenso?
1473 1651 1610 1721 cun:
1636 1630 1831 1721 Ρζιοιέὶο

1925 495 2018 536 ces
2059 496 2301 552 congrua
2321 478 2531 534 ratione
2565 473 2925 540 admittentes,
2957 471 3084 544 quia
3103 478 3125 504 °
3141 469 3405 542 Ignatium
3425 467 3532 538 pia:

1926 568 2204 623 memoriae
2233 567 2600 638 patriarcham
2616 564 2686 618 de
2716 559 2971 633 praesenti
3001 559 3106 614 vita
3119 559 3230 627 jam
3260 555 3530 628 migrasse

1927 656 2332 728 cognoscimus,
2365 652 2622 723 temporis
2650 651 2860 706 ratione
2897 653 3205 719 perspecta,
3236 645 3340 700 hoc
3367 642 3533 697 modo

1927 744 2271 800 decernimus
2301 742 2370 796 ad
2401 740 2611 795 veniam
2635 737 2907 809 pertinere
2935 734 3082 806 quod
3112 748 3286 803 nuper
3313 731 3382 786 de
3411 730 3532 800 ipso

1927 831 2136 898 Photio,
2160 831 2283 884 licet
2297 829 2412 899 ipse
2438 829 2644 898 absque
2655 825 2903 881 consultu
2921 821 3068 877 sedis
3079 827 3280 875 nostra
3292 817 3528 872 officium

1927 919 2030 973 sibi
2051 919 2390 972 interdictum
2424 913 2765 984 usurpaverit
2784 911 2828 976 ἀ,
2852 919 3067 983 gestum
3095 913 3302 964 constat
3337 901 3526 960 fuisse.

2000 1026 2112 1078 Nos
2165 1022 2378 1078 statutis
2428 1019 2741 1090 apostolicis
2784 1033 2894 1072 non
2940 1013 3374 1085 prmjudicantes,
3426 1025 3527 1064 nec

1929 1115 2214 1167 beatorum
2261 1113 2474 1164 Patrum
2514 1107 2731 1179 regulas
2780 1105 3128 1168 resolventes,
3180 1100 3310 1170 quin
3352 1097 3530 1168 potius

1929 1199 2316 1270 multiplicibus
2355 1212 2545 1250 earum
2590 1192 2997 1249 auctoritatibus
3027 1189 3168 1256 freti,
3203 1187 3294 1258 qui
3320 1185 3529 1241 Nicaani

1930 1288 2142 1344 concilii
2189 1284 2425 1356 capitulo
2457 1283 2697 1338 secundo
2743 1278 3085 1350 apertissime
3115 1275 3297 1331 dicunt
3330 1292 3343 1328 :
3377 1271 3530 1342 Quo—

1933 1376 2076 1430 niam
2107 1375 2264 1446 plura
2293 1381 2384 1428 aut
2414 1388 2513 1442 per
2556 1368 2957 1431 necessitatem,
2989 1373 3080 1420 aut
3107 1363 3238 1418 alias
3281 1361 3534 1433 cogenti-

1930 1465 2030 1519 bus
2060 1463 2390 1526 hominibus,
2440 1461 2706 1514 adversus
2754 1453 3178 1521 ecclesiasticam
3227 1450 3365 1505 facta
3409 1458 3533 1504 sunt

1931 1552 2198 1624 regulam.
2232 1550 2368 1603 Hinc
2389 1559 2440 1601 et
2471 1546 2724 1602 Gelasius
2754 1559 2894 1614 papa
2917 1541 3066 1606 dicit,
3097 1539 3241 1610 quod
3263 1537 3355 1591 ubi
3383 1536 3534 1591 nulla

1931 1647 2187 1711 perurget
2257 1635 2574 1698 necessitas,
2647 1631 2934 1688 constituta
2989 1630 3210 1683 Patrum
3283 1623 3536 1679 inviolata

309 1731 454 1785 uti”
479 1701 1832 1798 ίηέιίιίῖέ’φστῗνηβοηδξάηιίέάορθζίὶίέζῖἷιῖἔξεξίίῖῖὶίξθ
1861 1701 2216 1795 Bservcntur
2235 1734 2274 1778 ε.
2306 1726 2373 1778 Et
2403 1730 2621 1776 sanctus
2667 1720 2773 1774 Leo
2820 1718 3012 1772 eodem
3057 1713 3246 1784 spiritu
3293 1710 3540 1782 praecipit

308 1771 635 1874 patriarcha
659 1793 1004 1874 subrogatum
1025 1771 1374 1874 st'qtucpslnc
1393 1778 1652 1860 deinceps
1673 1788 1740 1843 qu
1750 1771 1829 1824 is—

307 1847 477 1943 iluam
494 1869 562 1923 ad
579 1847 1022 1943 patri/ircimlcm
1049 1847 1540 1943 (ilign‘itat‘ci'nunisé
1569 1859 1670 1928 per
1698 1857 1830 1943 pra-

307 1914 412 1996 (llus
450 1914 855 1994 ecclesiasticos
881 1914 1225 1985 asccnildfnt:
1267 1921 1425 1992 jubet
1445 1914 1832 1996 patriarchae:

312 2005 1003 2076 Constantinopolilanmn
1037 1980 1407 2076 ριιζρίινὸνιιζῃ.
1440 1980 1834 2076 ἆὶωσεείηιδιις

313 2081 573 2137 ΕεΰῘΓδῖίΡ
594 2053 854 2132 [intimam
865 2053 1262 2142 jurisdi_cti:one
1284 2061 1620 2142 relinquere,
1645 2053 1835 2142 manet

311 2168 506 2207 omnes
563 2152 625 2202 ut
670 2122 1294 2218 patriarchdebitum
1350 2122 1622 2202 praestent
1657 2122 1834 2204 .obsc-

311 2224 505 2294 quium
533 2240 550 2274 :
579 2193 835 2294 prlicisz
873 2216 941 2294 ut
971 2210 1042 2294 (id
1078 2193 1363 2294 liccleosirtl':
1383 2193 1834 2294 cpn‘tmunioncgn

311 2261 403 2348 :03
425 2293 520 2362 qui
541 2261 865 2343 arfilcthc‘idio
887 2286 944 2336 ct
970 2277 1192 2362 .Ignatio
1230 2271 1450 2354 initiati
1465 2267 1721 2362 fugati},
1746 2261 1840 2314 ad-

313 2335 575 2418 miti’anf:
614 2335 1075 2411 meommztnicuat
1099 2348 1225 2402 illos
1249 2343 1344 2415 qui
1365 2335 1494 2394 cum
1516 2335 1710 2390 Photio
1733 2348 1836 2386 n0-

315 2433 536 2488 hu’rint
559 2425 998 2484 communicare.

314 2516 695 2576 Dilectissimis
726 2528 790 2566 ac
811 2503 1279 2565 excellentissimis
1311 2493 1683 2570 spiritualibus
1714 2487 1839 2542 iiliis

241 2609 446 2664 nostris
468 2608 710 2668 Btsmo,
739 2603 1136 2654 CONSTANTINO
1169 2601 1220 2645 et
1251 2593 1610 2644 Awmxnno,
1635 2576 1840 2648 glorio-

243 2695 476 2754 sissimis
501 2687 926 2762 imperatoribus
958 2698 1177 2752 semper
1207 2675 1484 2748 Augustis.

313 2787 510 2838 1'Inter
565 2781 741 2835 claras
817 2772 1095 2844 sapientia:
1150 2759 1582 2822 mansuetudinis
1650 2761 1843 2808 vestrae

243 2874 456 2936 laudes,
508 2887 541 2924 ο
588 2859 1033 2922 Christianissimi
1088 2855 1382 2927 principes,
1446 2843 1665 2916 aliquod
1721 2854 1842 2895 cum

245 2963 465 3034 puriore
497 2959 617 3012 luce
649 2968 872 3008 summa)
894 2945 1198 3002 devotionis
1229 2943 1408 2994 lumen
1440 2937 1604 3004 longe
1632 2930 1844 2998 lateque

249 3015 580 3120 iesplendet,
615 3042 758 3114 quod
784 3053 970 3094 amore
992 3034 1136 3098 ﬁdei,
1170 3029 1314 3102 quod
1338 3021 1614 3080 charitatis
1643 3015 1842 3078 studio,

247 3135 554 3207 disciplinis
597 3126 977 3186 ecclesiasticis
1009 3121 1207 3187 edocti,
1259 3117 1516 3170 Romanae
1543 3107 1660 3162 sedi
1687 3119 1850 3158 reve-

249 3227 488 3282 rentiam
519 3215 670 3275 more
703 3216 1174 3287 przedecessorum
1222 3212 1528 3260 vestrorum
1573 3193 1852 3266 piissimo-

251 3331 373 3370 rum
402 3313 791 3381 imperatorum
833 3297 1186 3359 conservatis,
1221 3302 1272 3347 et
1304 3291 1421 3359 ejus
1452 3293 1646 3341 cuncta
1679 3279 1850 3346 subji-

251 3399 421 3459 citis"
455 3377 761 3452 auctoritati
793 3410 805 3445 ε
842 3391 910 3444 ad
931 3387 1082 3456 cujus
1126 3389 1422 3441 auctorem,
1454 3377 1559 3428 hoc
1603 3377 1683 3424 est
1719 3381 1853 3437 apo-

252 3491 524 3546 stolorum
547 3482 788 3540 omnium
803 3476 1129 3549 principem,
1150 3469 1378 3524 Domino
1409 3465 1684 3533 loquente,
1710 3471 1855 3526 pra:-

255 3587 475 3648 ceptum
506 3581 586 3626 est
611 3590 623 3626 :
651 3574 822 3625 Pasce
844 3581 968 3621 oves
988 3578 1140 3616 meas
1159 3561 1341 3627 (Joan.
1379 3550 1520 3617 XXI).
1541 3547 1717 3615 Quam
1736 3557 1857 3596 esse

255 3682 388 3723 vere
438 3661 676 3717 omnium
721 3653 1088 3711 licclesiarum
1134 3647 1230 3701 Dei
1274 3649 1434 3712 caput
1484 3646 1535 3692 et
1577 3636 1858 3688 beatorum

261 3757 479 3809 Patrum
512 3746 798 3820 prtecipuae
835 3739 1063 3812 regulm,
1105 3743 1156 3789 et
1186 3730 1610 3787 orthodoxorum
1654 3717 1858 3791 princi—

259 3858 388 3914 pum
438 3845 633 3892 statuta
673 3832 971 3890 declarant,
1005 3835 1057 3880 et
1099 3821 1315 3894 pietatis
1360 3823 1556 3872 vestra?
1601 3822 1860 3863 reveren-

260 3928 472 3984 dissimi
517 3924 694 3994 apices
739 3923 1074 3973 attestantur.
1123 3907 1268 3964 Nihil
1302 3914 1380 3959 est
1413 3901 1554 3955 enim
1599 3896 1743 3968 quod
1775 3893 1862 3946 lu-

262 4019 409 4072 mine
441 4014 670 4068 clariore
701 4005 1037 4078 prmiulgeat,
1084 4013 1242 4069 quam
1273 3993 1361 4063 pia
1391 3987 1608 4044 devotio
1639 3993 1691 4038 et
1723 3988 1864 4035 recta

264 4106 402 4160 ﬁdes
433 4104 486 4156 in
530 4097 794 4170 principe.
828 4095 890 4146 Et
923 4089 1050 4162 quia
1088 4081 1348 4156 pontiﬁcii
1393 4075 1562 4132 nostri
1603 4085 1864 4126 reveren—

265 4195 398 4248 tiam
425 4193 531 4243 hoc
563 4186 759 4240 ardore
791 4179 1007 4238 mentis,
1054 4177 1154 4227 hoc
1188 4166 1470 4240 religionis
1501 4160 1679 4216 studio
1711 4158 1866 4210 lucu-

268 4283 446 4336 lenter
503 4274 694 4331 vestris
759 4265 1032 4323 melliiluis
1089 4259 1282 4314 litteris
1349 4251 1585 4307 exoratis
1654 4247 1705 4299 id
1771 4257 1870 4296 nos

273 4369 485 4423 ratione
517 4379 613 4416 seu
645 4356 905 4427 temporis
929 4349 1252 4406 necessitate
1285 4346 1546 4412 inspecta,
1573 4351 1696 4389 cum
1727 4330 1873 4384 sedis

1881 3079 1932 3140 Ο

1933 1815 2288 1871 omittendum
2347 1827 2468 1865 esse
2513 1819 2566 1863 et
2611 1805 2939 1876 inculpabile
2988 1799 3344 1872 judicandum
3391 1797 3536 1869 quod

1934 1903 2236 1958 necessitas
2281 1898 2476 1953 intulit.
2537 1896 2667 1950 Inde
2711 1903 2764 1948 et
2806 1891 2952 1946 Feiix
2999 1888 3221 1960 prmsul,
3279 1887 3542 1942 decessor

1935 2001 2141 2056 noster,
2175 1989 2228 2042 in
2261 2004 2353 2042 sua
2385 1983 2643 2040 decretali
2667 1980 2896 2052 epistola
2935 1993 3069 2033 voce
3099 1989 3341 2031 consona
3387 1973 3541 2036 dicit,

1937 2080 2095 2134 aliter
2126 2075 2458 2131 tractandam
2507 2087 2628 2126 esse
2670 2066 3014 2124 necessitatis
3061 2063 3325 2118 rationem
3353 2069 3407 2114 et
3435 2058 3542 2113 ali-

1938 2178 2020 2222 ter
2049 2163 2354 2220 voluntatis.
2408 2161 2536 2215 lnde
2567 2159 2730 2214 etiam
2779 2161 3023 2209 sanctum
3069 2148 3357 2206 concilium
3395 2145 3543 2218 apud

1939 2255 2176 2310 Africam
2227 2259 2438 2322 gestum
2477 2245 2714 2316 capitulo
2763 2241 3037 2297 tricesimo
3079 2237 3265 2310 quinto
3306 2235 3462 2304 jubet
3486 2240 3545 2287 ut

1940 2341 2122 2399 clerici
2172 2321 2574 2394 Denatistarum
2619 2335 2674 2386 in
2703 2329 2968 2394 Ecclesia,
3017 2334 3241 2398 propter
3284 2321 3550 2378 Ecclesiae

1941 2446 2133 2502 pacem
2165 2437 2217 2481 et
2263 2425 2567 2486 utilitatem,
2602 2421 2647 2474 si
2678 2427 2927 2475 correcto
2971 2413 3203 2471 concilio
3241 2411 3309 2466 ad
3356 2409 3550 2466 catho-

1943 2519 2102 2574 licam
2144 2515 2402 2570 unitatem
2431 2511 2664 2564 transire
2706 2505 2997 2572 voluerint,
3031 2502 3076 2556 si
3105 2501 3208 2556 hoc
3237 2499 3358 2570 paci
3387 2496 3551 2551 Chri-
3579 2544 3584 2548 .

1946 2607 2135 2660 stiante
2176 2601 2436 2672 prodesse
2467 2598 2644 2651 visum
2689 2593 2868 2656 fuerit,
2903 2592 2954 2646 in
2986 2589 3099 2645 suis
3127 2585 3426 2642 honoribus
3451 2599 3550 2637 su-

1946 2693 2266 2762 scipiantur,
2315 2703 2426 2742 non
2453 2693 2508 2740 ut
2548 2682 2837 2740 concilium
2881 2679 3024 2750 quod
3073 2677 3130 2730 in
3177 2669 3554 2728 transmarinis

1946 2760 2184 2852 partibus
2230 2778 2299 2830 de
2346 2777 2448 2829 hac
2480 2789 2539 2826 re
2569 2771 2769 2826 factum
2812 2777 2913 2832 est,
2963 2763 3312 2826 dissolvatur,
3345 2760 3402 2814 in
3449 2772 3556 2829 quo

1947 2848 2198 2923 videlicet
2249 2861 2479 2919 concilio
2526 2866 2780 2913 statutum
2831 2862 2912 2910 est
2941 2863 2999 2907 ut
3042 2849 3276 2906 ordinati
3306 2848 3361 2902 in
3401 2853 3560 2917 parte

1949 2954 2164 3014 Donati,
2199 2952 2242 3005 si
2273 2951 2342 3004 ad
2375 2947 2692 3008 catholicam
2741 2951 2951 3014 partem
2983 2938 3212 2994 transire
3268 2932 3559 2994 voluerint,

1951 3060 2060 3098 non
2109 3039 2472 3110 suscipiantur
2497 3037 2553 3089 in
2601 3032 2896 3088 honoribus
2943 3028 3076 3084 suis.
3130 3027 3209 3080 De
3249 3025 3356 3078 hoc
3398 3021 3576 3076 etiam.

1953 3133 2150 3186 beatus
2169 3109 2311 3199 papa
2341 3123 2688 3180 Innocentius
2707 3119 2838 3176 dicit
2853 3116 3088 3188 capitulo
3109 3109 3565 3185 quinquagesimo

1955 3219 2142 3292 quinto
2172 3197 2364 3285 reptat.
2400 3215 2510 3280 :27),
2543 3209 2686 3282 quod
2708 3209 2742 3261 ii
2777 3207 2868 3278 qui
2897 3220 2930 3258 a
2959 3205 3174 3258 Bonoso
3195 3197 3450 3254 haaretico
3481 3210 3563 3249 or-

1956 3283 2126 3361 dinati
2177 3283 2318 3366 sunt,
2365 3307 2655 3370 propterea
2703 3295 2809 3348 sint
2852 3290 3076 3360 recepti,
3127 3303 3196 3341 ne
3245 3283 3562 3341 scandalum

1959 3399 2260 3448 remaneret
2290 3386 2570 3444 Ecclesiae.

2027 3500 2182 3552 Nunc
2211 3497 2391 3565 itaque
2439 3491 2561 3545 aliis
2591 3485 2936 3559 patriarchis,
2989 3478 3356 3536 Alexandrino
3402 3475 3562 3530 vide-

1958 3588 2083 3641 licet
2113 3593 2164 3638 et
2195 3561 2532 3638 Antiocheno
2563 3586 2614 3632 et
2644 3571 3122 3642 Jerosolymitano,
3173 3573 3337 3636 atque
3383 3561 3566 3618 omni-

1961 3676 2062 3729 bus
2093 3666 2539 3740 archiepiscopis,
2584 3659 2958 3731 metropolitis,
2994 3654 3264 3726 episcopis
3295 3659 3348 3707 et
3378 3665 3568 3704 sacer-

1963 3762 2200 3824 dotibus,
2232 3736 2536 3825 cunctoque
2565 3753 2710 3806 clero
2741 3740 3345 3812 Constantinopolitanae
3390 3736 3558 3799 sedis,

1965 3849 2054 3921 qui
2087 3849 2153 3902 de
2176 3821 2517 3900 ordinatione
2540 3841 2714 3894 beatae
2731 3833 3007 3890 memoriae
3025 3826 3280 3884 Methodii
3299 3833 3351 3880 et
3375 3821 3568 3895 Ignatii

1965 3933 2545 3992 reverendissimorum
2585 3924 3015 3997 patriarcharum
3045 3916 3296 3982 existunt,
3329 3925 3436 3966 una
3465 3924 3566 3964 vo-

1966 4027 2208 4084 luntate,
2276 4019 2504 4090 parique
2557 4023 2682 4075 voto
2753 4003 3250 4067 consentientibus,
3319 3997 3569 4053 eumdem

1969 4112 2214 4168 Photium
2264 4103 2642 4162 satisfaciendo
2677 4103 2715 4165 τ,
2764 4091 3195 4152 misericordiam
3242 4102 3426 4144 coram
3474 4101 3571 4154 sy-

1972 4201 2114 4254 nodo
2146 4197 2439 4252 secundum
2472 4187 2916 4246 consuetudinem
2949 4179 3328 4252 postulantem,
3361 4174 3416 4228 in
3443 4187 3574 4228 vera

1972 4285 2259 4341 dilectione
2311 4282 2548 4340 fratrem,
2601 4276 2655 4328 in
2700 4267 2993 4342 pontificali
3060 4263 3238 4319 oﬁ‘icio
3282 4260 3573 4317 commini-

2005 4383 2146 4427 trum
2195 4372 2381 4438 (atque
2441 4379 2618 4419 coram
2675 4357 2884 4428 synodo
2942 4348 3375 4407 misericordiam
3431 4361 3578 4416 qua-

274 4391 613 4461 muuﬂtfw
646 4391 1252 4468 murum‘;:‘:;"'“‘“‘
1286 4391 1414 4466 ’ξι-ι’
1454 4391 1464 4393 ··
1539 4391 1545 4398 ’
1617 4421 1681 4474 '1
1762 4427 1778 4470 ι
1819 4425 1835 4469 ι
1975 4391 2146 4427 srrum
2195 4391 2381 4438 latque
2441 4391 2618 4419 υυηιιιι
2675 4391 2884 4428 quin...
2943 4391 3375 4407 ...ωνηννημωη
3433 4391 3550 4416 γη

274 4453 590 4527 apostolica?
633 4448 790 4502 nobis
837 4453 1140 4527 conmissa!
1185 4445 1454 4489 conscnsu
1499 4433 1552 4478 et
1597 4437 1663 4477 \o
1689 4437 1756 4472 un
1785 4433 1816 4470 a
1842 4432 1871 4469 e
1899 4423 1951 4482 ι)
1977 4460 2169 4526 rendo)
2209 4457 2260 4509 in
2307 4450 2562 4524 pastorali
2600 4443 2916 4517 magisterio
2964 4436 3432 4497 consacerdotem,
3477 4447 3578 4503 pro

2153 4491 2169 4526 Α)
2210 4491 2260 4509 |Il
2308 4491 2562 4524 IluUUVIUI.
2600 4491 2723 4517 ..ι-.-Ο

279 4526 547 4616 perﬁcere
570 4538 689 4605 jure
721 4529 1020 4602 apostolico
1051 4526 1229 4578 decet.

353 4630 526 4702 igitur
572 4621 780 4695 petistis
811 4636 843 4674 a
873 4616 1030 4672 nobis
1077 4619 1360 4684 quatenus,
1408 4603 1536 4656 sede
1583 4593 1882 4667 apostolica

1134 4699 1142 4702 _
1396 4692 1406 4702 ,
1642 4681 1843 4702 ήκω-πη

355 4681 410 4702 'O
573 4681 588 4695 ι
1099 4681 1109 4684 -

277 4735 392 4772 sum
421 4714 692 4787 pandente
721 4709 928 4761 viscera
963 4699 1198 4773 pietatis,
1254 4692 1500 4748 l’hotium
1533 4681 1879 4740 reverendis-

1285 4783 1295 4787 ‘
1549 4777 1558 4786 '
1739 4786 1744 4787 γ
1761 4769 1781 4787 j
1797 4766 1877 4787 ,ΑΞΞ

421 4766 486 4787 ι---
966 4766 979 4773 _

281 4809 482 4861 simum
515 4803 565 4855 in
597 4797 992 4869 patriarchatus
1023 4791 1248 4850 honore,
1284 4783 1337 4855 in
1370 4777 1561 4834 summi
1594 4766 1882 4826 sacerdotii

280 4893 547 4965 dignitate
576 4897 626 4942 et
659 4888 711 4939 in
743 4877 1096 4938 ecclesiastici
1125 4871 1338 4941 collegii
1365 4867 1622 4922 societate
1667 4858 1882 4926 recipe-

285 4997 492 5038 remus,
539 4984 848 5042 nostrmque
880 4961 1276 5021 communionis
1323 4953 1642 5026 participem
1673 4948 1883 5000 facere-

283 5088 430 5129 mus,
465 5083 532 5120 ne
563 5060 864 5118 Ecclesium
901 5055 1014 5117 Dei,
1052 5049 1324 5116 lantojam
1371 5054 1614 5110 tempore
1665 5043 1883 5106 pertur-

288 5161 495 5218 batam,
529 5161 836 5223 pateremur
865 5143 1092 5213 amplius
1135 5151 1356 5191 manere
1385 5129 1614 5183 divisam
1649 5121 1885 5177 scanda-

360 5287 385 5312 ³
433 5283 546 5330 "me
593 5275 791 5338 epistola
839 5285 867 5320 a
915 5267 1086 5338 Photio
1145 5269 1220 5338 est
1274 5257 1518 5338 corrupta,
1582 5251 1730 5324 locis.
1763 5245 1889 5338 intra

293 5313 752 5409 desigliiabtis."\l'ide
801 5313 1124 5388 notaui-Sev.
1173 5328 1276 5376 ltin.
1329 5323 1390 5372 ad
1423 5313 1606 5368 calcem
1658 5313 1892 5376 cpistoltr,

363 5398 536 5482 b‘lsta
585 5429 642 5478 de
683 5421 971 5474 auctoritate
1023 5417 1253 5465 Romana:
1304 5405 1533 5458 Ecclesitc
1588 5399 1788 5450 Photius
1844 5398 1892 5446 in

297 5514 388 5552 sua
416 5495 736 5548 translatione
762 5501 855 5538 non
884 5483 1060 5552 posuit.

371 5539 388 5592 ί
419 5539 820 5620 'sbiié'd'igaiam
845 5539 1040 5620 sustulit
1062 5543 1285 5620 Photius,
1312 5539 1406 5588 alii
1431 5541 1669 5620 (incitans.

371 5632 393 5662 ι’
849 5599 1279 5667 ἷῆηςοηῑηινὶυπῐ
1312 5615 1507 5655 sensum
1565 5599 1784 5654 Photius,
1846 5601 1899 5644 ut

1977 4519 2240 4602 Ecclesiae
2287 4518 2385 4594 ﬁci
2416 4553 2548 4608 pace
2583 4543 2634 4590 et
2665 4531 2910 4598 utilitate,
2959 4525 3176 4588 amodo,
3227 4521 3446 4576 Christo
3493 4518 3577 4574 fa-

1981 4640 2154 4694 vente,
2189 4627 2482 4696 recipimus
2511 4631 2564 4677 et
2591 4620 2871 4675 habemus.

2051 4745 2186 4814 Quia
2217 4751 2264 4796 et
2296 4757 2392 4795 vos
2425 4731 2871 4794 Christianissimi
2917 4729 3276 4798 imperatores
3325 4720 3578 4792 Augusti,

1983 4833 2072 4905 qui
2102 4839 2300 4885 sancta:
2330 4825 2644 4897 reipublicae
2675 4815 3100 4877 clementissimo
3147 4809 3344 4866 affectu
3373 4807 3582 4879 guber-

1983 4895 2124 4976 natis
2171 4895 2478 4988 imperium,
2511 4928 2612 4983 pro
2651 4907 2866 4963 Christo
2915 4901 3068 4974 fungi
3115 4899 3388 4972 legatione
3435 4895 3587 4950 vide-

1984 5008 2113 5064 mini
2147 5006 2224 5076 (ΙΙ
2249 4983 2373 5061 Cor.
2411 5007 2488 5068 v).
2535 5000 2665 5053 dum
2695 5010 2796 5066 pro
2825 5008 2958 5064 pace
2991 4987 3194 5060 rogatis
3222 4983 3502 5047 Ecclesiae,
3538 4989 3591 5036 et

1988 5113 2087 5151 nos
2119 5094 2335 5166 quibus,
2371 5087 2665 5144 secundum
2701 5079 3015 5152 Apostolum
3044 5074 3282 5130 omnium
3313 5069 3588 5127 Ecclesia-

1989 5224 2086 5271 vim
2149 5231 2344 5279 passum
2392 5228 2443 5264 se
2485 5210 2726 5273 recepisse
2775 5209 2899 5256 hanc
2959 5201 3122 5253 sedem
3167 5199 3230 5248 ab
3275 5190 3588 5258 imperatori-

1990 5289 2080 5383 bu:
2103 5287 2356 5404 (iliceizisius,
2405 5357 2482 5408 cp.
2525 5343 2556 5392 6
2594 5362 2605 5391 :
2644 5337 2962 5392 Necessitatis
3017 5339 3230 5393 tempore
3295 5327 3451 5377 locum
3495 5325 3590 5374 Ιιιιο

1994 5423 2076 5470 bet
2101 5414 2424 5472 dispensatio.

2063 5505 2076 5539 ί
2116 5500 2291 5554 Omnia
2353 5499 2446 5546 ista
2493 5494 2672 5545 delevit
2717 5489 2936 5548 Photius,
2999 5484 3058 5535 de
3110 5480 3253 5532 venia
3301 5488 3464 5530 coram
3510 5487 3592 5538 sy-

2000 5589 2122 5641 nodo
2143 5584 2368 5652 petenda.
