4072 6186
305 247 408 298 8ὃ7

1505 241 1855 295 erismae
1915 199 2016 293 ΕΤ.
2055 239 2394 294 oausam.

3499 237 3602 289 $58

312 368 390 422 ita
421 375 475 421 et
513 367 601 420 isti
630 365 721 437 qui
752 366 821 419 ad
851 366 1112 419 unitatem
1169 377 1219 419 et
1279 364 1590 418 societatem
1647 363 1909 418 Ecclesiae
1939 368 1994 424 Α
2087 362 2194 437 Sed
2226 377 2484 437 quorsum
2535 363 2644 415 iure
2687 378 2808 437 ipse
2837 361 2862 413 ἶ)
2900 361 3068 437 dices.
3131 358 3302 437 Voluit
3344 361 3606 415 scelestus

321 454 426 510 Dei
454 462 507 510 et
536 453 785 524 corporis
813 452 1012 508 Christi
1044 453 1325 515 redierint,
1355 462 1406 508 et
1439 453 1492 506 id
1524 453 1698 522 ipsum
1732 452 1912 506 dicen-

323 553 409 598 tes
438 541 774 614 perfectique
807 542 1100 596 existentes
1129 542 1184 596 in
1215 542 1406 596 eodem
1437 558 1622 604 sensu,
1643 541 1697 592 in
1728 540 1919 594 eadem

327 631 574 697 scientia,
621 647 762 685 unus
792 646 925 700 grex
980 629 1295 694 eﬁiciantur,
1331 638 1382 684 et
1412 646 1548 684 unus
1583 637 1784 700 pastor,
1821 644 1921 683 nec

320 719 560 774 audeant
602 719 834 790 amplius
881 718 1068 774 dicere
1097 735 1109 773 :
1144 721 1251 789 Ego
1282 719 1504 791 quidem
1536 735 1664 773 sum
1704 717 1918 789 Cepha',

327 825 428 880 ego
454 809 638 872 Pauli,
679 823 772 877 ego
823 811 1015 862 autem
1046 809 1277 879 lippollo
1317 808 1368 877 (Ι
1399 808 1517 863 Cor.
1549 806 1732 871 1),sed
1765 804 1924 858 unius

327 895 528 950 Christi
557 895 666 950 veri
696 895 797 950 Dei
834 895 1024 960 noStri,
1072 896 1164 966 qui
1223 903 1303 948 est
1336 910 1438 964 pax
1497 902 1684 948 nostra
1717 901 1768 947 et
1799 891 1925 948 fecit

325 991 559 1053 utraque
587 999 774 1052 unum,
807 983 1137 1054 veniensque
1166 983 1404 1038 coelestia
1426 998 1548 1037 cum
1572 982 1803 1036 terrenis
1824 997 1922 1052 pa-

322 1069 545 1127 ciﬁcare
575 1072 831 1143 dignatus
863 1079 963 1125 est.
1005 1073 1107 1140 Qui
1139 1071 1346 1126 idcirco
1367 1072 1539 1126 semel
1564 1087 1662 1140 pro
1677 1071 1925 1142 peccatis

325 1161 539 1216 nostris
566 1164 822 1215 mortuus
859 1163 963 1225 est,
1011 1163 1076 1213 ut
1113 1161 1262 1227 ﬁlios
1311 1161 1409 1213 Dei
1457 1160 1551 1230 qui
1611 1163 1778 1213 erant
1806 1159 1925 1212 dis-

327 1249 502 1318 persi,
559 1251 921 1318 congregaret
967 1249 1027 1301 in
1082 1264 1255 1302 unum
1305 1249 1596 1316 (Icarum,
1648 1249 1757 1314 52).
1811 1247 1928 1300 Nec

327 1335 478 1390 enim
506 1335 701 1406 poterit
735 1335 952 1389 unitatis
1013 1351 1200 1389 eorum
1250 1333 1406 1388 ﬁrma
1455 1351 1578 1390 esse.
1637 1351 1923 1404 compago,

327 1423 437 1478 nisi
469 1439 564 1478 eos
593 1423 663 1478 ad
690 1423 1115 1494 inseparabilem
1137 1423 1462 1478 soliditatem
1491 1423 1766 1478 vinculum
1799 1424 1927 1477 cha-

325 1511 503 1566 ritatis
530 1511 833 1566 astrinxerit
869 1529 882 1564 :
933 1520 1221 1582 quatenus,
1284 1512 1398 1565 Deo
1449 1511 1684 1575 favente,
1721 1511 1928 1581 absque

329 1600 480 1654 omni
508 1599 938 1670 perturbatione,
996 1599 1150 1653 vobis
1188 1599 1539 1670 regnantibus
1597 1599 1729 1653 salvi
1761 1607 1810 1652 et
1845 1616 1928 1651 se-

330 1688 448 1742 curi
486 1688 861 1758 persistentes,
897 1704 997 1758 pro
1026 1688 1199 1742 salute
1229 1697 1409 1741 vestra
1439 1695 1490 1740 et
1518 1703 1615 1756 pro
1647 1695 1788 1741 statu
1821 1687 1928 1740 rei-

329 1775 569 1846 publicae
590 1775 815 1845 jugibus
842 1791 1062 1845 semper
1093 1775 1229 1830 votis
1259 1775 1551 1830 Dominum
1577 1775 1792 1830 valeant
1825 1776 1926 1830 de-

329 1879 568 1934 precari.

406 1953 564 2022 Quod
599 1953 643 2006 si
671 1951 811 2007 forte
841 1952 1059 2024 quidam
1089 1936 1414 2007 exstiterint,
1450 1969 1571 2008 cum
1602 1953 1796 2007 eodem
1827 1969 1953 2022 pa-,

333 2042 578 2097 triarcha
617 2041 1020 2097 communicare
1071 2043 1347 2108 nolentes,
1397 2043 1789 2096 admoneamur
1835 2059 1926 2095 se-

333 2131 516 2187 cundo
546 2138 599 2184 et
633 2129 786 2185 tertio
816 2137 872 2183 ut
904 2139 1104 2184 sanctze
1159 2131 1421 2186 Ecclesiae
1453 2148 1510 2184 se
1542 2131 1692 2184 uuire
1721 2146 1926 2200 procu-

332 2226 474 2273 rent.
508 2217 667 2287 Quod
697 2218 742 2272 si
771 2217 1092 2288 acquiscere
1123 2219 1412 2288 uoluerint,
1445 2219 1497 2272 in
1520 2234 1617 2274 sua
1637 2219 1928 2289 pertinacia

331 2321 558 2360 manere
589 2305 853 2373 volentes,
888 2322 1042 2362 sacra
1083 2323 1177 2360 eos
1225 2307 1626 2372 communione,
1679 2307 1760 2359 his
1791 2323 1929 2376 prte-

333 2395 584 2450 sentibus
639 2395 823 2449 missis
851 2395 1053 2450 nostris
1111 2412 1214 2449 una
1261 2412 1384 2450 cum
1432 2396 1641 2466 synodo
1665 2395 1930 2464 jussimus

332 2485 568 2554 privare,
603 2499 887 2554 quousque
915 2483 986 2537 ad
1030 2501 1190 2537 suum
1221 2484 1441 2538 redeant
1480 2484 1848 2554 patriarcham
1877 2492 1928 2537 et

334 2571 410 2625 ad
453 2579 657 2626 sanctae
697 2571 963 2628 Ecclesia:
1017 2571 1297 2640 unitatem,
1359 2588 1480 2628 cum
1513 2572 1786 2643 praecipue
1826 2572 1929 2642 ipsi

331 2659 579 2731 episcopi
607 2675 637 2713 a
667 2660 822 2714 nobis
877 2660 982 2714 sint
1038 2661 1296 2715 canonice
1348 2660 1816 2715 excommunicati.
1863 2661 1931 2714 Et

331 2749 459 2803 ideo
491 2749 537 2802 si
566 2764 661 2804 eos
689 2749 744 2802 in
765 2749 1098 2804 consortium
1129 2765 1288 2803 suum
1309 2749 1591 2819 receperit,
1625 2749 1929 2820 aliquamve

333 2853 462 2891 cum
495 2837 575 2891 eis
624 2836 1061 2892 communionem
1105 2837 1375 2904 habuerit,
1427 2837 1931 2892 similimodocum-

331 2927 462 2980 dem
501 2925 858 2996 patriarcham
916 2941 1041 2980 cum
1070 2926 1202 2996 ipsis
1259 2926 1528 2996 episc0pis
1559 2927 1931 2980 ecclesiastica

333 3014 720 3070 communione
755 3014 1063 3084 judicamus
1086 3031 1212 3070 esse
1232 3014 1527 3085 privatum.
1577 3016 1712 3068 Data
1741 3031 1930 3068 mense

334 3105 586 3174 Augusto
612 3103 701 3158 die
737 3103 949 3159 decima
979 3111 1132 3159 sexta
1161 3111 1202 3173 ⁸,
1233 3103 1526 3158 indictione
1555 3103 1897 3158 duodecima.
1968 3091 2016 3152 C

416 3193 576 3247 Missa
608 3208 706 3262 per
733 3194 968 3248 Petrum
989 3193 1394 3264 presbyterum.

714 3305 1032 3344 ADNOTATIO
1092 3304 1155 3344 SE
1165 3305 1354 3344 VERINI
1418 3305 1576 3343 BIN".

339 3382 418 3434 De
456 3378 829 3450 praecede-nti:
873 3381 1124 3451 epistola:
1172 3398 1206 3434 (ι
1262 3379 1458 3434 Photio
1496 3377 1934 3433 (ulultcraiitme.

411 3465 533 3534 Qua
561 3466 846 3522 occasione
877 3467 1015 3522 hanc
1031 3467 1100 3522 de
1131 3467 1303 3520 Photii
1332 3465 1674 3520 absolutione
1705 3475 1755 3519 et
1785 3465 1935 3519 resti-

335 3537 546 3591 tutione
577 3537 860 3606 epistolam
893 3536 1134 3606 pontifex
1165 3537 1462 3607 scripserit,
1495 3536 1729 3590 diximus
1774 3552 1940 3606 supra

336 3608 396 3660 in
425 3607 568 3661 notis
599 3607 668 3662 ad
699 3607 873 3661 Vitam
900 3608 1123 3662 Joannis
1163 3623 1318 3676 papae
1349 3608 1489 3661 VIII.
1515 3607 1640 3660 Ilaec
1671 3607 1723 3660 in
1746 3607 1938 3661 codice

339 3677 606 3748 Vaticano
636 3678 949 3733 charactere
980 3679 1345 3748 Longobardo
1383 3686 1632 3742 exarato,
1653 3679 1939 3748 atquejam

342 3749 484 3802 haud
499 3747 730 3818 pridem,
755 3749 851 3802 sed
873 3747 1133 3802 mendose
1155 3749 1417 3812 nonnihil,
1437 3763 1586 3810 cuso,
1613 3749 1814 3817 scripta
1835 3757 1936 3802 est.

416 3818 642 3872 Summa
665 3818 826 3888 plane
859 3819 958 3873 Dei
979 3819 1318 3888 providentia
1357 3819 1556 3874 factum
1588 3827 1668 3871 est
1701 3827 1756 3872 ut
1790 3819 1936 3885 ejus-

339 3888 492 3943 modi
521 3888 744 3959 Joannis
801 3889 919 3942 VIII
959 3904 1115 3958 papa:
1172 3889 1362 3943 littera:
1404 3889 1455 3942 in
1489 3897 1727 3944 nostrum
1768 3905 1938 3959 usque

341 3968 562 4030 tempus
591 3958 646 4012 in
675 3959 792 4026 ejus
840 3967 1079 4029 regesto,
1118 3959 1232 4014 sive
1263 3968 1317 4013 ut
1365 3959 1548 4014 dicunt
1590 3959 1768 4024 vulgo,
1801 3958 1941 4030 regi—

342 4037 456 4083 stro
484 4029 719 4100 integra:
742 4038 1106 4100 servarentur,
1154 4046 1255 4083 nec
1274 4030 1412 4084 sicut
1445 4029 1672 4084 aliorum
1703 4029 1939 4099 plurium

342 4097 660 4168 pontificum
688 4099 930 4169 epistola:
959 4100 1317 4169 perderentur
1349 4118 1361 4153 :
1409 4108 1464 4153 ut
1488 4118 1552 4154 ex
1575 4101 1657 4153 his
1680 4097 1842 4154 etiam
1874 4117 1938 4154 ex

341 4169 556 4240 Nicolai
579 4178 629 4223 et
658 4169 879 4224 Adriani
911 4170 1154 4240 epistolis
1169 4170 1390 4224 Photius
1418 4171 1615 4224 millies
1645 4171 1816 4240 possit
1850 4188 1938 4224 re-

341 4239 536 4311 dargui
557 4240 873 4309 impostura:
899 4249 952 4294 et
975 4239 1225 4311 falsitatis
1257 4240 1524 4295 convinci.
1568 4239 1659 4294 Ad
1695 4241 1940 4294 usitatam

341 4310 610 4380 impbstor
640 4318 818 4380 artem,
859 4310 1016 4364 rediit
1062 4310 1292 4365 falsandi
1339 4311 1547 4364 litteras
1577 4311 1940 4366 Romanorum

342 4380 681 4460 pontiﬁcum,
713 4388 764 4459 et
796 4379 1004 4460 fingere
1037 4396 1181 4460 nova
1222 4381 1441 4450 scripta,
1481 4397 1607 4460 nam
1625 4390 1842 4460 praeter
1871 4396 1938 4436 ea

341 4437 470 4522 quae
485 4451 608 4521 plus
638 4437 1040 4522 satisdei’ipso
1097 4451 1240 4506 dicta
1299 4437 1440 4504 sunt
1479 4452 1582 4505 sub
1625 4437 1854 4505 Nicolao
1885 4459 1938 4505 et
1968 4437 2019 4509 ί)

346 4521 584 4575 Adriano
639 4521 1001 4591 pontiﬁcibus,
1061 4523 1202 4575 etin
1231 4523 1439 4591 synodo
1495 4521 1785 4575 universali
1817 4530 1942 4574 sunt

341 4591 697 4660 proclamata,
731 4608 887 4647 novae
920 4608 1104 4645 rursus
1132 4593 1202 4646 ab
1233 4593 1525 4661 impostore
1554 4591 1801 4661 prodiere
1835 4591 1940 4645 fal-

343 4662 552 4725 sitates,
589 4669 644 4715 ut
673 4662 833 4732 plane
855 4663 1112 4718 acciderit
1141 4663 1208 4717 de
1239 4663 1323 4716 his
1351 4663 1572 4717 Joannis
1611 4677 1766 4731 papa:
1796 4662 1939 4716 litte-

344 4732 420 4785 ris
454 4733 598 4802 quod
620 4733 688 4786 de
719 4733 848 4793 suis,
881 4734 952 4788 ab
983 4734 1175 4788 eodem
1203 4733 1392 4788 Photio
1421 4732 1651 4797 falsatis,
1685 4732 1942 4787 Nicolaus

341 4803 395 4855 in
431 4802 663 4872 epistola
699 4803 766 4856 ad
819 4804 1134 4860 Michaelem
1193 4803 1575 4872 imperatorem
1657 4803 1938 4870 exclamat,

341 4889 468 4927 cum
497 4873 571 4926 ait
603 4889 615 4927 :
651 4876 736 4928 Ea:
768 4875 872 4938 his,
925 4874 1115 4944 inquit,
1178 4890 1299 4943 quia
1347 4875 1548 4928 ibidem
1597 4891 1670 4928 ex
1701 4892 1764 4928 ea
1799 4875 1939 4928 lecta

339 4947 500 5009 sunt,
534 4946 819 4999 nonnulla
848 4944 1065 5008 addita,
1110 4945 1293 4998 multa
1327 4949 1576 5008 mutata,
1606 4947 1777 5015 plura
1809 4945 1940 4999 sul)—

343 5018 534 5069 tracta
559 5016 948 5084 reperiuntur,
1001 5019 1054 5069 et
1086 5031 1186 5085 per
1214 5017 1406 5069 omnia
1458 5017 1588 5069 talis
1609 5033 1642 5068 α
1675 5016 1819 5069 nubis
1853 5017 1941 5083 ef-

339 5087 495 5155 fecta
525 5088 630 5166 est,
665 5089 730 5166 ult
756 5088 865 5166 aui.
895 5085 1066 5166 nihil,
1102 5089 1205 5166 aut
1228 5102 1449 5166 .p‘aru'm
1483 5085 1699 5166 aliquid
1725 5102 1824 5139 «nos
1840 5101 1944 5166 per

341 5154 470 5210 eam
500 5154 567 5209 de
596 5155 784 5210 crebro
811 5155 948 5209 dicti
970 5154 1352 5210 cormninii'tri
1381 5154 1942 5224 anatiidisposuisse

341 5241 518 5280 causa
575 5224 883 5280 videamur.
936 5227 1061 5279 llazc
1101 5233 1228 5280 tunc
1274 5225 1552 5289 Nicolaus,
1611 5241 1732 5294 qua:
1780 5225 1942 5278 etiam

339 5311 488 5373 nunc
515 5295 595 5373 ab,
616 5295 734 5373 ipso
765 5295 972 5373 Joanne
1007 5295 1298 5373 repetenda
1321 5303 1524 5373 essent,
1560 5294 1604 5347 si
1639 5294 1824 5373 vivens
1858 5295 1940 5348 vi-

339 5365 478 5418 dere
509 5365 1182 5436 potuisset,utNieolaus,
1238 5365 1510 5436 quomodo
1565 5380 1693 5436 suas
1747 5365 1942 5436 missas

341 5435 872 5504 Constantinopolim
905 5436 1111 5490 litteras
1143 5435 1363 5489 Photius
1392 5435 1656 5499 addendo,
1691 5435 1941 5488 minuen-

348 5506 424 5560 do
451 5514 614 5576 atque
653 5506 934 5574 mutando,
970 5507 1112 5560 male
1142 5505 1490 5577 pessimeque
1531 5505 1823 5560 habuisset.

412 5633 436 5659 ⁸
461 5631 607 5684 Deest
630 5631 679 5682 in
705 5631 916 5682 editione
939 5633 1180 5694 Romana,
1201 5633 1282 5683 die
1305 5632 1491 5683 decima
1515 5637 1674 5682 sexta.

413 5721 438 5755 δ
467 5713 639 5766 Fertne
708 5719 861 5766 totum
931 5716 1221 5780 principium
1277 5731 1304 5766 a
1354 5717 1524 5767 Photio
1565 5716 1872 5768 immutatum
1927 5731 1939 5776 ;

1958 1739 2011 1798 Β

2019 433 2168 504 quasi
2199 430 2263 486 ex
2293 434 2517 486 Joannis
2575 430 2729 504 papze
2776 432 2967 485 litteris
2998 446 3104 485 non
3137 430 3310 484 solum
3341 447 3488 484 suam
3515 446 3608 504 re-

2021 501 2352 558 stitutionem
2385 501 2593 557 ﬁrmam
2634 501 3052 573 roboratamque
3082 508 3408 573 monstrare,
3435 501 3532 554 sed
3561 510 3612 554 et

2023 573 2224 644 falsatis
2247 574 2354 628 illis
2384 574 2615 644 probare
2664 573 2827 627 etiam
2855 571 3176 644 auctoritate
3213 571 3455 644 ejusdem
3479 587 3612 640 pon-

2023 643 2181 699 tiﬁcis
2213 642 2462 699 octavam
2515 645 2781 714 synodum
2839 642 3226 698 (ectunenicam
3250 658 3371 714 esse
3400 642 3619 694 damna-

2025 723 2132 768 tam
2158 733 2172 779 ;
2205 715 2483 785 probatam
2517 713 2643 769 vero
2663 723 2936 769 recentem
2966 714 3036 767 ab
3055 714 3172 783 ipso
3201 713 3465 785 adversus
3494 727 3612 767 eam

2025 782 2486 855 ConstantinOpuli
2517 786 2879 848 celebratam;
2913 782 3268 854 octavamque
3299 782 3501 852 pariter
3521 798 3613 855 no-

2024 857 2278 910 minatam
2307 856 2360 909 in
2378 853 2684 910 abolitione
2731 856 2985 925 legitimae
3015 853 3216 910 octavae
3273 853 3619 925 (rcumenicae

2027 927 2128 980 sub
2159 927 2396 980 Adriano
2431 927 2684 996 pontiﬁce
2715 923 3020 982 celebrata).
3055 927 3134 979 Ex
3159 940 3265 996 quo
3282 923 3492 996 grande
3513 939 3620 996 ma-

2025 998 2138 1050 lum
2190 996 2322 1050 illud
2353 994 2533 1051 evenit
2564 1006 2619 1051 ut
2675 1013 2770 1068 pro
2801 1013 3062 1068 germana
3105 994 3318 1068 octava,
3351 1011 3381 1048 a
3410 994 3618 1068 Graecis

2028 1068 2281 1131 maxime,
2315 1077 2533 1137 accepta
2585 1069 2649 1121 sit
2677 1063 2932 1138 synodus
2964 1067 3222 1122 Photiana
3256 1085 3269 1130 ;
3315 1073 3369 1119 ut
3419 1063 3618 1119 factum

2027 1139 2167 1192 inter
2195 1138 2332 1191 alios
2363 1154 2395 1192 a
2425 1141 2632 1192 Zonara
2661 1137 2740 1192 est
2772 1139 2973 1204 videre,
3019 1137 3108 1208 qui
3139 1138 3190 1190 in
3225 1152 3319 1190 sua
3351 1151 3617 1190 canonum
3695 1161 3703 1166 -

2027 1210 2361 1264 collectione.-
2407 1217 2460 1263 et
2514 1209 2956 1279 interpretatione
3014 1207 3188 1279 posuit
3244 1207 3368 1262 loco
3416 1214 3620 1261 octavce

2029 1279 2380 1335 meumenicze
2412 1278 2676 1350 synodum
2706 1279 3021 1334 Photianam
3054 1278 3377 1350 sacrilegam
3413 1294 3425 1330 :
3459 1293 3618 1350 quam

2029 1351 2202 1420 ipsam
2235 1359 2288 1404 et
2334 1347 2652 1404 Theodorus
2682 1350 2930 1420 Balsamo
2969 1347 3330 1420 univ'ersalem
3360 1347 3617 1417 appellat,

2030 1418 2183 1489 cujus
2214 1428 2263 1475 et
2297 1430 2404 1475 tres
2435 1436 2674 1476 canones
2706 1419 2894 1475 recitat
2926 1437 2939 1485 ;
2973 1419 3051 1475 sic
3083 1418 3370 1490 etgrcliqua
3399 1421 3621 1490 Graeco-

2027 1508 2152 1545 rum
2185 1491 2651 1546 schismaticorum
2668 1491 2948 1545 colluvies.
2973 1491 3050 1562 Tu
3083 1489 3266 1562 igitur,
3286 1489 3488 1562 lector.
3509 1489 3617 1562 hic,

2031 1562 2224 1616 amabo
2269 1571 2337 1624 te,
2391 1563 2540 1627 sede,
2575 1562 2782 1616 arbiter
2834 1558 3130 1626 veritatis;
3149 1568 3309 1630 atque
3334 1576 3397 1613 ex
3429 1558 3635 1630 litteris

2032 1633 2258 1686 Joannis
2288 1649 2441 1702 papze.
2477 1633 2530 1685 in
2563 1633 2816 1686 Grzrcum
2847 1649 2879 1686 a
2910 1633 3096 1686 Photio
3132 1627 3356 1702 redditis
3395 1637 3446 1683 et
3474 1627 3618 1684 reci-

2035 1704 2156 1756 tatis
2187 1703 2240 1756 in
2272 1701 2512 1757 secunda
2545 1704 2756 1757 actione
2787 1720 2898 1758 sua:
2927 1701 3352 1771 pseudosynodi,
3405 1715 3625 1754 revoca-

2037 1775 2108 1827 tis
2141 1791 2272 1828 vero
2305 1775 2373 1827 ad
2432 1773 2773 1827 Latinitatem
2805 1789 2836 1827 a
2867 1774 3143 1827 Friderico
3175 1771 3357 1836 Metio,
3416 1771 3625 1840 origine

2034 1845 2245 1906 Graeco,
2282 1845 2374 1898 sed
2395 1845 2594 1913 pietate
2624 1844 2890 1900 catholico
2912 1851 3074 1914 atque
3093 1842 3196 1896 ﬁde
3226 1842 3432 1914 Latino,
3457 1841 3622 1896 modo

2029 1916 2098 1994 ob
2157 1912 2412 1969 virtutum
2460 1924 2620 1994 atque
2668 1915 2924 1968 doctrina:
2991 1912 3366 1994 prt'estantiam
3445 1920 3624 1994 αγρεε-ο

2028 1987 2382 2040 Thermarum
2417 1981 2693 2054 epis-copo,
2728 1981 3045 2039 veteratoris
3083 1983 3254 2037 malas
3292 1991 3439 2054 artes
3469 1981 3627 2054 intel-

2030 2057 2158 2127 lige.
2194 2058 2382 2110 Exstat
2423 2052 2538 2125 ipsa
2576 2052 2791 2127 integra
2844 2055 3098 2127 Photiana
3170 2052 3624 2127 pseudosynodus

2031 2120 2220 2181 Graece
2265 2128 2314 2180 in
2358 2120 2559 2196 scripto
2613 2120 2802 2180 codice
2846 2120 3186 2179 bibliotheca}
3218 2120 3620 2196 Cplumnensis,

2032 2215 2151 2267 qua:
2182 2197 2277 2250 fuit
2333 2193 2632 2252 cardinalis
2672 2197 2873 2262 Sirleti,
2909 2205 3034 2250 nota
3065 2193 3274 2267 numeri
3310 2193 3622 2267 quadrage-

2031 2263 2172 2334 simi,
2205 2267 2260 2321 in
2309 2284 2415 2338 quo
2459 2269 2561 2321 sub
2592 2268 2803 2324 actione
2861 2267 3101 2322 secunda
3155 2263 3626 2338 eademepistela

2029 2338 2252 2392 Joannis
2292 2334 2443 2408 papae
2475 2339 2727 2393 recitatur
2759 2339 2828 2392 ad
2858 2338 3240 2408 imperatorem
3269 2334 3468 2408 scripta
3487 2334 3626 2408 adeo

2029 2417 2254 2473 mutata,
2287 2404 2340 2464 ut
2362 2404 2458 2464 'vix
2491 2410 2610 2480 quis
2633 2404 3356 2480 cognoscat—eamdemessc
3376 2404 3623 2480 Joannis,

2033 2497 2191 2550 quam
2239 2497 2410 2549 nuper
2438 2475 2936 2534 recitatamvaudisti
2973 2499 2986 2541 ;
3033 2479 3112 2532 sic
3143 2477 3286 2550 enim
3331 2492 3390 2530 se
3424 2475 3592 2550 habei
3611 2493 3624 2528 :

2112 2571 2130 2601 ι
2162 2545 2416 2619 Joannes,
2503 2568 2692 2604 servus
2739 2566 3024 2604 servorum
3084 2548 3200 2610 Dei,
3263 2545 3626 2619 serenissimis

2033 2619 2248 2674 dilectis
2279 2617 2409 2674 ﬁliis
2433 2621 2633 2675 nostris
2665 2621 3053 2690 spiritualibus,
3087 2627 3135 2690 et
3169 2620 3283 2673 Deo
3300 2617 3628 2690 _charis‘BA-

2032 2706 2198 2755 sum),
2235 2692 2428 2755 LEONI,
2463 2700 2515 2746 et
2563 2686 2913 2745 ALExANnao
2948 2689 3261 2744 victricibus
3299 2687 3416 2759 [pro
3463 2686 3628 2759 victo-

2032 2761 2208 2824 ribus,
2245 2762 2445 2833 Il.\an,]
2493 2761 2912 2830 imperatoribus
2943 2770 2994 2815 et
3023 2757 3556 2833 mternisliugustis.
3603 2780 3624 2806 ν

2033 2841 2058 2877 b
2097 2854 2116 2880 ‹‹
2155 2833 2361 2886 Puritas
2409 2829 2458 2886 et
2518 2829 2987 2902 splendorvestrm
3005 2840 3163 2886 recta:
3192 2829 3632 2902 ﬁdeietmoruni

2031 2903 2293 2972 probitas,
2327 2912 2379 2957 et
2425 2899 2731 2974 benignitas
2795 2903 3060 2972 perfecta,
3112 2917 3144 2956 0
3175 2899 3662 2974 ‘Cliristianissimi,

2036 2970 2086 3026 et
2120 2974 2340 3028 maximi
2369 2970 2723 3044 imperatores
2755 2970 3143 3036 Romanorum,
3175 2971 3440 3044 luminum
3461 2970 3630 3044 instar

2037 3045 2093 3098 in
2123 3045 2304 3098 medio
2326 3040 2484 3099 terra:
2538 3044 2799 3099 micantes
2826 3061 3000 3114 usque
3029 3044 3096 3097 ad
3149 3058 3340 3098 omnes
3371 3041 3526 3114 ﬁnes,
3563 3040 3634 3095 ad

2041 3131 2176 3184 quos
2235 3115 2520 3170 universus
2577 3115 2747 3181 orbis,
2815 3112 3180 3170 extenduntur
3235 3122 3285 3167 et
3324 3112 3630 3184 splendent.

2039 3182 2159 3240 Non
2192 3187 2333 3239 enim
2366 3186 2484 3240 sola
2515 3195 2657 3240 recta
2701 3184 2806 3239 ﬁde
2855 3194 3199 3254 prmstantes,
3233 3184 3287 3236 in
3316 3182 3436 3237 aliis
3467 3182 3634 3236 rebus

2040 3273 2137 3310 vos
2169 3257 2464 3310 oscitanter
2499 3255 2732 3320 habetis,
2792 3256 2890 3308 sed
2947 3256 3123 3324 potius
3180 3270 3343 3323 super
3397 3261 3632 3324 vestram

2039 3327 2578 3396 irreprehensibilem
2609 3325 2772 3379 ﬁdem
2795 3322 3253 3396 superaediﬁcatis
3290 3339 3400 3377 non
3422 3322 3632 3396 lignum

2039 3407 2127 3450 aut
2151 3392 2402 3460 herbam,
2435 3405 2527 3450 aut
2584 3392 2928 3462 arundinem,
2961 3397 3058 3450 sed
3118 3394 3390 3465 pretiosos
3421 3392 3634 3465 lapides

2037 3484 2226 3521 aurum
2257 3477 2308 3520 et
2353 3475 2679 3538 argentum,
2724 3474 2775 3520 et
2830 3475 2888 3538 ut
2937 3463 3175 3521 breviter
3228 3465 3404 3538 dicam
3453 3463 3634 3518 omnia

2038 3538 2200 3592 alacri
2231 3535 2732 3607 studio'pm'ﬁcitis,
2768 3536 2964 3608 quibus
3013 3535 3345 3607 cognoscitis
3368 3535 3489 3608 Deo
3519 3549 3634 3608 rem

2039 3618 2246 3677 gratam
2279 3605 2480 3662 facere.
2503 3608 2645 3660 Nihil
2679 3605 2808 3661 vero
2841 3609 2955 3661 Deo
2974 3605 3184 3676 gratius
3205 3622 3328 3660 esse
3349 3605 3630 3675 dignosci-

2038 3688 2126 3732 tur
2151 3695 2314 3749 quam
2370 3686 2425 3731 ut
2457 3677 2728 3749 universa)
2785 3678 2902 3745 ejus
2960 3677 3224 3749 Ecclesia:
3280 3691 3633 3749 quascunque

2013 3749 2120 3819 ‘sol
2144 3745 2381 3818 respicit,
2435 3757 2582 3802 recta
2621 3747 2726 3802 ﬁde
2756 3756 2808 3802 et
2839 3757 3028 3802 mutua
3071 3748 3222 3819 inter
3253 3745 3312 3819 se
3341 3745 3632 3819 dilectione

2039 3829 2088 3872 et
2119 3816 2373 3874 charitate
2433 3819 2696 3887 viventes,
2747 3819 2822 3872 illi
2890 3819 3118 3890 singulis
3175 3817 3370 3890 diebus
3424 3816 3632 3888 gratias

2037 3899 2222 3960 agant.
2257 3891 2603 3960 Quapropter
2652 3890 2792 3944 hanc
2843 3887 3097 3944 unionem
3139 3888 3302 3942 etiam
3348 3887 3402 3942 in
3437 3887 3632 3960 :vestra

2040 3958 2137 4014 Dei
2167 3958 2416 4017 Ecclesia
2463 3958 2707 4030 conspici
2758 3968 2815 4032 et
2845 3961 3042 4032 vigere
3101 3976 3197 4014 vos
3228 3958 3628 4032 pet-cupientes,

2039 4033 2334 4086 Romanam
2365 4029 2609 4086 sanctam
2641 4029 2946 4102 Ecclesium
2989 4047 3088 4100 per
3113 4038 3322 4102 vestros
3343 4029 3554 4102 legatos
3581 4036 3632 4082 ct

2040 4117 2222 4156 sacras
2253 4102 2458 4156 litteras
2487 4101 2801 4169 adjutriccm
2823 4099 3216 4171 assunipsistis,
3250 4117 3351 4169 pro
3383 4099 3528 4155 certo
3544 4099 3637 4171 ha-

2041 4173 2228 4227 bentes
2261 4190 2380 4227 eam
2401 4172 2556 4227 vobis
2579 4171 2806 4225 futuram
2822 4170 3026 4242 praesto,
3041 4173 3111 4226 ad
3142 4172 3196 4225 id
3215 4171 3360 4242 quod
3381 4170 3630 4240 optastis.

2038 4243 2228 4312 Neque
2261 4259 2356 4297 vos
2385 4242 2545 4312 primi
2576 4243 2628 4295 id
2657 4257 2825 4312 agere
2856 4242 3116 4311 cmpistis,
3153 4250 3207 4294 ut
3239 4243 3375 4294 hanc
3407 4257 3519 4294 rem
3537 4257 3634 4294 ex-

2039 4313 2375 4380 cogitaretis,
2410 4313 2506 4366 sed
2538 4312 2783 4379 vestigiis
2830 4312 3301 4380 prcedecessorum
3329 4320 3632 4366 vestrorum

2043 4379 2367 4436 inlitereutes
2400 4401 2413 4446 ;
2463 4382 2778 4452 inquanam
2810 4379 3014 4452 schola,
3065 4397 3310 4452 quaerere
3361 4389 3440 4433 (.st
3474 4379 3635 4434 etiam

2041 4452 2262 4520 dignum
2300 4470 2312 4505 :
2373 4468 2404 4505 a
2458 4451 2704 4521 principe
2763 4451 3014 4504 videlicet
3043 4451 3414 4520 apostolorum
3454 4452 3630 4521 Petro,

2041 4519 2200 4592 quem
2225 4519 2488 4576 Dominus
2517 4519 2756 4575 omnium
2815 4519 3185 4576 Ecclesiarum
3223 4529 3381 4590 caput
3433 4519 3635 4575 consti-

2040 4593 2155 4650 tuit.
2189 4593 2440 4662 inquiens
2482 4592 2596 4645 illi:
2631 4596 2802 4648 Pasce
2823 4609 2944 4647 oves
2965 4610 3118 4647 meas
3163 4594 3346 4660 (Joun.
3367 4592 3506 4659 xx);
3533 4607 3633 4644 nec

2043 4679 2148 4716 non
2179 4679 2208 4715 a
2240 4663 2410 4718 sacris
2441 4671 2492 4716 et
2523 4663 2840 4718 orthodoxis
2863 4672 3172 4717 sanctorum
3201 4663 3416 4716 Patrum
3443 4663 3633 4715 decre-

2042 4733 2108 4786 tis
2127 4741 2289 4804 atque
2338 4733 2620 4799 doctrinis,
2679 4734 3139 4804 quemadmodum
3193 4747 3362 4787 sacra:
3417 4741 3470 4804 et
3525 4732 3632 4804 tua:

2042 4802 2237 4858 vestra:
2254 4805 2446 4859 littera:
2477 4802 2742 4858 testantur
2781 4823 2792 4857 :
2853 4805 2908 4857 id
2938 4820 3064 4858 vero
3101 4810 3387 4873 propterea
3432 4802 3628 4867 facitis,

2042 4891 2151 4944 quo
2173 4875 2349 4944 magis
2383 4882 2577 4928 vestrae
2609 4873 2731 4928 ﬁdei
2761 4873 2988 4928 ﬁrmitas
3016 4874 3292 4927 celebrata
3322 4873 3550 4940 eluceat,
3575 4882 3627 4928 et

2043 4947 2378 5024 ergaaneum
2412 4945 2626 5024 dilectio
2658 4945 2869 5024 sincera
2891 4953 2943 4997 et
2973 4944 3156 5024 eﬁicax
3187 4944 3417 5024 pateﬁat.

2117 5039 2137 5060 «
2174 5013 2320 5094 Niliii
2349 5016 2492 5094 enim
2551 5015 2714 5094 aliud.
2743 5013 3269 5094 apiiusetndignius
3312 5015 3632 5094 contingere

2042 5094 2217 5154 potest
2250 5085 2353 5137 illis
2376 5085 2466 5154 qui
2499 5085 2748 5138 maximis
2779 5084 3134 5155 dignitatibus
3164 5093 3216 5140 et
3245 5084 3634 5155 principatibus

2044 5153 2164 5207 sunt
2195 5153 2492 5220 constituti,
2553 5169 2714 5224 quam
2746 5164 2908 5209 recta:
2955 5153 3080 5210 ﬁdei
3128 5153 3434 5225 splendore
3455 5164 3505 5208 et
3535 5155 3635 5210 Dei

2043 5225 2332 5279 dilectione
2367 5233 2624 5293 praestare
2664 5226 3032 5290 contendere;
3067 5235 3118 5280 ct
3140 5242 3326 5280 curare
3347 5234 3402 5279 ut
3445 5242 3634 5280 omnes

2043 5296 2133 5364 qui
2163 5298 2284 5348 cum
2344 5295 2534 5347 eadem
2565 5294 2668 5348 ﬁde
2725 5297 2894 5348 Deum
2953 5305 3294 5357 venerantur,
3329 5296 3634 5350 dilectionis

2042 5365 2204 5418 etiam
2235 5364 2458 5437 vinculo
2505 5365 2754 5437 uniantur
2793 5375 2846 5419 et
2884 5367 3347 5437 constringuntur.
3381 5370 3633 5436 Quapro-

2043 5444 2164 5506 pter
2202 5435 2406 5506 vestris,
2425 5434 2636 5506 litteris
2677 5437 3040 5506 obsequentes
3091 5434 3210 5503 nos,
3272 5445 3324 5490 et
3361 5434 3634 5492 m'ellitluis

2044 5505 2226 5558 verbis
2247 5504 2474 5572 deliniti,
2529 5505 2671 5578 ignis
2718 5504 2885 5560 instar
2926 5507 3162 5572 accensi,
3214 5523 3335 5562 cum
3383 5509 3633 5563 universa

2041 5629 2165 5693 quod
2183 5632 2311 5681 enim
2337 5631 2492 5682 visum
2516 5632 2579 5682 sit
2598 5632 2725 5684 uile
2768 5633 3062 5695 prmeonium
3103 5634 3434 5698 imperatoris,
3485 5634 3635 5684 voluit

2044 5717 2155 5767 illud
2182 5717 2436 5780 gloriosius
2457 5717 2731 5779 praedicari.
