  <div class='ocr_page' id='page_1' title='image "/cluster/home/n/w/nwhite01/storage/ocr_20150623/126/hvd.32044052819513/436.png"; bbox 0 0 4072 6186; ppageno 0'>
   <div class='ocr_carea' id='block_1_1' title="bbox 273 293 367 344">
    <p class='ocr_par' dir='ltr' id='par_1_1' title="bbox 273 293 367 344">
     <span class='ocr_line' id='line_1_1' title="bbox 273 293 367 344; baseline 0.021 -2"><span class='ocrx_word' id='word_1_1' title='bbox 273 293 367 344; x_wconf 80' lang='grc'><strong>861</strong></span> 
     </span>
    </p>
   </div>
   <div class='ocr_carea' id='block_1_2' title="bbox 266 437 1700 509">
    <p class='ocr_par' dir='ltr' id='par_1_2' title="bbox 266 437 1700 509">
     <span class='ocr_line' id='line_1_2' title="bbox 266 437 1700 509; baseline 0.003 -19"><span class='ocrx_word' id='word_1_2' title='bbox 266 437 398 490; x_wconf 84' lang='lat' dir='ltr'><strong>Jesu</strong></span> <span class='ocrx_word' id='word_1_3' title='bbox 431 437 642 509; x_wconf 82' lang='lat' dir='ltr'><strong>Christi</strong></span> <span class='ocrx_word' id='word_1_4' title='bbox 662 437 803 509; x_wconf 81' lang='lat' dir='ltr'><strong>agni</strong></span> <span class='ocrx_word' id='word_1_5' title='bbox 823 438 1043 509; x_wconf 82' lang='lat' dir='ltr'><strong>Deiqui</strong></span> <span class='ocrx_word' id='word_1_6' title='bbox 1077 437 1211 492; x_wconf 91' lang='lat' dir='ltr'><strong>tollit</strong></span> <span class='ocrx_word' id='word_1_7' title='bbox 1241 449 1464 509; x_wconf 85' lang='lat' dir='ltr'><strong>peccata</strong></span> <span class='ocrx_word' id='word_1_8' title='bbox 1494 439 1700 494; x_wconf 89' lang='lat' dir='ltr'><strong>mundi.</strong></span> 
     </span>
    </p>
   </div>
   <div class='ocr_carea' id='block_1_3' title="bbox 342 507 1876 579">
    <p class='ocr_par' dir='ltr' id='par_1_3' title="bbox 342 507 1876 579">
     <span class='ocr_line' id='line_1_3' title="bbox 342 507 1876 579; baseline 0 -17"><span class='ocrx_word' id='word_1_9' title='bbox 342 516 375 579; x_wconf 47' lang='grc' dir='ltr'>ᾗ</span> <span class='ocrx_word' id='word_1_10' title='bbox 401 532 422 554; x_wconf 77' lang='grc' dir='ltr'><strong>«ι</strong></span> <span class='ocrx_word' id='word_1_11' title='bbox 460 507 897 579; x_wconf 32' lang='lat' dir='ltr'><strong>Recipite’igitur</strong></span> <span class='ocrx_word' id='word_1_12' title='bbox 927 507 1102 578; x_wconf 85' lang='lat' dir='ltr'><strong>ipsum</strong></span> <span class='ocrx_word' id='word_1_13' title='bbox 1133 507 1337 579; x_wconf 75' lang='lat' dir='ltr'><strong>apertis</strong></span> <span class='ocrx_word' id='word_1_14' title='bbox 1365 510 1527 577; x_wconf 85' lang='lat' dir='ltr'><strong>ulnis,</strong></span> <span class='ocrx_word' id='word_1_15' title='bbox 1553 509 1774 564; x_wconf 79' lang='lat' dir='ltr'><strong>fratrem</strong></span> <span class='ocrx_word' id='word_1_16' title='bbox 1796 509 1876 564; x_wconf 90' lang='lat' dir='ltr'><strong>vi-</strong></span> 
     </span>
    </p>
   </div>
   <div class='ocr_carea' id='block_1_4' title="bbox 271 577 1872 651">
    <p class='ocr_par' dir='ltr' id='par_1_4' title="bbox 271 577 1872 651">
     <span class='ocr_line' id='line_1_4' title="bbox 271 577 1872 651; baseline 0.002 -21"><span class='ocrx_word' id='word_1_17' title='bbox 271 577 470 651; x_wconf 86' lang='lat' dir='ltr'><strong>delicet</strong></span> <span class='ocrx_word' id='word_1_18' title='bbox 517 577 778 651; x_wconf 56' lang='lat' dir='ltr'><strong>nostrum&#39;</strong></span> <span class='ocrx_word' id='word_1_19' title='bbox 799 577 1249 651; x_wconf 47' lang='lat' dir='ltr'><strong>comministru&#39;m.</strong></span> <span class='ocrx_word' id='word_1_20' title='bbox 1281 581 1525 651; x_wconf 78' lang='lat' dir='ltr'><strong>Recipite</strong></span> <span class='ocrx_word' id='word_1_21' title='bbox 1558 581 1872 651; x_wconf 81' lang='lat' dir='ltr'><strong>episCOpum</strong></span> 
     </span>
    </p>
   </div>
   <div class='ocr_carea' id='block_1_5' title="bbox 271 648 1874 721">
    <p class='ocr_par' dir='ltr' id='par_1_5' title="bbox 271 648 1874 721">
     <span class='ocr_line' id='line_1_5' title="bbox 271 648 1874 721; baseline 0.001 -19"><span class='ocrx_word' id='word_1_22' title='bbox 271 657 327 702; x_wconf 88' lang='lat' dir='ltr'><strong>et</strong></span> <span class='ocrx_word' id='word_1_23' title='bbox 367 648 466 702; x_wconf 87' lang='lat' dir='ltr'><strong>Dei</strong></span> <span class='ocrx_word' id='word_1_24' title='bbox 501 657 566 721; x_wconf 27' lang='lat' dir='ltr'><strong>iet</strong></span> <span class='ocrx_word' id='word_1_25' title='bbox 613 648 1170 721; x_wconf 81' lang='lat' dir='ltr'><strong>irreprehensibilem.</strong></span> <span class='ocrx_word' id='word_1_26' title='bbox 1220 648 1465 720; x_wconf 78' lang='lat' dir='ltr'><strong>Recipite</strong></span> <span class='ocrx_word' id='word_1_27' title='bbox 1518 648 1874 721; x_wconf 77' lang='lat' dir='ltr'><strong>patriarcham</strong></span> 
     </span>
    </p>
   </div>
   <div class='ocr_carea' id='block_1_6' title="bbox 273 719 1872 792">
    <p class='ocr_par' dir='ltr' id='par_1_6' title="bbox 273 719 1872 792">
     <span class='ocr_line' id='line_1_6' title="bbox 273 719 1872 792; baseline 0.003 -21"><span class='ocrx_word' id='word_1_28' title='bbox 273 727 470 792; x_wconf 68' lang='lat' dir='ltr'><strong>vestra:</strong></span> <span class='ocrx_word' id='word_1_29' title='bbox 499 719 779 774; x_wconf 69' lang='lat' dir='ltr'><strong>Ecclesiae.</strong></span> <span class='ocrx_word' id='word_1_30' title='bbox 805 719 1135 792; x_wconf 83' lang='lat' dir='ltr'><strong>Confirmate</strong></span> <span class='ocrx_word' id='word_1_31' title='bbox 1164 737 1299 792; x_wconf 87' lang='lat' dir='ltr'><strong>erga</strong></span> <span class='ocrx_word' id='word_1_32' title='bbox 1328 719 1478 776; x_wconf 91' lang='lat' dir='ltr'><strong>illum</strong></span> <span class='ocrx_word' id='word_1_33' title='bbox 1507 719 1872 784; x_wconf 87' lang='lat' dir='ltr'><strong>dilectionem,</strong></span> 
     </span>
    </p>
   </div>
   <div class='ocr_carea' id='block_1_7' title="bbox 275 787 1876 862">
    <p class='ocr_par' dir='ltr' id='par_1_7' title="bbox 275 787 1876 862">
     <span class='ocr_line' id='line_1_7' title="bbox 275 787 1876 862; baseline 0.001 -18"><span class='ocrx_word' id='word_1_34' title='bbox 275 787 462 862; x_wconf 78' lang='lat' dir='ltr'><strong>ﬁdem,</strong></span> <span class='ocrx_word' id='word_1_35' title='bbox 523 799 575 844; x_wconf 90' lang='lat' dir='ltr'><strong>et</strong></span> <span class='ocrx_word' id='word_1_36' title='bbox 629 805 751 844; x_wconf 90' lang='lat' dir='ltr'><strong>cum</strong></span> <span class='ocrx_word' id='word_1_37' title='bbox 804 791 1154 845; x_wconf 79' lang='lat' dir='ltr'><strong>observantia</strong></span> <span class='ocrx_word' id='word_1_38' title='bbox 1225 787 1612 858; x_wconf 73' lang='lat' dir='ltr'><strong>obedientiam,</strong></span> <span class='ocrx_word' id='word_1_39' title='bbox 1670 801 1720 846; x_wconf 93' lang='lat' dir='ltr'><strong>et</strong></span> <span class='ocrx_word' id='word_1_40' title='bbox 1777 809 1876 862; x_wconf 88' lang='lat' dir='ltr'><strong>per</strong></span> 
     </span>
    </p>
   </div>
   <div class='ocr_carea' id='block_1_8' title="bbox 275 861 1875 932">
    <p class='ocr_par' dir='ltr' id='par_1_8' title="bbox 275 861 1875 932">
     <span class='ocr_line' id='line_1_8' title="bbox 275 861 1875 932; baseline 0.003 -19"><span class='ocrx_word' id='word_1_41' title='bbox 275 861 421 932; x_wconf 83' lang='lat' dir='ltr'><strong>hunc</strong></span> <span class='ocrx_word' id='word_1_42' title='bbox 453 876 584 932; x_wconf 88' lang='lat' dir='ltr'><strong>erga</strong></span> <span class='ocrx_word' id='word_1_43' title='bbox 633 869 872 932; x_wconf 81' lang='lat' dir='ltr'><strong>sanctam</strong></span> <span class='ocrx_word' id='word_1_44' title='bbox 927 863 1226 917; x_wconf 84' lang='lat' dir='ltr'><strong>Romanam</strong></span> <span class='ocrx_word' id='word_1_45' title='bbox 1278 863 1579 918; x_wconf 75' lang='lat' dir='ltr'><strong>Ecclesium</strong></span> <span class='ocrx_word' id='word_1_46' title='bbox 1627 861 1875 918; x_wconf 79' lang='lat' dir='ltr'><strong>eamdem</strong></span> 
     </span>
    </p>
   </div>
   <div class='ocr_carea' id='block_1_9' title="bbox 276 929 1877 1004">
    <p class='ocr_par' dir='ltr' id='par_1_9' title="bbox 276 929 1877 1004">
     <span class='ocr_line' id='line_1_9' title="bbox 276 929 1877 1004; baseline 0.002 -19"><span class='ocrx_word' id='word_1_47' title='bbox 276 929 616 1004; x_wconf 78' lang='lat' dir='ltr'><strong>coniirmate.</strong></span> <span class='ocrx_word' id='word_1_48' title='bbox 651 930 754 1000; x_wconf 86' lang='lat' dir='ltr'><strong>Qui</strong></span> <span class='ocrx_word' id='word_1_49' title='bbox 787 932 931 1004; x_wconf 86' lang='lat' dir='ltr'><strong>enim</strong></span> <span class='ocrx_word' id='word_1_50' title='bbox 964 933 1111 986; x_wconf 92' lang='lat' dir='ltr'><strong>illum</strong></span> <span class='ocrx_word' id='word_1_51' title='bbox 1143 949 1250 987; x_wconf 94' lang='lat' dir='ltr'><strong>non</strong></span> <span class='ocrx_word' id='word_1_52' title='bbox 1285 934 1495 1002; x_wconf 87' lang='lat' dir='ltr'><strong>recipit,</strong></span> <span class='ocrx_word' id='word_1_53' title='bbox 1533 950 1632 987; x_wconf 82' lang='lat' dir='ltr'><strong>nec</strong></span> <span class='ocrx_word' id='word_1_54' title='bbox 1664 949 1730 987; x_wconf 92' lang='lat' dir='ltr'><strong>ea</strong></span> <span class='ocrx_word' id='word_1_55' title='bbox 1758 950 1877 1004; x_wconf 68' lang='lat' dir='ltr'><strong>quae</strong></span> 
     </span>
    </p>
   </div>
   <div class='ocr_carea' id='block_1_10' title="bbox 272 1001 1873 1059">
    <p class='ocr_par' dir='ltr' id='par_1_10' title="bbox 272 1001 1873 1059">
     <span class='ocr_line' id='line_1_10' title="bbox 272 1001 1873 1059; baseline 0.003 -5"><span class='ocrx_word' id='word_1_56' title='bbox 272 1016 307 1054; x_wconf 89' lang='lat' dir='ltr'><strong>a</strong></span> <span class='ocrx_word' id='word_1_57' title='bbox 339 1001 498 1056; x_wconf 88' lang='lat' dir='ltr'><strong>nobis</strong></span> <span class='ocrx_word' id='word_1_58' title='bbox 529 1009 582 1055; x_wconf 89' lang='lat' dir='ltr'><strong>et</strong></span> <span class='ocrx_word' id='word_1_59' title='bbox 611 1012 801 1056; x_wconf 86' lang='lat' dir='ltr'><strong>sancta</strong></span> <span class='ocrx_word' id='word_1_60' title='bbox 848 1003 1216 1058; x_wconf 81' lang='lat' dir='ltr'><strong>Romanorum</strong></span> <span class='ocrx_word' id='word_1_61' title='bbox 1258 1001 1505 1058; x_wconf 82' lang='lat' dir='ltr'><strong>Ecclesia</strong></span> <span class='ocrx_word' id='word_1_62' title='bbox 1553 1005 1622 1058; x_wconf 89' lang='lat' dir='ltr'><strong>de</strong></span> <span class='ocrx_word' id='word_1_63' title='bbox 1652 1004 1744 1058; x_wconf 93' lang='lat' dir='ltr'><strong>illo</strong></span> <span class='ocrx_word' id='word_1_64' title='bbox 1773 1001 1873 1059; x_wconf 85' lang='lat' dir='ltr'><strong>de-</strong></span> 
     </span>
    </p>
   </div>
   <div class='ocr_carea' id='block_1_11' title="bbox 274 1073 1875 1142">
    <p class='ocr_par' dir='ltr' id='par_1_11' title="bbox 274 1073 1875 1142">
     <span class='ocr_line' id='line_1_11' title="bbox 274 1073 1875 1142; baseline 0.001 -16"><span class='ocrx_word' id='word_1_65' title='bbox 274 1081 427 1126; x_wconf 89' lang='lat' dir='ltr'><strong>creta</strong></span> <span class='ocrx_word' id='word_1_66' title='bbox 477 1079 619 1134; x_wconf 91' lang='lat' dir='ltr'><strong>sunt,</strong></span> <span class='ocrx_word' id='word_1_67' title='bbox 677 1073 904 1142; x_wconf 85' lang='lat' dir='ltr'><strong>recipit;</strong></span> <span class='ocrx_word' id='word_1_68' title='bbox 939 1090 1038 1127; x_wconf 91' lang='lat' dir='ltr'><strong>nec</strong></span> <span class='ocrx_word' id='word_1_69' title='bbox 1095 1074 1142 1127; x_wconf 89' lang='lat' dir='ltr'><strong>is</strong></span> <span class='ocrx_word' id='word_1_70' title='bbox 1197 1076 1461 1129; x_wconf 91' lang='lat' dir='ltr'><strong>adversus</strong></span> <span class='ocrx_word' id='word_1_71' title='bbox 1518 1090 1616 1130; x_wconf 90' lang='lat' dir='ltr'><strong>nos</strong></span> <span class='ocrx_word' id='word_1_72' title='bbox 1674 1075 1875 1129; x_wconf 92' lang='lat' dir='ltr'><strong>bellum</strong></span> 
     </span>
    </p>
   </div>
   <div class='ocr_carea' id='block_1_12' title="bbox 275 1142 1875 1215">
    <p class='ocr_par' dir='ltr' id='par_1_12' title="bbox 275 1142 1875 1215">
     <span class='ocr_line' id='line_1_12' title="bbox 275 1142 1875 1215; baseline 0.003 -20"><span class='ocrx_word' id='word_1_73' title='bbox 275 1143 523 1215; x_wconf 73' lang='lat' dir='ltr'><strong>suscipit,</strong></span> <span class='ocrx_word' id='word_1_74' title='bbox 577 1142 691 1215; x_wconf 80' lang='lat' dir='ltr'><strong>sed</strong></span> <span class='ocrx_word' id='word_1_75' title='bbox 723 1143 988 1197; x_wconf 87' lang='lat' dir='ltr'><strong>adversus</strong></span> <span class='ocrx_word' id='word_1_76' title='bbox 1035 1153 1276 1200; x_wconf 88' lang='lat' dir='ltr'><strong>sanctum</strong></span> <span class='ocrx_word' id='word_1_77' title='bbox 1327 1146 1542 1200; x_wconf 83' lang='lat' dir='ltr'><strong>Petrum</strong></span> <span class='ocrx_word' id='word_1_78' title='bbox 1571 1145 1875 1215; x_wconf 88' lang='lat' dir='ltr'><strong>apostolum</strong></span> 
     </span>
    </p>
   </div>
   <div class='ocr_carea' id='block_1_13' title="bbox 276 1213 1870 1286">
    <p class='ocr_par' dir='ltr' id='par_1_13' title="bbox 276 1213 1870 1286">
     <span class='ocr_line' id='line_1_13' title="bbox 276 1213 1870 1286; baseline 0.002 -19"><span class='ocrx_word' id='word_1_79' title='bbox 276 1213 366 1286; x_wconf 79' lang='lat' dir='ltr'><strong>vei</strong></span> <span class='ocrx_word' id='word_1_80' title='bbox 403 1213 582 1286; x_wconf 80' lang='lat' dir='ltr'><strong>potius</strong></span> <span class='ocrx_word' id='word_1_81' title='bbox 629 1213 893 1286; x_wconf 85' lang='lat' dir='ltr'><strong>adversus</strong></span> <span class='ocrx_word' id='word_1_82' title='bbox 937 1215 1216 1286; x_wconf 72' lang='lat' dir='ltr'><strong>Christum</strong></span> <span class='ocrx_word' id='word_1_83' title='bbox 1262 1217 1442 1286; x_wconf 90' lang='lat' dir='ltr'><strong>ipsum</strong></span> <span class='ocrx_word' id='word_1_84' title='bbox 1503 1213 1694 1269; x_wconf 84' lang='lat' dir='ltr'><strong>Filium</strong></span> <span class='ocrx_word' id='word_1_85' title='bbox 1755 1217 1870 1280; x_wconf 87' lang='lat' dir='ltr'><strong>Dei,</strong></span> 
     </span>
    </p>
   </div>
   <div class='ocr_carea' id='block_1_14' title="bbox 276 1283 1877 1356">
    <p class='ocr_par' dir='ltr' id='par_1_14' title="bbox 276 1283 1877 1356">
     <span class='ocr_line' id='line_1_14' title="bbox 276 1283 1877 1356; baseline 0.003 -21"><span class='ocrx_word' id='word_1_86' title='bbox 276 1283 370 1356; x_wconf 84' lang='lat' dir='ltr'><strong>qui</strong></span> <span class='ocrx_word' id='word_1_87' title='bbox 401 1283 474 1356; x_wconf 82' lang='lat' dir='ltr'><strong>ita</strong></span> <span class='ocrx_word' id='word_1_88' title='bbox 500 1284 784 1356; x_wconf 79' lang='lat' dir='ltr'><strong>honoravit</strong></span> <span class='ocrx_word' id='word_1_89' title='bbox 827 1291 898 1356; x_wconf 73' lang='lat' dir='ltr'><strong>et_</strong></span> <span class='ocrx_word' id='word_1_90' title='bbox 925 1285 1246 1356; x_wconf 82' lang='lat' dir='ltr'><strong>glorificavit</strong></span> <span class='ocrx_word' id='word_1_91' title='bbox 1284 1283 1597 1356; x_wconf 67' lang='lat' dir='ltr'><strong>apostolum</strong></span> <span class='ocrx_word' id='word_1_92' title='bbox 1634 1302 1790 1340; x_wconf 90' lang='lat' dir='ltr'><strong>suum</strong></span> <span class='ocrx_word' id='word_1_93' title='bbox 1822 1295 1877 1340; x_wconf 91' lang='lat' dir='ltr'><strong>ut</strong></span> 
     </span>
    </p>
   </div>
   <div class='ocr_carea' id='block_1_15' title="bbox 275 1353 1871 1428">
    <p class='ocr_par' dir='ltr' id='par_1_15' title="bbox 275 1353 1871 1428">
     <span class='ocr_line' id='line_1_15' title="bbox 275 1353 1871 1428; baseline 0.004 -22"><span class='ocrx_word' id='word_1_94' title='bbox 275 1353 397 1428; x_wconf 80' lang='lat' dir='ltr'><strong>ipse</strong></span> <span class='ocrx_word' id='word_1_95' title='bbox 429 1353 592 1428; x_wconf 83' lang='lat' dir='ltr'><strong>ab_eo</strong></span> <span class='ocrx_word' id='word_1_96' title='bbox 624 1353 845 1428; x_wconf 80' lang='lat' dir='ltr'><strong>haberet</strong></span> <span class='ocrx_word' id='word_1_97' title='bbox 877 1353 1406 1428; x_wconf 83' lang='lat' dir='ltr'><strong>facultatemligandi</strong></span> <span class='ocrx_word' id='word_1_98' title='bbox 1424 1365 1588 1426; x_wconf 90' lang='lat' dir='ltr'><strong>atque</strong></span> <span class='ocrx_word' id='word_1_99' title='bbox 1606 1356 1871 1412; x_wconf 84' lang='lat' dir='ltr'><strong>solvendi.</strong></span> 
     </span>
    </p>
   </div>
   <div class='ocr_carea' id='block_1_16' title="bbox 350 1425 1874 1496">
    <p class='ocr_par' dir='ltr' id='par_1_16' title="bbox 350 1425 1874 1496">
     <span class='ocr_line' id='line_1_16' title="bbox 350 1425 1874 1496; baseline 0.001 -18"><span class='ocrx_word' id='word_1_100' title='bbox 350 1427 376 1465; x_wconf 75' lang='grc' dir='ltr'>δ</span> <span class='ocrx_word' id='word_1_101' title='bbox 410 1447 432 1469; x_wconf 78' lang='grc' dir='ltr'>α</span> <span class='ocrx_word' id='word_1_102' title='bbox 470 1425 585 1496; x_wconf 73' lang='lat' dir='ltr'><strong>Hoc</strong></span> <span class='ocrx_word' id='word_1_103' title='bbox 630 1425 793 1478; x_wconf 89' lang='lat' dir='ltr'><strong>etiam</strong></span> <span class='ocrx_word' id='word_1_104' title='bbox 837 1440 1090 1496; x_wconf 81' lang='lat' dir='ltr'><strong>rogamus</strong></span> <span class='ocrx_word' id='word_1_105' title='bbox 1141 1425 1392 1496; x_wconf 77' lang='lat' dir='ltr'><strong>pietatem</strong></span> <span class='ocrx_word' id='word_1_106' title='bbox 1440 1425 1695 1491; x_wconf 80' lang='lat' dir='ltr'><strong>vestram,</strong></span> <span class='ocrx_word' id='word_1_107' title='bbox 1735 1428 1874 1482; x_wconf 91' lang='lat' dir='ltr'><strong>utin</strong></span> 
     </span>
    </p>
   </div>
   <div class='ocr_carea' id='block_1_17' title="bbox 275 1494 1877 1567">
    <p class='ocr_par' dir='ltr' id='par_1_17' title="bbox 275 1494 1877 1567">
     <span class='ocr_line' id='line_1_17' title="bbox 275 1494 1877 1567; baseline 0.003 -20"><span class='ocrx_word' id='word_1_108' title='bbox 275 1494 598 1567; x_wconf 77' lang='lat' dir='ltr'><strong>memoriam</strong></span> <span class='ocrx_word' id='word_1_109' title='bbox 638 1494 925 1567; x_wconf 79' lang='lat' dir='ltr'><strong>revocetis</strong></span> <span class='ocrx_word' id='word_1_110' title='bbox 961 1511 1024 1549; x_wconf 90' lang='lat' dir='ltr'><strong>ex</strong></span> <span class='ocrx_word' id='word_1_111' title='bbox 1074 1494 1182 1567; x_wconf 81' lang='lat' dir='ltr'><strong>quo</strong></span> <span class='ocrx_word' id='word_1_112' title='bbox 1235 1506 1479 1566; x_wconf 88' lang='lat' dir='ltr'><strong>tempore</strong></span> <span class='ocrx_word' id='word_1_113' title='bbox 1526 1497 1784 1552; x_wconf 88' lang='lat' dir='ltr'><strong>scandala</strong></span> <span class='ocrx_word' id='word_1_114' title='bbox 1824 1507 1877 1553; x_wconf 92' lang='lat' dir='ltr'><strong>et</strong></span> 
     </span>
    </p>
   </div>
   <div class='ocr_carea' id='block_1_18' title="bbox 277 1565 1875 1640">
    <p class='ocr_par' dir='ltr' id='par_1_18' title="bbox 277 1565 1875 1640">
     <span class='ocr_line' id='line_1_18' title="bbox 277 1565 1875 1640; baseline 0.003 -22"><span class='ocrx_word' id='word_1_115' title='bbox 277 1565 576 1640; x_wconf 83' lang='lat' dir='ltr'><strong>schismata</strong></span> <span class='ocrx_word' id='word_1_116' title='bbox 635 1565 687 1640; x_wconf 88' lang='lat' dir='ltr'><strong>in</strong></span> <span class='ocrx_word' id='word_1_117' title='bbox 735 1573 968 1619; x_wconf 79' lang='lat' dir='ltr'><strong>vestram</strong></span> <span class='ocrx_word' id='word_1_118' title='bbox 1015 1565 1314 1622; x_wconf 79' lang='lat' dir='ltr'><strong>Ecclesiam</strong></span> <span class='ocrx_word' id='word_1_119' title='bbox 1341 1565 1609 1640; x_wconf 66' lang='lat' dir='ltr'><strong>ingressa</strong></span> <span class='ocrx_word' id='word_1_120' title='bbox 1658 1576 1779 1640; x_wconf 89' lang='lat' dir='ltr'><strong>sunt</strong></span> <span class='ocrx_word' id='word_1_121' title='bbox 1823 1577 1875 1622; x_wconf 93' lang='lat' dir='ltr'><strong>et</strong></span> 
     </span>
    </p>
   </div>
   <div class='ocr_carea' id='block_1_19' title="bbox 277 1635 1875 1706">
    <p class='ocr_par' dir='ltr' id='par_1_19' title="bbox 277 1635 1875 1706">
     <span class='ocr_line' id='line_1_19' title="bbox 277 1635 1875 1706; baseline 0.003 -18"><span class='ocrx_word' id='word_1_122' title='bbox 277 1651 399 1689; x_wconf 85' lang='lat' dir='ltr'><strong>eam</strong></span> <span class='ocrx_word' id='word_1_123' title='bbox 456 1635 818 1706; x_wconf 75' lang='lat' dir='ltr'><strong>integritatem</strong></span> <span class='ocrx_word' id='word_1_124' title='bbox 892 1647 1271 1706; x_wconf 87' lang='lat' dir='ltr'><strong>corruperunt,</strong></span> <span class='ocrx_word' id='word_1_125' title='bbox 1339 1635 1532 1692; x_wconf 67' lang='lat' dir='ltr'><strong>horum</strong></span> <span class='ocrx_word' id='word_1_126' title='bbox 1609 1639 1875 1692; x_wconf 90' lang='lat' dir='ltr'><strong>malorum</strong></span> 
     </span>
    </p>
   </div>
   <div class='ocr_carea' id='block_1_20' title="bbox 277 1705 1872 1779">
    <p class='ocr_par' dir='ltr' id='par_1_20' title="bbox 277 1705 1872 1779">
     <span class='ocr_line' id='line_1_20' title="bbox 277 1705 1872 1779; baseline 0.003 -21"><span class='ocrx_word' id='word_1_127' title='bbox 277 1706 482 1759; x_wconf 88' lang='lat' dir='ltr'><strong>nullam</strong></span> <span class='ocrx_word' id='word_1_128' title='bbox 509 1705 890 1779; x_wconf 18' lang='lat' dir='ltr'><strong>_aliaim_fuis_se</strong></span> <span class='ocrx_word' id='word_1_129' title='bbox 921 1705 1162 1779; x_wconf 81' lang='lat' dir='ltr'><strong>causam,</strong></span> <span class='ocrx_word' id='word_1_130' title='bbox 1195 1709 1299 1762; x_wconf 87' lang='lat' dir='ltr'><strong>nisi</strong></span> <span class='ocrx_word' id='word_1_131' title='bbox 1329 1709 1476 1779; x_wconf 91' lang='lat' dir='ltr'><strong>quod</strong></span> <span class='ocrx_word' id='word_1_132' title='bbox 1507 1724 1604 1763; x_wconf 92' lang='lat' dir='ltr'><strong>vos</strong></span> <span class='ocrx_word' id='word_1_133' title='bbox 1632 1709 1872 1779; x_wconf 88' lang='lat' dir='ltr'><strong>impera-</strong></span> 
     </span>
    </p>
   </div>
   <div class='ocr_carea' id='block_1_21' title="bbox 275 1727 1362 1846">
    <p class='ocr_par' dir='ltr' id='par_1_21' title="bbox 275 1727 1362 1846">
     <span class='ocr_line' id='line_1_21' title="bbox 277 1727 1299 1774; baseline 0.004 -16"><span class='ocrx_word' id='word_1_134' title='bbox 277 1727 482 1759; x_wconf 70' lang='lat' dir='ltr'><strong>nullam</strong></span> <span class='ocrx_word' id='word_1_135' title='bbox 531 1727 694 1760; x_wconf 72' lang='grc'><strong>8118111</strong></span> <span class='ocrx_word' id='word_1_136' title='bbox 727 1727 890 1760; x_wconf 68' lang='grc'><strong>1111556</strong></span> <span class='ocrx_word' id='word_1_137' title='bbox 921 1727 1162 1774; x_wconf 83' lang='lat' dir='ltr'><strong>causam,</strong></span> <span class='ocrx_word' id='word_1_138' title='bbox 1195 1727 1299 1762; x_wconf 71' lang='lat' dir='ltr'><strong>msr</strong></span> 
     </span>
     <span class='ocr_line' id='line_1_22' title="bbox 275 1727 1362 1846; baseline 0.003 -17"><span class='ocrx_word' id='word_1_139' title='bbox 275 1785 425 1831; x_wconf 89' lang='lat' dir='ltr'><strong>tores</strong></span> <span class='ocrx_word' id='word_1_140' title='bbox 447 1776 751 1846; x_wconf 82' lang='lat' dir='ltr'><strong>admisistis</strong></span> <span class='ocrx_word' id='word_1_141' title='bbox 791 1777 1157 1846; x_wconf 87' lang='lat' dir='ltr'><strong>blasphemias</strong></span> <span class='ocrx_word' id='word_1_142' title='bbox 1189 1787 1242 1832; x_wconf 91' lang='lat' dir='ltr'><strong>et</strong></span> <span class='ocrx_word' id='word_1_143' title='bbox 1273 1727 1362 1834; x_wconf 49' lang='lat' dir='ltr'><strong>ea?</strong></span> 
     </span>
    </p>
   </div>
   <div class='ocr_carea' id='block_1_22' title="bbox 276 1845 1874 1920">
    <p class='ocr_par' dir='ltr' id='par_1_22' title="bbox 276 1845 1874 1920">
     <span class='ocr_line' id='line_1_23' title="bbox 276 1845 1874 1920; baseline 0.003 -21"><span class='ocrx_word' id='word_1_144' title='bbox 276 1845 564 1920; x_wconf 89' lang='lat' dir='ltr'><strong>pontifices</strong></span> <span class='ocrx_word' id='word_1_145' title='bbox 607 1856 657 1901; x_wconf 92' lang='lat' dir='ltr'><strong>et</strong></span> <span class='ocrx_word' id='word_1_146' title='bbox 703 1845 1040 1916; x_wconf 84' lang='lat' dir='ltr'><strong>patriarchas</strong></span> <span class='ocrx_word' id='word_1_147' title='bbox 1093 1857 1304 1920; x_wconf 85' lang='lat' dir='ltr'><strong>vestros</strong></span> <span class='ocrx_word' id='word_1_148' title='bbox 1358 1867 1421 1905; x_wconf 91' lang='lat' dir='ltr'><strong>ac</strong></span> <span class='ocrx_word' id='word_1_149' title='bbox 1481 1849 1720 1920; x_wconf 88' lang='lat' dir='ltr'><strong>reliquos</strong></span> <span class='ocrx_word' id='word_1_150' title='bbox 1775 1851 1874 1904; x_wconf 88' lang='lat' dir='ltr'><strong>Dei</strong></span> 
     </span>
    </p>
   </div>
   <div class='ocr_carea' id='block_1_23' title="bbox 274 1918 1874 1990">
    <p class='ocr_par' dir='ltr' id='par_1_23' title="bbox 274 1918 1874 1990">
     <span class='ocr_line' id='line_1_24' title="bbox 274 1918 1874 1990; baseline 0.003 -20"><span class='ocrx_word' id='word_1_151' title='bbox 274 1918 611 1990; x_wconf 80' lang='lat' dir='ltr'><strong>sacerdotes,</strong></span> <span class='ocrx_word' id='word_1_152' title='bbox 636 1933 765 1990; x_wconf 31' lang='lat' dir='ltr'><strong>inec</strong></span> <span class='ocrx_word' id='word_1_153' title='bbox 809 1934 916 1972; x_wconf 91' lang='lat' dir='ltr'><strong>non</strong></span> <span class='ocrx_word' id='word_1_154' title='bbox 963 1919 1109 1989; x_wconf 87' lang='lat' dir='ltr'><strong>quod</strong></span> <span class='ocrx_word' id='word_1_155' title='bbox 1142 1936 1239 1974; x_wconf 92' lang='lat' dir='ltr'><strong>vos</strong></span> <span class='ocrx_word' id='word_1_156' title='bbox 1270 1918 1692 1990; x_wconf 87' lang='lat' dir='ltr'><strong>parvipcndistis</strong></span> <span class='ocrx_word' id='word_1_157' title='bbox 1731 1921 1874 1975; x_wconf 91' lang='lat' dir='ltr'><strong>dile-</strong></span> 
     </span>
    </p>
   </div>
   <div class='ocr_carea' id='block_1_24' title="bbox 275 1987 1874 2064">
    <p class='ocr_par' dir='ltr' id='par_1_24' title="bbox 275 1987 1874 2064">
     <span class='ocr_line' id='line_1_25' title="bbox 275 1987 1874 2064; baseline 0.004 -24"><span class='ocrx_word' id='word_1_158' title='bbox 275 1988 516 2064; x_wconf 71' lang='lat' dir='ltr'><strong>ctionem</strong></span> <span class='ocrx_word' id='word_1_159' title='bbox 547 1996 594 2041; x_wconf 89' lang='lat' dir='ltr'><strong>et</strong></span> <span class='ocrx_word' id='word_1_160' title='bbox 629 1987 812 2064; x_wconf 74' lang='lat' dir='ltr'><strong>fidem</strong></span> <span class='ocrx_word' id='word_1_161' title='bbox 839 1997 892 2042; x_wconf 92' lang='lat' dir='ltr'><strong>et</strong></span> <span class='ocrx_word' id='word_1_162' title='bbox 927 1987 1190 2064; x_wconf 79' lang='lat' dir='ltr'><strong>honorem</strong></span> <span class='ocrx_word' id='word_1_163' title='bbox 1221 1987 1708 2064; x_wconf 52' lang='lat' dir='ltr'><strong>etobse&#39;rvantiam</strong></span> <span class='ocrx_word' id='word_1_164' title='bbox 1740 2006 1874 2064; x_wconf 86' lang='lat' dir='ltr'><strong>erga</strong></span> 
     </span>
    </p>
   </div>
   <div class='ocr_carea' id='block_1_25' title="bbox 274 2059 1872 2130">
    <p class='ocr_par' dir='ltr' id='par_1_25' title="bbox 274 2059 1872 2130">
     <span class='ocr_line' id='line_1_26' title="bbox 274 2059 1872 2130; baseline 0.002 -18"><span class='ocrx_word' id='word_1_165' title='bbox 274 2059 422 2112; x_wconf 87' lang='lat' dir='ltr'><strong>illos.</strong></span> <span class='ocrx_word' id='word_1_166' title='bbox 477 2059 754 2129; x_wconf 82' lang='lat' dir='ltr'><strong>Rogamus</strong></span> <span class='ocrx_word' id='word_1_167' title='bbox 801 2059 980 2130; x_wconf 86' lang='lat' dir='ltr'><strong>itaque</strong></span> <span class='ocrx_word' id='word_1_168' title='bbox 1027 2060 1262 2114; x_wconf 82' lang='lat' dir='ltr'><strong>divinam</strong></span> <span class='ocrx_word' id='word_1_169' title='bbox 1305 2061 1597 2130; x_wconf 86' lang='lat' dir='ltr'><strong>potentiam</strong></span> <span class='ocrx_word' id='word_1_170' title='bbox 1640 2059 1872 2115; x_wconf 53' lang='lat' dir='ltr'><strong>vestra&#39;m</strong></span> 
     </span>
    </p>
   </div>
   <div class='ocr_carea' id='block_1_26' title="bbox 277 2130 1874 2201">
    <p class='ocr_par' dir='ltr' id='par_1_26' title="bbox 277 2130 1874 2201">
     <span class='ocr_line' id='line_1_27' title="bbox 277 2130 1874 2201; baseline 0.003 -20"><span class='ocrx_word' id='word_1_171' title='bbox 277 2138 337 2201; x_wconf 79' lang='lat' dir='ltr'><strong>ut</strong></span> <span class='ocrx_word' id='word_1_172' title='bbox 387 2145 454 2201; x_wconf 78' lang='lat' dir='ltr'><strong>ex</strong></span> <span class='ocrx_word' id='word_1_173' title='bbox 497 2145 640 2201; x_wconf 81' lang='lat' dir='ltr'><strong>nunc</strong></span> <span class='ocrx_word' id='word_1_174' title='bbox 687 2145 850 2201; x_wconf 83' lang='lat' dir='ltr'><strong>aures</strong></span> <span class='ocrx_word' id='word_1_175' title='bbox 899 2130 1164 2201; x_wconf 90' lang='lat' dir='ltr'><strong>obturetis</strong></span> <span class='ocrx_word' id='word_1_176' title='bbox 1212 2131 1423 2201; x_wconf 90' lang='lat' dir='ltr'><strong>imperii</strong></span> <span class='ocrx_word' id='word_1_177' title='bbox 1469 2131 1632 2186; x_wconf 88' lang='lat' dir='ltr'><strong>vestri</strong></span> <span class='ocrx_word' id='word_1_178' title='bbox 1679 2149 1708 2185; x_wconf 91' lang='lat' dir='ltr'><strong>a</strong></span> <span class='ocrx_word' id='word_1_179' title='bbox 1758 2133 1874 2186; x_wconf 89' lang='lat' dir='ltr'><strong>Deo</strong></span> 
     </span>
    </p>
   </div>
   <div class='ocr_carea' id='block_1_27' title="bbox 275 2199 1874 2273">
    <p class='ocr_par' dir='ltr' id='par_1_27' title="bbox 275 2199 1874 2273">
     <span class='ocr_line' id='line_1_28' title="bbox 275 2199 1874 2273; baseline 0.003 -22"><span class='ocrx_word' id='word_1_180' title='bbox 275 2199 437 2273; x_wconf 67' lang='lat' dir='ltr'><strong>electi</strong></span> <span class='ocrx_word' id='word_1_181' title='bbox 484 2199 776 2273; x_wconf 86' lang='lat' dir='ltr'><strong>calumniis</strong></span> <span class='ocrx_word' id='word_1_182' title='bbox 795 2209 860 2273; x_wconf 24' lang='lat' dir='ltr'><strong>eti</strong></span> <span class='ocrx_word' id='word_1_183' title='bbox 871 2199 1356 2273; x_wconf 79' lang='lat' dir='ltr'><strong>obtrectationibus</strong></span> <span class='ocrx_word' id='word_1_184' title='bbox 1393 2201 1660 2273; x_wconf 85' lang='lat' dir='ltr'><strong>adversus</strong></span> <span class='ocrx_word' id='word_1_185' title='bbox 1693 2203 1874 2273; x_wconf 86' lang='lat' dir='ltr'><strong>ponti-</strong></span> 
     </span>
    </p>
   </div>
   <div class='ocr_carea' id='block_1_28' title="bbox 275 2267 1873 2344">
    <p class='ocr_par' dir='ltr' id='par_1_28' title="bbox 275 2267 1873 2344">
     <span class='ocr_line' id='line_1_29' title="bbox 275 2267 1873 2344; baseline 0.003 -22"><span class='ocrx_word' id='word_1_186' title='bbox 275 2267 406 2344; x_wconf 92' lang='lat' dir='ltr'><strong>fices</strong></span> <span class='ocrx_word' id='word_1_187' title='bbox 438 2285 584 2344; x_wconf 67' lang='lat' dir='ltr'><strong>quas</strong></span> <span class='ocrx_word' id='word_1_188' title='bbox 611 2270 779 2344; x_wconf 82' lang='lat' dir='ltr'><strong>pravi</strong></span> <span class='ocrx_word' id='word_1_189' title='bbox 829 2269 903 2323; x_wconf 88' lang='lat' dir='ltr'><strong>illi</strong></span> <span class='ocrx_word' id='word_1_190' title='bbox 951 2270 1198 2344; x_wconf 82' lang='lat' dir='ltr'><strong>homines</strong></span> <span class='ocrx_word' id='word_1_191' title='bbox 1227 2281 1279 2326; x_wconf 91' lang='lat' dir='ltr'><strong>et</strong></span> <span class='ocrx_word' id='word_1_192' title='bbox 1310 2272 1464 2326; x_wconf 88' lang='lat' dir='ltr'><strong>malis</strong></span> <span class='ocrx_word' id='word_1_193' title='bbox 1512 2267 1708 2326; x_wconf 54' lang='lat' dir='ltr'><strong>solum&#39;</strong></span> <span class='ocrx_word' id='word_1_194' title='bbox 1733 2289 1873 2344; x_wconf 86' lang='lat' dir='ltr'><strong>gau-</strong></span> 
     </span>
    </p>
   </div>
   <div class='ocr_carea' id='block_1_29' title="bbox 275 2339 1859 2414">
    <p class='ocr_par' dir='ltr' id='par_1_29' title="bbox 275 2339 1859 2414">
     <span class='ocr_line' id='line_1_30' title="bbox 275 2339 1859 2414; baseline 0.003 -21"><span class='ocrx_word' id='word_1_195' title='bbox 275 2340 471 2414; x_wconf 82' lang='lat' dir='ltr'><strong>dentes</strong></span> <span class='ocrx_word' id='word_1_196' title='bbox 502 2339 653 2414; x_wconf 88' lang='lat' dir='ltr'><strong>vobis</strong></span> <span class='ocrx_word' id='word_1_197' title='bbox 684 2356 978 2414; x_wconf 71' lang='lat' dir='ltr'><strong>suggerere</strong></span> <span class='ocrx_word' id='word_1_198' title='bbox 1028 2342 1221 2414; x_wconf 84' lang='lat' dir='ltr'><strong>solent,</strong></span> <span class='ocrx_word' id='word_1_199' title='bbox 1254 2351 1307 2397; x_wconf 91' lang='lat' dir='ltr'><strong>et</strong></span> <span class='ocrx_word' id='word_1_200' title='bbox 1335 2358 1431 2398; x_wconf 92' lang='lat' dir='ltr'><strong>eos</strong></span> <span class='ocrx_word' id='word_1_201' title='bbox 1461 2351 1720 2414; x_wconf 87' lang='lat' dir='ltr'><strong>tanquam</strong></span> <span class='ocrx_word' id='word_1_202' title='bbox 1737 2339 1859 2412; x_wconf 57' lang='lat' dir='ltr'><strong>&#39;pia-</strong></span> 
     </span>
    </p>
   </div>
   <div class='ocr_carea' id='block_1_30' title="bbox 276 2409 1874 2482">
    <p class='ocr_par' dir='ltr' id='par_1_30' title="bbox 276 2409 1874 2482">
     <span class='ocr_line' id='line_1_31' title="bbox 276 2409 1874 2482; baseline 0.002 -18"><span class='ocrx_word' id='word_1_203' title='bbox 276 2409 400 2482; x_wconf 81' lang='lat' dir='ltr'><strong>cula</strong></span> <span class='ocrx_word' id='word_1_204' title='bbox 447 2418 498 2463; x_wconf 88' lang='lat' dir='ltr'><strong>et</strong></span> <span class='ocrx_word' id='word_1_205' title='bbox 542 2411 995 2482; x_wconf 78' lang='lat' dir='ltr'><strong>abominationes,</strong></span> <span class='ocrx_word' id='word_1_206' title='bbox 1057 2412 1270 2482; x_wconf 88' lang='lat' dir='ltr'><strong>iniquas</strong></span> <span class='ocrx_word' id='word_1_207' title='bbox 1314 2409 1606 2468; x_wconf 81' lang='lat' dir='ltr'><strong>verborum</strong></span> <span class='ocrx_word' id='word_1_208' title='bbox 1662 2409 1874 2468; x_wconf 80' lang='lat' dir='ltr'><strong>illorum</strong></span> 
     </span>
    </p>
   </div>
   <div class='ocr_carea' id='block_1_31' title="bbox 276 2480 1875 2552">
    <p class='ocr_par' dir='ltr' id='par_1_31' title="bbox 276 2480 1875 2552">
     <span class='ocr_line' id='line_1_32' title="bbox 276 2480 1875 2552; baseline 0.004 -20"><span class='ocrx_word' id='word_1_209' title='bbox 276 2480 504 2552; x_wconf 79' lang='lat' dir='ltr'><strong>sagittas</strong></span> <span class='ocrx_word' id='word_1_210' title='bbox 534 2480 799 2550; x_wconf 86' lang='lat' dir='ltr'><strong>repellere</strong></span> <span class='ocrx_word' id='word_1_211' title='bbox 830 2482 1006 2535; x_wconf 89' lang='lat' dir='ltr'><strong>velitis</strong></span> <span class='ocrx_word' id='word_1_212' title='bbox 1041 2500 1053 2534; x_wconf 92' lang='lat'><strong>:</strong></span> <span class='ocrx_word' id='word_1_213' title='bbox 1087 2480 1422 2552; x_wconf 79' lang='lat' dir='ltr'><strong>patriarchas</strong></span> <span class='ocrx_word' id='word_1_214' title='bbox 1457 2492 1635 2538; x_wconf 91' lang='lat' dir='ltr'><strong>autem</strong></span> <span class='ocrx_word' id='word_1_215' title='bbox 1666 2493 1875 2539; x_wconf 91' lang='lat' dir='ltr'><strong>vestros</strong></span> 
     </span>
    </p>
   </div>
   <div class='ocr_carea' id='block_1_32' title="bbox 275 2550 1874 2624">
    <p class='ocr_par' dir='ltr' id='par_1_32' title="bbox 275 2550 1874 2624">
     <span class='ocr_line' id='line_1_33' title="bbox 275 2550 1874 2624; baseline 0.003 -21"><span class='ocrx_word' id='word_1_216' title='bbox 275 2550 329 2603; x_wconf 92' lang='lat' dir='ltr'><strong>in</strong></span> <span class='ocrx_word' id='word_1_217' title='bbox 367 2552 572 2604; x_wconf 90' lang='lat' dir='ltr'><strong>honore</strong></span> <span class='ocrx_word' id='word_1_218' title='bbox 621 2552 842 2624; x_wconf 76' lang='lat' dir='ltr'><strong>habere.</strong></span> <span class='ocrx_word' id='word_1_219' title='bbox 877 2559 928 2624; x_wconf 86' lang='lat' dir='ltr'><strong>et</strong></span> <span class='ocrx_word' id='word_1_220' title='bbox 961 2550 1412 2624; x_wconf 75' lang='lat' dir='ltr'><strong>quasiproprios</strong></span> <span class='ocrx_word' id='word_1_221' title='bbox 1455 2563 1638 2624; x_wconf 86' lang='lat' dir='ltr'><strong>patres</strong></span> <span class='ocrx_word' id='word_1_222' title='bbox 1684 2555 1874 2609; x_wconf 89' lang='lat' dir='ltr'><strong>existi-</strong></span> 
     </span>
    </p>
   </div>
   <div class='ocr_carea' id='block_1_33' title="bbox 274 2622 1873 2691">
    <p class='ocr_par' dir='ltr' id='par_1_33' title="bbox 274 2622 1873 2691">
     <span class='ocr_line' id='line_1_34' title="bbox 274 2622 1873 2691; baseline 0.004 -18"><span class='ocrx_word' id='word_1_223' title='bbox 274 2635 451 2684; x_wconf 87' lang='lat' dir='ltr'><strong>mare,</strong></span> <span class='ocrx_word' id='word_1_224' title='bbox 503 2630 762 2691; x_wconf 87' lang='lat' dir='ltr'><strong>tanquam</strong></span> <span class='ocrx_word' id='word_1_225' title='bbox 794 2622 891 2676; x_wconf 90' lang='lat' dir='ltr'><strong>Dei</strong></span> <span class='ocrx_word' id='word_1_226' title='bbox 921 2622 1282 2677; x_wconf 87' lang='lat' dir='ltr'><strong>ethominum</strong></span> <span class='ocrx_word' id='word_1_227' title='bbox 1331 2622 1663 2679; x_wconf 87' lang='lat' dir='ltr'><strong>mediatores</strong></span> <span class='ocrx_word' id='word_1_228' title='bbox 1704 2641 1873 2680; x_wconf 90' lang='lat' dir='ltr'><strong>vene-</strong></span> 
     </span>
    </p>
   </div>
   <div class='ocr_carea' id='block_1_34' title="bbox 277 2691 1876 2766">
    <p class='ocr_par' dir='ltr' id='par_1_34' title="bbox 277 2691 1876 2766">
     <span class='ocr_line' id='line_1_35' title="bbox 277 2691 1876 2766; baseline 0.004 -22"><span class='ocrx_word' id='word_1_229' title='bbox 277 2691 408 2744; x_wconf 89' lang='lat' dir='ltr'><strong>rari.</strong></span> <span class='ocrx_word' id='word_1_230' title='bbox 435 2691 540 2766; x_wconf 84' lang='lat' dir='ltr'><strong>Ipsi</strong></span> <span class='ocrx_word' id='word_1_231' title='bbox 572 2691 716 2745; x_wconf 90' lang='lat' dir='ltr'><strong>enim</strong></span> <span class='ocrx_word' id='word_1_232' title='bbox 748 2691 970 2766; x_wconf 84' lang='lat' dir='ltr'><strong>vigilant</strong></span> <span class='ocrx_word' id='word_1_233' title='bbox 1001 2709 1098 2762; x_wconf 90' lang='lat' dir='ltr'><strong>pro</strong></span> <span class='ocrx_word' id='word_1_234' title='bbox 1119 2695 1399 2766; x_wconf 74' lang='lat' dir='ltr'><strong>animabus</strong></span> <span class='ocrx_word' id='word_1_235' title='bbox 1430 2696 1646 2762; x_wconf 89' lang='lat' dir='ltr'><strong>vestris,</strong></span> <span class='ocrx_word' id='word_1_236' title='bbox 1672 2704 1724 2750; x_wconf 89' lang='lat' dir='ltr'><strong>et</strong></span> <span class='ocrx_word' id='word_1_237' title='bbox 1754 2713 1876 2766; x_wconf 75' lang='lat' dir='ltr'><strong>qua:</strong></span> 
     </span>
    </p>
   </div>
   <div class='ocr_carea' id='block_1_35' title="bbox 275 2735 1874 2836">
    <p class='ocr_par' dir='ltr' id='par_1_35' title="bbox 275 2735 1874 2836">
     <span class='ocr_line' id='line_1_36' title="bbox 275 2735 1874 2836; baseline 0.004 -22"><span class='ocrx_word' id='word_1_238' title='bbox 275 2777 377 2831; x_wconf 91' lang='lat' dir='ltr'><strong>pro</strong></span> <span class='ocrx_word' id='word_1_239' title='bbox 407 2735 578 2815; x_wconf 48' lang='lat' dir='ltr'><strong>sa’lute</strong></span> <span class='ocrx_word' id='word_1_240' title='bbox 606 2771 783 2816; x_wconf 90' lang='lat' dir='ltr'><strong>vestra</strong></span> <span class='ocrx_word' id='word_1_241' title='bbox 803 2735 1034 2818; x_wconf 48' lang='lat' dir='ltr'><strong>faciunt</strong></span> <span class='ocrx_word' id='word_1_242' title='bbox 1049 2764 1203 2818; x_wconf 87' lang='lat' dir='ltr'><strong>vobis</strong></span> <span class='ocrx_word' id='word_1_243' title='bbox 1232 2782 1261 2818; x_wconf 89' lang='lat' dir='ltr'><strong>a</strong></span> <span class='ocrx_word' id='word_1_244' title='bbox 1294 2766 1408 2820; x_wconf 91' lang='lat' dir='ltr'><strong>Deo</strong></span> <span class='ocrx_word' id='word_1_245' title='bbox 1439 2737 1657 2835; x_wconf 70' lang='lat' dir='ltr'><strong>sempei&#39;</strong></span> <span class='ocrx_word' id='word_1_246' title='bbox 1685 2735 1874 2836; x_wconf 54' lang='lat' dir='ltr'><strong>depre-</strong></span> 
     </span>
    </p>
   </div>
   <div class='ocr_carea' id='block_1_36' title="bbox 274 2836 1875 2906">
    <p class='ocr_par' dir='ltr' id='par_1_36' title="bbox 274 2836 1875 2906">
     <span class='ocr_line' id='line_1_37' title="bbox 274 2836 1875 2906; baseline 0.004 -22"><span class='ocrx_word' id='word_1_247' title='bbox 274 2840 490 2906; x_wconf 77' lang='lat' dir='ltr'><strong>cantur,</strong></span> <span class='ocrx_word' id='word_1_248' title='bbox 540 2848 641 2906; x_wconf 70' lang='lat' dir='ltr'><strong>nec</strong></span> <span class='ocrx_word' id='word_1_249' title='bbox 673 2849 826 2906; x_wconf 30' lang='lat' dir='ltr'><strong>“non,</strong></span> <span class='ocrx_word' id='word_1_250' title='bbox 879 2842 934 2887; x_wconf 92' lang='lat' dir='ltr'><strong>ut</strong></span> <span class='ocrx_word' id='word_1_251' title='bbox 976 2850 1072 2904; x_wconf 89' lang='lat' dir='ltr'><strong>par</strong></span> <span class='ocrx_word' id='word_1_252' title='bbox 1118 2844 1220 2900; x_wconf 90' lang='lat' dir='ltr'><strong>est,</strong></span> <span class='ocrx_word' id='word_1_253' title='bbox 1271 2851 1372 2906; x_wconf 83' lang='lat' dir='ltr'><strong>pro</strong></span> <span class='ocrx_word' id='word_1_254' title='bbox 1415 2836 1480 2890; x_wconf 89' lang='lat' dir='ltr'><strong>iis</strong></span> <span class='ocrx_word' id='word_1_255' title='bbox 1529 2836 1724 2906; x_wconf 79' lang='lat' dir='ltr'><strong>quibus</strong></span> <span class='ocrx_word' id='word_1_256' title='bbox 1777 2852 1875 2890; x_wconf 87' lang='lat' dir='ltr'><strong>vos</strong></span> 
     </span>
    </p>
   </div>
   <div class='ocr_carea' id='block_1_37' title="bbox 279 2901 1870 2976">
    <p class='ocr_par' dir='ltr' id='par_1_37' title="bbox 279 2901 1870 2976">
     <span class='ocr_line' id='line_1_38' title="bbox 279 2901 1870 2976; baseline 0.002 -20"><span class='ocrx_word' id='word_1_257' title='bbox 279 2904 451 2976; x_wconf 83' lang='lat' dir='ltr'><strong>Deum</strong></span> <span class='ocrx_word' id='word_1_258' title='bbox 478 2901 809 2976; x_wconf 67' lang='lat' dir='ltr'><strong>_ofi‘endistis</strong></span> <span class='ocrx_word' id='word_1_259' title='bbox 856 2901 1122 2976; x_wconf 75' lang='lat' dir='ltr'><strong>errantes,</strong></span> <span class='ocrx_word' id='word_1_260' title='bbox 1169 2901 1426 2960; x_wconf 78' lang='lat' dir='ltr'><strong>sacrificia</strong></span> <span class='ocrx_word' id='word_1_261' title='bbox 1474 2901 1576 2976; x_wconf 78' lang='lat' dir='ltr'><strong>ipsi</strong></span> <span class='ocrx_word' id='word_1_262' title='bbox 1621 2905 1870 2973; x_wconf 68' lang='lat' dir='ltr'><strong>offerunt,</strong></span> 
     </span>
    </p>
   </div>
   <div class='ocr_carea' id='block_1_38' title="bbox 279 2972 1873 3043">
    <p class='ocr_par' dir='ltr' id='par_1_38' title="bbox 279 2972 1873 3043">
     <span class='ocr_line' id='line_1_39' title="bbox 279 2972 1873 3043; baseline 0.003 -17"><span class='ocrx_word' id='word_1_263' title='bbox 279 2981 333 3026; x_wconf 86' lang='lat' dir='ltr'><strong>ut</strong></span> <span class='ocrx_word' id='word_1_264' title='bbox 366 2972 520 3026; x_wconf 83' lang='lat' dir='ltr'><strong>vobis</strong></span> <span class='ocrx_word' id='word_1_265' title='bbox 555 2975 726 3027; x_wconf 90' lang='lat' dir='ltr'><strong>Deum</strong></span> <span class='ocrx_word' id='word_1_266' title='bbox 755 2975 988 3043; x_wconf 88' lang='lat' dir='ltr'><strong>placent,</strong></span> <span class='ocrx_word' id='word_1_267' title='bbox 1024 2975 1346 3030; x_wconf 89' lang='lat' dir='ltr'><strong>benevolum</strong></span> <span class='ocrx_word' id='word_1_268' title='bbox 1377 2972 1524 3030; x_wconf 81' lang='lat' dir='ltr'><strong>illum</strong></span> <span class='ocrx_word' id='word_1_269' title='bbox 1558 2976 1711 3030; x_wconf 86' lang='lat' dir='ltr'><strong>vobis</strong></span> <span class='ocrx_word' id='word_1_270' title='bbox 1744 2977 1873 3031; x_wconf 90' lang='lat' dir='ltr'><strong>red-</strong></span> 
     </span>
    </p>
   </div>
   <div class='ocr_carea' id='block_1_39' title="bbox 275 3043 1872 3118">
    <p class='ocr_par' dir='ltr' id='par_1_39' title="bbox 275 3043 1872 3118">
     <span class='ocr_line' id='line_1_40' title="bbox 275 3043 1872 3118; baseline 0.003 -22"><span class='ocrx_word' id='word_1_271' title='bbox 275 3043 490 3118; x_wconf 70' lang='lat' dir='ltr'><strong>dentcs.</strong></span> <span class='ocrx_word' id='word_1_272' title='bbox 524 3044 714 3118; x_wconf 67' lang='lat' dir='ltr'><strong>Neque</strong></span> <span class='ocrx_word' id='word_1_273' title='bbox 744 3043 795 3098; x_wconf 89' lang='lat' dir='ltr'><strong>id</strong></span> <span class='ocrx_word' id='word_1_274' title='bbox 830 3045 1022 3108; x_wconf 90' lang='lat' dir='ltr'><strong>solum,</strong></span> <span class='ocrx_word' id='word_1_275' title='bbox 1056 3061 1241 3118; x_wconf 85' lang='lat' dir='ltr'><strong>verum</strong></span> <span class='ocrx_word' id='word_1_276' title='bbox 1287 3047 1448 3100; x_wconf 88' lang='lat' dir='ltr'><strong>etiam</strong></span> <span class='ocrx_word' id='word_1_277' title='bbox 1479 3063 1578 3118; x_wconf 91' lang='lat' dir='ltr'><strong>pro</strong></span> <span class='ocrx_word' id='word_1_278' title='bbox 1609 3047 1872 3118; x_wconf 82' lang='lat' dir='ltr'><strong>tranquil-</strong></span> 
     </span>
    </p>
   </div>
   <div class='ocr_carea' id='block_1_40' title="bbox 272 3113 1956 3187">
    <p class='ocr_par' dir='ltr' id='par_1_40' title="bbox 272 3113 1956 3187">
     <span class='ocr_line' id='line_1_41' title="bbox 272 3113 1956 3187; baseline 0.003 -21"><span class='ocrx_word' id='word_1_279' title='bbox 272 3113 426 3187; x_wconf 79' lang='lat' dir='ltr'><strong>litate</strong></span> <span class='ocrx_word' id='word_1_280' title='bbox 455 3121 506 3167; x_wconf 91' lang='lat' dir='ltr'><strong>et</strong></span> <span class='ocrx_word' id='word_1_281' title='bbox 537 3113 818 3187; x_wconf 84' lang='lat' dir='ltr'><strong>duratione</strong></span> <span class='ocrx_word' id='word_1_282' title='bbox 857 3116 1122 3187; x_wconf 71' lang='lat' dir='ltr'><strong>potentiae</strong></span> <span class='ocrx_word' id='word_1_283' title='bbox 1169 3125 1383 3183; x_wconf 70' lang='lat' dir='ltr'><strong>vestrae,</strong></span> <span class='ocrx_word' id='word_1_284' title='bbox 1431 3113 1492 3172; x_wconf 58' lang='lat' dir='ltr'><strong>et&#39;</strong></span> <span class='ocrx_word' id='word_1_285' title='bbox 1512 3134 1608 3187; x_wconf 90' lang='lat' dir='ltr'><strong>pro</strong></span> <span class='ocrx_word' id='word_1_286' title='bbox 1652 3113 1876 3172; x_wconf 75' lang='lat' dir='ltr'><strong>victoria</strong></span> <span class='ocrx_word' id='word_1_287' title='bbox 1906 3125 1956 3187; x_wconf 70' lang='grc' dir='ltr'>α</span> 
     </span>
    </p>
   </div>
   <div class='ocr_carea' id='block_1_41' title="bbox 274 3184 1872 3243">
    <p class='ocr_par' dir='ltr' id='par_1_41' title="bbox 274 3184 1872 3243">
     <span class='ocr_line' id='line_1_42' title="bbox 274 3184 1872 3243; baseline 0.003 -7"><span class='ocrx_word' id='word_1_288' title='bbox 274 3184 542 3237; x_wconf 87' lang='lat' dir='ltr'><strong>adversus</strong></span> <span class='ocrx_word' id='word_1_289' title='bbox 592 3185 773 3239; x_wconf 91' lang='lat' dir='ltr'><strong>hostes</strong></span> <span class='ocrx_word' id='word_1_290' title='bbox 821 3185 1112 3239; x_wconf 90' lang='lat' dir='ltr'><strong>obtinenda</strong></span> <span class='ocrx_word' id='word_1_291' title='bbox 1163 3187 1331 3241; x_wconf 92' lang='lat' dir='ltr'><strong>Deum</strong></span> <span class='ocrx_word' id='word_1_292' title='bbox 1380 3184 1625 3242; x_wconf 77' lang='lat' dir='ltr'><strong>nostrum</strong></span> <span class='ocrx_word' id='word_1_293' title='bbox 1657 3189 1872 3243; x_wconf 91' lang='lat' dir='ltr'><strong>miseri-</strong></span> 
     </span>
    </p>
   </div>
   <div class='ocr_carea' id='block_1_42' title="bbox 273 3255 1874 3329">
    <p class='ocr_par' dir='ltr' id='par_1_42' title="bbox 273 3255 1874 3329">
     <span class='ocr_line' id='line_1_43' title="bbox 273 3255 1874 3329; baseline 0.003 -22"><span class='ocrx_word' id='word_1_294' title='bbox 273 3255 500 3329; x_wconf 74' lang='lat' dir='ltr'><strong>cordem</strong></span> <span class='ocrx_word' id='word_1_295' title='bbox 559 3264 732 3329; x_wconf 80' lang='lat' dir='ltr'><strong>orant.</strong></span> <span class='ocrx_word' id='word_1_296' title='bbox 781 3255 1058 3321; x_wconf 91' lang='lat' dir='ltr'><strong>Doctores,</strong></span> <span class='ocrx_word' id='word_1_297' title='bbox 1111 3257 1271 3311; x_wconf 88' lang='lat' dir='ltr'><strong>etiam</strong></span> <span class='ocrx_word' id='word_1_298' title='bbox 1316 3266 1370 3312; x_wconf 93' lang='lat' dir='ltr'><strong>et</strong></span> <span class='ocrx_word' id='word_1_299' title='bbox 1411 3258 1676 3329; x_wconf 85' lang='lat' dir='ltr'><strong>magistri,</strong></span> <span class='ocrx_word' id='word_1_300' title='bbox 1719 3258 1874 3312; x_wconf 88' lang='lat' dir='ltr'><strong>vobis</strong></span> 
     </span>
    </p>
   </div>
   <div class='ocr_carea' id='block_1_43' title="bbox 275 3325 1874 3399">
    <p class='ocr_par' dir='ltr' id='par_1_43' title="bbox 275 3325 1874 3399">
     <span class='ocr_line' id='line_1_44' title="bbox 275 3325 1874 3399; baseline 0.002 -21"><span class='ocrx_word' id='word_1_301' title='bbox 275 3325 532 3388; x_wconf 78' lang='lat' dir='ltr'><strong>existunt,</strong></span> <span class='ocrx_word' id='word_1_302' title='bbox 582 3326 710 3399; x_wconf 83' lang='lat' dir='ltr'><strong>dum</strong></span> <span class='ocrx_word' id='word_1_303' title='bbox 760 3342 859 3379; x_wconf 93' lang='lat' dir='ltr'><strong>vos</strong></span> <span class='ocrx_word' id='word_1_304' title='bbox 909 3329 1201 3399; x_wconf 83' lang='lat' dir='ltr'><strong>admonent</strong></span> <span class='ocrx_word' id='word_1_305' title='bbox 1250 3337 1307 3382; x_wconf 92' lang='lat' dir='ltr'><strong>ut</strong></span> <span class='ocrx_word' id='word_1_306' title='bbox 1337 3345 1399 3382; x_wconf 89' lang='lat' dir='ltr'><strong>ea</strong></span> <span class='ocrx_word' id='word_1_307' title='bbox 1439 3325 1647 3383; x_wconf 73' lang='lat' dir='ltr'><strong>faciatis</strong></span> <span class='ocrx_word' id='word_1_308' title='bbox 1679 3329 1874 3399; x_wconf 88' lang='lat' dir='ltr'><strong>quibus</strong></span> 
     </span>
    </p>
   </div>
   <div class='ocr_carea' id='block_1_44' title="bbox 275 3395 1144 3467">
    <p class='ocr_par' dir='ltr' id='par_1_44' title="bbox 275 3395 1144 3467">
     <span class='ocr_line' id='line_1_45' title="bbox 275 3395 1144 3467; baseline 0.002 -19"><span class='ocrx_word' id='word_1_309' title='bbox 275 3411 511 3467; x_wconf 71' lang='lat' dir='ltr'><strong>regnum</strong></span> <span class='ocrx_word' id='word_1_310' title='bbox 539 3395 798 3450; x_wconf 66' lang='lat' dir='ltr'><strong>corlorum</strong></span> <span class='ocrx_word' id='word_1_311' title='bbox 830 3397 1144 3467; x_wconf 89' lang='lat' dir='ltr'><strong>acquiratis.</strong></span> 
     </span>
    </p>
   </div>
   <div class='ocr_carea' id='block_1_45' title="bbox 353 3465 1875 3540">
    <p class='ocr_par' dir='ltr' id='par_1_45' title="bbox 353 3465 1875 3540">
     <span class='ocr_line' id='line_1_46' title="bbox 353 3465 1875 3540; baseline 0.003 -22"><span class='ocrx_word' id='word_1_312' title='bbox 353 3487 374 3540; x_wconf 60' lang='lat' dir='ltr'><strong>ir</strong></span> <span class='ocrx_word' id='word_1_313' title='bbox 412 3465 674 3540; x_wconf 69' lang='lat' dir='ltr'><strong>Praeterea</strong></span> <span class='ocrx_word' id='word_1_314' title='bbox 705 3482 800 3520; x_wconf 85' lang='lat' dir='ltr'><strong>vos</strong></span> <span class='ocrx_word' id='word_1_315' title='bbox 833 3465 1093 3540; x_wconf 18' lang='lat' dir='ltr'><strong>préAaiiis</strong></span> <span class='ocrx_word' id='word_1_316' title='bbox 1122 3468 1353 3540; x_wconf 84' lang='lat' dir='ltr'><strong>diligere</strong></span> <span class='ocrx_word' id='word_1_317' title='bbox 1393 3477 1688 3540; x_wconf 90' lang='lat' dir='ltr'><strong>noscuntur</strong></span> <span class='ocrx_word' id='word_1_318' title='bbox 1720 3487 1732 3522; x_wconf 88' lang='lat'>:</span> <span class='ocrx_word' id='word_1_319' title='bbox 1767 3485 1875 3522; x_wconf 88' lang='lat' dir='ltr'><strong>non</strong></span> 
     </span>
    </p>
   </div>
   <div class='ocr_carea' id='block_1_46' title="bbox 275 3536 1875 3594">
    <p class='ocr_par' dir='ltr' id='par_1_46' title="bbox 275 3536 1875 3594">
     <span class='ocr_line' id='line_1_47' title="bbox 275 3536 1875 3594; baseline 0.002 -5"><span class='ocrx_word' id='word_1_320' title='bbox 275 3537 421 3589; x_wconf 89' lang='lat' dir='ltr'><strong>enim</strong></span> <span class='ocrx_word' id='word_1_321' title='bbox 467 3536 813 3590; x_wconf 84' lang='lat' dir='ltr'><strong>adulatorum</strong></span> <span class='ocrx_word' id='word_1_322' title='bbox 863 3538 1155 3592; x_wconf 87' lang='lat' dir='ltr'><strong>amicitiam</strong></span> <span class='ocrx_word' id='word_1_323' title='bbox 1221 3536 1418 3594; x_wconf 75' lang='lat' dir='ltr'><strong>sectari</strong></span> <span class='ocrx_word' id='word_1_324' title='bbox 1466 3539 1641 3593; x_wconf 89' lang='lat' dir='ltr'><strong>sciunt</strong></span> <span class='ocrx_word' id='word_1_325' title='bbox 1693 3540 1875 3594; x_wconf 84' lang='lat' dir='ltr'><strong>vobis-</strong></span> 
     </span>
    </p>
   </div>
   <div class='ocr_carea' id='block_1_47' title="bbox 274 3605 1876 3679">
    <p class='ocr_par' dir='ltr' id='par_1_47' title="bbox 274 3605 1876 3679">
     <span class='ocr_line' id='line_1_48' title="bbox 274 3605 1876 3679; baseline 0.001 -19"><span class='ocrx_word' id='word_1_326' title='bbox 274 3622 423 3679; x_wconf 75' lang='lat' dir='ltr'><strong>cum,</strong></span> <span class='ocrx_word' id='word_1_327' title='bbox 455 3605 797 3661; x_wconf 88' lang='lat' dir='ltr'><strong>adulatorum</strong></span> <span class='ocrx_word' id='word_1_328' title='bbox 867 3607 1035 3679; x_wconf 88' lang='lat' dir='ltr'><strong>instar</strong></span> <span class='ocrx_word' id='word_1_329' title='bbox 1090 3624 1186 3663; x_wconf 90' lang='lat' dir='ltr'><strong>vos</strong></span> <span class='ocrx_word' id='word_1_330' title='bbox 1241 3609 1492 3679; x_wconf 82' lang='lat' dir='ltr'><strong>diligere,</strong></span> <span class='ocrx_word' id='word_1_331' title='bbox 1553 3611 1650 3663; x_wconf 88' lang='lat' dir='ltr'><strong>sed</strong></span> <span class='ocrx_word' id='word_1_332' title='bbox 1697 3612 1876 3679; x_wconf 87' lang='lat' dir='ltr'><strong>potius</strong></span> 
     </span>
    </p>
   </div>
   <div class='ocr_carea' id='block_1_48' title="bbox 274 3677 1878 3750">
    <p class='ocr_par' dir='ltr' id='par_1_48' title="bbox 274 3677 1878 3750">
     <span class='ocr_line' id='line_1_49' title="bbox 274 3677 1878 3750; baseline 0.002 -21"><span class='ocrx_word' id='word_1_333' title='bbox 274 3677 614 3740; x_wconf 88' lang='lat' dir='ltr'><strong>charitatem,</strong></span> <span class='ocrx_word' id='word_1_334' title='bbox 667 3693 830 3750; x_wconf 73' lang='lat' dir='ltr'><strong>quam</strong></span> <span class='ocrx_word' id='word_1_335' title='bbox 877 3678 1024 3748; x_wconf 89' lang='lat' dir='ltr'><strong>ipsos</strong></span> <span class='ocrx_word' id='word_1_336' title='bbox 1057 3679 1252 3750; x_wconf 75' lang='lat' dir='ltr'><strong>docuit</strong></span> <span class='ocrx_word' id='word_1_337' title='bbox 1303 3677 1550 3734; x_wconf 77' lang='lat' dir='ltr'><strong>Christus</strong></span> <span class='ocrx_word' id='word_1_338' title='bbox 1591 3677 1752 3733; x_wconf 79' lang='lat' dir='ltr'><strong>Jesus</strong></span> <span class='ocrx_word' id='word_1_339' title='bbox 1782 3697 1878 3750; x_wconf 91' lang='lat' dir='ltr'><strong>per</strong></span> 
     </span>
    </p>
   </div>
   <div class='ocr_carea' id='block_1_49' title="bbox 275 3747 1877 3821">
    <p class='ocr_par' dir='ltr' id='par_1_49' title="bbox 275 3747 1877 3821">
     <span class='ocr_line' id='line_1_50' title="bbox 275 3747 1877 3821; baseline 0.002 -21"><span class='ocrx_word' id='word_1_340' title='bbox 275 3755 498 3821; x_wconf 74' lang='lat' dir='ltr'><strong>sanctos</strong></span> <span class='ocrx_word' id='word_1_341' title='bbox 521 3747 816 3821; x_wconf 68' lang='lat' dir='ltr'><strong>apostolos</strong></span> <span class='ocrx_word' id='word_1_342' title='bbox 842 3747 1004 3821; x_wconf 83' lang='lat' dir='ltr'><strong>suos.</strong></span> <span class='ocrx_word' id='word_1_343' title='bbox 1053 3749 1434 3821; x_wconf 85' lang='lat' dir='ltr'><strong>Nonoportet</strong></span> <span class='ocrx_word' id='word_1_344' title='bbox 1475 3750 1640 3821; x_wconf 83' lang='lat' dir='ltr'><strong>igitur</strong></span> <span class='ocrx_word' id='word_1_345' title='bbox 1669 3747 1877 3805; x_wconf 79' lang='lat' dir='ltr'><strong>vestros</strong></span> 
     </span>
    </p>
   </div>
   <div class='ocr_carea' id='block_1_50' title="bbox 273 3817 1876 3891">
    <p class='ocr_par' dir='ltr' id='par_1_50' title="bbox 273 3817 1876 3891">
     <span class='ocr_line' id='line_1_51' title="bbox 273 3817 1876 3891; baseline 0.003 -22"><span class='ocrx_word' id='word_1_346' title='bbox 273 3817 620 3891; x_wconf 81' lang='lat' dir='ltr'><strong>patriarchas</strong></span> <span class='ocrx_word' id='word_1_347' title='bbox 667 3833 699 3871; x_wconf 92' lang='lat' dir='ltr'><strong>a</strong></span> <span class='ocrx_word' id='word_1_348' title='bbox 725 3819 884 3891; x_wconf 75' lang='lat' dir='ltr'><strong>vobis</strong></span> <span class='ocrx_word' id='word_1_349' title='bbox 932 3820 1224 3882; x_wconf 88' lang='lat' dir='ltr'><strong>contemni,</strong></span> <span class='ocrx_word' id='word_1_350' title='bbox 1257 3817 1370 3874; x_wconf 80' lang='lat' dir='ltr'><strong>tum</strong></span> <span class='ocrx_word' id='word_1_351' title='bbox 1411 3817 1632 3891; x_wconf 58' lang='lat' dir='ltr'><strong>pro&#39;pter</strong></span> <span class='ocrx_word' id='word_1_352' title='bbox 1661 3837 1724 3874; x_wconf 90' lang='lat' dir='ltr'><strong>ea</strong></span> <span class='ocrx_word' id='word_1_353' title='bbox 1753 3837 1876 3874; x_wconf 91' lang='lat' dir='ltr'><strong>om-</strong></span> 
     </span>
    </p>
   </div>
   <div class='ocr_carea' id='block_1_51' title="bbox 277 3887 1876 3958">
    <p class='ocr_par' dir='ltr' id='par_1_51' title="bbox 277 3887 1876 3958">
     <span class='ocr_line' id='line_1_52' title="bbox 277 3887 1876 3958; baseline 0.003 -18"><span class='ocrx_word' id='word_1_354' title='bbox 277 3887 364 3941; x_wconf 89' lang='lat' dir='ltr'><strong>nia</strong></span> <span class='ocrx_word' id='word_1_355' title='bbox 423 3904 544 3958; x_wconf 70' lang='lat' dir='ltr'><strong>qua)</strong></span> <span class='ocrx_word' id='word_1_356' title='bbox 591 3889 940 3957; x_wconf 66' lang='lat' dir='ltr'><strong>praedicimus</strong></span> <span class='ocrx_word' id='word_1_357' title='bbox 989 3897 1101 3943; x_wconf 92' lang='lat' dir='ltr'><strong>tum</strong></span> <span class='ocrx_word' id='word_1_358' title='bbox 1148 3892 1312 3945; x_wconf 85' lang='lat' dir='ltr'><strong>etiam</strong></span> <span class='ocrx_word' id='word_1_359' title='bbox 1361 3887 1426 3944; x_wconf 75' lang='lat' dir='ltr'><strong>ut</strong></span> <span class='ocrx_word' id='word_1_360' title='bbox 1465 3887 1612 3958; x_wconf 84' lang='lat' dir='ltr'><strong>juxta</strong></span> <span class='ocrx_word' id='word_1_361' title='bbox 1662 3891 1876 3944; x_wconf 91' lang='lat' dir='ltr'><strong>Domini</strong></span> 
     </span>
    </p>
   </div>
   <div class='ocr_carea' id='block_1_52' title="bbox 273 3957 1876 4032">
    <p class='ocr_par' dir='ltr' id='par_1_52' title="bbox 273 3957 1876 4032">
     <span class='ocr_line' id='line_1_53' title="bbox 273 3957 1876 4032; baseline 0.002 -22"><span class='ocrx_word' id='word_1_362' title='bbox 273 3957 612 4032; x_wconf 65' lang='lat' dir='ltr'><strong>praeceptum</strong></span> <span class='ocrx_word' id='word_1_363' title='bbox 660 3957 782 4012; x_wconf 90' lang='lat' dir='ltr'><strong>illos</strong></span> <span class='ocrx_word' id='word_1_364' title='bbox 831 3959 1088 4032; x_wconf 81' lang='lat' dir='ltr'><strong>diligatis.</strong></span> <span class='ocrx_word' id='word_1_365' title='bbox 1137 3961 1251 4016; x_wconf 91' lang='lat' dir='ltr'><strong>Nec</strong></span> <span class='ocrx_word' id='word_1_366' title='bbox 1301 3977 1398 4032; x_wconf 88' lang='lat' dir='ltr'><strong>vos</strong></span> <span class='ocrx_word' id='word_1_367' title='bbox 1449 3957 1612 4015; x_wconf 81' lang='lat' dir='ltr'><strong>lateat</strong></span> <span class='ocrx_word' id='word_1_368' title='bbox 1656 3963 1801 4032; x_wconf 89' lang='lat' dir='ltr'><strong>quod</strong></span> <span class='ocrx_word' id='word_1_369' title='bbox 1833 3961 1876 4015; x_wconf 91' lang='lat' dir='ltr'><strong>si</strong></span> 
     </span>
    </p>
   </div>
   <div class='ocr_carea' id='block_1_53' title="bbox 273 4027 1876 4103">
    <p class='ocr_par' dir='ltr' id='par_1_53' title="bbox 273 4027 1876 4103">
     <span class='ocr_line' id='line_1_54' title="bbox 273 4027 1876 4103; baseline 0.004 -23"><span class='ocrx_word' id='word_1_370' title='bbox 273 4027 661 4103; x_wconf 70' lang='lat' dir='ltr'><strong>hocfeCeritis,</strong></span> <span class='ocrx_word' id='word_1_371' title='bbox 696 4044 804 4103; x_wconf 92' lang='lat' dir='ltr'><strong>non</strong></span> <span class='ocrx_word' id='word_1_372' title='bbox 848 4027 1024 4103; x_wconf 78' lang='lat' dir='ltr'><strong>solum</strong></span> <span class='ocrx_word' id='word_1_373' title='bbox 1057 4031 1304 4103; x_wconf 70' lang='lat' dir='ltr'><strong>honores</strong></span> <span class='ocrx_word' id='word_1_374' title='bbox 1325 4027 1876 4103; x_wconf 25' lang='lat' dir='ltr'><strong>illorum‘con&#39;scque-</strong></span> 
     </span>
    </p>
   </div>
   <div class='ocr_carea' id='block_1_54' title="bbox 275 4097 1878 4170">
    <p class='ocr_par' dir='ltr' id='par_1_54' title="bbox 275 4097 1878 4170">
     <span class='ocr_line' id='line_1_55' title="bbox 275 4097 1878 4170; baseline 0.002 -20"><span class='ocrx_word' id='word_1_375' title='bbox 275 4097 428 4170; x_wconf 76' lang='lat' dir='ltr'><strong>mini,</strong></span> <span class='ocrx_word' id='word_1_376' title='bbox 465 4114 604 4168; x_wconf 90' lang='lat' dir='ltr'><strong>quos</strong></span> <span class='ocrx_word' id='word_1_377' title='bbox 634 4115 730 4152; x_wconf 86' lang='lat' dir='ltr'><strong>vos</strong></span> <span class='ocrx_word' id='word_1_378' title='bbox 776 4102 1051 4154; x_wconf 88' lang='lat' dir='ltr'><strong>honoratis</strong></span> <span class='ocrx_word' id='word_1_379' title='bbox 1083 4109 1134 4154; x_wconf 92' lang='lat' dir='ltr'><strong>et</strong></span> <span class='ocrx_word' id='word_1_380' title='bbox 1165 4101 1358 4166; x_wconf 88' lang='lat' dir='ltr'><strong>colitis,</strong></span> <span class='ocrx_word' id='word_1_381' title='bbox 1394 4102 1488 4154; x_wconf 91' lang='lat' dir='ltr'><strong>sed</strong></span> <span class='ocrx_word' id='word_1_382' title='bbox 1519 4101 1671 4155; x_wconf 91' lang='lat' dir='ltr'><strong>illum</strong></span> <span class='ocrx_word' id='word_1_383' title='bbox 1700 4097 1878 4170; x_wconf 82' lang='lat' dir='ltr'><strong>potius</strong></span> 
     </span>
    </p>
   </div>
   <div class='ocr_carea' id='block_1_55' title="bbox 311 4168 1880 4231">
    <p class='ocr_par' dir='ltr' id='par_1_55' title="bbox 311 4168 1880 4231">
     <span class='ocr_line' id='line_1_56' title="bbox 311 4168 1880 4231; baseline 0.004 -11"><span class='ocrx_word' id='word_1_384' title='bbox 311 4168 364 4220; x_wconf 90' lang='lat' dir='ltr'><strong>ui</strong></span> <span class='ocrx_word' id='word_1_385' title='bbox 396 4184 587 4222; x_wconf 79' lang='lat' dir='ltr'><strong>eorum</strong></span> <span class='ocrx_word' id='word_1_386' title='bbox 635 4170 886 4223; x_wconf 87' lang='lat' dir='ltr'><strong>manibus</strong></span> <span class='ocrx_word' id='word_1_387' title='bbox 931 4171 984 4223; x_wconf 91' lang='lat' dir='ltr'><strong>in</strong></span> <span class='ocrx_word' id='word_1_388' title='bbox 1033 4171 1192 4224; x_wconf 89' lang='lat' dir='ltr'><strong>altari</strong></span> <span class='ocrx_word' id='word_1_389' title='bbox 1236 4171 1584 4231; x_wconf 88' lang='lat' dir='ltr'><strong>ministratur.</strong></span> <span class='ocrx_word' id='word_1_390' title='bbox 1630 4168 1880 4228; x_wconf 86' lang='lat' dir='ltr'><strong>videlicet</strong></span> 
     </span>
    </p>
   </div>
   <div class='ocr_carea' id='block_1_56' title="bbox 321 4239 1876 4310">
    <p class='ocr_par' dir='ltr' id='par_1_56' title="bbox 321 4239 1876 4310">
     <span class='ocr_line' id='line_1_57' title="bbox 321 4239 1876 4310; baseline 0.003 -19"><span class='ocrx_word' id='word_1_391' title='bbox 321 4239 575 4310; x_wconf 83' lang='lat' dir='ltr'><strong>hristum,</strong></span> <span class='ocrx_word' id='word_1_392' title='bbox 639 4240 731 4309; x_wconf 88' lang='lat' dir='ltr'><strong>qui</strong></span> <span class='ocrx_word' id='word_1_393' title='bbox 784 4257 886 4310; x_wconf 88' lang='lat' dir='ltr'><strong>pro</strong></span> <span class='ocrx_word' id='word_1_394' title='bbox 942 4242 1180 4310; x_wconf 88' lang='lat' dir='ltr'><strong>peccatis</strong></span> <span class='ocrx_word' id='word_1_395' title='bbox 1235 4242 1479 4296; x_wconf 90' lang='lat' dir='ltr'><strong>omnium</strong></span> <span class='ocrx_word' id='word_1_396' title='bbox 1537 4244 1652 4296; x_wconf 91' lang='lat' dir='ltr'><strong>Deo</strong></span> <span class='ocrx_word' id='word_1_397' title='bbox 1707 4241 1876 4296; x_wconf 81' lang='lat' dir='ltr'><strong>offer-</strong></span> 
     </span>
    </p>
   </div>
   <div class='ocr_carea' id='block_1_57' title="bbox 273 4309 1880 4380">
    <p class='ocr_par' dir='ltr' id='par_1_57' title="bbox 273 4309 1880 4380">
     <span class='ocr_line' id='line_1_58' title="bbox 273 4309 1880 4380; baseline 0.002 -19"><span class='ocrx_word' id='word_1_398' title='bbox 273 4318 363 4380; x_wconf 88' lang='lat' dir='ltr'><strong>tur</strong></span> <span class='ocrx_word' id='word_1_399' title='bbox 400 4309 538 4380; x_wconf 12' lang='lat' dir='ltr'><strong>inqui</strong></span> <span class='ocrx_word' id='word_1_400' title='bbox 595 4310 736 4362; x_wconf 86' lang='lat' dir='ltr'><strong>enim</strong></span> <span class='ocrx_word' id='word_1_401' title='bbox 787 4309 914 4365; x_wconf 88' lang='lat' dir='ltr'><strong>illos</strong></span> <span class='ocrx_word' id='word_1_402' title='bbox 946 4309 1214 4376; x_wconf 84' lang='lat' dir='ltr'><strong>honorat,</strong></span> <span class='ocrx_word' id='word_1_403' title='bbox 1277 4313 1450 4365; x_wconf 89' lang='lat' dir='ltr'><strong>Deum</strong></span> <span class='ocrx_word' id='word_1_404' title='bbox 1507 4313 1775 4376; x_wconf 86' lang='lat' dir='ltr'><strong>honorat;</strong></span> <span class='ocrx_word' id='word_1_405' title='bbox 1829 4322 1880 4366; x_wconf 93' lang='lat' dir='ltr'><strong>et</strong></span> 
     </span>
    </p>
   </div>
   <div class='ocr_carea' id='block_1_58' title="bbox 271 4378 1876 4502">
    <p class='ocr_par' dir='ltr' id='par_1_58' title="bbox 271 4378 1876 4502">
     <span class='ocr_line' id='line_1_59' title="bbox 271 4378 1876 4502; baseline 0.002 -71"><span class='ocrx_word' id='word_1_406' title='bbox 271 4379 366 4502; x_wconf 50' lang='lat' dir='ltr'><strong>qui</strong></span> <span class='ocrx_word' id='word_1_407' title='bbox 395 4378 519 4432; x_wconf 87' lang='lat' dir='ltr'><strong>illos</strong></span> <span class='ocrx_word' id='word_1_408' title='bbox 561 4390 842 4434; x_wconf 72' lang='lat' dir='ltr'><strong>aversatur</strong></span> <span class='ocrx_word' id='word_1_409' title='bbox 883 4389 934 4434; x_wconf 91' lang='lat' dir='ltr'><strong>et</strong></span> <span class='ocrx_word' id='word_1_410' title='bbox 965 4382 1185 4450; x_wconf 79' lang='lat' dir='ltr'><strong>respuit,</strong></span> <span class='ocrx_word' id='word_1_411' title='bbox 1221 4383 1394 4436; x_wconf 92' lang='lat' dir='ltr'><strong>Deum</strong></span> <span class='ocrx_word' id='word_1_412' title='bbox 1426 4383 1603 4451; x_wconf 91' lang='lat' dir='ltr'><strong>ipsum</strong></span> <span class='ocrx_word' id='word_1_413' title='bbox 1653 4383 1876 4452; x_wconf 90' lang='lat' dir='ltr'><strong>respuit.</strong></span> 
     </span>
     <span class='ocr_line' id='line_1_60' title="bbox 317 4449 1876 4502; baseline 0 0"><span class='ocrx_word' id='word_1_414' title='bbox 317 4449 460 4502; x_wconf 83' lang='lat' dir='ltr'><strong>aisas</strong></span> <span class='ocrx_word' id='word_1_415' title='bbox 500 4450 681 4502; x_wconf 73' lang='lat' dir='ltr'><strong>itaque</strong></span> <span class='ocrx_word' id='word_1_416' title='bbox 757 4452 1119 4502; x_wconf 88' lang='lat' dir='ltr'><strong>detractiones</strong></span> <span class='ocrx_word' id='word_1_417' title='bbox 1175 4461 1226 4502; x_wconf 87' lang='lat' dir='ltr'><strong>et</strong></span> <span class='ocrx_word' id='word_1_418' title='bbox 1282 4453 1719 4502; x_wconf 82' lang='lat' dir='ltr'><strong>obtrectationes-</strong></span> <span class='ocrx_word' id='word_1_419' title='bbox 1782 4469 1876 4502; x_wconf 80' lang='lat' dir='ltr'><strong>ner</strong></span> 
     </span>
    </p>
   </div>
   <div class='ocr_carea' id='block_1_59' title="bbox 317 4449 1961 4533">
    <p class='ocr_par' dir='ltr' id='par_1_59' title="bbox 317 4449 1961 4533">
     <span class='ocr_line' id='line_1_61' title="bbox 317 4449 1961 4533; baseline 0.002 -31"><span class='ocrx_word' id='word_1_420' title='bbox 317 4449 460 4502; x_wconf 85' lang='lat' dir='ltr'><strong>alsas</strong></span> <span class='ocrx_word' id='word_1_421' title='bbox 492 4450 681 4530; x_wconf 78' lang='lat' dir='ltr'><strong>itaque</strong></span> <span class='ocrx_word' id='word_1_422' title='bbox 757 4449 1119 4533; x_wconf 72' lang='lat' dir='ltr'><strong>detractiones</strong></span> <span class='ocrx_word' id='word_1_423' title='bbox 1175 4461 1226 4505; x_wconf 86' lang='lat' dir='ltr'><strong>et</strong></span> <span class='ocrx_word' id='word_1_424' title='bbox 1282 4449 1961 4533; x_wconf 46' lang='lat' dir='ltr'><strong>obtrectationn‘s,:perD</strong></span> 
     </span>
    </p>
   </div>
   <div class='ocr_carea' id='block_1_60' title="bbox 272 4519 1876 4586">
    <p class='ocr_par' dir='ltr' id='par_1_60' title="bbox 272 4519 1876 4586">
     <span class='ocr_line' id='line_1_62' title="bbox 272 4519 1876 4586; baseline 0.001 -14"><span class='ocrx_word' id='word_1_425' title='bbox 272 4535 414 4586; x_wconf 90' lang='lat' dir='ltr'><strong>quas</strong></span> <span class='ocrx_word' id='word_1_426' title='bbox 461 4519 659 4573; x_wconf 85' lang='lat' dir='ltr'><strong>zizania</strong></span> <span class='ocrx_word' id='word_1_427' title='bbox 707 4529 758 4573; x_wconf 92' lang='lat' dir='ltr'><strong>et</strong></span> <span class='ocrx_word' id='word_1_428' title='bbox 808 4523 1103 4576; x_wconf 86' lang='lat' dir='ltr'><strong>schismata</strong></span> <span class='ocrx_word' id='word_1_429' title='bbox 1148 4531 1200 4576; x_wconf 89' lang='lat' dir='ltr'><strong>et</strong></span> <span class='ocrx_word' id='word_1_430' title='bbox 1249 4523 1510 4577; x_wconf 88' lang='lat' dir='ltr'><strong>scandala</strong></span> <span class='ocrx_word' id='word_1_431' title='bbox 1549 4523 1603 4575; x_wconf 90' lang='lat' dir='ltr'><strong>in</strong></span> <span class='ocrx_word' id='word_1_432' title='bbox 1636 4519 1876 4577; x_wconf 87' lang='lat' dir='ltr'><strong>Ecclesia</strong></span> 
     </span>
    </p>
   </div>
   <div class='ocr_carea' id='block_1_61' title="bbox 273 4590 1874 4655">
    <p class='ocr_par' dir='ltr' id='par_1_61' title="bbox 273 4590 1874 4655">
     <span class='ocr_line' id='line_1_63' title="bbox 273 4590 1874 4655; baseline 0.003 -13"><span class='ocrx_word' id='word_1_433' title='bbox 273 4590 374 4643; x_wconf 90' lang='lat' dir='ltr'><strong>Dei</strong></span> <span class='ocrx_word' id='word_1_434' title='bbox 419 4591 685 4655; x_wconf 87' lang='lat' dir='ltr'><strong>oriuntur,</strong></span> <span class='ocrx_word' id='word_1_435' title='bbox 719 4599 771 4644; x_wconf 90' lang='lat' dir='ltr'><strong>et</strong></span> <span class='ocrx_word' id='word_1_436' title='bbox 819 4592 1062 4646; x_wconf 89' lang='lat' dir='ltr'><strong>dividunt</strong></span> <span class='ocrx_word' id='word_1_437' title='bbox 1109 4593 1484 4647; x_wconf 90' lang='lat' dir='ltr'><strong>inconsutilem</strong></span> <span class='ocrx_word' id='word_1_438' title='bbox 1533 4593 1730 4646; x_wconf 84' lang='lat' dir='ltr'><strong>Christi</strong></span> <span class='ocrx_word' id='word_1_439' title='bbox 1777 4609 1874 4647; x_wconf 89' lang='lat' dir='ltr'><strong>ve-</strong></span> 
     </span>
    </p>
   </div>
   <div class='ocr_carea' id='block_1_62' title="bbox 272 4663 1875 4732">
    <p class='ocr_par' dir='ltr' id='par_1_62' title="bbox 272 4663 1875 4732">
     <span class='ocr_line' id='line_1_64' title="bbox 272 4663 1875 4732; baseline 0.002 -20"><span class='ocrx_word' id='word_1_440' title='bbox 272 4669 435 4732; x_wconf 85' lang='lat' dir='ltr'><strong>stem,</strong></span> <span class='ocrx_word' id='word_1_441' title='bbox 467 4669 723 4732; x_wconf 87' lang='lat' dir='ltr'><strong>tanquam</strong></span> <span class='ocrx_word' id='word_1_442' title='bbox 771 4677 1038 4716; x_wconf 86' lang='lat' dir='ltr'><strong>venenum</strong></span> <span class='ocrx_word' id='word_1_443' title='bbox 1085 4664 1355 4732; x_wconf 88' lang='lat' dir='ltr'><strong>aspidum,</strong></span> <span class='ocrx_word' id='word_1_444' title='bbox 1407 4671 1650 4731; x_wconf 80' lang='lat' dir='ltr'><strong>vestrum</strong></span> <span class='ocrx_word' id='word_1_445' title='bbox 1700 4663 1875 4732; x_wconf 89' lang='lat' dir='ltr'><strong>impe-</strong></span> 
     </span>
    </p>
   </div>
   <div class='ocr_carea' id='block_1_63' title="bbox 271 4731 1876 4801">
    <p class='ocr_par' dir='ltr' id='par_1_63' title="bbox 271 4731 1876 4801">
     <span class='ocr_line' id='line_1_65' title="bbox 271 4731 1876 4801; baseline 0.002 -19"><span class='ocrx_word' id='word_1_446' title='bbox 271 4731 414 4783; x_wconf 89' lang='lat' dir='ltr'><strong>rium</strong></span> <span class='ocrx_word' id='word_1_447' title='bbox 473 4731 621 4788; x_wconf 90' lang='lat' dir='ltr'><strong>vitet.</strong></span> <span class='ocrx_word' id='word_1_448' title='bbox 682 4739 734 4784; x_wconf 88' lang='lat' dir='ltr'><strong>et</strong></span> <span class='ocrx_word' id='word_1_449' title='bbox 791 4733 967 4801; x_wconf 90' lang='lat' dir='ltr'><strong>potius</strong></span> <span class='ocrx_word' id='word_1_450' title='bbox 1011 4733 1354 4788; x_wconf 90' lang='lat' dir='ltr'><strong>sanctissimo</strong></span> <span class='ocrx_word' id='word_1_451' title='bbox 1399 4733 1588 4788; x_wconf 85' lang='lat' dir='ltr'><strong>Photio</strong></span> <span class='ocrx_word' id='word_1_452' title='bbox 1639 4731 1786 4787; x_wconf 82' lang='lat' dir='ltr'><strong>fratri</strong></span> <span class='ocrx_word' id='word_1_453' title='bbox 1824 4742 1876 4788; x_wconf 91' lang='lat' dir='ltr'><strong>et</strong></span> 
     </span>
    </p>
   </div>
   <div class='ocr_carea' id='block_1_64' title="bbox 270 4801 1875 4875">
    <p class='ocr_par' dir='ltr' id='par_1_64' title="bbox 270 4801 1875 4875">
     <span class='ocr_line' id='line_1_66' title="bbox 270 4801 1875 4875; baseline 0.003 -22"><span class='ocrx_word' id='word_1_454' title='bbox 270 4801 654 4875; x_wconf 68' lang='lat' dir='ltr'><strong>c_om_mi_nist_ro</strong></span> <span class='ocrx_word' id='word_1_455' title='bbox 703 4811 888 4856; x_wconf 91' lang='lat' dir='ltr'><strong>nostro</strong></span> <span class='ocrx_word' id='word_1_456' title='bbox 919 4819 1110 4875; x_wconf 90' lang='lat' dir='ltr'><strong>_opem_</strong></span> <span class='ocrx_word' id='word_1_457' title='bbox 1128 4803 1263 4875; x_wconf 86' lang='lat' dir='ltr'><strong>ferat</strong></span> <span class='ocrx_word' id='word_1_458' title='bbox 1292 4804 1346 4857; x_wconf 93' lang='lat' dir='ltr'><strong>in</strong></span> <span class='ocrx_word' id='word_1_459' title='bbox 1376 4804 1626 4858; x_wconf 87' lang='lat' dir='ltr'><strong>omnibus</strong></span> <span class='ocrx_word' id='word_1_460' title='bbox 1657 4821 1778 4875; x_wconf 72' lang='lat' dir='ltr'><strong>qure</strong></span> <span class='ocrx_word' id='word_1_461' title='bbox 1808 4805 1875 4858; x_wconf 90' lang='lat' dir='ltr'><strong>ad</strong></span> 
     </span>
    </p>
   </div>
   <div class='ocr_carea' id='block_1_65' title="bbox 271 4871 1313 4944">
    <p class='ocr_par' dir='ltr' id='par_1_65' title="bbox 271 4871 1313 4944">
     <span class='ocr_line' id='line_1_67' title="bbox 271 4871 1313 4944; baseline 0.004 -20"><span class='ocrx_word' id='word_1_462' title='bbox 271 4871 543 4944; x_wconf 67' lang='lat' dir='ltr'><strong>Ecclesia:</strong></span> <span class='ocrx_word' id='word_1_463' title='bbox 581 4873 779 4944; x_wconf 87' lang='lat' dir='ltr'><strong>bonum</strong></span> <span class='ocrx_word' id='word_1_464' title='bbox 816 4871 1060 4944; x_wconf 85' lang='lat' dir='ltr'><strong>regimen</strong></span> <span class='ocrx_word' id='word_1_465' title='bbox 1089 4873 1313 4928; x_wconf 84' lang='lat' dir='ltr'><strong>faciunt.</strong></span> 
     </span>
    </p>
   </div>
   <div class='ocr_carea' id='block_1_66' title="bbox 347 4941 1874 5015">
    <p class='ocr_par' dir='ltr' id='par_1_66' title="bbox 347 4941 1874 5015">
     <span class='ocr_line' id='line_1_68' title="bbox 347 4941 1874 5015; baseline 0.007 -27"><span class='ocrx_word' id='word_1_466' title='bbox 347 4950 369 5015; x_wconf 56' lang='grc' dir='ltr'><em>ξ</em></span> <span class='ocrx_word' id='word_1_467' title='bbox 405 4963 426 4988; x_wconf 77' lang='grc' dir='ltr'><strong><em>ι</em></strong></span> <span class='ocrx_word' id='word_1_468' title='bbox 464 4942 573 4994; x_wconf 87' lang='lat' dir='ltr'><strong>Eos</strong></span> <span class='ocrx_word' id='word_1_469' title='bbox 620 4941 782 4995; x_wconf 87' lang='lat' dir='ltr'><strong>etiam</strong></span> <span class='ocrx_word' id='word_1_470' title='bbox 814 4941 905 5012; x_wconf 81' lang='lat' dir='ltr'><strong>qui</strong></span> <span class='ocrx_word' id='word_1_471' title='bbox 934 4944 1113 5015; x_wconf 84' lang='lat' dir='ltr'><strong>ipsum</strong></span> <span class='ocrx_word' id='word_1_472' title='bbox 1143 4960 1250 4998; x_wconf 91' lang='lat' dir='ltr'><strong>non</strong></span> <span class='ocrx_word' id='word_1_473' title='bbox 1277 4960 1384 5015; x_wconf 90' lang='lat' dir='ltr'><strong>quo</strong></span> <span class='ocrx_word' id='word_1_474' title='bbox 1415 4960 1515 5014; x_wconf 88' lang='lat' dir='ltr'><strong>par</strong></span> <span class='ocrx_word' id='word_1_475' title='bbox 1555 4955 1636 4999; x_wconf 89' lang='lat' dir='ltr'><strong>est</strong></span> <span class='ocrx_word' id='word_1_476' title='bbox 1669 4946 1874 4999; x_wconf 87' lang='lat' dir='ltr'><strong>honore</strong></span> 
     </span>
    </p>
   </div>
   <div class='ocr_carea' id='block_1_67' title="bbox 267 5011 1876 5086">
    <p class='ocr_par' dir='ltr' id='par_1_67' title="bbox 267 5011 1876 5086">
     <span class='ocr_line' id='line_1_69' title="bbox 267 5011 1876 5086; baseline 0.003 -23"><span class='ocrx_word' id='word_1_477' title='bbox 267 5011 495 5086; x_wconf 80' lang='lat' dir='ltr'><strong>habent.</strong></span> <span class='ocrx_word' id='word_1_478' title='bbox 538 5028 708 5080; x_wconf 80' lang='lat' dir='ltr'><strong>argue</strong></span> <span class='ocrx_word' id='word_1_479' title='bbox 739 5021 793 5086; x_wconf 79' lang='lat' dir='ltr'><strong>ut</strong></span> <span class='ocrx_word' id='word_1_480' title='bbox 823 5011 1222 5086; x_wconf 68' lang='lat' dir='ltr'><strong>corrigantur;</strong></span> <span class='ocrx_word' id='word_1_481' title='bbox 1257 5011 1584 5086; x_wconf 44' lang='lat' dir='ltr'><strong>saepe—enim</strong></span> <span class='ocrx_word' id='word_1_482' title='bbox 1607 5031 1744 5086; x_wconf 90' lang='lat' dir='ltr'><strong>quos</strong></span> <span class='ocrx_word' id='word_1_483' title='bbox 1779 5015 1876 5086; x_wconf 88' lang='lat' dir='ltr'><strong>Dei</strong></span> 
     </span>
    </p>
   </div>
   <div class='ocr_carea' id='block_1_68' title="bbox 263 5083 1871 5156">
    <p class='ocr_par' dir='ltr' id='par_1_68' title="bbox 263 5083 1871 5156">
     <span class='ocr_line' id='line_1_70' title="bbox 263 5083 1871 5156; baseline 0.002 -22"><span class='ocrx_word' id='word_1_484' title='bbox 263 5083 438 5134; x_wconf 84' lang='lat' dir='ltr'><strong>timor</strong></span> <span class='ocrx_word' id='word_1_485' title='bbox 467 5090 515 5134; x_wconf 90' lang='lat' dir='ltr'><strong>et</strong></span> <span class='ocrx_word' id='word_1_486' title='bbox 547 5098 678 5151; x_wconf 77' lang='lat' dir='ltr'><strong>erga</strong></span> <span class='ocrx_word' id='word_1_487' title='bbox 727 5083 904 5136; x_wconf 93' lang='lat' dir='ltr'><strong>divina</strong></span> <span class='ocrx_word' id='word_1_488' title='bbox 945 5083 1140 5156; x_wconf 83' lang='lat' dir='ltr'><strong>religio</strong></span> <span class='ocrx_word' id='word_1_489' title='bbox 1169 5094 1221 5138; x_wconf 93' lang='lat' dir='ltr'><strong>et</strong></span> <span class='ocrx_word' id='word_1_490' title='bbox 1249 5083 1424 5154; x_wconf 85' lang='lat' dir='ltr'><strong>pietas</strong></span> <span class='ocrx_word' id='word_1_491' title='bbox 1473 5102 1578 5139; x_wconf 86' lang='lat' dir='ltr'><strong>non</strong></span> <span class='ocrx_word' id='word_1_492' title='bbox 1617 5083 1871 5149; x_wconf 77' lang='lat' dir='ltr'><strong>correxit,</strong></span> 
     </span>
    </p>
   </div>
   <div class='ocr_carea' id='block_1_69' title="bbox 343 5186 1560 5254">
    <p class='ocr_par' dir='ltr' id='par_1_69' title="bbox 343 5186 1560 5254">
     <span class='ocr_line' id='line_1_71' title="bbox 343 5186 1560 5254; baseline 0.002 -17"><span class='ocrx_word' id='word_1_493' title='bbox 343 5189 366 5254; x_wconf 66' lang='grc' dir='ltr'><strong>ξ’</strong></span> <span class='ocrx_word' id='word_1_494' title='bbox 390 5186 623 5246; x_wconf 74' lang='lat' dir='ltr'><strong>Ejusdem</strong></span> <span class='ocrx_word' id='word_1_495' title='bbox 649 5189 833 5239; x_wconf 81' lang='lat' dir='ltr'><strong>falsarii</strong></span> <span class='ocrx_word' id='word_1_496' title='bbox 854 5194 967 5240; x_wconf 90' lang='lat' dir='ltr'><strong>sunt</strong></span> <span class='ocrx_word' id='word_1_497' title='bbox 991 5193 1094 5241; x_wconf 67' lang='lat' dir='ltr'><strong>haec</strong></span> <span class='ocrx_word' id='word_1_498' title='bbox 1120 5192 1266 5241; x_wconf 86' lang='lat' dir='ltr'><strong>verba</strong></span> <span class='ocrx_word' id='word_1_499' title='bbox 1292 5193 1560 5254; x_wconf 51' lang='lat' dir='ltr'><strong>supposita.</strong></span> 
     </span>
    </p>
   </div>
   <div class='ocr_carea' id='block_1_70' title="bbox 342 5249 1874 5321">
    <p class='ocr_par' dir='ltr' id='par_1_70' title="bbox 342 5249 1874 5321">
     <span class='ocr_line' id='line_1_72' title="bbox 342 5249 1874 5321; baseline 0.001 -13"><span class='ocrx_word' id='word_1_500' title='bbox 342 5249 366 5282; x_wconf 65' lang='grc' dir='ltr'>δ</span> <span class='ocrx_word' id='word_1_501' title='bbox 392 5254 623 5315; x_wconf 66' lang='grc' dir='ltr'><strong>ΑάῙιιΊχίῐ</strong></span> <span class='ocrx_word' id='word_1_502' title='bbox 647 5261 696 5304; x_wconf 89' lang='lat' dir='ltr'><strong>et</strong></span> <span class='ocrx_word' id='word_1_503' title='bbox 721 5257 882 5305; x_wconf 81' lang='lat' dir='ltr'><strong>omnia</strong></span> <span class='ocrx_word' id='word_1_504' title='bbox 910 5258 999 5306; x_wconf 89' lang='lat' dir='ltr'><strong>ista</strong></span> <span class='ocrx_word' id='word_1_505' title='bbox 1027 5270 1132 5318; x_wconf 70' lang='lat' dir='ltr'><strong>quae</strong></span> <span class='ocrx_word' id='word_1_506' title='bbox 1156 5259 1246 5308; x_wconf 91' lang='lat' dir='ltr'><strong>sub</strong></span> <span class='ocrx_word' id='word_1_507' title='bbox 1270 5249 1366 5307; x_wconf 78' lang='lat' dir='ltr'><strong>hoc</strong></span> <span class='ocrx_word' id='word_1_508' title='bbox 1385 5249 1542 5321; x_wconf 78' lang='lat' dir='ltr'><strong>capite</strong></span> <span class='ocrx_word' id='word_1_509' title='bbox 1566 5259 1874 5310; x_wconf 84' lang='lat' dir='ltr'><strong>continentur</strong></span> 
     </span>
    </p>
   </div>
   <div class='ocr_carea' id='block_1_71' title="bbox 261 5321 1874 5436">
    <p class='ocr_par' dir='ltr' id='par_1_71' title="bbox 261 5321 1874 5436">
     <span class='ocr_line' id='line_1_73' title="bbox 261 5321 1874 5436; baseline 0.004 -70"><span class='ocrx_word' id='word_1_510' title='bbox 261 5321 345 5436; x_wconf 44' lang='grc' dir='ltr'><strong>ἕξ</strong></span> <span class='ocrx_word' id='word_1_511' title='bbox 385 5321 696 5434; x_wconf 65' lang='grc' dir='ltr'><strong>ῗροιιτὶωῐρηι</strong></span> <span class='ocrx_word' id='word_1_512' title='bbox 748 5324 820 5371; x_wconf 79' lang='lat' dir='ltr'><strong>sui</strong></span> <span class='ocrx_word' id='word_1_513' title='bbox 885 5324 1238 5384; x_wconf 81' lang='lat' dir='ltr'><strong>patriarchatus</strong></span> <span class='ocrx_word' id='word_1_514' title='bbox 1303 5326 1528 5374; x_wconf 82' lang='lat' dir='ltr'><strong>falsitatis</strong></span> <span class='ocrx_word' id='word_1_515' title='bbox 1579 5325 1874 5374; x_wconf 80' lang='lat' dir='ltr'><strong>architectus</strong></span> 
     </span>
     <span class='ocr_line' id='line_1_74' title="bbox 353 5397 497 5434; baseline 0.014 -2"><span class='ocrx_word' id='word_1_516' title='bbox 353 5397 497 5434; x_wconf 80' lang='lat' dir='ltr'><strong>ouis.</strong></span> 
     </span>
    </p>
   </div>
   <div class='ocr_carea' id='block_1_72' title="bbox 353 5397 497 5434">
    <p class='ocr_par' dir='ltr' id='par_1_72' title="bbox 353 5397 497 5434">
     <span class='ocr_line' id='line_1_75' title="bbox 353 5397 497 5434; baseline 0.014 -2"><span class='ocrx_word' id='word_1_517' title='bbox 353 5397 497 5434; x_wconf 67' lang='grc' dir='ltr'><strong>οιηις.</strong></span> 
     </span>
    </p>
   </div>
   <div class='ocr_carea' id='block_1_73' title="bbox 344 5453 1295 5506">
    <p class='ocr_par' dir='ltr' id='par_1_73' title="bbox 344 5453 1295 5506">
     <span class='ocr_line' id='line_1_76' title="bbox 344 5453 1295 5506; baseline 0.004 -5"><span class='ocrx_word' id='word_1_518' title='bbox 344 5459 364 5485; x_wconf 74' lang='grc' dir='ltr'>ε</span> <span class='ocrx_word' id='word_1_519' title='bbox 389 5453 592 5502; x_wconf 86' lang='lat' dir='ltr'><strong>Censuit</strong></span> <span class='ocrx_word' id='word_1_520' title='bbox 618 5458 666 5502; x_wconf 90' lang='lat' dir='ltr'><strong>et</strong></span> <span class='ocrx_word' id='word_1_521' title='bbox 695 5453 784 5502; x_wconf 88' lang='lat' dir='ltr'><strong>ista</strong></span> <span class='ocrx_word' id='word_1_522' title='bbox 809 5455 1010 5504; x_wconf 85' lang='lat' dir='ltr'><strong>Photius</strong></span> <span class='ocrx_word' id='word_1_523' title='bbox 1034 5456 1106 5505; x_wconf 89' lang='lat' dir='ltr'><strong>sui</strong></span> <span class='ocrx_word' id='word_1_524' title='bbox 1133 5468 1295 5506; x_wconf 88' lang='lat' dir='ltr'><strong>causa.</strong></span> 
     </span>
    </p>
   </div>
   <div class='ocr_carea' id='block_1_74' title="bbox 344 5512 1872 5585">
    <p class='ocr_par' dir='ltr' id='par_1_74' title="bbox 344 5512 1872 5585">
     <span class='ocr_line' id='line_1_77' title="bbox 344 5512 1872 5585; baseline 0.003 -18"><span class='ocrx_word' id='word_1_525' title='bbox 344 5512 368 5548; x_wconf 71' lang='grc' dir='ltr'><strong><em>ἀ</em></strong></span> <span class='ocrx_word' id='word_1_526' title='bbox 392 5523 516 5568; x_wconf 82' lang='lat' dir='ltr'><strong>Sunt</strong></span> <span class='ocrx_word' id='word_1_527' title='bbox 563 5531 622 5568; x_wconf 82' lang='lat' dir='ltr'><strong>ex</strong></span> <span class='ocrx_word' id='word_1_528' title='bbox 673 5519 876 5570; x_wconf 82' lang='lat' dir='ltr'><strong>Joannis</strong></span> <span class='ocrx_word' id='word_1_529' title='bbox 913 5522 1136 5582; x_wconf 85' lang='lat' dir='ltr'><strong>epistola,</strong></span> <span class='ocrx_word' id='word_1_530' title='bbox 1161 5522 1267 5572; x_wconf 72' lang='lat' dir='ltr'><strong>lice.</strong></span> <span class='ocrx_word' id='word_1_531' title='bbox 1302 5523 1482 5573; x_wconf 86' lang='lat' dir='ltr'><strong>habeat</strong></span> <span class='ocrx_word' id='word_1_532' title='bbox 1523 5523 1683 5585; x_wconf 86' lang='lat' dir='ltr'><strong>aliqua</strong></span> <span class='ocrx_word' id='word_1_533' title='bbox 1726 5523 1872 5573; x_wconf 85' lang='lat' dir='ltr'><strong>verba</strong></span> 
     </span>
    </p>
   </div>
   <div class='ocr_carea' id='block_1_75' title="bbox 261 5585 1871 5698">
    <p class='ocr_par' dir='ltr' id='par_1_75' title="bbox 261 5585 1871 5698">
     <span class='ocr_line' id='line_1_78' title="bbox 261 5585 1871 5698; baseline 0.002 -64"><span class='ocrx_word' id='word_1_534' title='bbox 261 5599 316 5698; x_wconf 77' lang='lat' dir='ltr'><strong>at</strong></span> <span class='ocrx_word' id='word_1_535' title='bbox 329 5585 508 5633; x_wconf 76' lang='lat' dir='ltr'><strong>Photio</strong></span> <span class='ocrx_word' id='word_1_536' title='bbox 533 5585 713 5643; x_wconf 82' lang='lat' dir='ltr'><strong>addita,</strong></span> <span class='ocrx_word' id='word_1_537' title='bbox 742 5591 792 5635; x_wconf 89' lang='lat' dir='ltr'><strong>ut</strong></span> <span class='ocrx_word' id='word_1_538' title='bbox 819 5587 933 5634; x_wconf 88' lang='lat' dir='ltr'><strong>illud</strong></span> <span class='ocrx_word' id='word_1_539' title='bbox 963 5601 975 5636; x_wconf 91' lang='lat'>:</span> <span class='ocrx_word' id='word_1_540' title='bbox 1006 5589 1124 5637; x_wconf 69' lang='lat' dir='ltr'><strong>Post</strong></span> <span class='ocrx_word' id='word_1_541' title='bbox 1143 5588 1322 5637; x_wconf 77' lang='lat' dir='ltr'><strong>obitum</strong></span> <span class='ocrx_word' id='word_1_542' title='bbox 1346 5589 1642 5639; x_wconf 69' lang='lat' dir='ltr'><strong>sanctissimi</strong></span> <span class='ocrx_word' id='word_1_543' title='bbox 1687 5589 1871 5650; x_wconf 75' lang='lat' dir='ltr'><strong>Photii,</strong></span> 
     </span>
     <span class='ocr_line' id='line_1_79' title="bbox 261 5664 370 5698; baseline -0.009 -1"><span class='ocrx_word' id='word_1_544' title='bbox 261 5665 291 5698; x_wconf 74' lang='grc' dir='ltr'>ρ</span> <span class='ocrx_word' id='word_1_545' title='bbox 323 5664 370 5698; x_wconf 73' lang='grc' dir='ltr'><strong>ι’,</strong></span> 
     </span>
    </p>
   </div>
   <div class='ocr_carea' id='block_1_76' title="bbox 261 5664 370 5699">
    <p class='ocr_par' dir='ltr' id='par_1_76' title="bbox 261 5664 370 5699">
     <span class='ocr_line' id='line_1_80' title="bbox 261 5664 370 5699; baseline 0.009 -3"><span class='ocrx_word' id='word_1_546' title='bbox 261 5664 370 5699; x_wconf 69' lang='grc' dir='ltr'><strong>ριν,</strong></span> 
     </span>
    </p>
   </div>
   <div class='ocr_carea' id='block_1_77' title="bbox 1496 297 2392 353">
    <p class='ocr_par' dir='ltr' id='par_1_77' title="bbox 1496 297 2392 353">
     <span class='ocr_line' id='line_1_81' title="bbox 1496 297 2392 353; baseline -0.001 -1"><span class='ocrx_word' id='word_1_547' title='bbox 1496 297 1846 353; x_wconf 63' lang='grc' dir='ltr'><strong>ΕΡΙΞΤΟΙΑΕ</strong></span> <span class='ocrx_word' id='word_1_548' title='bbox 1905 297 1994 352; x_wconf 86' lang='grc' dir='ltr'><strong>ΕΤ</strong></span> <span class='ocrx_word' id='word_1_549' title='bbox 2050 298 2392 353; x_wconf 79' lang='lat' dir='ltr'><strong>DECRETA.</strong></span> 
     </span>
    </p>
   </div>
   <div class='ocr_carea' id='block_1_78' title="bbox 1903 417 3570 492">
    <p class='ocr_par' dir='ltr' id='par_1_78' title="bbox 1903 417 3570 492">
     <span class='ocr_line' id='line_1_82' title="bbox 1903 417 3570 492; baseline 0 -16"><span class='ocrx_word' id='word_1_550' title='bbox 1903 425 1958 484; x_wconf 82' lang='lat' dir='ltr'><strong>A</strong></span> <span class='ocrx_word' id='word_1_551' title='bbox 1977 421 2360 492; x_wconf 89' lang='lat' dir='ltr'><strong>imperatorum</strong></span> <span class='ocrx_word' id='word_1_552' title='bbox 2395 428 2444 476; x_wconf 92' lang='lat' dir='ltr'><strong>el</strong></span> <span class='ocrx_word' id='word_1_553' title='bbox 2475 421 2776 491; x_wconf 84' lang='lat' dir='ltr'><strong>principum</strong></span> <span class='ocrx_word' id='word_1_554' title='bbox 2819 418 3117 492; x_wconf 83' lang='lat' dir='ltr'><strong>indignatio</strong></span> <span class='ocrx_word' id='word_1_555' title='bbox 3148 421 3200 476; x_wconf 90' lang='lat' dir='ltr'><strong>in</strong></span> <span class='ocrx_word' id='word_1_556' title='bbox 3229 439 3326 477; x_wconf 91' lang='lat' dir='ltr'><strong>eos</strong></span> <span class='ocrx_word' id='word_1_557' title='bbox 3355 417 3570 477; x_wconf 87' lang='lat' dir='ltr'><strong>irruens</strong></span> 
     </span>
    </p>
   </div>
   <div class='ocr_carea' id='block_1_79' title="bbox 3467 303 3566 353">
    <p class='ocr_par' dir='ltr' id='par_1_79' title="bbox 3467 303 3566 353">
     <span class='ocr_line' id='line_1_83' title="bbox 3467 303 3566 353; baseline 0.01 -1"><span class='ocrx_word' id='word_1_558' title='bbox 3467 303 3566 353; x_wconf 73' lang='lat'><strong>862</strong></span> 
     </span>
    </p>
   </div>
   <div class='ocr_carea' id='block_1_80' title="bbox 1976 492 3570 563">
    <p class='ocr_par' dir='ltr' id='par_1_80' title="bbox 1976 492 3570 563">
     <span class='ocr_line' id='line_1_84' title="bbox 1976 492 3570 563; baseline -0.001 -16"><span class='ocrx_word' id='word_1_559' title='bbox 1976 493 2336 547; x_wconf 84' lang='lat' dir='ltr'><strong>modestiores</strong></span> <span class='ocrx_word' id='word_1_560' title='bbox 2383 493 2580 548; x_wconf 84' lang='lat' dir='ltr'><strong>reddit.</strong></span> <span class='ocrx_word' id='word_1_561' title='bbox 2635 493 2800 563; x_wconf 87' lang='lat' dir='ltr'><strong>ldque</strong></span> <span class='ocrx_word' id='word_1_562' title='bbox 2847 492 2892 545; x_wconf 91' lang='lat' dir='ltr'><strong>si</strong></span> <span class='ocrx_word' id='word_1_563' title='bbox 2934 492 3147 556; x_wconf 85' lang='lat' dir='ltr'><strong>feceris,</strong></span> <span class='ocrx_word' id='word_1_564' title='bbox 3199 509 3424 563; x_wconf 82' lang='lat' dir='ltr'><strong>regnum</strong></span> <span class='ocrx_word' id='word_1_565' title='bbox 3475 493 3570 547; x_wconf 89' lang='lat' dir='ltr'><strong>tibi</strong></span> 
     </span>
    </p>
   </div>
   <div class='ocr_carea' id='block_1_81' title="bbox 1976 563 3570 634">
    <p class='ocr_par' dir='ltr' id='par_1_81' title="bbox 1976 563 3570 634">
     <span class='ocr_line' id='line_1_85' title="bbox 1976 563 3570 634; baseline -0.001 -16"><span class='ocrx_word' id='word_1_566' title='bbox 1976 564 2239 634; x_wconf 75' lang='lat' dir='ltr'><strong>cmlorum</strong></span> <span class='ocrx_word' id='word_1_567' title='bbox 2293 579 2614 633; x_wconf 85' lang='lat' dir='ltr'><strong>comparare</strong></span> <span class='ocrx_word' id='word_1_568' title='bbox 2671 571 2822 618; x_wconf 90' lang='lat' dir='ltr'><strong>certo</strong></span> <span class='ocrx_word' id='word_1_569' title='bbox 2880 563 3034 630; x_wconf 89' lang='lat' dir='ltr'><strong>scito,</strong></span> <span class='ocrx_word' id='word_1_570' title='bbox 3095 572 3147 634; x_wconf 89' lang='lat' dir='ltr'><strong>et</strong></span> <span class='ocrx_word' id='word_1_571' title='bbox 3189 564 3570 634; x_wconf 88' lang='lat' dir='ltr'><strong>sempiternam</strong></span> 
     </span>
    </p>
   </div>
   <div class='ocr_carea' id='block_1_82' title="bbox 1976 633 3570 704">
    <p class='ocr_par' dir='ltr' id='par_1_82' title="bbox 1976 633 3570 704">
     <span class='ocr_line' id='line_1_86' title="bbox 1976 633 3570 704; baseline -0.001 -16"><span class='ocrx_word' id='word_1_572' title='bbox 1976 633 2187 704; x_wconf 89' lang='lat' dir='ltr'><strong>imperii</strong></span> <span class='ocrx_word' id='word_1_573' title='bbox 2234 634 2306 687; x_wconf 90' lang='lat' dir='ltr'><strong>tui</strong></span> <span class='ocrx_word' id='word_1_574' title='bbox 2337 634 2680 688; x_wconf 88' lang='lat' dir='ltr'><strong>durationem</strong></span> <span class='ocrx_word' id='word_1_575' title='bbox 2721 642 2772 688; x_wconf 90' lang='lat' dir='ltr'><strong>et</strong></span> <span class='ocrx_word' id='word_1_576' title='bbox 2801 634 2950 704; x_wconf 89' lang='lat' dir='ltr'><strong>pacis</strong></span> <span class='ocrx_word' id='word_1_577' title='bbox 2999 633 3482 689; x_wconf 87' lang='lat' dir='ltr'><strong>confirmationem.</strong></span> <span class='ocrx_word' id='word_1_578' title='bbox 3517 634 3570 688; x_wconf 92' lang='lat' dir='ltr'><strong>Si</strong></span> 
     </span>
    </p>
   </div>
   <div class='ocr_carea' id='block_1_83' title="bbox 1976 704 3568 777">
    <p class='ocr_par' dir='ltr' id='par_1_83' title="bbox 1976 704 3568 777">
     <span class='ocr_line' id='line_1_87' title="bbox 1976 704 3568 777; baseline 0.001 -20"><span class='ocrx_word' id='word_1_579' title='bbox 1976 721 2106 759; x_wconf 89' lang='lat' dir='ltr'><strong>vero</strong></span> <span class='ocrx_word' id='word_1_580' title='bbox 2135 705 2189 758; x_wconf 92' lang='lat' dir='ltr'><strong>id</strong></span> <span class='ocrx_word' id='word_1_581' title='bbox 2244 705 2418 777; x_wconf 87' lang='lat' dir='ltr'><strong>minus</strong></span> <span class='ocrx_word' id='word_1_582' title='bbox 2465 704 2719 777; x_wconf 81' lang='lat' dir='ltr'><strong>feceritis,</strong></span> <span class='ocrx_word' id='word_1_583' title='bbox 2779 721 2876 774; x_wconf 91' lang='lat' dir='ltr'><strong>pro</strong></span> <span class='ocrx_word' id='word_1_584' title='bbox 2900 774 2909 777; x_wconf 23' lang='grc' dir='ltr'><strong>Α</strong></span> <span class='ocrx_word' id='word_1_585' title='bbox 2937 713 3103 777; x_wconf 11' lang='lat' dir='ltr'><strong>certon</strong></span> <span class='ocrx_word' id='word_1_586' title='bbox 3143 705 3387 777; x_wconf 83' lang='lat' dir='ltr'><strong>habeatis</strong></span> <span class='ocrx_word' id='word_1_587' title='bbox 3425 705 3568 777; x_wconf 91' lang='lat' dir='ltr'><strong>quod</strong></span> 
     </span>
    </p>
   </div>
   <div class='ocr_carea' id='block_1_84' title="bbox 1976 774 3571 846">
    <p class='ocr_par' dir='ltr' id='par_1_84' title="bbox 1976 774 3571 846">
     <span class='ocr_line' id='line_1_88' title="bbox 1976 774 3571 846; baseline 0 -18"><span class='ocrx_word' id='word_1_588' title='bbox 1976 790 2252 846; x_wconf 86' lang='lat' dir='ltr'><strong>nunquam</strong></span> <span class='ocrx_word' id='word_1_589' title='bbox 2301 775 2592 830; x_wconf 84' lang='lat' dir='ltr'><strong>schismata</strong></span> <span class='ocrx_word' id='word_1_590' title='bbox 2642 775 2868 829; x_wconf 86' lang='lat' dir='ltr'><strong>deerunt</strong></span> <span class='ocrx_word' id='word_1_591' title='bbox 2896 774 2950 829; x_wconf 89' lang='lat' dir='ltr'><strong>in</strong></span> <span class='ocrx_word' id='word_1_592' title='bbox 2982 775 3224 831; x_wconf 87' lang='lat' dir='ltr'><strong>Ecclesia</strong></span> <span class='ocrx_word' id='word_1_593' title='bbox 3265 774 3571 830; x_wconf 80' lang='lat' dir='ltr'><strong>Constanti-</strong></span> 
     </span>
    </p>
   </div>
   <div class='ocr_carea' id='block_1_85' title="bbox 1976 845 2742 949">
    <p class='ocr_par' dir='ltr' id='par_1_85' title="bbox 1976 845 2742 949">
     <span class='ocr_line' id='line_1_89' title="bbox 1976 845 2742 949; baseline 0.001 -51"><span class='ocrx_word' id='word_1_594' title='bbox 1976 845 2310 949; x_wconf 72' lang='lat' dir='ltr'><strong>nOpolitana.</strong></span> <span class='ocrx_word' id='word_1_595' title='bbox 2736 867 2742 873; x_wconf 93' lang='grc'><strong>·</strong></span> 
     </span>
     <span class='ocr_line' id='line_1_90' title="bbox 2109 916 2742 949; baseline 0 0"><span class='ocrx_word' id='word_1_596' title='bbox 2109 937 2130 949; x_wconf 75' lang='grc' dir='ltr'><em>ι</em></span> <span class='ocrx_word' id='word_1_597' title='bbox 2169 917 2244 949; x_wconf 68' lang='lat' dir='ltr'><strong>ha</strong></span> <span class='ocrx_word' id='word_1_598' title='bbox 2277 917 2376 949; x_wconf 75' lang='lat' dir='ltr'><strong>Inrm</strong></span> <span class='ocrx_word' id='word_1_599' title='bbox 2407 916 2563 949; x_wconf 63' lang='lat' dir='ltr'><strong>utin.“</strong></span> <span class='ocrx_word' id='word_1_600' title='bbox 2596 917 2742 949; x_wconf 71' lang='grc' dir='ltr'>Ιηηην</span> 
     </span>
    </p>
   </div>
   <div class='ocr_carea' id='block_1_86' title="bbox 2109 916 3568 988">
    <p class='ocr_par' dir='ltr' id='par_1_86' title="bbox 2109 916 3568 988">
     <span class='ocr_line' id='line_1_91' title="bbox 2109 916 3568 988; baseline 0.003 -22"><span class='ocrx_word' id='word_1_601' title='bbox 2109 937 2130 964; x_wconf 74' lang='grc' dir='ltr'>ι</span> <span class='ocrx_word' id='word_1_602' title='bbox 2169 917 2244 969; x_wconf 89' lang='lat' dir='ltr'><strong>De</strong></span> <span class='ocrx_word' id='word_1_603' title='bbox 2277 916 2566 988; x_wconf 84' lang='lat' dir='ltr'><strong>hocetiam</strong></span> <span class='ocrx_word' id='word_1_604' title='bbox 2595 917 2774 988; x_wconf 82' lang='lat' dir='ltr'><strong>legem</strong></span> <span class='ocrx_word' id='word_1_605' title='bbox 2817 917 3073 978; x_wconf 86' lang='lat' dir='ltr'><strong>condere,</strong></span> <span class='ocrx_word' id='word_1_606' title='bbox 3109 927 3256 971; x_wconf 91' lang='lat' dir='ltr'><strong>tuum</strong></span> <span class='ocrx_word' id='word_1_607' title='bbox 3287 917 3568 988; x_wconf 90' lang='lat' dir='ltr'><strong>imperium</strong></span> 
     </span>
    </p>
   </div>
   <div class='ocr_carea' id='block_1_87' title="bbox 1975 987 3552 1057">
    <p class='ocr_par' dir='ltr' id='par_1_87' title="bbox 1975 987 3552 1057">
     <span class='ocr_line' id='line_1_92' title="bbox 1975 987 3552 1057; baseline 0.001 -17"><span class='ocrx_word' id='word_1_608' title='bbox 1975 1001 2016 1057; x_wconf 6' lang='lat' dir='ltr'><strong>an</strong></span> <span class='ocrx_word' id='word_1_609' title='bbox 2039 987 2155 1040; x_wconf 92' lang='lat' dir='ltr'><strong>Deo</strong></span> <span class='ocrx_word' id='word_1_610' title='bbox 2183 987 2511 1040; x_wconf 87' lang='lat' dir='ltr'><strong>custoditum</strong></span> <span class='ocrx_word' id='word_1_611' title='bbox 2541 987 2846 1050; x_wconf 88' lang='lat' dir='ltr'><strong>monemus,</strong></span> <span class='ocrx_word' id='word_1_612' title='bbox 2883 996 2938 1041; x_wconf 89' lang='lat' dir='ltr'><strong>ut</strong></span> <span class='ocrx_word' id='word_1_613' title='bbox 2970 996 3090 1057; x_wconf 91' lang='lat' dir='ltr'><strong>post</strong></span> <span class='ocrx_word' id='word_1_614' title='bbox 3117 988 3319 1042; x_wconf 92' lang='lat' dir='ltr'><strong>obitum</strong></span> <span class='ocrx_word' id='word_1_615' title='bbox 3350 987 3552 1042; x_wconf 83' lang='lat' dir='ltr'><strong>sanctis</strong></span> 
     </span>
    </p>
   </div>
   <div class='ocr_carea' id='block_1_88' title="bbox 1977 1056 3569 1113">
    <p class='ocr_par' dir='ltr' id='par_1_88' title="bbox 1977 1056 3569 1113">
     <span class='ocr_line' id='line_1_93' title="bbox 1977 1056 3569 1113; baseline 0.002 -4"><span class='ocrx_word' id='word_1_616' title='bbox 1977 1056 2099 1110; x_wconf 92' lang='lat' dir='ltr'><strong>simi</strong></span> <span class='ocrx_word' id='word_1_617' title='bbox 2131 1057 2303 1110; x_wconf 88' lang='lat' dir='ltr'><strong>Photii</strong></span> <span class='ocrx_word' id='word_1_618' title='bbox 2325 1057 2678 1112; x_wconf 88' lang='lat' dir='ltr'><strong>comministri</strong></span> <span class='ocrx_word' id='word_1_619' title='bbox 2709 1066 2761 1111; x_wconf 92' lang='lat' dir='ltr'><strong>et</strong></span> <span class='ocrx_word' id='word_1_620' title='bbox 2784 1056 3164 1113; x_wconf 28' lang='lat' dir='ltr'><strong>fratris’nostri</strong></span> <span class='ocrx_word' id='word_1_621' title='bbox 3194 1058 3374 1112; x_wconf 89' lang='lat' dir='ltr'><strong>nullus</strong></span> <span class='ocrx_word' id='word_1_622' title='bbox 3402 1074 3432 1112; x_wconf 91' lang='lat' dir='ltr'><strong>e</strong></span> <span class='ocrx_word' id='word_1_623' title='bbox 3463 1074 3569 1113; x_wconf 74' lang='lat' dir='ltr'><strong>sae-</strong></span> 
     </span>
    </p>
   </div>
   <div class='ocr_carea' id='block_1_89' title="bbox 1975 1127 3572 1199">
    <p class='ocr_par' dir='ltr' id='par_1_89' title="bbox 1975 1127 3572 1199">
     <span class='ocr_line' id='line_1_94' title="bbox 1975 1127 3572 1199; baseline 0.001 -18"><span class='ocrx_word' id='word_1_624' title='bbox 1975 1127 2150 1199; x_wconf 79' lang='lat' dir='ltr'><strong>culari</strong></span> <span class='ocrx_word' id='word_1_625' title='bbox 2180 1127 2378 1199; x_wconf 86' lang='lat' dir='ltr'><strong>ordine</strong></span> <span class='ocrx_word' id='word_1_626' title='bbox 2402 1128 2468 1180; x_wconf 88' lang='lat' dir='ltr'><strong>ad</strong></span> <span class='ocrx_word' id='word_1_627' title='bbox 2495 1127 2858 1196; x_wconf 81' lang='lat' dir='ltr'><strong>pontificalem</strong></span> <span class='ocrx_word' id='word_1_628' title='bbox 2891 1129 3209 1199; x_wconf 86' lang='lat' dir='ltr'><strong>dignitatem</strong></span> <span class='ocrx_word' id='word_1_629' title='bbox 3242 1129 3494 1199; x_wconf 87' lang='lat' dir='ltr'><strong>eligatur,</strong></span> <span class='ocrx_word' id='word_1_630' title='bbox 3519 1137 3572 1183; x_wconf 89' lang='lat' dir='ltr'><strong>et</strong></span> 
     </span>
    </p>
   </div>
   <div class='ocr_carea' id='block_1_90' title="bbox 1975 1171 3570 1268">
    <p class='ocr_par' dir='ltr' id='par_1_90' title="bbox 1975 1171 3570 1268">
     <span class='ocr_line' id='line_1_95' title="bbox 1975 1171 3570 1268; baseline 0.001 -18"><span class='ocrx_word' id='word_1_631' title='bbox 1975 1197 2261 1268; x_wconf 87' lang='lat' dir='ltr'><strong>ordinetur</strong></span> <span class='ocrx_word' id='word_1_632' title='bbox 2289 1198 2384 1252; x_wconf 90' lang='lat' dir='ltr'><strong>sed</strong></span> <span class='ocrx_word' id='word_1_633' title='bbox 2416 1171 2596 1267; x_wconf 64' lang='lat' dir='ltr'><strong>pofius</strong></span> <span class='ocrx_word' id='word_1_634' title='bbox 2627 1214 2691 1251; x_wconf 85' lang='lat' dir='ltr'><strong>ex</strong></span> <span class='ocrx_word' id='word_1_635' title='bbox 2721 1171 3058 1268; x_wconf 55' lang='lat' dir='ltr'><strong>presbytgris</strong></span> <span class='ocrx_word' id='word_1_636' title='bbox 3089 1171 3494 1262; x_wconf 53' lang='lat' dir='ltr'><strong>cardinal’ihus,’</strong></span> <span class='ocrx_word' id='word_1_637' title='bbox 3507 1215 3570 1252; x_wconf 86' lang='lat' dir='ltr'><strong>ex</strong></span> 
     </span>
    </p>
   </div>
   <div class='ocr_carea' id='block_1_91' title="bbox 1976 1267 3570 1340">
    <p class='ocr_par' dir='ltr' id='par_1_91' title="bbox 1976 1267 3570 1340">
     <span class='ocr_line' id='line_1_96' title="bbox 1976 1267 3570 1340; baseline 0 -19"><span class='ocrx_word' id='word_1_638' title='bbox 1976 1267 2042 1321; x_wconf 90' lang='lat' dir='ltr'><strong>iis</strong></span> <span class='ocrx_word' id='word_1_639' title='bbox 2072 1267 2321 1340; x_wconf 85' lang='lat' dir='ltr'><strong>videlicet</strong></span> <span class='ocrx_word' id='word_1_640' title='bbox 2354 1269 2444 1340; x_wconf 84' lang='lat' dir='ltr'><strong>qui</strong></span> <span class='ocrx_word' id='word_1_641' title='bbox 2475 1267 2754 1340; x_wconf 69' lang='lat' dir='ltr'><strong>catholica:</strong></span> <span class='ocrx_word' id='word_1_642' title='bbox 2771 1267 3030 1323; x_wconf 71' lang='lat' dir='ltr'><strong>Ecclesiae</strong></span> <span class='ocrx_word' id='word_1_643' title='bbox 3061 1277 3184 1324; x_wconf 90' lang='lat' dir='ltr'><strong>sunt</strong></span> <span class='ocrx_word' id='word_1_644' title='bbox 3212 1269 3452 1340; x_wconf 89' lang='lat' dir='ltr'><strong>ascripti,</strong></span> <span class='ocrx_word' id='word_1_645' title='bbox 3486 1269 3570 1324; x_wconf 90' lang='lat' dir='ltr'><strong>vel</strong></span> 
     </span>
    </p>
   </div>
   <div class='ocr_carea' id='block_1_92' title="bbox 1977 1337 3571 1410">
    <p class='ocr_par' dir='ltr' id='par_1_92' title="bbox 1977 1337 3571 1410">
     <span class='ocr_line' id='line_1_97' title="bbox 1977 1337 3571 1410; baseline 0 -18"><span class='ocrx_word' id='word_1_646' title='bbox 1977 1355 2054 1410; x_wconf 16' lang='lat' dir='ltr'><strong>ex,</strong></span> <span class='ocrx_word' id='word_1_647' title='bbox 2073 1337 2484 1410; x_wconf 18' lang='lat' dir='ltr'><strong>ejusidiaco‘uis,</strong></span> <span class='ocrx_word' id='word_1_648' title='bbox 2514 1338 2598 1410; x_wconf 90' lang='lat' dir='ltr'><strong>vel</strong></span> <span class='ocrx_word' id='word_1_649' title='bbox 2627 1338 2766 1410; x_wconf 5' lang='lat' dir='ltr'><strong>aliis,</strong></span> <span class='ocrx_word' id='word_1_650' title='bbox 2795 1340 3184 1408; x_wconf 87' lang='lat' dir='ltr'><strong>sacerdotibus,</strong></span> <span class='ocrx_word' id='word_1_651' title='bbox 3217 1340 3309 1410; x_wconf 86' lang='lat' dir='ltr'><strong>qui</strong></span> <span class='ocrx_word' id='word_1_652' title='bbox 3340 1337 3571 1395; x_wconf 76' lang='lat' dir='ltr'><strong>existunt</strong></span> 
     </span>
    </p>
   </div>
   <div class='ocr_carea' id='block_1_93' title="bbox 1977 1409 3570 1478">
    <p class='ocr_par' dir='ltr' id='par_1_93' title="bbox 1977 1409 3570 1478">
     <span class='ocr_line' id='line_1_98' title="bbox 1977 1409 3570 1478; baseline 0.002 -16"><span class='ocrx_word' id='word_1_653' title='bbox 1977 1409 2077 1462; x_wconf 87' lang='lat' dir='ltr'><strong>sub</strong></span> <span class='ocrx_word' id='word_1_654' title='bbox 2121 1409 2251 1463; x_wconf 91' lang='lat' dir='ltr'><strong>sede</strong></span> <span class='ocrx_word' id='word_1_655' title='bbox 2305 1409 2918 1478; x_wconf 84' lang='lat' dir='ltr'><strong>Constantinopolitana.</strong></span> <span class='ocrx_word' id='word_1_656' title='bbox 2973 1410 3126 1478; x_wconf 82' lang='lat' dir='ltr'><strong>juxta</strong></span> <span class='ocrx_word' id='word_1_657' title='bbox 3176 1409 3361 1466; x_wconf 84' lang='lat' dir='ltr'><strong>sacros</strong></span> <span class='ocrx_word' id='word_1_658' title='bbox 3399 1426 3570 1465; x_wconf 89' lang='lat' dir='ltr'><strong>cano-</strong></span> 
     </span>
    </p>
   </div>
   <div class='ocr_carea' id='block_1_94' title="bbox 1976 1479 3570 1551">
    <p class='ocr_par' dir='ltr' id='par_1_94' title="bbox 1976 1479 3570 1551">
     <span class='ocr_line' id='line_1_99' title="bbox 1976 1479 3570 1551; baseline 0.001 -19"><span class='ocrx_word' id='word_1_659' title='bbox 1976 1495 2095 1543; x_wconf 88' lang='lat' dir='ltr'><strong>nes,</strong></span> <span class='ocrx_word' id='word_1_660' title='bbox 2125 1488 2186 1551; x_wconf 75' lang='lat' dir='ltr'><strong>_ut</strong></span> <span class='ocrx_word' id='word_1_661' title='bbox 2215 1495 2283 1532; x_wconf 92' lang='lat' dir='ltr'><strong>ne</strong></span> <span class='ocrx_word' id='word_1_662' title='bbox 2311 1488 2501 1533; x_wconf 90' lang='lat' dir='ltr'><strong>contra</strong></span> <span class='ocrx_word' id='word_1_663' title='bbox 2530 1479 2955 1534; x_wconf 89' lang='lat' dir='ltr'><strong>ecclesiasticam</strong></span> <span class='ocrx_word' id='word_1_664' title='bbox 2995 1480 3238 1551; x_wconf 81' lang='lat' dir='ltr'><strong>regulam</strong></span> <span class='ocrx_word' id='word_1_665' title='bbox 3267 1489 3319 1534; x_wconf 92' lang='lat' dir='ltr'><strong>et</strong></span> <span class='ocrx_word' id='word_1_666' title='bbox 3349 1489 3570 1536; x_wconf 90' lang='lat' dir='ltr'><strong>sancto-</strong></span> 
     </span>
    </p>
   </div>
   <div class='ocr_carea' id='block_1_95' title="bbox 1976 1549 3570 1621">
    <p class='ocr_par' dir='ltr' id='par_1_95' title="bbox 1976 1549 3570 1621">
     <span class='ocr_line' id='line_1_100' title="bbox 1976 1549 3570 1621; baseline 0.002 -19"><span class='ocrx_word' id='word_1_667' title='bbox 1976 1565 2092 1621; x_wconf 89' lang='lat' dir='ltr'><strong>rum</strong></span> <span class='ocrx_word' id='word_1_668' title='bbox 2125 1549 2344 1603; x_wconf 89' lang='lat' dir='ltr'><strong>Patrum</strong></span> <span class='ocrx_word' id='word_1_669' title='bbox 2391 1565 2630 1604; x_wconf 91' lang='lat' dir='ltr'><strong>canones</strong></span> <span class='ocrx_word' id='word_1_670' title='bbox 2661 1566 2750 1603; x_wconf 90' lang='lat' dir='ltr'><strong>res</strong></span> <span class='ocrx_word' id='word_1_671' title='bbox 2800 1559 2996 1605; x_wconf 76' lang='lat' dir='ltr'><strong>vestrae</strong></span> <span class='ocrx_word' id='word_1_672' title='bbox 3043 1549 3393 1621; x_wconf 83' lang='lat' dir='ltr'><strong>peragantur.</strong></span> <span class='ocrx_word' id='word_1_673' title='bbox 3435 1552 3570 1605; x_wconf 84' lang='lat' dir='ltr'><strong>Pro-</strong></span> 
     </span>
    </p>
   </div>
   <div class='ocr_carea' id='block_1_96' title="bbox 1977 1620 3571 1693">
    <p class='ocr_par' dir='ltr' id='par_1_96' title="bbox 1977 1620 3571 1693">
     <span class='ocr_line' id='line_1_101' title="bbox 1977 1620 3571 1693; baseline 0 -19"><span class='ocrx_word' id='word_1_674' title='bbox 1977 1620 2186 1693; x_wconf 83' lang='lat' dir='ltr'><strong>c_edere_</strong></span> <span class='ocrx_word' id='word_1_675' title='bbox 2214 1629 2394 1693; x_wconf 88' lang='lat' dir='ltr'><strong>autem</strong></span> <span class='ocrx_word' id='word_1_676' title='bbox 2443 1622 2584 1693; x_wconf 81' lang='lat' dir='ltr'><strong>hunc</strong></span> <span class='ocrx_word' id='word_1_677' title='bbox 2635 1621 2881 1674; x_wconf 86' lang='lat' dir='ltr'><strong>volumus</strong></span> <span class='ocrx_word' id='word_1_678' title='bbox 2925 1620 3320 1693; x_wconf 18' lang='lat' dir='ltr'><strong>pcr’singulos</strong></span> <span class='ocrx_word' id='word_1_679' title='bbox 3367 1622 3571 1692; x_wconf 82' lang='lat' dir='ltr'><strong>gradus</strong></span> 
     </span>
    </p>
   </div>
   <div class='ocr_carea' id='block_1_97' title="bbox 1976 1690 3573 1760">
    <p class='ocr_par' dir='ltr' id='par_1_97' title="bbox 1976 1690 3573 1760">
     <span class='ocr_line' id='line_1_102' title="bbox 1976 1690 3573 1760; baseline 0.001 -16"><span class='ocrx_word' id='word_1_680' title='bbox 1976 1690 2241 1745; x_wconf 79' lang='lat' dir='ltr'><strong>Ecclesiae</strong></span> <span class='ocrx_word' id='word_1_681' title='bbox 2282 1691 2414 1744; x_wconf 86' lang='lat' dir='ltr'><strong>satis</strong></span> <span class='ocrx_word' id='word_1_682' title='bbox 2469 1691 2776 1760; x_wconf 87' lang='lat' dir='ltr'><strong>probatum,</strong></span> <span class='ocrx_word' id='word_1_683' title='bbox 2809 1691 3086 1760; x_wconf 69' lang='lat' dir='ltr'><strong>eprimum</strong></span> <span class='ocrx_word' id='word_1_684' title='bbox 3134 1690 3414 1756; x_wconf 75' lang='lat' dir='ltr'><strong>lectorem,</strong></span> <span class='ocrx_word' id='word_1_685' title='bbox 3472 1693 3573 1746; x_wconf 90' lang='lat' dir='ltr'><strong>de-</strong></span> 
     </span>
    </p>
   </div>
   <div class='ocr_carea' id='block_1_98' title="bbox 1365 1761 3573 1834">
    <p class='ocr_par' dir='ltr' id='par_1_98' title="bbox 1365 1761 3573 1834">
     <span class='ocr_line' id='line_1_103' title="bbox 1365 1761 3573 1834; baseline 0.001 -20"><span class='ocrx_word' id='word_1_686' title='bbox 1365 1761 1872 1834; x_wconf 55' lang='lat' dir='ltr'><strong>,‘,,,,,,iagaa,gg.s;,3</strong></span> <span class='ocrx_word' id='word_1_687' title='bbox 1903 1775 1955 1834; x_wconf 83' lang='grc' dir='ltr'>Β</span> <span class='ocrx_word' id='word_1_688' title='bbox 1977 1761 2102 1814; x_wconf 91' lang='lat' dir='ltr'><strong>inde</strong></span> <span class='ocrx_word' id='word_1_689' title='bbox 2129 1761 2459 1834; x_wconf 77' lang='lat' dir='ltr'><strong>acolythum,</strong></span> <span class='ocrx_word' id='word_1_690' title='bbox 2492 1769 2679 1834; x_wconf 87' lang='lat' dir='ltr'><strong>postea</strong></span> <span class='ocrx_word' id='word_1_691' title='bbox 2709 1761 3020 1834; x_wconf 82' lang='lat' dir='ltr'><strong>diaconum,</strong></span> <span class='ocrx_word' id='word_1_692' title='bbox 3054 1763 3252 1834; x_wconf 90' lang='lat' dir='ltr'><strong>deinde</strong></span> <span class='ocrx_word' id='word_1_693' title='bbox 3281 1762 3573 1834; x_wconf 71' lang='lat' dir='ltr'><strong>presbyte-</strong></span> 
     </span>
    </p>
   </div>
   <div class='ocr_carea' id='block_1_99' title="bbox 1976 1831 3574 1901">
    <p class='ocr_par' dir='ltr' id='par_1_99' title="bbox 1976 1831 3574 1901">
     <span class='ocr_line' id='line_1_104' title="bbox 1976 1831 3574 1901; baseline 0.001 -16"><span class='ocrx_word' id='word_1_694' title='bbox 1976 1847 2095 1885; x_wconf 89' lang='lat' dir='ltr'><strong>rum</strong></span> <span class='ocrx_word' id='word_1_695' title='bbox 2126 1840 2178 1885; x_wconf 90' lang='lat' dir='ltr'><strong>et</strong></span> <span class='ocrx_word' id='word_1_696' title='bbox 2208 1831 2424 1886; x_wconf 88' lang='lat' dir='ltr'><strong>tandem</strong></span> <span class='ocrx_word' id='word_1_697' title='bbox 2475 1832 2810 1901; x_wconf 91' lang='lat' dir='ltr'><strong>episcopum,</strong></span> <span class='ocrx_word' id='word_1_698' title='bbox 2845 1831 2890 1884; x_wconf 91' lang='lat' dir='ltr'><strong>si</strong></span> <span class='ocrx_word' id='word_1_699' title='bbox 2919 1841 3098 1886; x_wconf 91' lang='lat' dir='ltr'><strong>tamen</strong></span> <span class='ocrx_word' id='word_1_700' title='bbox 3131 1831 3330 1886; x_wconf 86' lang='lat' dir='ltr'><strong>bonum</strong></span> <span class='ocrx_word' id='word_1_701' title='bbox 3362 1831 3574 1888; x_wconf 85' lang='lat' dir='ltr'><strong>habue-</strong></span> 
     </span>
    </p>
   </div>
   <div class='ocr_carea' id='block_1_100' title="bbox 1976 1902 3573 1984">
    <p class='ocr_par' dir='ltr' id='par_1_100' title="bbox 1976 1902 3573 1984">
     <span class='ocr_line' id='line_1_105' title="bbox 1976 1902 3573 1984; baseline 0.002 -30"><span class='ocrx_word' id='word_1_702' title='bbox 1976 1902 2041 1984; x_wconf 71' lang='lat' dir='ltr'><strong>rit</strong></span> <span class='ocrx_word' id='word_1_703' title='bbox 2069 1902 2430 1984; x_wconf 63' lang='lat' dir='ltr'><strong>testimonioin</strong></span> <span class='ocrx_word' id='word_1_704' title='bbox 2479 1903 2547 1956; x_wconf 91' lang='lat' dir='ltr'><strong>de</strong></span> <span class='ocrx_word' id='word_1_705' title='bbox 2574 1918 2633 1956; x_wconf 88' lang='lat' dir='ltr'><strong>se</strong></span> <span class='ocrx_word' id='word_1_706' title='bbox 2669 1903 2974 1984; x_wconf 48' lang='lat' dir='ltr'><strong>pietateuet</strong></span> <span class='ocrx_word' id='word_1_707' title='bbox 3024 1903 3282 1984; x_wconf 78' lang='lat' dir='ltr'><strong>scientia;</strong></span> <span class='ocrx_word' id='word_1_708' title='bbox 3316 1903 3573 1984; x_wconf 86' lang='lat' dir='ltr'><strong>quoniam</strong></span> 
     </span>
    </p>
   </div>
   <div class='ocr_carea' id='block_1_101' title="bbox 1975 1971 3569 2044">
    <p class='ocr_par' dir='ltr' id='par_1_101' title="bbox 1975 1971 3569 2044">
     <span class='ocr_line' id='line_1_106' title="bbox 1975 1971 3569 2044; baseline 0.001 -19"><span class='ocrx_word' id='word_1_709' title='bbox 1975 1972 2106 2044; x_wconf 85' lang='lat' dir='ltr'><strong>dum</strong></span> <span class='ocrx_word' id='word_1_710' title='bbox 2143 1971 2500 2044; x_wconf 83' lang='lat' dir='ltr'><strong>inferioribus</strong></span> <span class='ocrx_word' id='word_1_711' title='bbox 2547 1973 2810 2044; x_wconf 88' lang='lat' dir='ltr'><strong>gradibus</strong></span> <span class='ocrx_word' id='word_1_712' title='bbox 2858 1973 3075 2044; x_wconf 88' lang='lat' dir='ltr'><strong>aliquod</strong></span> <span class='ocrx_word' id='word_1_713' title='bbox 3125 1971 3386 2043; x_wconf 86' lang='lat' dir='ltr'><strong>temporis</strong></span> <span class='ocrx_word' id='word_1_714' title='bbox 3437 1989 3569 2044; x_wconf 86' lang='lat' dir='ltr'><strong>spa-</strong></span> 
     </span>
    </p>
   </div>
   <div class='ocr_carea' id='block_1_102' title="bbox 1977 2042 3574 2114">
    <p class='ocr_par' dir='ltr' id='par_1_102' title="bbox 1977 2042 3574 2114">
     <span class='ocr_line' id='line_1_107' title="bbox 1977 2042 3574 2114; baseline 0.001 -18"><span class='ocrx_word' id='word_1_715' title='bbox 1977 2042 2107 2096; x_wconf 90' lang='lat' dir='ltr'><strong>tium</strong></span> <span class='ocrx_word' id='word_1_716' title='bbox 2139 2043 2479 2107; x_wconf 88' lang='lat' dir='ltr'><strong>immoratur,</strong></span> <span class='ocrx_word' id='word_1_717' title='bbox 2509 2043 2624 2112; x_wconf 89' lang='lat' dir='ltr'><strong>ejus</strong></span> <span class='ocrx_word' id='word_1_718' title='bbox 2655 2043 2826 2096; x_wconf 88' lang='lat' dir='ltr'><strong>virtus</strong></span> <span class='ocrx_word' id='word_1_719' title='bbox 2863 2052 2916 2096; x_wconf 90' lang='lat' dir='ltr'><strong>et</strong></span> <span class='ocrx_word' id='word_1_720' title='bbox 2944 2042 3188 2114; x_wconf 83' lang='lat' dir='ltr'><strong>probitas</strong></span> <span class='ocrx_word' id='word_1_721' title='bbox 3219 2042 3486 2114; x_wconf 67' lang='lat' dir='ltr'><strong>agnoscit,</strong></span> <span class='ocrx_word' id='word_1_722' title='bbox 3521 2052 3574 2099; x_wconf 89' lang='lat' dir='ltr'><strong>et</strong></span> 
     </span>
    </p>
   </div>
   <div class='ocr_carea' id='block_1_103' title="bbox 1979 2113 3568 2186">
    <p class='ocr_par' dir='ltr' id='par_1_103' title="bbox 1979 2113 3568 2186">
     <span class='ocr_line' id='line_1_108' title="bbox 1979 2113 3568 2186; baseline 0.001 -20"><span class='ocrx_word' id='word_1_723' title='bbox 1979 2115 2080 2168; x_wconf 88' lang='lat' dir='ltr'><strong>hoc</strong></span> <span class='ocrx_word' id='word_1_724' title='bbox 2134 2121 2291 2183; x_wconf 90' lang='lat' dir='ltr'><strong>pacto</strong></span> <span class='ocrx_word' id='word_1_725' title='bbox 2347 2122 2559 2184; x_wconf 91' lang='lat' dir='ltr'><strong>oportet</strong></span> <span class='ocrx_word' id='word_1_726' title='bbox 2629 2121 2840 2168; x_wconf 89' lang='lat' dir='ltr'><strong>vestros</strong></span> <span class='ocrx_word' id='word_1_727' title='bbox 2901 2113 3568 2186; x_wconf 18' lang='lat' dir='ltr'><strong>patriarcilias’progredi,</strong></span> 
     </span>
    </p>
   </div>
   <div class='ocr_carea' id='block_1_104' title="bbox 1976 2185 3573 2257">
    <p class='ocr_par' dir='ltr' id='par_1_104' title="bbox 1976 2185 3573 2257">
     <span class='ocr_line' id='line_1_109' title="bbox 1976 2185 3573 2257; baseline 0.001 -20"><span class='ocrx_word' id='word_1_728' title='bbox 1976 2199 2186 2257; x_wconf 84' lang='lat' dir='ltr'><strong>non_ex</strong></span> <span class='ocrx_word' id='word_1_729' title='bbox 2236 2192 2497 2257; x_wconf 78' lang='lat' dir='ltr'><strong>tempore</strong></span> <span class='ocrx_word' id='word_1_730' title='bbox 2527 2199 2916 2257; x_wconf 63' lang='lat' dir='ltr'><strong>pijzeoccupare</strong></span> <span class='ocrx_word' id='word_1_731' title='bbox 2965 2185 3210 2257; x_wconf 74' lang='lat' dir='ltr'><strong>singulos</strong></span> <span class='ocrx_word' id='word_1_732' title='bbox 3255 2185 3481 2257; x_wconf 86' lang='lat' dir='ltr'><strong>gradus,</strong></span> <span class='ocrx_word' id='word_1_733' title='bbox 3515 2195 3573 2238; x_wconf 90' lang='lat' dir='ltr'><strong>ut</strong></span> 
     </span>
    </p>
   </div>
   <div class='ocr_carea' id='block_1_105' title="bbox 1977 2253 3572 2324">
    <p class='ocr_par' dir='ltr' id='par_1_105' title="bbox 1977 2253 3572 2324">
     <span class='ocr_line' id='line_1_110' title="bbox 1977 2253 3572 2324; baseline 0.001 -17"><span class='ocrx_word' id='word_1_734' title='bbox 1977 2253 2030 2307; x_wconf 91' lang='lat' dir='ltr'><strong>in</strong></span> <span class='ocrx_word' id='word_1_735' title='bbox 2079 2255 2243 2308; x_wconf 92' lang='lat' dir='ltr'><strong>domo</strong></span> <span class='ocrx_word' id='word_1_736' title='bbox 2288 2253 2502 2308; x_wconf 78' lang='lat' dir='ltr'><strong>Demini</strong></span> <span class='ocrx_word' id='word_1_737' title='bbox 2530 2253 2678 2308; x_wconf 82' lang='lat' dir='ltr'><strong>nihil</strong></span> <span class='ocrx_word' id='word_1_738' title='bbox 2725 2253 3026 2309; x_wconf 90' lang='lat' dir='ltr'><strong>inveniatur</strong></span> <span class='ocrx_word' id='word_1_739' title='bbox 3058 2253 3488 2324; x_wconf 77' lang='lat' dir='ltr'><strong>incompositum</strong></span> <span class='ocrx_word' id='word_1_740' title='bbox 3522 2264 3572 2310; x_wconf 93' lang='lat' dir='ltr'><strong>et</strong></span> 
     </span>
    </p>
   </div>
   <div class='ocr_carea' id='block_1_106' title="bbox 1975 2325 3572 2398">
    <p class='ocr_par' dir='ltr' id='par_1_106' title="bbox 1975 2325 3572 2398">
     <span class='ocr_line' id='line_1_111' title="bbox 1975 2325 3572 2398; baseline 0.001 -20"><span class='ocrx_word' id='word_1_741' title='bbox 1975 2325 2359 2398; x_wconf 84' lang='lat' dir='ltr'><strong>inordinatum.</strong></span> <span class='ocrx_word' id='word_1_742' title='bbox 2385 2325 2490 2398; x_wconf 82' lang='lat' dir='ltr'><strong>Qui</strong></span> <span class='ocrx_word' id='word_1_743' title='bbox 2517 2326 2660 2398; x_wconf 82' lang='lat' dir='ltr'><strong>enim</strong></span> <span class='ocrx_word' id='word_1_744' title='bbox 2693 2341 2856 2398; x_wconf 87' lang='lat' dir='ltr'><strong>supra</strong></span> <span class='ocrx_word' id='word_1_745' title='bbox 2871 2341 3071 2398; x_wconf 86' lang='lat' dir='ltr'><strong>omnes</strong></span> <span class='ocrx_word' id='word_1_746' title='bbox 3103 2325 3310 2398; x_wconf 89' lang='lat' dir='ltr'><strong>gradus</strong></span> <span class='ocrx_word' id='word_1_747' title='bbox 3339 2326 3572 2398; x_wconf 88' lang='lat' dir='ltr'><strong>colloca-</strong></span> 
     </span>
    </p>
   </div>
   <div class='ocr_carea' id='block_1_107' title="bbox 1975 2395 3567 2466">
    <p class='ocr_par' dir='ltr' id='par_1_107' title="bbox 1975 2395 3567 2466">
     <span class='ocr_line' id='line_1_112' title="bbox 1975 2395 3567 2466; baseline 0.001 -18"><span class='ocrx_word' id='word_1_748' title='bbox 1975 2404 2078 2458; x_wconf 89' lang='lat' dir='ltr'><strong>tur,</strong></span> <span class='ocrx_word' id='word_1_749' title='bbox 2113 2395 2602 2466; x_wconf 90' lang='lat' dir='ltr'><strong>irreprehensibilis</strong></span> <span class='ocrx_word' id='word_1_750' title='bbox 2631 2396 2684 2450; x_wconf 91' lang='lat' dir='ltr'><strong>in</strong></span> <span class='ocrx_word' id='word_1_751' title='bbox 2716 2397 2968 2450; x_wconf 89' lang='lat' dir='ltr'><strong>omnibus</strong></span> <span class='ocrx_word' id='word_1_752' title='bbox 3005 2395 3218 2466; x_wconf 72' lang='lat' dir='ltr'><strong>oportet</strong></span> <span class='ocrx_word' id='word_1_753' title='bbox 3248 2396 3567 2466; x_wconf 89' lang='lat' dir='ltr'><strong>reperiatur.</strong></span> 
     </span>
    </p>
   </div>
   <div class='ocr_carea' id='block_1_108' title="bbox 2048 2466 3573 2538">
    <p class='ocr_par' dir='ltr' id='par_1_108' title="bbox 2048 2466 3573 2538">
     <span class='ocr_line' id='line_1_113' title="bbox 2048 2466 3573 2538; baseline 0 -18"><span class='ocrx_word' id='word_1_754' title='bbox 2048 2466 2108 2538; x_wconf 57' lang='grc' dir='ltr'><strong>τα</strong></span> <span class='ocrx_word' id='word_1_755' title='bbox 2133 2467 2247 2521; x_wconf 89' lang='lat' dir='ltr'><strong>Nec</strong></span> <span class='ocrx_word' id='word_1_756' title='bbox 2278 2467 2526 2538; x_wconf 88' lang='lat' dir='ltr'><strong>quianos</strong></span> <span class='ocrx_word' id='word_1_757' title='bbox 2544 2475 2739 2538; x_wconf 70' lang='lat' dir='ltr'><strong>vestrae</strong></span> <span class='ocrx_word' id='word_1_758' title='bbox 2761 2467 3022 2538; x_wconf 62' lang='lat' dir='ltr'><strong>Ecclesia:</strong></span> <span class='ocrx_word' id='word_1_759' title='bbox 3041 2467 3163 2537; x_wconf 91' lang='lat' dir='ltr'><strong>paci</strong></span> <span class='ocrx_word' id='word_1_760' title='bbox 3186 2475 3236 2522; x_wconf 95' lang='lat' dir='ltr'><strong>et</strong></span> <span class='ocrx_word' id='word_1_761' title='bbox 3257 2467 3421 2538; x_wconf 81' lang='lat' dir='ltr'><strong>quieti</strong></span> <span class='ocrx_word' id='word_1_762' title='bbox 3444 2483 3573 2523; x_wconf 91' lang='lat' dir='ltr'><strong>con-</strong></span> 
     </span>
    </p>
   </div>
   <div class='ocr_carea' id='block_1_109' title="bbox 1977 2535 3572 2609">
    <p class='ocr_par' dir='ltr' id='par_1_109' title="bbox 1977 2535 3572 2609">
     <span class='ocr_line' id='line_1_114' title="bbox 1977 2535 3572 2609; baseline 0 -19"><span class='ocrx_word' id='word_1_763' title='bbox 1977 2535 2234 2609; x_wconf 83' lang='lat' dir='ltr'><strong>sulentes,</strong></span> <span class='ocrx_word' id='word_1_764' title='bbox 2271 2537 2517 2609; x_wconf 84' lang='lat' dir='ltr'><strong>Photium</strong></span> <span class='ocrx_word' id='word_1_765' title='bbox 2547 2537 3017 2609; x_wconf 86' lang='lat' dir='ltr'><strong>religiosissimum</strong></span> <span class='ocrx_word' id='word_1_766' title='bbox 3041 2535 3306 2609; x_wconf 56' lang='lat' dir='ltr'><strong>&#39;fratrern</strong></span> <span class='ocrx_word' id='word_1_767' title='bbox 3333 2546 3572 2592; x_wconf 89' lang='lat' dir='ltr'><strong>nostrum</strong></span> 
     </span>
    </p>
   </div>
   <div class='ocr_carea' id='block_1_110' title="bbox 1977 2607 3574 2678">
    <p class='ocr_par' dir='ltr' id='par_1_110' title="bbox 1977 2607 3574 2678">
     <span class='ocr_line' id='line_1_115' title="bbox 1977 2607 3574 2678; baseline 0.001 -18"><span class='ocrx_word' id='word_1_768' title='bbox 1977 2607 2287 2676; x_wconf 87' lang='lat' dir='ltr'><strong>recipimus,</strong></span> <span class='ocrx_word' id='word_1_769' title='bbox 2347 2608 2481 2662; x_wconf 91' lang='lat' dir='ltr'><strong>sicut</strong></span> <span class='ocrx_word' id='word_1_770' title='bbox 2523 2617 2576 2661; x_wconf 92' lang='lat' dir='ltr'><strong>et</strong></span> <span class='ocrx_word' id='word_1_771' title='bbox 2622 2607 2762 2678; x_wconf 76' lang='lat' dir='ltr'><strong>papa</strong></span> <span class='ocrx_word' id='word_1_772' title='bbox 2808 2608 3081 2662; x_wconf 77' lang='lat' dir='ltr'><strong>Adrianus</strong></span> <span class='ocrx_word' id='word_1_773' title='bbox 3127 2608 3405 2662; x_wconf 89' lang='lat' dir='ltr'><strong>Tarasium</strong></span> <span class='ocrx_word' id='word_1_774' title='bbox 3457 2609 3574 2678; x_wconf 91' lang='lat' dir='ltr'><strong>ejus</strong></span> 
     </span>
    </p>
   </div>
   <div class='ocr_carea' id='block_1_111' title="bbox 1975 2678 3574 2750">
    <p class='ocr_par' dir='ltr' id='par_1_111' title="bbox 1975 2678 3574 2750">
     <span class='ocr_line' id='line_1_116' title="bbox 1975 2678 3574 2750; baseline 0.001 -20"><span class='ocrx_word' id='word_1_775' title='bbox 1975 2678 2324 2740; x_wconf 87' lang='lat' dir='ltr'><strong>avunculum,</strong></span> <span class='ocrx_word' id='word_1_776' title='bbox 2361 2679 2458 2733; x_wconf 88' lang='lat' dir='ltr'><strong>hoc</strong></span> <span class='ocrx_word' id='word_1_777' title='bbox 2470 2679 2586 2750; x_wconf 87' lang='lat' dir='ltr'><strong>jam</strong></span> <span class='ocrx_word' id='word_1_778' title='bbox 2608 2679 2761 2732; x_wconf 89' lang='lat' dir='ltr'><strong>vobis</strong></span> <span class='ocrx_word' id='word_1_779' title='bbox 2782 2694 2882 2750; x_wconf 88' lang='lat' dir='ltr'><strong>pro</strong></span> <span class='ocrx_word' id='word_1_780' title='bbox 2902 2679 3294 2733; x_wconf 89' lang='lat' dir='ltr'><strong>consuetudine</strong></span> <span class='ocrx_word' id='word_1_781' title='bbox 3311 2688 3364 2732; x_wconf 88' lang='lat' dir='ltr'><strong>et</strong></span> <span class='ocrx_word' id='word_1_782' title='bbox 3383 2679 3574 2750; x_wconf 85' lang='lat' dir='ltr'><strong>regula</strong></span> 
     </span>
    </p>
   </div>
   <div class='ocr_carea' id='block_1_112' title="bbox 1976 2748 3572 2870">
    <p class='ocr_par' dir='ltr' id='par_1_112' title="bbox 1976 2748 3572 2870">
     <span class='ocr_line' id='line_1_117' title="bbox 1976 2748 3572 2870; baseline 0.002 -70"><span class='ocrx_word' id='word_1_783' title='bbox 1976 2756 2301 2813; x_wconf 87' lang='lat' dir='ltr'><strong>usurpetur;</strong></span> <span class='ocrx_word' id='word_1_784' title='bbox 2333 2765 2455 2870; x_wconf 70' lang='lat' dir='ltr'><strong>qua:</strong></span> <span class='ocrx_word' id='word_1_785' title='bbox 2484 2748 2628 2803; x_wconf 91' lang='lat' dir='ltr'><strong>enim</strong></span> <span class='ocrx_word' id='word_1_786' title='bbox 2672 2765 2795 2802; x_wconf 85' lang='lat' dir='ltr'><strong>raro</strong></span> <span class='ocrx_word' id='word_1_787' title='bbox 2844 2749 2984 2802; x_wconf 91' lang='lat' dir='ltr'><strong>bona</strong></span> <span class='ocrx_word' id='word_1_788' title='bbox 3037 2757 3178 2811; x_wconf 88' lang='lat' dir='ltr'><strong>sunt,</strong></span> <span class='ocrx_word' id='word_1_789' title='bbox 3209 2765 3320 2804; x_wconf 89' lang='lat' dir='ltr'><strong>non</strong></span> <span class='ocrx_word' id='word_1_790' title='bbox 3346 2748 3572 2819; x_wconf 76' lang='lat' dir='ltr'><strong>possunt</strong></span> 
     </span>
     <span class='ocr_line' id='line_1_118' title="bbox 1976 2817 3572 2870; baseline 0 0"><span class='ocrx_word' id='word_1_791' title='bbox 1976 2818 2062 2870; x_wconf 89' lang='lat' dir='ltr'><strong>lex</strong></span> <span class='ocrx_word' id='word_1_792' title='bbox 2094 2817 2210 2870; x_wconf 86' lang='lat' dir='ltr'><strong>fieri</strong></span> <span class='ocrx_word' id='word_1_793' title='bbox 2261 2835 2349 2870; x_wconf 90' lang='lat' dir='ltr'><strong>mu</strong></span> <span class='ocrx_word' id='word_1_794' title='bbox 2375 2819 2441 2870; x_wconf 91' lang='lat' dir='ltr'><strong>tis</strong></span> <span class='ocrx_word' id='word_1_795' title='bbox 2486 2827 2537 2870; x_wconf 88' lang='lat' dir='ltr'><strong>et</strong></span> <span class='ocrx_word' id='word_1_796' title='bbox 2567 2833 2666 2870; x_wconf 89' lang='lat' dir='ltr'><strong>nro</strong></span> <span class='ocrx_word' id='word_1_797' title='bbox 2715 2818 2837 2870; x_wconf 71' lang='lat' dir='ltr'><strong>lene</strong></span> <span class='ocrx_word' id='word_1_798' title='bbox 2884 2819 3042 2870; x_wconf 89' lang='lat' dir='ltr'><strong>sumi.</strong></span> <span class='ocrx_word' id='word_1_799' title='bbox 3076 2821 3119 2870; x_wconf 80' lang='grc' dir='ltr'><strong>Α</strong></span> <span class='ocrx_word' id='word_1_800' title='bbox 3149 2820 3382 2870; x_wconf 89' lang='lat' dir='ltr'><strong>Domino</strong></span> <span class='ocrx_word' id='word_1_801' title='bbox 3431 2820 3572 2870; x_wconf 90' lang='lat' dir='ltr'><strong>enim</strong></span> 
     </span>
    </p>
   </div>
   <div class='ocr_carea' id='block_1_113' title="bbox 1976 2817 3573 2891">
    <p class='ocr_par' dir='ltr' id='par_1_113' title="bbox 1976 2817 3573 2891">
     <span class='ocr_line' id='line_1_119' title="bbox 1976 2817 3573 2891; baseline 0.001 -21"><span class='ocrx_word' id='word_1_802' title='bbox 1976 2818 2062 2872; x_wconf 90' lang='lat' dir='ltr'><strong>lex</strong></span> <span class='ocrx_word' id='word_1_803' title='bbox 2094 2817 2214 2891; x_wconf 88' lang='lat' dir='ltr'><strong>fieri</strong></span> <span class='ocrx_word' id='word_1_804' title='bbox 2261 2817 2441 2891; x_wconf 80' lang='lat' dir='ltr'><strong>multis</strong></span> <span class='ocrx_word' id='word_1_805' title='bbox 2469 2827 2537 2891; x_wconf 82' lang='lat' dir='ltr'><strong>et</strong></span> <span class='ocrx_word' id='word_1_806' title='bbox 2567 2833 2666 2891; x_wconf 88' lang='lat' dir='ltr'><strong>pro</strong></span> <span class='ocrx_word' id='word_1_807' title='bbox 2715 2818 2837 2891; x_wconf 86' lang='lat' dir='ltr'><strong>lege</strong></span> <span class='ocrx_word' id='word_1_808' title='bbox 2884 2819 3042 2891; x_wconf 87' lang='lat' dir='ltr'><strong>sumi.</strong></span> <span class='ocrx_word' id='word_1_809' title='bbox 3075 2821 3119 2874; x_wconf 80' lang='grc' dir='ltr'>Α</span> <span class='ocrx_word' id='word_1_810' title='bbox 3149 2817 3382 2874; x_wconf 84' lang='lat' dir='ltr'><strong>Domino</strong></span> <span class='ocrx_word' id='word_1_811' title='bbox 3431 2820 3573 2874; x_wconf 91' lang='lat' dir='ltr'><strong>enim</strong></span> 
     </span>
    </p>
   </div>
   <div class='ocr_carea' id='block_1_114' title="bbox 1976 2889 3573 2953">
    <p class='ocr_par' dir='ltr' id='par_1_114' title="bbox 1976 2889 3573 2953">
     <span class='ocr_line' id='line_1_120' title="bbox 1976 2889 3573 2953; baseline 0.003 -13"><span class='ocrx_word' id='word_1_812' title='bbox 1976 2897 2164 2942; x_wconf 89' lang='lat' dir='ltr'><strong>nostro</strong></span> <span class='ocrx_word' id='word_1_813' title='bbox 2191 2890 2321 2943; x_wconf 86' lang='lat' dir='ltr'><strong>Jesu</strong></span> <span class='ocrx_word' id='word_1_814' title='bbox 2354 2889 2570 2942; x_wconf 89' lang='lat' dir='ltr'><strong>Christo</strong></span> <span class='ocrx_word' id='word_1_815' title='bbox 2599 2889 2792 2953; x_wconf 73' lang='lat' dir='ltr'><strong>edocti,</strong></span> <span class='ocrx_word' id='word_1_816' title='bbox 2825 2889 2988 2944; x_wconf 89' lang='lat' dir='ltr'><strong>etiam</strong></span> <span class='ocrx_word' id='word_1_817' title='bbox 3018 2906 3117 2944; x_wconf 90' lang='lat' dir='ltr'><strong>nos</strong></span> <span class='ocrx_word' id='word_1_818' title='bbox 3157 2891 3372 2946; x_wconf 89' lang='lat' dir='ltr'><strong>viscera</strong></span> <span class='ocrx_word' id='word_1_819' title='bbox 3403 2891 3573 2944; x_wconf 89' lang='lat' dir='ltr'><strong>mise-</strong></span> 
     </span>
    </p>
   </div>
   <div class='ocr_carea' id='block_1_115' title="bbox 1975 2958 3574 3031">
    <p class='ocr_par' dir='ltr' id='par_1_115' title="bbox 1975 2958 3574 3031">
     <span class='ocr_line' id='line_1_121' title="bbox 1975 2958 3574 3031; baseline 0.002 -20"><span class='ocrx_word' id='word_1_820' title='bbox 1975 2958 2226 3014; x_wconf 65' lang='lat' dir='ltr'><strong>ricordiae</strong></span> <span class='ocrx_word' id='word_1_821' title='bbox 2273 2959 2619 3030; x_wconf 86' lang='lat' dir='ltr'><strong>recipientes,</strong></span> <span class='ocrx_word' id='word_1_822' title='bbox 2667 2960 3096 3014; x_wconf 88' lang='lat' dir='ltr'><strong>condonavimus</strong></span> <span class='ocrx_word' id='word_1_823' title='bbox 3157 2961 3308 3016; x_wconf 91' lang='lat' dir='ltr'><strong>vobis</strong></span> <span class='ocrx_word' id='word_1_824' title='bbox 3357 2961 3574 3031; x_wconf 90' lang='lat' dir='ltr'><strong>petitio-</strong></span> 
     </span>
    </p>
   </div>
   <div class='ocr_carea' id='block_1_116' title="bbox 1977 3031 3574 3097">
    <p class='ocr_par' dir='ltr' id='par_1_116' title="bbox 1977 3031 3574 3097">
     <span class='ocr_line' id='line_1_122' title="bbox 1977 3031 3574 3097; baseline 0.003 -15"><span class='ocrx_word' id='word_1_825' title='bbox 1977 3045 2104 3082; x_wconf 91' lang='lat' dir='ltr'><strong>nem</strong></span> <span class='ocrx_word' id='word_1_826' title='bbox 2144 3038 2380 3084; x_wconf 88' lang='lat' dir='ltr'><strong>vestram</strong></span> <span class='ocrx_word' id='word_1_827' title='bbox 2431 3039 2542 3084; x_wconf 89' lang='lat' dir='ltr'><strong>tum</strong></span> <span class='ocrx_word' id='word_1_828' title='bbox 2573 3031 2641 3084; x_wconf 91' lang='lat' dir='ltr'><strong>de</strong></span> <span class='ocrx_word' id='word_1_829' title='bbox 2675 3031 2880 3097; x_wconf 84' lang='lat' dir='ltr'><strong>Photio,</strong></span> <span class='ocrx_word' id='word_1_830' title='bbox 2916 3040 3026 3084; x_wconf 93' lang='lat' dir='ltr'><strong>tum</strong></span> <span class='ocrx_word' id='word_1_831' title='bbox 3073 3032 3140 3086; x_wconf 91' lang='lat' dir='ltr'><strong>de</strong></span> <span class='ocrx_word' id='word_1_832' title='bbox 3170 3032 3290 3086; x_wconf 91' lang='lat' dir='ltr'><strong>aliis</strong></span> <span class='ocrx_word' id='word_1_833' title='bbox 3317 3031 3574 3086; x_wconf 87' lang='lat' dir='ltr'><strong>sacerdo-</strong></span> 
     </span>
    </p>
   </div>
   <div class='ocr_carea' id='block_1_117' title="bbox 1977 3099 3574 3157">
    <p class='ocr_par' dir='ltr' id='par_1_117' title="bbox 1977 3099 3574 3157">
     <span class='ocr_line' id='line_1_123' title="bbox 1977 3099 3574 3157; baseline 0.002 -5"><span class='ocrx_word' id='word_1_834' title='bbox 1977 3099 2120 3153; x_wconf 90' lang='lat' dir='ltr'><strong>tibus</strong></span> <span class='ocrx_word' id='word_1_835' title='bbox 2174 3117 2240 3154; x_wconf 82' lang='lat' dir='ltr'><strong>cx</strong></span> <span class='ocrx_word' id='word_1_836' title='bbox 2298 3101 2464 3155; x_wconf 86' lang='lat' dir='ltr'><strong>altera</strong></span> <span class='ocrx_word' id='word_1_837' title='bbox 2519 3101 2856 3156; x_wconf 89' lang='lat' dir='ltr'><strong>ordinatione</strong></span> <span class='ocrx_word' id='word_1_838' title='bbox 2914 3101 3267 3156; x_wconf 88' lang='lat' dir='ltr'><strong>existentibus</strong></span> <span class='ocrx_word' id='word_1_839' title='bbox 3312 3102 3574 3157; x_wconf 90' lang='lat' dir='ltr'><strong>indultum</strong></span> 
     </span>
    </p>
   </div>
   <div class='ocr_carea' id='block_1_118' title="bbox 1975 3170 3577 3242">
    <p class='ocr_par' dir='ltr' id='par_1_118' title="bbox 1975 3170 3577 3242">
     <span class='ocr_line' id='line_1_124' title="bbox 1975 3170 3577 3242; baseline 0.001 -18"><span class='ocrx_word' id='word_1_840' title='bbox 1975 3171 2370 3242; x_wconf 77' lang='lat' dir='ltr'><strong>concessimus.</strong></span> <span class='ocrx_word' id='word_1_841' title='bbox 2441 3170 2762 3242; x_wconf 88' lang='lat' dir='ltr'><strong>Quicunque</strong></span> <span class='ocrx_word' id='word_1_842' title='bbox 2830 3187 2963 3226; x_wconf 87' lang='lat' dir='ltr'><strong>vero</strong></span> <span class='ocrx_word' id='word_1_843' title='bbox 3010 3173 3066 3226; x_wconf 90' lang='lat' dir='ltr'><strong>in</strong></span> <span class='ocrx_word' id='word_1_844' title='bbox 3121 3171 3355 3226; x_wconf 88' lang='lat' dir='ltr'><strong>futurum</strong></span> <span class='ocrx_word' id='word_1_845' title='bbox 3411 3187 3577 3226; x_wconf 87' lang='lat' dir='ltr'><strong>ausus</strong></span> 
     </span>
    </p>
   </div>
   <div class='ocr_carea' id='block_1_119' title="bbox 1976 3239 3576 3312">
    <p class='ocr_par' dir='ltr' id='par_1_119' title="bbox 1976 3239 3576 3312">
     <span class='ocr_line' id='line_1_125' title="bbox 1976 3239 3576 3312; baseline 0.002 -19"><span class='ocrx_word' id='word_1_846' title='bbox 1976 3239 2217 3312; x_wconf 88' lang='lat' dir='ltr'><strong>fueritid</strong></span> <span class='ocrx_word' id='word_1_847' title='bbox 2249 3241 2444 3295; x_wconf 89' lang='lat' dir='ltr'><strong>iterum</strong></span> <span class='ocrx_word' id='word_1_848' title='bbox 2494 3239 2851 3304; x_wconf 82' lang='lat' dir='ltr'><strong>committere,</strong></span> <span class='ocrx_word' id='word_1_849' title='bbox 2907 3242 3218 3312; x_wconf 88' lang='lat' dir='ltr'><strong>poenitentia</strong></span> <span class='ocrx_word' id='word_1_850' title='bbox 3267 3259 3331 3297; x_wconf 89' lang='lat' dir='ltr'><strong>ex</strong></span> <span class='ocrx_word' id='word_1_851' title='bbox 3366 3257 3576 3297; x_wconf 86' lang='lat' dir='ltr'><strong>canone</strong></span> 
     </span>
    </p>
   </div>
   <div class='ocr_carea' id='block_1_120' title="bbox 1975 3311 3573 3433">
    <p class='ocr_par' dir='ltr' id='par_1_120' title="bbox 1975 3311 3573 3433">
     <span class='ocr_line' id='line_1_126' title="bbox 1975 3311 3573 3433; baseline 0.001 -69"><span class='ocrx_word' id='word_1_852' title='bbox 1975 3327 2008 3365; x_wconf 88' lang='lat' dir='ltr'><strong>a</strong></span> <span class='ocrx_word' id='word_1_853' title='bbox 2035 3311 2194 3433; x_wconf 60' lang='lat' dir='ltr'><strong>qpbis</strong></span> <span class='ocrx_word' id='word_1_854' title='bbox 2223 3312 2431 3382; x_wconf 88' lang='lat' dir='ltr'><strong>absque</strong></span> <span class='ocrx_word' id='word_1_855' title='bbox 2464 3312 2569 3365; x_wconf 91' lang='lat' dir='ltr'><strong>ulla</strong></span> <span class='ocrx_word' id='word_1_856' title='bbox 2600 3311 2922 3366; x_wconf 87' lang='lat' dir='ltr'><strong>remissione</strong></span> <span class='ocrx_word' id='word_1_857' title='bbox 2953 3322 3006 3366; x_wconf 89' lang='lat' dir='ltr'><strong>et</strong></span> <span class='ocrx_word' id='word_1_858' title='bbox 3036 3313 3310 3367; x_wconf 87' lang='lat' dir='ltr'><strong>damnatio</strong></span> <span class='ocrx_word' id='word_1_859' title='bbox 3340 3312 3416 3366; x_wconf 91' lang='lat' dir='ltr'><strong>illi</strong></span> <span class='ocrx_word' id='word_1_860' title='bbox 3448 3312 3573 3366; x_wconf 72' lang='lat' dir='ltr'><strong>irro~</strong></span> 
     </span>
     <span class='ocr_line' id='line_1_127' title="bbox 1975 3389 2214 3433; baseline 0 0"><span class='ocrx_word' id='word_1_861' title='bbox 1975 3396 2046 3433; x_wconf 70' lang='lat' dir='ltr'><strong>ira</strong></span> <span class='ocrx_word' id='word_1_862' title='bbox 2091 3389 2214 3433; x_wconf 83' lang='lat' dir='ltr'><strong>itur.</strong></span> 
     </span>
    </p>
   </div>
   <div class='ocr_carea' id='block_1_121' title="bbox 2017 3389 2214 3435">
    <p class='ocr_par' dir='ltr' id='par_1_121' title="bbox 2017 3389 2214 3435">
     <span class='ocr_line' id='line_1_128' title="bbox 2017 3389 2214 3435; baseline 0.01 -2"><span class='ocrx_word' id='word_1_863' title='bbox 2017 3389 2214 3435; x_wconf 85' lang='lat' dir='ltr'><strong>abitur.</strong></span> 
     </span>
    </p>
   </div>
   <div class='ocr_carea' id='block_1_122' title="bbox 1975 3398 3574 3524">
    <p class='ocr_par' dir='ltr' id='par_1_122' title="bbox 1975 3398 3574 3524">
     <span class='ocr_line' id='line_1_129' title="bbox 1975 3398 3574 3524; baseline 0.004 -24"><span class='ocrx_word' id='word_1_864' title='bbox 1975 3398 2446 3524; x_wconf 47' lang='lat' dir='ltr'><strong>gaglillgogamus</strong></span> <span class='ocrx_word' id='word_1_865' title='bbox 2502 3453 2664 3524; x_wconf 86' lang='lat' dir='ltr'><strong>etiam</strong></span> <span class='ocrx_word' id='word_1_866' title='bbox 2704 3453 2823 3524; x_wconf 89' lang='lat' dir='ltr'><strong>hoc</strong></span> <span class='ocrx_word' id='word_1_867' title='bbox 2891 3453 3148 3523; x_wconf 89' lang='lat' dir='ltr'><strong>pietatem</strong></span> <span class='ocrx_word' id='word_1_868' title='bbox 3224 3462 3464 3508; x_wconf 87' lang='lat' dir='ltr'><strong>vestram</strong></span> <span class='ocrx_word' id='word_1_869' title='bbox 3518 3462 3574 3507; x_wconf 90' lang='lat' dir='ltr'><strong>ut</strong></span> 
     </span>
    </p>
   </div>
   <div class='ocr_carea' id='block_1_123' title="bbox 1975 3522 3573 3592">
    <p class='ocr_par' dir='ltr' id='par_1_123' title="bbox 1975 3522 3573 3592">
     <span class='ocr_line' id='line_1_130' title="bbox 1975 3522 3573 3592; baseline 0.002 -18"><span class='ocrx_word' id='word_1_870' title='bbox 1975 3537 2154 3592; x_wconf 89' lang='lat' dir='ltr'><strong>neque</strong></span> <span class='ocrx_word' id='word_1_871' title='bbox 2183 3522 2350 3577; x_wconf 72' lang='lat' dir='ltr'><strong>frater</strong></span> <span class='ocrx_word' id='word_1_872' title='bbox 2377 3532 2429 3576; x_wconf 91' lang='lat' dir='ltr'><strong>et</strong></span> <span class='ocrx_word' id='word_1_873' title='bbox 2459 3523 2831 3578; x_wconf 85' lang='lat' dir='ltr'><strong>comminister</strong></span> <span class='ocrx_word' id='word_1_874' title='bbox 2872 3522 3056 3578; x_wconf 81' lang='lat' dir='ltr'><strong>noster</strong></span> <span class='ocrx_word' id='word_1_875' title='bbox 3087 3525 3307 3579; x_wconf 88' lang='lat' dir='ltr'><strong>Pbotius</strong></span> <span class='ocrx_word' id='word_1_876' title='bbox 3337 3524 3573 3580; x_wconf 88' lang='lat' dir='ltr'><strong>sanctis-</strong></span> 
     </span>
    </p>
   </div>
   <div class='ocr_carea' id='block_1_124' title="bbox 1977 3591 3575 3664">
    <p class='ocr_par' dir='ltr' id='par_1_124' title="bbox 1977 3591 3575 3664">
     <span class='ocr_line' id='line_1_131' title="bbox 1977 3591 3575 3664; baseline 0.004 -20"><span class='ocrx_word' id='word_1_877' title='bbox 1977 3591 2166 3664; x_wconf 86' lang='lat' dir='ltr'><strong>simus.</strong></span> <span class='ocrx_word' id='word_1_878' title='bbox 2201 3609 2300 3648; x_wconf 90' lang='lat' dir='ltr'><strong>nec</strong></span> <span class='ocrx_word' id='word_1_879' title='bbox 2323 3594 2467 3664; x_wconf 88' lang='lat' dir='ltr'><strong>alius</strong></span> <span class='ocrx_word' id='word_1_880' title='bbox 2502 3594 2768 3664; x_wconf 89' lang='lat' dir='ltr'><strong>quispiam</strong></span> <span class='ocrx_word' id='word_1_881' title='bbox 2799 3610 3175 3649; x_wconf 88' lang='lat' dir='ltr'><strong>successorum</strong></span> <span class='ocrx_word' id='word_1_882' title='bbox 3205 3595 3322 3664; x_wconf 89' lang='lat' dir='ltr'><strong>ejus</strong></span> <span class='ocrx_word' id='word_1_883' title='bbox 3351 3595 3405 3650; x_wconf 91' lang='lat' dir='ltr'><strong>in</strong></span> <span class='ocrx_word' id='word_1_884' title='bbox 3439 3594 3575 3650; x_wconf 85' lang='lat' dir='ltr'><strong>futu-</strong></span> 
     </span>
    </p>
   </div>
   <div class='ocr_carea' id='block_1_125' title="bbox 1978 3663 3577 3736">
    <p class='ocr_par' dir='ltr' id='par_1_125' title="bbox 1978 3663 3577 3736">
     <span class='ocr_line' id='line_1_132' title="bbox 1978 3663 3577 3736; baseline 0.003 -21"><span class='ocrx_word' id='word_1_885' title='bbox 1978 3678 2100 3736; x_wconf 78' lang='lat' dir='ltr'><strong>rain</strong></span> <span class='ocrx_word' id='word_1_886' title='bbox 2139 3663 2191 3716; x_wconf 90' lang='lat' dir='ltr'><strong>in</strong></span> <span class='ocrx_word' id='word_1_887' title='bbox 2241 3663 2926 3736; x_wconf 30' lang='lat' dir='ltr'><strong>Bulgaria’ordinatioues</strong></span> <span class='ocrx_word' id='word_1_888' title='bbox 2972 3665 3185 3736; x_wconf 84' lang='lat' dir='ltr'><strong>habeat,</strong></span> <span class='ocrx_word' id='word_1_889' title='bbox 3237 3663 3423 3736; x_wconf 83' lang='lat' dir='ltr'><strong>neque</strong></span> <span class='ocrx_word' id='word_1_890' title='bbox 3480 3681 3577 3735; x_wconf 90' lang='lat' dir='ltr'><strong>per</strong></span> 
     </span>
    </p>
   </div>
   <div class='ocr_carea' id='block_1_126' title="bbox 1976 3732 3574 3807">
    <p class='ocr_par' dir='ltr' id='par_1_126' title="bbox 1976 3732 3574 3807">
     <span class='ocr_line' id='line_1_133' title="bbox 1976 3732 3574 3807; baseline 0.004 -22"><span class='ocrx_word' id='word_1_891' title='bbox 1976 3732 2197 3807; x_wconf 82' lang='lat' dir='ltr'><strong>pallium</strong></span> <span class='ocrx_word' id='word_1_892' title='bbox 2242 3732 2381 3807; x_wconf 68' lang='lat' dir='ltr'><strong>illuc</strong></span> <span class='ocrx_word' id='word_1_893' title='bbox 2412 3735 2658 3807; x_wconf 86' lang='lat' dir='ltr'><strong>missum,</strong></span> <span class='ocrx_word' id='word_1_894' title='bbox 2695 3751 2886 3807; x_wconf 77' lang='lat' dir='ltr'><strong>neque</strong></span> <span class='ocrx_word' id='word_1_895' title='bbox 2915 3752 3015 3805; x_wconf 88' lang='lat' dir='ltr'><strong>per</strong></span> <span class='ocrx_word' id='word_1_896' title='bbox 3051 3732 3396 3791; x_wconf 79' lang='lat' dir='ltr'><strong>defensorem</strong></span> <span class='ocrx_word' id='word_1_897' title='bbox 3427 3732 3574 3807; x_wconf 61' lang='lat' dir='ltr'><strong>pra:-</strong></span> 
     </span>
    </p>
   </div>
   <div class='ocr_carea' id='block_1_127' title="bbox 1977 3803 3573 3878">
    <p class='ocr_par' dir='ltr' id='par_1_127' title="bbox 1977 3803 3573 3878">
     <span class='ocr_line' id='line_1_134' title="bbox 1977 3803 3573 3878; baseline 0.003 -22"><span class='ocrx_word' id='word_1_898' title='bbox 1977 3803 2173 3878; x_wconf 90' lang='lat' dir='ltr'><strong>diclam</strong></span> <span class='ocrx_word' id='word_1_899' title='bbox 2232 3805 2564 3878; x_wconf 82' lang='lat' dir='ltr'><strong>provinciam</strong></span> <span class='ocrx_word' id='word_1_900' title='bbox 2613 3803 2974 3878; x_wconf 77' lang='lat' dir='ltr'><strong>Bulgarorum</strong></span> <span class='ocrx_word' id='word_1_901' title='bbox 3025 3815 3080 3860; x_wconf 92' lang='lat' dir='ltr'><strong>ut</strong></span> <span class='ocrx_word' id='word_1_902' title='bbox 3135 3803 3573 3878; x_wconf 55' lang='lat' dir='ltr'><strong>propriam&#39;mi-</strong></span> 
     </span>
    </p>
   </div>
   <div class='ocr_carea' id='block_1_128' title="bbox 1978 3874 3573 3933">
    <p class='ocr_par' dir='ltr' id='par_1_128' title="bbox 1978 3874 3573 3933">
     <span class='ocr_line' id='line_1_135' title="bbox 1978 3874 3573 3933; baseline 0.004 -7"><span class='ocrx_word' id='word_1_903' title='bbox 1978 3874 2189 3928; x_wconf 89' lang='lat' dir='ltr'><strong>nistret.</strong></span> <span class='ocrx_word' id='word_1_904' title='bbox 2235 3875 2292 3928; x_wconf 90' lang='lat' dir='ltr'><strong>In</strong></span> <span class='ocrx_word' id='word_1_905' title='bbox 2338 3875 2515 3930; x_wconf 89' lang='lat' dir='ltr'><strong>alieno</strong></span> <span class='ocrx_word' id='word_1_906' title='bbox 2561 3874 2868 3931; x_wconf 43' lang='lat' dir='ltr'><strong>enim&#39;solo</strong></span> <span class='ocrx_word' id='word_1_907' title='bbox 2915 3893 3024 3930; x_wconf 89' lang='lat' dir='ltr'><strong>non</strong></span> <span class='ocrx_word' id='word_1_908' title='bbox 3063 3874 3399 3933; x_wconf 57' lang='lat' dir='ltr'><strong>decet&#39;alios</strong></span> <span class='ocrx_word' id='word_1_909' title='bbox 3437 3877 3573 3932; x_wconf 71' lang='lat' dir='ltr'><strong>trdi-</strong></span> 
     </span>
    </p>
   </div>
   <div class='ocr_carea' id='block_1_129' title="bbox 1977 3941 3575 4004">
    <p class='ocr_par' dir='ltr' id='par_1_129' title="bbox 1977 3941 3575 4004">
     <span class='ocr_line' id='line_1_136' title="bbox 1977 3941 3575 4004; baseline 0.004 -8"><span class='ocrx_word' id='word_1_910' title='bbox 1977 3941 2160 3998; x_wconf 87' lang='lat' dir='ltr'><strong>ficare.</strong></span> <span class='ocrx_word' id='word_1_911' title='bbox 2213 3946 2592 4001; x_wconf 65' lang='lat' dir='ltr'><strong>l-‘rredecessor</strong></span> <span class='ocrx_word' id='word_1_912' title='bbox 2642 3947 2784 4000; x_wconf 92' lang='lat' dir='ltr'><strong>enim</strong></span> <span class='ocrx_word' id='word_1_913' title='bbox 2852 3956 3038 4002; x_wconf 83' lang='lat' dir='ltr'><strong>noster</strong></span> <span class='ocrx_word' id='word_1_914' title='bbox 3095 3948 3355 4004; x_wconf 89' lang='lat' dir='ltr'><strong>Nicolaus</strong></span> <span class='ocrx_word' id='word_1_915' title='bbox 3403 3947 3575 4003; x_wconf 87' lang='lat' dir='ltr'><strong>felicis</strong></span> 
     </span>
    </p>
   </div>
   <div class='ocr_carea' id='block_1_130' title="bbox 1977 4015 3575 4089">
    <p class='ocr_par' dir='ltr' id='par_1_130' title="bbox 1977 4015 3575 4089">
     <span class='ocr_line' id='line_1_137' title="bbox 1977 4015 3575 4089; baseline 0.003 -22"><span class='ocrx_word' id='word_1_916' title='bbox 1977 4015 2370 4089; x_wconf 75' lang='lat' dir='ltr'><strong>recordationis</strong></span> <span class='ocrx_word' id='word_1_917' title='bbox 2414 4017 2671 4086; x_wconf 87' lang='lat' dir='ltr'><strong>precibus</strong></span> <span class='ocrx_word' id='word_1_918' title='bbox 2715 4018 2974 4089; x_wconf 88' lang='lat' dir='ltr'><strong>principis</strong></span> <span class='ocrx_word' id='word_1_919' title='bbox 3004 4019 3271 4089; x_wconf 74' lang='lat' dir='ltr'><strong>Bulgaria:</strong></span> <span class='ocrx_word' id='word_1_920' title='bbox 3303 4019 3575 4074; x_wconf 85' lang='lat' dir='ltr'><strong>Michaelis</strong></span> 
     </span>
    </p>
   </div>
   <div class='ocr_carea' id='block_1_131' title="bbox 1978 4085 3576 4160">
    <p class='ocr_par' dir='ltr' id='par_1_131' title="bbox 1978 4085 3576 4160">
     <span class='ocr_line' id='line_1_138' title="bbox 1978 4085 3576 4160; baseline 0.004 -22"><span class='ocrx_word' id='word_1_921' title='bbox 1978 4085 2290 4160; x_wconf 78' lang='lat' dir='ltr'><strong>apostolicis</strong></span> <span class='ocrx_word' id='word_1_922' title='bbox 2337 4085 2602 4160; x_wconf 81' lang='lat' dir='ltr'><strong>doctrinis</strong></span> <span class='ocrx_word' id='word_1_923' title='bbox 2646 4085 2867 4159; x_wconf 81' lang='lat' dir='ltr'><strong>gentem</strong></span> <span class='ocrx_word' id='word_1_924' title='bbox 2890 4085 3062 4143; x_wconf 56' lang='lat' dir='ltr'><strong>illam</strong></span> <span class='ocrx_word' id='word_1_925' title='bbox 3095 4085 3361 4155; x_wconf 73' lang='lat' dir='ltr'><strong>educavit,</strong></span> <span class='ocrx_word' id='word_1_926' title='bbox 3397 4099 3446 4145; x_wconf 91' lang='lat' dir='ltr'><strong>et</strong></span> <span class='ocrx_word' id='word_1_927' title='bbox 3477 4106 3576 4160; x_wconf 89' lang='lat' dir='ltr'><strong>per</strong></span> 
     </span>
    </p>
   </div>
   <div class='ocr_carea' id='block_1_132' title="bbox 1979 4155 3580 4228">
    <p class='ocr_par' dir='ltr' id='par_1_132' title="bbox 1979 4155 3580 4228">
     <span class='ocr_line' id='line_1_139' title="bbox 1979 4155 3580 4228; baseline 0.005 -20"><span class='ocrx_word' id='word_1_928' title='bbox 1979 4155 2270 4228; x_wconf 75' lang='lat' dir='ltr'><strong>religiosos</strong></span> <span class='ocrx_word' id='word_1_929' title='bbox 2304 4174 2432 4212; x_wconf 89' lang='lat' dir='ltr'><strong>suos</strong></span> <span class='ocrx_word' id='word_1_930' title='bbox 2463 4155 2751 4228; x_wconf 77' lang='lat' dir='ltr'><strong>episcopos</strong></span> <span class='ocrx_word' id='word_1_931' title='bbox 2779 4175 2975 4214; x_wconf 85' lang='lat' dir='ltr'><strong>omnes</strong></span> <span class='ocrx_word' id='word_1_932' title='bbox 2999 4161 3399 4216; x_wconf 88' lang='lat' dir='ltr'><strong>ecclesiasticas</strong></span> <span class='ocrx_word' id='word_1_933' title='bbox 3421 4155 3580 4228; x_wconf 73' lang='lat' dir='ltr'><strong>regu—</strong></span> 
     </span>
    </p>
   </div>
   <div class='ocr_carea' id='block_1_133' title="bbox 1981 4207 3576 4300">
    <p class='ocr_par' dir='ltr' id='par_1_133' title="bbox 1981 4207 3576 4300">
     <span class='ocr_line' id='line_1_140' title="bbox 1981 4207 3576 4300; baseline 0.005 -23"><span class='ocrx_word' id='word_1_934' title='bbox 1981 4225 2059 4300; x_wconf 83' lang='lat' dir='ltr'><strong>las</strong></span> <span class='ocrx_word' id='word_1_935' title='bbox 2084 4207 2141 4280; x_wconf 67' lang='grc' dir='ltr'><strong>ἷῐ</strong></span> <span class='ocrx_word' id='word_1_936' title='bbox 2171 4243 2430 4300; x_wconf 85' lang='lat' dir='ltr'><strong>canones,</strong></span> <span class='ocrx_word' id='word_1_937' title='bbox 2465 4207 2526 4283; x_wconf 56' lang='lat' dir='ltr'><strong>ei</strong></span> <span class='ocrx_word' id='word_1_938' title='bbox 2548 4207 2886 4300; x_wconf 46' lang='lat' dir='ltr'><strong>quicunque</strong></span> <span class='ocrx_word' id='word_1_939' title='bbox 2927 4231 2994 4284; x_wconf 89' lang='lat' dir='ltr'><strong>ad</strong></span> <span class='ocrx_word' id='word_1_940' title='bbox 3041 4231 3402 4285; x_wconf 89' lang='lat' dir='ltr'><strong>Christianam</strong></span> <span class='ocrx_word' id='word_1_941' title='bbox 3441 4207 3576 4287; x_wconf 61' lang='lat' dir='ltr'><strong>rdii-</strong></span> 
     </span>
    </p>
   </div>
   <div class='ocr_carea' id='block_1_134' title="bbox 1979 4295 3576 4371">
    <p class='ocr_par' dir='ltr' id='par_1_134' title="bbox 1979 4295 3576 4371">
     <span class='ocr_line' id='line_1_141' title="bbox 1979 4295 3576 4371; baseline 0.005 -23"><span class='ocrx_word' id='word_1_942' title='bbox 1979 4295 2199 4371; x_wconf 75' lang='lat' dir='ltr'><strong>gionem</strong></span> <span class='ocrx_word' id='word_1_943' title='bbox 2231 4295 2652 4371; x_wconf 77' lang='lat' dir='ltr'><strong>pertinentcum</strong></span> <span class='ocrx_word' id='word_1_944' title='bbox 2683 4295 3150 4371; x_wconf 63' lang='lat' dir='ltr'><strong>illis&#39;tradidisset,</strong></span> <span class='ocrx_word' id='word_1_945' title='bbox 3187 4317 3281 4355; x_wconf 92' lang='lat' dir='ltr'><strong>eos</strong></span> <span class='ocrx_word' id='word_1_946' title='bbox 3311 4300 3576 4371; x_wconf 89' lang='lat' dir='ltr'><strong>perfecit:</strong></span> 
     </span>
    </p>
   </div>
   <div class='ocr_carea' id='block_1_135' title="bbox 1979 4366 3576 4440">
    <p class='ocr_par' dir='ltr' id='par_1_135' title="bbox 1979 4366 3576 4440">
     <span class='ocr_line' id='line_1_142' title="bbox 1979 4366 3576 4440; baseline 0.004 -21"><span class='ocrx_word' id='word_1_947' title='bbox 1979 4366 2102 4419; x_wconf 90' lang='lat' dir='ltr'><strong>licet</strong></span> <span class='ocrx_word' id='word_1_948' title='bbox 2119 4367 2376 4440; x_wconf 77' lang='lat' dir='ltr'><strong>nonnulli</strong></span> <span class='ocrx_word' id='word_1_949' title='bbox 2409 4368 2666 4440; x_wconf 88' lang='lat' dir='ltr'><strong>audacter</strong></span> <span class='ocrx_word' id='word_1_950' title='bbox 2687 4369 3052 4438; x_wconf 89' lang='lat' dir='ltr'><strong>subripuerint</strong></span> <span class='ocrx_word' id='word_1_951' title='bbox 3085 4371 3240 4425; x_wconf 89' lang='lat' dir='ltr'><strong>nobis</strong></span> <span class='ocrx_word' id='word_1_952' title='bbox 3262 4366 3576 4440; x_wconf 70' lang='lat' dir='ltr'><strong>przedictam</strong></span> 
     </span>
    </p>
   </div>
   <div class='ocr_carea' id='block_1_136' title="bbox 1979 4435 3578 4508">
    <p class='ocr_par' dir='ltr' id='par_1_136' title="bbox 1979 4435 3578 4508">
     <span class='ocr_line' id='line_1_143' title="bbox 1979 4435 3578 4508; baseline 0.004 -20"><span class='ocrx_word' id='word_1_953' title='bbox 1979 4435 2335 4508; x_wconf 79' lang='lat' dir='ltr'><strong>provinciam,</strong></span> <span class='ocrx_word' id='word_1_954' title='bbox 2359 4454 2480 4508; x_wconf 67' lang='lat' dir='ltr'><strong>qua)</strong></span> <span class='ocrx_word' id='word_1_955' title='bbox 2509 4439 2573 4491; x_wconf 88' lang='lat' dir='ltr'><strong>ad</strong></span> <span class='ocrx_word' id='word_1_956' title='bbox 2607 4455 2701 4492; x_wconf 91' lang='lat' dir='ltr'><strong>eos</strong></span> <span class='ocrx_word' id='word_1_957' title='bbox 2733 4435 2855 4492; x_wconf 43' lang='lat' dir='ltr'><strong>non‘</strong></span> <span class='ocrx_word' id='word_1_958' title='bbox 2870 4441 3168 4505; x_wconf 85' lang='lat' dir='ltr'><strong>attinebat;</strong></span> <span class='ocrx_word' id='word_1_959' title='bbox 3204 4435 3578 4496; x_wconf 77' lang='lat' dir='ltr'><strong>ordinationes</strong></span> 
     </span>
    </p>
   </div>
   <div class='ocr_carea' id='block_1_137' title="bbox 1979 4505 3574 4584">
    <p class='ocr_par' dir='ltr' id='par_1_137' title="bbox 1979 4505 3574 4584">
     <span class='ocr_line' id='line_1_144' title="bbox 1979 4505 3574 4584; baseline 0.006 -26"><span class='ocrx_word' id='word_1_960' title='bbox 1979 4505 2140 4559; x_wconf 88' lang='lat' dir='ltr'><strong>etiam</strong></span> <span class='ocrx_word' id='word_1_961' title='bbox 2173 4505 2691 4584; x_wconf 72' lang='lat' dir='ltr'><strong>et_conaecrationes</strong></span> <span class='ocrx_word' id='word_1_962' title='bbox 2737 4509 3085 4584; x_wconf 81' lang='lat' dir='ltr'><strong>ecciesiarum</strong></span> <span class='ocrx_word' id='word_1_963' title='bbox 3113 4522 3162 4566; x_wconf 91' lang='lat' dir='ltr'><strong>et</strong></span> <span class='ocrx_word' id='word_1_964' title='bbox 3193 4512 3372 4584; x_wconf 77' lang='lat' dir='ltr'><strong>omnia</strong></span> <span class='ocrx_word' id='word_1_965' title='bbox 3421 4529 3574 4584; x_wconf 69' lang='lat' dir='ltr'><strong>quae-</strong></span> 
     </span>
    </p>
   </div>
   <div class='ocr_carea' id='block_1_138' title="bbox 1979 4575 3578 4653">
    <p class='ocr_par' dir='ltr' id='par_1_138' title="bbox 1979 4575 3578 4653">
     <span class='ocr_line' id='line_1_145' title="bbox 1979 4575 3578 4653; baseline 0.003 -21"><span class='ocrx_word' id='word_1_966' title='bbox 1979 4591 2195 4646; x_wconf 87' lang='lat' dir='ltr'><strong>cunque</strong></span> <span class='ocrx_word' id='word_1_967' title='bbox 2227 4575 2404 4632; x_wconf 86' lang='lat' dir='ltr'><strong>facere</strong></span> <span class='ocrx_word' id='word_1_968' title='bbox 2437 4579 2613 4653; x_wconf 85' lang='lat' dir='ltr'><strong>minus</strong></span> <span class='ocrx_word' id='word_1_969' title='bbox 2643 4581 2945 4653; x_wconf 75' lang='lat' dir='ltr'><strong>oportebat,</strong></span> <span class='ocrx_word' id='word_1_970' title='bbox 2970 4583 3300 4653; x_wconf 85' lang='lat' dir='ltr'><strong>peregerint.</strong></span> <span class='ocrx_word' id='word_1_971' title='bbox 3336 4575 3578 4653; x_wconf 76' lang='lat' dir='ltr'><strong>Quapro-</strong></span> 
     </span>
    </p>
   </div>
   <div class='ocr_carea' id='block_1_139' title="bbox 1980 4649 3573 4718">
    <p class='ocr_par' dir='ltr' id='par_1_139' title="bbox 1980 4649 3573 4718">
     <span class='ocr_line' id='line_1_146' title="bbox 1980 4649 3573 4718; baseline 0.006 -19"><span class='ocrx_word' id='word_1_972' title='bbox 1980 4655 2100 4718; x_wconf 87' lang='lat' dir='ltr'><strong>pter</strong></span> <span class='ocrx_word' id='word_1_973' title='bbox 2127 4656 2326 4716; x_wconf 71' lang='lat' dir='ltr'><strong>praeter</strong></span> <span class='ocrx_word' id='word_1_974' title='bbox 2355 4649 2630 4718; x_wconf 70' lang='lat' dir='ltr'><strong>prredicta,</strong></span> <span class='ocrx_word' id='word_1_975' title='bbox 2665 4659 2717 4704; x_wconf 91' lang='lat' dir='ltr'><strong>et</strong></span> <span class='ocrx_word' id='word_1_976' title='bbox 2747 4652 2850 4706; x_wconf 89' lang='lat' dir='ltr'><strong>hoc</strong></span> <span class='ocrx_word' id='word_1_977' title='bbox 2880 4649 3040 4705; x_wconf 81' lang='lat' dir='ltr'><strong>etiam</strong></span> <span class='ocrx_word' id='word_1_978' title='bbox 3088 4649 3244 4706; x_wconf 63' lang='lat' dir='ltr'><strong>vobis</strong></span> <span class='ocrx_word' id='word_1_979' title='bbox 3273 4649 3573 4708; x_wconf 44' lang='lat' dir='ltr'><strong>notum—fa-</strong></span> 
     </span>
    </p>
   </div>
   <div class='ocr_carea' id='block_1_140' title="bbox 1979 4717 3574 4794">
    <p class='ocr_par' dir='ltr' id='par_1_140' title="bbox 1979 4717 3574 4794">
     <span class='ocr_line' id='line_1_147' title="bbox 1979 4717 3574 4794; baseline 0.004 -22"><span class='ocrx_word' id='word_1_980' title='bbox 1979 4717 2170 4780; x_wconf 81' lang='lat' dir='ltr'><strong>cimus,</strong></span> <span class='ocrx_word' id='word_1_981' title='bbox 2205 4727 2286 4794; x_wconf 83' lang='lat' dir='ltr'><strong>ut_,_</strong></span> <span class='ocrx_word' id='word_1_982' title='bbox 2314 4717 2678 4794; x_wconf 70' lang='lat' dir='ltr'><strong>sialiquando</strong></span> <span class='ocrx_word' id='word_1_983' title='bbox 2724 4721 3010 4794; x_wconf 81' lang='lat' dir='ltr'><strong>episcopos</strong></span> <span class='ocrx_word' id='word_1_984' title='bbox 3041 4723 3114 4776; x_wconf 89' lang='lat' dir='ltr'><strong>ibi</strong></span> <span class='ocrx_word' id='word_1_985' title='bbox 3141 4724 3409 4794; x_wconf 86' lang='lat' dir='ltr'><strong>degentes</strong></span> <span class='ocrx_word' id='word_1_986' title='bbox 3438 4740 3574 4780; x_wconf 91' lang='lat' dir='ltr'><strong>cou-</strong></span> 
     </span>
    </p>
   </div>
   <div class='ocr_carea' id='block_1_141' title="bbox 1978 4789 3572 4862">
    <p class='ocr_par' dir='ltr' id='par_1_141' title="bbox 1978 4789 3572 4862">
     <span class='ocr_line' id='line_1_148' title="bbox 1978 4789 3572 4862; baseline 0.006 -22"><span class='ocrx_word' id='word_1_987' title='bbox 1978 4795 2190 4862; x_wconf 86' lang='lat' dir='ltr'><strong>tr_a_nos</strong></span> <span class='ocrx_word' id='word_1_988' title='bbox 2219 4789 2432 4862; x_wconf 78' lang='lat' dir='ltr'><strong>aliquid</strong></span> <span class='ocrx_word' id='word_1_989' title='bbox 2453 4789 2770 4862; x_wconf 83' lang='lat' dir='ltr'><strong>delinquere</strong></span> <span class='ocrx_word' id='word_1_990' title='bbox 2799 4789 3288 4862; x_wconf 69' lang='lat' dir='ltr'><strong>deprehendemds,</strong></span> <span class='ocrx_word' id='word_1_991' title='bbox 3322 4804 3375 4848; x_wconf 90' lang='lat' dir='ltr'><strong>et</strong></span> <span class='ocrx_word' id='word_1_992' title='bbox 3404 4811 3572 4850; x_wconf 91' lang='lat' dir='ltr'><strong>cano-</strong></span> 
     </span>
    </p>
   </div>
   <div class='ocr_carea' id='block_1_142' title="bbox 1978 4857 3572 4928">
    <p class='ocr_par' dir='ltr' id='par_1_142' title="bbox 1978 4857 3572 4928">
     <span class='ocr_line' id='line_1_149' title="bbox 1978 4857 3572 4928; baseline 0.006 -18"><span class='ocrx_word' id='word_1_993' title='bbox 1978 4857 2116 4912; x_wconf 90' lang='lat' dir='ltr'><strong>nicis</strong></span> <span class='ocrx_word' id='word_1_994' title='bbox 2159 4857 2336 4928; x_wconf 82' lang='lat' dir='ltr'><strong>poenis</strong></span> <span class='ocrx_word' id='word_1_995' title='bbox 2382 4861 2502 4914; x_wconf 89' lang='lat' dir='ltr'><strong>illos</strong></span> <span class='ocrx_word' id='word_1_996' title='bbox 2543 4857 2912 4928; x_wconf 80' lang='lat' dir='ltr'><strong>subjiciemus,</strong></span> <span class='ocrx_word' id='word_1_997' title='bbox 2960 4880 3067 4918; x_wconf 92' lang='lat' dir='ltr'><strong>non</strong></span> <span class='ocrx_word' id='word_1_998' title='bbox 3111 4865 3347 4918; x_wconf 88' lang='lat' dir='ltr'><strong>habeant</strong></span> <span class='ocrx_word' id='word_1_999' title='bbox 3379 4882 3476 4920; x_wconf 90' lang='lat' dir='ltr'><strong>vos</strong></span> <span class='ocrx_word' id='word_1_1000' title='bbox 3506 4867 3572 4921; x_wconf 86' lang='lat' dir='ltr'><strong>ad</strong></span> 
     </span>
    </p>
   </div>
   <div class='ocr_carea' id='block_1_143' title="bbox 1979 4929 3573 5002">
    <p class='ocr_par' dir='ltr' id='par_1_143' title="bbox 1979 4929 3573 5002">
     <span class='ocr_line' id='line_1_150' title="bbox 1979 4929 3573 5002; baseline 0.006 -20"><span class='ocrx_word' id='word_1_1001' title='bbox 1979 4944 2117 5002; x_wconf 81' lang='lat' dir='ltr'><strong>quos</strong></span> <span class='ocrx_word' id='word_1_1002' title='bbox 2164 4929 2496 5002; x_wconf 86' lang='lat' dir='ltr'><strong>confugiant,</strong></span> <span class='ocrx_word' id='word_1_1003' title='bbox 2549 4932 2643 4986; x_wconf 91' lang='lat' dir='ltr'><strong>sed</strong></span> <span class='ocrx_word' id='word_1_1004' title='bbox 2696 4933 2872 5002; x_wconf 89' lang='lat' dir='ltr'><strong>potius</strong></span> <span class='ocrx_word' id='word_1_1005' title='bbox 2920 4950 3016 4988; x_wconf 90' lang='lat' dir='ltr'><strong>vos</strong></span> <span class='ocrx_word' id='word_1_1006' title='bbox 3060 4935 3331 4990; x_wconf 86' lang='lat' dir='ltr'><strong>inveniant</strong></span> <span class='ocrx_word' id='word_1_1007' title='bbox 3377 4936 3428 4990; x_wconf 92' lang='lat' dir='ltr'><strong>in</strong></span> <span class='ocrx_word' id='word_1_1008' title='bbox 3470 4937 3573 4992; x_wconf 88' lang='lat' dir='ltr'><strong>hoc</strong></span> 
     </span>
    </p>
   </div>
   <div class='ocr_carea' id='block_1_144' title="bbox 1978 4999 3022 5058">
    <p class='ocr_par' dir='ltr' id='par_1_144' title="bbox 1978 4999 3022 5058">
     <span class='ocr_line' id='line_1_151' title="bbox 1978 4999 3022 5058; baseline 0.006 -7"><span class='ocrx_word' id='word_1_1009' title='bbox 1978 4999 2135 5053; x_wconf 92' lang='lat' dir='ltr'><strong>nobis</strong></span> <span class='ocrx_word' id='word_1_1010' title='bbox 2163 4999 2465 5055; x_wconf 74' lang='lat' dir='ltr'><strong>concordes</strong></span> <span class='ocrx_word' id='word_1_1011' title='bbox 2493 5017 2592 5055; x_wconf 85' lang='lat' dir='ltr'><strong>nec</strong></span> <span class='ocrx_word' id='word_1_1012' title='bbox 2620 4999 3022 5058; x_wconf 82' lang='lat' dir='ltr'><strong>dissentientes.</strong></span> 
     </span>
    </p>
   </div>
   <div class='ocr_carea' id='block_1_145' title="bbox 2047 5068 3571 5143">
    <p class='ocr_par' dir='ltr' id='par_1_145' title="bbox 2047 5068 3571 5143">
     <span class='ocr_line' id='line_1_152' title="bbox 2047 5068 3571 5143; baseline 0.006 -20"><span class='ocrx_word' id='word_1_1013' title='bbox 2047 5068 2073 5104; x_wconf 68' lang='grc' dir='ltr'>δ</span> <span class='ocrx_word' id='word_1_1014' title='bbox 2110 5092 2130 5116; x_wconf 70' lang='grc' dir='ltr'><em>ι‹</em></span> <span class='ocrx_word' id='word_1_1015' title='bbox 2167 5069 2400 5124; x_wconf 86' lang='lat' dir='ltr'><strong>Oramus</strong></span> <span class='ocrx_word' id='word_1_1016' title='bbox 2431 5080 2691 5141; x_wconf 71' lang='lat' dir='ltr'><strong>praeterea</strong></span> <span class='ocrx_word' id='word_1_1017' title='bbox 2729 5073 3015 5143; x_wconf 85' lang='lat' dir='ltr'><strong>imperium</strong></span> <span class='ocrx_word' id='word_1_1018' title='bbox 3065 5085 3307 5130; x_wconf 89' lang='lat' dir='ltr'><strong>vestrum</strong></span> <span class='ocrx_word' id='word_1_1019' title='bbox 3356 5078 3571 5132; x_wconf 87' lang='lat' dir='ltr'><strong>Christo</strong></span> 
     </span>
    </p>
   </div>
   <div class='ocr_carea' id='block_1_146' title="bbox 2043 5178 3567 5238">
    <p class='ocr_par' dir='ltr' id='par_1_146' title="bbox 2043 5178 3567 5238">
     <span class='ocr_line' id='line_1_153' title="bbox 2043 5178 3567 5238; baseline 0.005 -12"><span class='ocrx_word' id='word_1_1020' title='bbox 2043 5178 2208 5227; x_wconf 76' lang='lat' dir='ltr'><strong>°Cum</strong></span> <span class='ocrx_word' id='word_1_1021' title='bbox 2247 5179 2602 5238; x_wconf 74' lang='lat' dir='ltr'><strong>praetermissos</strong></span> <span class='ocrx_word' id='word_1_1022' title='bbox 2639 5180 2774 5230; x_wconf 87' lang='lat' dir='ltr'><strong>audis</strong></span> <span class='ocrx_word' id='word_1_1023' title='bbox 2817 5183 3066 5232; x_wconf 72' lang='lat' dir='ltr'><strong>esti-trium</strong></span> <span class='ocrx_word' id='word_1_1024' title='bbox 3111 5190 3161 5234; x_wconf 88' lang='lat' dir='ltr'><strong>et</strong></span> <span class='ocrx_word' id='word_1_1025' title='bbox 3200 5186 3364 5234; x_wconf 70' lang='lat' dir='ltr'><strong>evorci</strong></span> <span class='ocrx_word' id='word_1_1026' title='bbox 3387 5189 3513 5235; x_wconf 88' lang='lat' dir='ltr'><strong>stam</strong></span> <span class='ocrx_word' id='word_1_1027' title='bbox 3541 5199 3567 5234; x_wconf 90' lang='lat' dir='ltr'><strong>a</strong></span> 
     </span>
    </p>
   </div>
   <div class='ocr_carea' id='block_1_147' title="bbox 1974 5243 3571 5314">
    <p class='ocr_par' dir='ltr' id='par_1_147' title="bbox 1974 5243 3571 5314">
     <span class='ocr_line' id='line_1_154' title="bbox 1974 5243 3571 5314; baseline 0.008 -24"><span class='ocrx_word' id='word_1_1028' title='bbox 1974 5243 2160 5314; x_wconf 79' lang='lat' dir='ltr'><strong>Latinis</strong></span> <span class='ocrx_word' id='word_1_1029' title='bbox 2183 5245 2408 5314; x_wconf 75' lang='lat' dir='ltr'><strong>nmnibus</strong></span> <span class='ocrx_word' id='word_1_1030' title='bbox 2433 5245 2558 5294; x_wconf 84' lang='lat' dir='ltr'><strong>inter</strong></span> <span class='ocrx_word' id='word_1_1031' title='bbox 2581 5247 2764 5314; x_wconf 84' lang='lat' dir='ltr'><strong>primos</strong></span> <span class='ocrx_word' id='word_1_1032' title='bbox 2777 5254 2980 5309; x_wconf 86' lang='lat' dir='ltr'><strong>quatuor</strong></span> <span class='ocrx_word' id='word_1_1033' title='bbox 3002 5251 3192 5300; x_wconf 88' lang='lat' dir='ltr'><strong>ordines</strong></span> <span class='ocrx_word' id='word_1_1034' title='bbox 3208 5259 3571 5314; x_wconf 79' lang='lat' dir='ltr'><strong>annumeratos,</strong></span> 
     </span>
    </p>
   </div>
   <div class='ocr_carea' id='block_1_148' title="bbox 1975 5309 2868 5372">
    <p class='ocr_par' dir='ltr' id='par_1_148' title="bbox 1975 5309 2868 5372">
     <span class='ocr_line' id='line_1_155' title="bbox 1975 5309 2868 5372; baseline 0.007 -16"><span class='ocrx_word' id='word_1_1035' title='bbox 1975 5309 2096 5357; x_wconf 86' lang='lat' dir='ltr'><strong>sciat</strong></span> <span class='ocrx_word' id='word_1_1036' title='bbox 2122 5324 2146 5358; x_wconf 72' lang='grc' dir='ltr'><strong>ει</strong></span> <span class='ocrx_word' id='word_1_1037' title='bbox 2173 5312 2355 5360; x_wconf 72' lang='lat' dir='ltr'><strong>Grtecis</strong></span> <span class='ocrx_word' id='word_1_1038' title='bbox 2380 5317 2661 5372; x_wconf 88' lang='lat' dir='ltr'><strong>corruptum</strong></span> <span class='ocrx_word' id='word_1_1039' title='bbox 2690 5312 2868 5364; x_wconf 79' lang='lat' dir='ltr'><strong>lorum.</strong></span> 
     </span>
    </p>
   </div>
   <div class='ocr_carea' id='block_1_149' title="bbox 2043 5387 3568 5464">
    <p class='ocr_par' dir='ltr' id='par_1_149' title="bbox 2043 5387 3568 5464">
     <span class='ocr_line' id='line_1_156' title="bbox 2043 5387 3568 5464; baseline 0.008 -22"><span class='ocrx_word' id='word_1_1040' title='bbox 2043 5387 2057 5419; x_wconf 75' lang='grc'><strong>¹’</strong></span> <span class='ocrx_word' id='word_1_1041' title='bbox 2076 5394 2198 5442; x_wconf 89' lang='lat' dir='ltr'><strong>Sunt</strong></span> <span class='ocrx_word' id='word_1_1042' title='bbox 2224 5395 2382 5444; x_wconf 70' lang='lat' dir='ltr'><strong>addita</strong></span> <span class='ocrx_word' id='word_1_1043' title='bbox 2409 5395 2500 5444; x_wconf 88' lang='lat' dir='ltr'><strong>ista</strong></span> <span class='ocrx_word' id='word_1_1044' title='bbox 2525 5409 2552 5444; x_wconf 88' lang='lat' dir='ltr'><strong>a</strong></span> <span class='ocrx_word' id='word_1_1045' title='bbox 2578 5397 2752 5445; x_wconf 82' lang='lat' dir='ltr'><strong>Photio</strong></span> <span class='ocrx_word' id='word_1_1046' title='bbox 2776 5411 2880 5460; x_wconf 77' lang='lat' dir='ltr'><strong>quze</strong></span> <span class='ocrx_word' id='word_1_1047' title='bbox 2909 5401 3000 5449; x_wconf 81' lang='lat' dir='ltr'><strong>hoc</strong></span> <span class='ocrx_word' id='word_1_1048' title='bbox 3023 5403 3185 5464; x_wconf 75' lang='lat' dir='ltr'><strong>&quot;capite</strong></span> <span class='ocrx_word' id='word_1_1049' title='bbox 3231 5403 3568 5454; x_wconf 86' lang='lat' dir='ltr'><strong>continentur.</strong></span> 
     </span>
    </p>
   </div>
   <div class='ocr_carea' id='block_1_150' title="bbox 2041 5476 3302 5536">
    <p class='ocr_par' dir='ltr' id='par_1_150' title="bbox 2041 5476 3302 5536">
     <span class='ocr_line' id='line_1_157' title="bbox 2041 5476 3302 5536; baseline 0.01 -11"><span class='ocrx_word' id='word_1_1050' title='bbox 2041 5483 2065 5518; x_wconf 64' lang='grc' dir='ltr'><strong><em>ε</em></strong></span> <span class='ocrx_word' id='word_1_1051' title='bbox 2089 5476 2213 5526; x_wconf 90' lang='lat' dir='ltr'><strong>Sunt</strong></span> <span class='ocrx_word' id='word_1_1052' title='bbox 2236 5478 2436 5529; x_wconf 87' lang='lat' dir='ltr'><strong>Joannis</strong></span> <span class='ocrx_word' id='word_1_1053' title='bbox 2463 5491 2476 5528; x_wconf 89' lang='lat'><strong>:</strong></span> <span class='ocrx_word' id='word_1_1054' title='bbox 2503 5480 2589 5528; x_wconf 87' lang='lat' dir='ltr'><strong>sed</strong></span> <span class='ocrx_word' id='word_1_1055' title='bbox 2615 5481 2842 5532; x_wconf 90' lang='lat' dir='ltr'><strong>nonnulla</strong></span> <span class='ocrx_word' id='word_1_1056' title='bbox 2871 5483 3061 5535; x_wconf 86' lang='lat' dir='ltr'><strong>miscuit</strong></span> <span class='ocrx_word' id='word_1_1057' title='bbox 3085 5487 3302 5536; x_wconf 86' lang='lat' dir='ltr'><strong>Photius.</strong></span> 
     </span>
    </p>
   </div>
   <div class='ocr_carea' id='block_1_151' title="bbox 2042 5553 3566 5633">
    <p class='ocr_par' dir='ltr' id='par_1_151' title="bbox 2042 5553 3566 5633">
     <span class='ocr_line' id='line_1_158' title="bbox 2042 5553 3566 5633; baseline 0.007 -24"><span class='ocrx_word' id='word_1_1058' title='bbox 2042 5553 2068 5588; x_wconf 80' lang='grc'><strong>¹¹</strong></span> <span class='ocrx_word' id='word_1_1059' title='bbox 2097 5560 2539 5633; x_wconf 77' lang='lat' dir='ltr'><strong>Delevitinipostor</strong></span> <span class='ocrx_word' id='word_1_1060' title='bbox 2567 5575 2753 5624; x_wconf 87' lang='lat' dir='ltr'><strong>vocem,</strong></span> <span class='ocrx_word' id='word_1_1061' title='bbox 2783 5566 3088 5632; x_wconf 70' lang='lat' dir='ltr'><strong>.wandammr,</strong></span> <span class='ocrx_word' id='word_1_1062' title='bbox 3136 5576 3182 5620; x_wconf 88' lang='lat' dir='ltr'><strong>et</strong></span> <span class='ocrx_word' id='word_1_1063' title='bbox 3211 5584 3388 5622; x_wconf 84' lang='lat' dir='ltr'><strong>nomen</strong></span> <span class='ocrx_word' id='word_1_1064' title='bbox 3417 5574 3566 5633; x_wconf 68' lang='lat' dir='ltr'><strong>lgna-</strong></span> 
     </span>
    </p>
   </div>
   <div class='ocr_carea' id='block_1_152' title="bbox 1975 5626 2688 5689">
    <p class='ocr_par' dir='ltr' id='par_1_152' title="bbox 1975 5626 2688 5689">
     <span class='ocr_line' id='line_1_159' title="bbox 1975 5626 2688 5689; baseline 0.008 -15"><span class='ocrx_word' id='word_1_1065' title='bbox 1975 5626 2048 5682; x_wconf 88' lang='lat' dir='ltr'><strong>tii,</strong></span> <span class='ocrx_word' id='word_1_1066' title='bbox 2077 5630 2124 5674; x_wconf 89' lang='lat' dir='ltr'><strong>et</strong></span> <span class='ocrx_word' id='word_1_1067' title='bbox 2149 5629 2310 5689; x_wconf 83' lang='lat' dir='ltr'><strong>posuit</strong></span> <span class='ocrx_word' id='word_1_1068' title='bbox 2338 5628 2564 5686; x_wconf 74' lang='lat' dir='ltr'><strong>Oramus,</strong></span> <span class='ocrx_word' id='word_1_1069' title='bbox 2594 5634 2688 5680; x_wconf 78' lang='lat' dir='ltr'><strong>etc.</strong></span> 
     </span>
    </p>
   </div>
  </div>
