4072 6186
465 283 564 332 863

465 401 723 456 dilectum
745 410 800 456 ut
831 417 968 456 caue

460 472 762 552 juscunque
796 471 1000 552 ordinis
1045 471 1399 552 ecclesiastici
1423 479 1482 552 _et
1509 472 1684 552 civilis
1733 471 1823 543 qui
1853 487 1884 526 a
1906 472 2063 552 nobis

467 541 756 598 dissentire
787 541 1056 609 videntur,
1091 543 1400 612 ubicunque
1419 542 1612 597 fuerint
1636 541 1775 597 intra
1805 542 2066 596 terminos

468 621 702 682 vestros,
736 628 938 683 eosque
969 614 1038 668 ad
1066 629 1164 666 vos
1191 613 1472 667 ducendos
1501 613 1723 680 curetis,
1756 622 1808 667 et
1835 627 2065 667 monea-

471 683 540 738 tis
570 692 628 738 ut
655 683 758 753 ipsi
787 683 1037 737 uniantur
1064 683 1324 738 Ecclesia:
1356 684 1454 738 Dei
1480 692 1532 738 et
1563 683 1752 738 Photio
1783 683 2067 739 sanctissi-

471 769 563 810 mo
609 753 931 824 patriarcha
977 754 1129 808 fratri
1173 761 1226 808 et
1267 754 1636 808 eomministro
1680 762 1863 808 nostro
1909 753 2068 808 nobis

472 823 644 896 unito.
678 825 928 896 Proprias
957 823 1294 896 pontificales
1323 833 1374 879 et
1406 841 1598 896 sacras,
1630 833 1843 896 vestes,
1865 825 2069 896 gradus

475 895 633 949 etiam
682 894 800 950 illis
837 895 1117 960 restituite,
1169 905 1221 949 et
1269 895 1483 950 viscera
1529 894 1920 950 misericordiae
1961 895 2070 948 illis

472 966 698 1035 aperite,
732 975 787 1020 ut
817 966 1276 1035 quemadmodum
1322 983 1460 1020 unus
1490 967 1656 1028 Deus,
1690 982 1858 1019 unum
1888 965 2069 1034 bapti-

476 1051 612 1104 sma,
645 1051 756 1090 una
785 1035 939 1104 fides,
971 1037 1046 1091 ita
1075 1045 1127 1090 et
1155 1053 1258 1090 nos
1288 1037 1391 1107 ipsi
1421 1053 1588 1091 unum
1631 1036 1793 1089 etiam
1823 1037 1877 1090 in
1909 1035 2070 1107 Chri-

477 1114 668 1178 sto,et
695 1123 795 1177 per
839 1114 1074 1161 vestram
1120 1107 1264 1178 piam
1309 1106 1606 1178 doctrinam
1638 1122 1819 1178 unum
1868 1106 2072 1176 pariter

474 1176 758 1232 nobiseum
789 1177 913 1245 sint,
947 1187 998 1231 et
1031 1179 1084 1232 in
1111 1176 1375 1233 Ecclesia3
1402 1176 1500 1230 Dei
1528 1176 1862 1246 perfectione
1909 1191 2071 1232 coor-

475 1247 645 1302 dinati
673 1256 725 1302 et
751 1249 1025 1316 conjuncti
1053 1248 1339 1302 nobiscum
1369 1248 1424 1300 in
1453 1246 1649 1300 Christi
1671 1247 2073 1301 sanctissimum

477 1333 696 1389 corpus,
730 1326 785 1371 ut
815 1319 868 1372 in
899 1319 1089 1372 eadem
1136 1325 1317 1389 mente
1363 1325 1416 1371 et
1445 1317 1754 1389 _in_eadem
1802 1317 2073 1389 voluntate

476 1386 882 1459 permanentes,
916 1390 1090 1459 Deum
1133 1387 1375 1442 omnium
1405 1386 1792 1457 glorificemus.
1825 1389 1937 1443 Nec
1968 1388 2073 1442 ali-

479 1457 602 1530 quis
634 1459 686 1534 in
717 1468 997 1534 posterum
1019 1457 1161 1513 dicat
1185 1474 1197 1512 :
1223 1459 1332 1534 Ego
1353 1459 1574 1530 quidem
1593 1475 1721 1534 sum
1744 1459 1954 1534 Cephea,
1981 1475 2075 1530 ego

480 1529 622 1608 vero
651 1531 816 1608 Pauli
848 1529 899 1608 (Ι
923 1530 1042 1584 Cor.
1075 1534 1114 1588 ι)
1147 1547 1160 1582 :
1198 1529 1398 1608 sedant
1443 1543 1634 1583 omnes
1669 1531 1782 1608 hoc
1812 1529 2074 1608 dicamus

481 1599 626 1670 quod
679 1597 876 1667 Christi
923 1615 1110 1670 sumus
1150 1597 1388 1654 crucifixi
1437 1608 1489 1670 et
1539 1599 1738 1654 mortui
1768 1615 1868 1668 pro
1894 1599 2072 1665 nobis,

482 1668 572 1739 qui
602 1685 700 1738 per
727 1684 882 1740 suam
928 1669 1234 1740 passionem
1285 1686 1404 1740 quae
1434 1669 1486 1722 in
1533 1669 1689 1723 terris
1720 1678 1844 1724 sunt
1874 1678 1926 1724 et
1955 1685 2076 1740 quae

481 1738 534 1792 in
564 1740 717 1794 ctelis
745 1738 979 1794 invicem
1005 1738 1326 1804 conciliavit,
1361 1749 1413 1794 et
1441 1756 1541 1794 nos
1573 1741 1686 1795 Deo
1717 1738 1992 1808 conjunxit
2021 1748 2074 1794 et

481 1809 624 1881 Patri
671 1827 770 1881 per
812 1828 870 1865 se
919 1811 1094 1881 ipsum
1126 1819 1178 1864 et
1207 1819 1394 1864 mutua
1423 1809 1712 1865 dilectione
1743 1820 1795 1865 et
1824 1827 2074 1866 commu-

480 1879 687 1934 nione.’
711 1880 767 1935 Si
811 1879 1004 1936 vero‘a
1035 1881 1190 1936 vobis
1237 1897 1333 1936 eos
1376 1881 1671 1935 advocatos
1711 1889 1994 1937 monentes
2024 1889 2076 1935 et

481 1950 762 2006 hortantes
793 1961 842 2005 et
863 1960 1104 2020 orantes,
1125 1952 1198 2006 ad
1225 1952 1478 2006 unionem
1505 1951 1766 2007 Ecclesia!
1786 1951 2077 2007 convenire

481 2021 761 2092 vobiscum
793 2023 963 2077 semel
993 2031 1046 2077 et
1075 2023 1273 2076 iterum
1304 2031 1357 2076 et
1386 2022 1582 2092 saepius
1613 2023 1837 2079 obedire
1863 2022 1941 2076 illi
1973 2037 2076 2076 no-

481 2090 699 2164 luerint,
743 2110 918 2164 neque
949 2093 1149 2147 nostris
1179 2092 1370 2164 litteris
1401 2090 1775 2164 obtemperare
1805 2101 1858 2164 et
1888 2107 2077 2164 suam-

482 2170 592 2217 met
635 2161 845 2233 lucrari
880 2164 1130 2226 salutem.
1165 2164 1260 2218 sed
1292 2163 1344 2216 in
1376 2162 1541 2233 priori
1574 2161 1670 2216 sua
1699 2163 1999 2232 pertinacia
2029 2171 2082 2218 et

489 2232 794 2305 temeritate
825 2234 1222 2305 permanserint
1252 2232 1556 2305 istiusmodi
1587 2233 1854 2305 homines,
1885 2233 2080 2305 praeei-f

483 2303 662 2372 pimus
691 2304 758 2358 ab
804 2303 1133 2359 immaculati
1179 2303 1427 2373 corporis
1459 2311 1510 2358 et
1541 2304 1821 2373 sanguinis
1867 2303 2081 2358 Domini

483 2373 654 2444 nostri
674 2374 803 2428 Jesu
825 2375 1024 2428 Christi
1043 2373 1394 2444 perceptione
1417 2373 1626 2428 alienos
1649 2373 1780 2439 fore,
1801 2389 2082 2444 quousque

485 2442 738 2498 uniantur
766 2454 968 2500 sanctae
998 2442 1097 2499 Dei
1127 2442 1406 2507 Ecclesiae,
1441 2452 1492 2498 et
1525 2443 1713 2498 l’liotio
1741 2442 2084 2500 sanctissimo

487 2515 809 2586 patriarcha:
851 2515 1003 2570 fratri
1028 2525 1080 2569 et
1109 2514 1482 2586 coniministro
1509 2522 1712 2586 nostro.
1747 2515 1814 2569 Et
1845 2523 2034 2586 postea
2069 2532 2082 2568 :

487 2585 600 2658 Hoc
629 2594 846 2656 peracto
880 2603 1013 2658 quae
1061 2593 1361 2658 sequuntur
1383 2585 1583 2658 justam
1611 2585 1824 2639 illorum
1850 2585 2084 2658 damna-

486 2655 710 2722 tionem,
753 2658 808 2711 in
838 2655 925 2711 liis
961 2655 1157 2711 litteris
1195 2672 1306 2710 non
1352 2655 1689 2725 scripsimus,
1739 2673 1806 2710 ne
1853 2656 2086 2725 amplius

490 2737 879 2799 prorogaretur
922 2728 1092 2783 oratio
1121 2735 1326 2799 printer
1351 2726 1804 2799 modumtsudin
1838 2742 2086 2799 commoj-

488 2797 1141 2877 nitoriouconscripsimus
1175 2797 1748 2877 religiosissimi'I’etri
1778 2797 2084 2877 presbyteri

490 2875 543 2921 et
558 2868 861 2938 cardinalis
891 2869 1061 2923 nostri
1089 2868 1416 2938 legati,’una
1437 2883 1560 2922 cum
1581 2868 1828 2938 Eugenio
1846 2876 1897 2924 et
1921 2868 2089 2922 Paulo

493 2937 922 3017 religiosissimis
970 2937 1260 3017 episcopis,
1287 2945 1350 3017 .ut
1389 2953 1512 3017 cum
1545 2937 1685 3017 ipsis
1708 2938 2007 3008 prmsidens
2035 2937 2089 2991 in

497 3007 706 3077 synodo
736 3024 843 3064 una
881 3007 1020 3064 cum'
1052 3007 1393 3064 sanctissimo
1424 3007 1614 3062 Photio
1645 3007 1810 3062 fratre
1858 3017 1910 3062 et
1935 3024 2089 3064 com-

494 3078 763 3149 ministro.
799 3080 898 3134 Dei
924 3079 1141 3136 oculum
1173 3079 1263 3149 qui
1293 3077 1473 3132 omnia
1503 3077 1648 3133 videt
1677 3087 1730 3133 et
1760 3094 1978 3148 semper
2003 3077 2088 3133 vi-

496 3147 630 3220 gilat
660 3159 783 3204 ante
811 3167 942 3205 suos
972 3151 1158 3205 oculos
1192 3147 1484 3216 habentes,
1518 3157 1570 3203 et
1601 3147 1968 3203 inevitabilem
1997 3149 2085 3204 di-

498 3219 678 3276 vinam
705 3220 969 3290 justitiam
997 3229 1050 3276 et
1079 3237 1233 3276 suam
1276 3220 1666 3276 conscientiam
1695 3220 2086 3276 immaculatam

498 3299 551 3347 et
572 3291 906 3362 inculpatam
936 3299 1343 3359 conservantes,
1377 3307 1569 3362 omnes
1599 3307 1686 3362 res
1716 3291 2090 3346 Constantino-

498 3361 752 3432 politanae
779 3361 1038 3418 Ecclesiae
1066 3372 1117 3417 et
1145 3377 1482 3433 quaecunque
1527 3361 1772 3433 indigent
1800 3361 2091 3433 correctio:

499 3431 676 3504 ne,ﬂet
707 3449 846 3504 qua},
877 3441 934 3486 ut
961 3449 1062 3502 par
1092 3431 1504 3504 est,ideclinare
1531 3432 1752 3504 debent,
1781 3439 1838 3485 ut
1863 3432 1918 3486 id
1948 3431 2092 3502 quod

500 3503 697 3557 melius
727 3501 851 3574 iest
878 3513 929 3558 et
962 3501 1370 3574 conducibilius
1411 3501 1509 3555 Dei
1537 3502 1820 3574 Ecclesiae,
1856 3501 2093 3574 peraga-

502 3583 608 3646 tur.
642 3573 888 3628 Cu‘lestis
917 3573 1213 3646 imperator
1239 3573 1385 3644 piam
1413 3571 1709 3643 potentiam
1740 3571 1882 3626 tuam
1913 3571 2094 3627 custo-

501 3643 628 3698 diat.
669 3669 690 3693 ιι

575 3716 866 3785 Hucusque
897 3731 962 3770 ex
989 3712 1253 3785 Photiana
1281 3713 1530 3785 versione
1560 3712 1784 3785 Joannis
1814 3711 2098 3785 papaeepi-

504 3785 660 3840 stola.
693 3782 803 3839 Cur
830 3794 1010 3839 autem
1043 3783 1094 3836 in
1126 3783 1280 3837 titulo
1309 3783 1532 3837 Joannis
1565 3782 1944 3853 epistolaainon
1974 3782 2101 3836 insit

505 3856 846 3910 Constantini
874 3869 1093 3918 nomen,
1125 3853 1178 3906 id
1207 3853 1404 3908 accidit
1444 3854 1608 3923 quod,
1645 3853 1783 3908 sicut
1813 3869 1879 3906 ex
1908 3853 2100 3907 Niceta

506 3926 710 3981 dictum
755 3933 854 3988 est,
907 3932 1148 3979 mortuus
1191 3923 1333 3978 inter
1374 3922 1488 3978 haec
1527 3922 1686 3977 fuerit
1717 3924 2101 3977 Constantinus

507 3996 931 4074 ipseqiugustus
960 3993 1355 4074 primogenitus
1388 3993 1562 4072 Basilii
1593 3994 1954 4072 imperatoris.

579 4063 774 4120 Vidisti
803 4063 1146 4135 impoSturas,
1181 4063 1383 4135 lector,
1403 4063 1644 4135 veritatis
1673 4072 1886 4135 amator
1915 4073 1968 4118 et
1997 4064 2108 4118 cul-

510 4145 612 4198 tor,
660 4132 975 4190 exsecratus
1019 4149 1079 4204 es
1119 4132 1311 4203 procul
1354 4132 1538 4204 dubio,
1584 4149 1716 4204 quas
1763 4133 1818 4188 in
1876 4135 2105 4204 profano

511 4205 674 4260 etiam
703 4204 941 4271 homine,
973 4203 1174 4275 nedum
1213 4203 1519 4275 sacerdote,
1552 4203 1615 4257 et
1633 4203 1892 4275 episcopo
1923 4214 1974 4259 et
2002 4221 2106 4274 pa-

513 4275 770 4340 triarcha,
802 4276 897 4330 sed
926 4283 978 4330 et
1011 4274 1064 4328 in
1094 4274 1330 4345 ethnico,
1378 4274 1674 4345 omnisque
1693 4274 1890 4330 divinae
1919 4284 1971 4330 et
2001 4277 2107 4330 lin-

512 4363 686 4402 manu:
714 4347 854 4416 legis
898 4353 1120 4416 experte
1154 4344 1388 4416 barbaro
1419 4344 1722 4416 imprObare
1751 4363 1857 4400 non
1888 4347 2066 4416 possis
2091 4364 2108 4412 ;

512 4364 686 4402 manu:
714 4364 764 4401 ie
809 4364 854 4400 is
898 4364 1120 4416 experte
1154 4364 1388 4399 barbaro
1419 4364 1722 4415 impronare
1751 4364 1857 4400 non
1888 4364 2066 4416 possis
2091 4364 2107 4412 ;

512 4425 697 4490 totque
727 4364 1274 4490 faisitatesadmistas
1304 4415 1633 4490 litterisnon
1665 4416 1858 4490 privati
1878 4417 2107 4490 alicujus

513 4497 566 4544 et
597 4486 770 4560 ignoti
799 4489 1063 4560 hominis,
1088 4487 1183 4560 sed
1211 4487 1278 4540 ab
1309 4486 1607 4560 apostolica
1639 4487 1768 4560 sede
1800 4503 1863 4541 ex
1897 4487 2108 4557 episco-

513 4557 708 4629 porum
758 4559 986 4614 concilio
1034 4557 1209 4620 datis;
1241 4573 1343 4629 nec
1389 4557 1458 4629 ad
1489 4557 1648 4629 vilem
1689 4557 1926 4627 aliquem
1957 4566 2112 4614 terra:

513 4627 702 4696 iilium,
754 4631 850 4684 sed
897 4630 966 4684 ad
1015 4629 1221 4698 ipsum
1251 4627 1492 4698 Orientis
1549 4627 1949 4696 imperatorem,
2010 4643 2113 4682 nec

515 4701 688 4756 otiose
718 4700 805 4756 vel
836 4697 1120 4754 leviterde
1153 4697 1316 4752 rebus
1348 4697 1546 4751 nullius
1576 4699 1831 4751 momenti
1863 4697 2112 4754 conscri-

513 4771 640 4841 ptis,
677 4771 772 4826 sed
806 4787 928 4841 qua:
971 4769 1190 4823 maximi
1237 4768 1477 4841 omnium
1508 4767 1766 4841 ponderis
1803 4777 2022 4833 essent;
2057 4775 2114 4822 ut

514 4837 712 4896 merito
764 4837 898 4895 tanti
945 4847 1221 4894 auctorem
1265 4838 1490 4894 sceleris
1535 4837 1845 4908 improbare
1877 4847 1930 4892 et
1961 4855 2116 4893 exse-

519 4912 678 4980 crari,
729 4911 1016 4981 ipsumque
1062 4909 1283 4981 facinus
1311 4909 1639 4981 abominari
1682 4916 1843 4981 atque
1890 4910 2116 4981 horrere

516 4978 772 5053 tanquam
822 4978 1092 5053 funestum
1121 4979 1427 5053 aliquid‘ab
1475 4978 1596 5032 imis
1628 4978 1817 5053 inferis
1845 4979 2116 5053 proditum

517 5069 549 5108 a
570 5048 825 5124 principe
839 5052 1188 5124 tenebrarum
1209 5048 1308 5120 per
1327 5048 1496 5124 filium
1521 5049 1862 5124 tenebrarum
1881 5050 2120 5124 nomine-

519 5120 676 5178 tehus
722 5120 862 5178 lueis
909 5121 1160 5192 angelum
1205 5121 1554 5174 mentientem
1605 5120 1866 5186 Photium,
1899 5120 2120 5174 omnino

521 5195 745 5248 debeas.

1183 5260 1458 5314 CCXLIV.

907 5348 978 5386 Αἰ)
1017 5346 1570 5384 (‘ONSTANTINOPOLIT
1583 5346 1734 5384 \NUS.

1129 5405 1310 5460 (Auno
1343 5402 1493 5459 879.)

526 5475 686 5529 Jubct
716 5491 825 5540 eos,
859 5475 1161 5530 schismate
1190 5474 1397 5536 sedato,
1433 5472 1505 5526 ad
1536 5473 1798 5526 Ecclesiw
1836 5473 2123 5526 unitatem

832 5546 1035 5614 redire,
1070 5547 1126 5598 ct
1154 5544 1349 5600 Photio
1377 5544 1818 5598 comnmnicarc.

601 5639 824 5694 Eximiis
856 5639 982 5692 viris
1013 5641 1236 5696 .IO\‘.\’.\'I.
1274 5639 1446 5692 LEONI
1479 5647 1526 5690 et
1559 5638 1744 5691 Pu'm
1765 5638 2024 5708 patriciis.
2050 5647 2127 5692 at-

1809 277 2106 331 JOANNIS
2168 279 2356 333 PAI’JE
2421 281 2554 334 VIII.

2133 4455 2191 4520 D

3650 290 3741 340 δεδι

937 402 1181 491 gt'cgeli‘s
1198 402 1484 491 epis-capas
1514 410 1560 482 cl
1595 402 1945 491 presbyteros
1975 416 2063 491 cu-

2189 438 2272 491 lue
2293 422 2575 490 STILIANO,
2599 423 2805 478 lcum
2827 434 2880 478 et
2898 427 3270 479 METBOPIMNI
3292 427 3749 482 reverendissimis

2163 511 2539 580 metropolitis,
2572 519 2624 565 et
2655 511 2868 566 caeteris
2898 513 3291 579 sacerdotibus,
3327 529 3423 568 seu
3467 514 3746 584 cujuscun-

2166 615 2270 668 que
2300 598 2508 654 ordinis
2538 598 2753 655 clericis
2783 616 2878 655 seu
2908 600 3081 656 laicis.

2237 704 2492 758 Omnium
2532 706 2900 761 Ecclesiarum
2947 708 3049 763 Dei
3095 709 3389 764 secundum
3441 710 3749 779 Apostolum

2168 791 2581 846 sollicitudinem
2612 793 2894 861 habentes,
2927 802 2980 849 et
3007 795 3244 865 pastoris
3272 796 3462 868 gregis
3494 796 3748 852 Dominici

2169 879 2325 934 nobis
2355 879 2408 934 in
2439 881 2558 951 ipso
2601 882 2970 952 apostolorum
3016 883 3260 954 principe
3293 899 3476 939 curam
3510 885 3752 940 commis-

2170 984 2285 1022 sam
2307 977 2582 1038 gerentes,
2608 969 2840 1025 Domino
2857 971 3071 1026 dicente
3097 990 3110 1026 :
3133 974 3194 1028 Si
3211 973 3402 1044 diligis
3433 989 3544 1038 me,
3572 975 3751 1029 Simon

2171 1059 2354 1121 Pctre,
2385 1075 2550 1129 pasce
2577 1075 2700 1113 oves
2731 1076 2884 1114 meas
2915 1061 3094 1129 (Joan.
3119 1063 3256 1122 xxx),
3291 1061 3643 1116 condolemus
3669 1078 3755 1116 vo-

2171 1145 2254 1198 bis
2279 1163 2294 1210 ;
2327 1145 2583 1216 quoniam
2622 1147 2803 1200 multis
2827 1148 2936 1216 jam
2967 1148 3275 1202 labentibus
3305 1149 3462 1202 annis
3493 1166 3665 1222 usque
3693 1151 3755 1204 ad

2171 1249 2416 1304 praesens
2459 1233 2512 1287 in
2559 1234 2847 1290 discordiae
2889 1236 3156 1292 divisione
3201 1246 3252 1292 et
3299 1237 3354 1291 in
3383 1237 3754 1292 scandalorum

2173 1321 2578 1392 perturbatione
2625 1339 2724 1378 vos
2767 1323 3012 1380 videmus
3048 1334 3326 1396 promptos
3369 1342 3612 1390 manere,
3668 1343 3759 1382 nec

2173 1427 2270 1480 per
2299 1410 2582 1466 charitatis
2622 1412 2922 1467 custodiam
2971 1414 3039 1468 ad
3080 1415 3340 1470 unitatem
3385 1415 3650 1470 Ecclesia:
3677 1431 3758 1469 re-

2174 1497 2331 1554 verti.
2365 1497 2538 1567 Quam
2583 1499 2832 1555 videlicet
2871 1501 3130 1556 unitatem
3173 1501 3265 1574 qui
3313 1518 3422 1558 non
3469 1511 3636 1574 tenet,
3668 1503 3762 1558 Dei

2175 1587 2354 1658 legem
2384 1602 2491 1642 non
2524 1595 2690 1658 tenet,
2725 1589 2898 1644 Patris
2926 1597 2979 1644 et
3009 1589 3127 1644 Filii
3159 1588 3320 1646 fidem
3349 1606 3460 1645 non
3487 1599 3655 1659 tenet,
3681 1592 3761 1645 vi-

2178 1683 2285 1730 tam
2334 1690 2442 1730 non
2485 1683 2630 1731 tenet
2671 1692 2772 1732 nec
2815 1677 3060 1733 salutem.
3120 1680 3235 1735 Hoc
3281 1679 3516 1750 denique
3556 1679 3765 1734 unitatis

2103 1755 2156 1814 B
2179 1771 2599 1829 sacramentum,
2633 1765 2734 1820 hoc
2763 1767 3071 1822 concordiis
3101 1767 3378 1823 vinculum
3407 1767 3769 1838 inseparabili-

2175 1860 2254 1906 ter
2281 1853 2563 1907 coliaerens
2592 1853 2912 1920 ostenditur,
2938 1855 3154 1926 quando
3185 1855 3239 1909 in
3265 1855 3569 1927 Evangelio
3590 1855 3766 1911 tunica

2177 1940 2392 1994 Domini
2439 1941 2609 1996 nostri
2653 1942 2782 1996 Jesu
2831 1941 3028 1996 Christi
3072 1959 3182 1998 non
3229 1943 3488 1998 dividitur
3527 1939 3777 2008 omnino;

2177 2044 2279 2083 nec
2311 2028 2590 2096 scinditur,
2623 2031 2720 2085 sed
2750 2031 3099 2086 sortientibus
3126 2032 3195 2086 de
3226 2040 3376 2087 veste
3405 2032 3623 2098 Christi,
3657 2032 3770 2103 quis

2177 2116 2358 2187 potius
2404 2117 2673 2172 Christum
2721 2118 2985 2186 indueret,
3031 2119 3243 2190 integra
3283 2120 3452 2174 vestis
3489 2120 3766 2190 accipitur.

2179 2213 2232 2259 et
2260 2204 2594 2276 incorrupta,
2626 2214 2785 2278 atque
2814 2207 3046 2262 indivisa
3075 2207 3258 2264 tunica
3287 2207 3618 2278 possidetur.
3648 2209 3770 2262 Pos-

2182 2293 2361 2347 sidere
2417 2293 2558 2348 enim
2616 2311 2724 2349 non
2769 2303 2946 2366 potest
2994 2283 3368 2350 indumentum
3414 2296 3638 2362 Christi,
3685 2296 3772 2366 qui

2181 2381 2374 2436 scindit
2407 2391 2459 2435 et
2489 2382 2680 2438 dividit
2727 2383 3037 2440 Ecclesium
3093 2383 3307 2439 Christi.
3357 2383 3492 2452 Quis
3535 2400 3672 2455 ergo
3700 2384 3774 2438 sic

2184 2469 2478 2524 sceleratus
2523 2479 2576 2524 et
2622 2470 2908 2540 perfidus?
2953 2472 3076 2545 quis
3119 2472 3197 2527 sic
3263 2471 3549 2527 discordias
3591 2470 3776 2526 furore

2184 2559 2466 2613 vesanus?
2492 2558 2624 2627 Quis
2683 2567 2775 2613 aut
2816 2561 3004 2615 credat
3049 2560 3219 2615 scindi
3263 2577 3425 2631 posse
3462 2569 3553 2614 aut
3582 2561 3778 2614 audeat

2186 2646 2436 2701 scindere
2467 2647 2726 2701 unitatem
2763 2648 2906 2702 Dei?
2936 2657 3141 2703 vestem
3181 2648 3445 2704 Domini?
3473 2648 3777 2704 Ecclesiam

2187 2734 2426 2788 Christi?
2469 2737 2649 2790 Monet
2693 2736 2808 2806 ipse
2852 2736 2906 2790 in
2953 2737 3252 2808 Evangelio
3297 2753 3396 2792 suo
3443 2737 3636 2792 dicens
3668 2755 3682 2790 :
3714 2739 3780 2792 Et

2188 2825 2300 2878 erit
2316 2840 2462 2878 unus
2477 2841 2640 2894 grex,
2660 2829 2714 2878 et
2734 2841 2882 2880 unus
2903 2829 3098 2898 pastor
3117 2827 3299 2893 (Joan.
3323 2834 3466 2880 xvn.
3486 2824 3781 2896 Apostolus

2189 2918 2368 2964 autem
2417 2911 2614 2966 Paulus
2661 2913 2798 2968 hanc
2827 2914 3073 2968 eamdem
3104 2913 3259 2968 nobis
3289 2913 3572 2968 insinuans
3600 2913 3781 2966 unita-

2189 3006 2318 3064 tem,
2353 3000 2600 3053 hortatur
2628 2999 2818 3055 dicens
2849 3018 2860 3054 :
2897 3001 3126 3058 Obsecro
3169 3018 3261 3057 vos
3289 3017 3390 3074 per
3437 3017 3648 3056 nomen
3675 3002 3784 3056 Do-

2107 3103 2156 3166 C
2190 3088 2338 3142 mini
2365 3088 2548 3142 nostri
2575 3090 2707 3143 Jesu
2731 3090 2957 3154 Christi,
2985 3094 3051 3146 ut
3071 3090 3314 3162 idipsum
3343 3090 3548 3144 dicatis
3569 3105 3785 3158 omnes,

2187 3179 2241 3230 et
2273 3193 2386 3230 non
2406 3177 2525 3230 sint
2555 3177 2618 3231 in
2646 3179 2792 3232 vobis
2820 3178 3132 3234 schismata
3151 3198 3169 3233 :
3187 3179 3314 3233 sitis
3331 3182 3523 3232 autem
3544 3179 3787 3250 perfecti

2191 3265 2251 3319 in
2274 3264 2463 3318 eodem
2483 3281 2652 3320 sensu
2683 3269 2739 3320 et
2779 3267 2840 3321 in
2873 3265 3066 3321 eadem
3099 3268 3386 3321 sententia
3417 3265 3468 3334 (I
3487 3265 3610 3320 Cor.
3637 3267 3701 3335 ι).
3723 3265 3790 3318 Et

2186 3351 2383 3406 iterum
2400 3351 2530 3406 dicit
2550 3370 2562 3405 :
2588 3355 2946 3409 Sustincntcs
2965 3357 3204 3410 invicem
3223 3356 3286 3409 in
3303 3354 3629 3421 dilectione,
3649 3355 3795 3412 satis

2191 3444 2418 3512 agentes
2454 3457 2679 3496 servare
2703 3443 2988 3498 unitatem
3022 3444 3259 3514 spiritus
3295 3443 3354 3497 in
3391 3443 3794 3511 conjunctione

2187 3530 2346 3600 pacis
2363 3529 2588 3600 (Ephcs.
2605 3530 2706 3599 iv);
2726 3531 2982 3601 quoniam
2993 3546 3094 3586 nec
3112 3530 3308 3584 habere
3326 3545 3515 3600 pacem
3531 3545 3665 3584 cum
3683 3530 3796 3583 Deo

2191 3617 2406 3687 poterit,
2430 3617 2663 3687 quicum
2694 3616 2956 3672 fratribus
2983 3633 3173 3689 pacem
3203 3635 3303 3689 per
3333 3617 3430 3671 zeli
3462 3617 3795 3672 discordiam

2195 3719 2303 3758 nou
2347 3704 2615 3759 habuerit.
2666 3705 2839 3774 Quam
2887 3705 3048 3779 igitur
3095 3705 3198 3760 sibi
3245 3721 3434 3776 pacem
3477 3705 3806 3776 promittunt

2197 3791 2397 3847 inimici
2428 3791 2650 3847 fratrum
2671 3794 2698 3848 Τ
2719 3793 2853 3862 Quae
2883 3793 3146 3851 sacrificia
3170 3793 3456 3850 celebrare
3477 3809 3536 3848 se
3567 3793 3806 3848 credunt

2200 3881 2536 3945 sacerdotes,
2555 3881 2832 3936 charitatis
2863 3883 2960 3938 Dei
2990 3883 3081 3953 qui
3111 3898 3222 3938 non
3253 3890 3376 3936 sunt
3407 3889 3556 3936 veste
3589 3880 3802 3934 induti?

2201 3969 2400 4022 Pacem
2427 3969 2586 4023 nobis
2612 3969 2861 4024 Christus
2891 3969 3041 4024 dedit
3074 3989 3086 4024 :
3121 3973 3341 4036 Pacem,
3385 3961 3579 4041 inquit,
3613 3984 3804 4024 ineant

2204 4057 2270 4114 d0
2291 4058 2456 4123 vobis,
2470 4074 2664 4129 pacem
2681 4059 2936 4132 relinquo
2956 4059 3100 4114 vobis
3119 4059 3301 4128 (Joan.
3323 4058 3470 4128 xxv);
3496 4057 3808 4112 concordes

2204 4153 2366 4216 atque
2396 4146 2679 4201 unanimes
2708 4163 2831 4201 esse
2870 4147 3166 4217 praecepit;
3205 4145 3510 4203 dilectionis
3539 4153 3594 4200 et
3623 4145 3807 4201 chari-

2205 4233 2328 4288 tatis
2357 4232 2566 4289 fcedera
2596 4233 2905 4305 incorrupta
2925 4243 3088 4306 atque
3119 4234 3372 4290 inviolata
3409 4233 3712 4288 mandavit.
3745 4232 3811 4286 Et

2209 4321 2330 4376 ideo
2360 4331 2598 4377 vestram
2631 4323 2861 4378 salutem
2904 4323 3205 4394 cupientes,
3249 4338 3554 4388 monemus,
3587 4329 3642 4376 et
3673 4336 3810 4391 apo-

2212 4410 2398 4465 stolica
2440 4410 2774 4483 benignitate
2815 4412 3086 4480 jubemus,
3119 4427 3217 4466 vos
3247 4427 3438 4466 omnes
3465 4417 3673 4465 sancta
3705 4407 3813 4463 Ec-

2213 4499 2396 4553 clesiae
2421 4498 2582 4562 uniri,
2616 4508 2908 4571 vestroque
2937 4498 3278 4569 patriarchae,
3312 4499 3503 4553 Photio
3531 4496 3811 4557 videlicet,

2213 4603 2374 4658 quem
2419 4603 2519 4657 pro
2568 4587 2828 4642 Ecclesia;
2869 4589 2969 4642 Dei
2997 4601 3134 4656 pace
3160 4595 3214 4642 et
3244 4587 3450 4640 unitate
3481 4585 3814 4655 recepimus.

2213 4675 2492 4729 adhaerere
2522 4675 3030 4746 communicareque
3060 4675 3290 4729 studete.
3315 4674 3456 4728 Nam
3488 4672 3534 4727 si
3562 4673 3689 4728 haec
3719 4687 3819 4726 no-

2215 4771 2324 4817 stra
2354 4763 2648 4834 apostolica
2677 4765 2900 4830 monita,
2934 4764 3094 4819 tantis
3125 4762 3450 4832 supradictis
3483 4758 3818 4816 testimoniis

2217 4859 2412 4915 divinis
2472 4859 2702 4928 firmata,
2765 4862 2955 4916 audire
3017 4859 3472 4930 contempseritis,
3518 4858 3574 4911 in
3631 4864 3824 4912 vestra

2217 4957 2517 5029 pertinacia
2561 4973 2783 5012 manere
2813 4957 3078 5022 volentes,
3111 4956 3298 5011 scitote
3339 4955 3465 5026 quia
3493 4953 3685 5008 missis
3719 4968 3822 5007 no-

2221 5056 2347 5110 stris
2379 5055 2724 5125 pra'cipimus
2745 5055 2929 5110 tandiu
2961 5072 3059 5110 vos
3087 5053 3234 5108 omni
3265 5051 3638 5110 ecclesiastica
3673 5066 3826 5106 com-

2221 5153 2476 5207 munione
2533 5151 2768 5222 privare,
2841 5151 3076 5223 quandiu
3131 5153 3201 5204 ad
3257 5148 3516 5202 unitatem
3568 5145 3826 5217 corporis

2222 5249 2421 5303 Christi
2451 5257 2503 5303 ct
2531 5248 2599 5302 ad
2630 5255 2870 5302 vestrum
2915 5244 3352 5316 contempseritis
3396 5243 3574 5297 redire
3603 5239 3831 5312 pontiﬁ-

2223 5364 2362 5402 cem.
2391 5348 2505 5401 Nec
2535 5344 2732 5415 aliquis
2761 5351 3003 5398 vestrum
3057 5343 3192 5395 hanc
3237 5340 3426 5393 habeat
3459 5339 3510 5392 in
3542 5337 3833 5393 redeunda

2223 5440 2650 5504 excusationem,
2682 5453 2780 5508 pro
2810 5434 3094 5506 scripturis
3123 5434 3190 5489 de
3221 5433 3322 5488 hac
3351 5447 3514 5487 causa
3542 5431 3834 5500 composi-

2226 5538 2310 5604 tis,
2371 5536 2492 5610 quia
2535 5534 2716 5592 divina
2765 5541 3052 5605 potestate,
3107 5546 3268 5603 quam
3311 5528 3518 5599 accepit
3570 5525 3838 5582 Ecclesia

2227 5633 2444 5694 Christi,
2481 5640 2672 5687 cuneta
2705 5631 2985 5683 solvuntur
3013 5627 3244 5688 vincula,
3279 5624 3496 5696 quando
3523 5639 3622 5692 per
3644 5633 3842 5692 pasto-
