4028 6180
245 217 346 268 863
1497 205 1850 262 ΕΡΙΒΤΟΙΑΕ
1910 205 1997 259 ΕΤ
2053 209 2375 264 DEGBDTA
2390 251 2401 261 .
3445 210 3544 260 866

246 338 415 392 ralem
455 335 834 391 auctoritatem
877 351 996 406 quae
1040 334 1252 388 fuerant
1301 333 1470 421 ligata
1502 331 1800 421 solvuntur
1831 348 1845 392 ;
1880 329 2205 405 Αιι-ίεηιοὶιίι,
2241 351 2310 404 Et
2339 350 2486 421 quod
2516 349 2702 403 dicere
2737 347 2922 418 pudet,
2953 355 3006 404 ει
3035 363 3203 418 grave
3233 355 3409 402 tacere
3441 357 3542 413 est,

247 423 526 496 quoniam,
561 421 697 478 sicut
729 421 858 476 dicit
880 429 1098 476 sanctus
1141 436 1285 492 papa
1329 419 1602 487 Gelasius,
1645 417 1852 472 nullum

1997 438 2044 492 ui
2073 438 2298 510 regendi
2327 417 2504 498 adhuc
2525 444 2576 491 et
2607 417 2839 492 docendi
2872 443 2993 490 sunt
3023 417 3274 491 doctores
3301 452 3402 490 nec
3439 451 3552 490 eru-

247 519 331 565 est
359 511 660 572 vinculum,
693 509 982 564 insolubile
1013 508 1117 563 nisi
1146 509 1295 564 circa
1329 524 1427 596 eos
1469 506 1558 578 qui
1590 505 1852 596 inuerrorc
1953 505 2180 581 585mm]
2201 525 2372 580 videri
2401 541 2502 580 nec
2535 532 2800 594 metuunt,
2833 525 3196 596 ducammque
3244 523 3548 579 animarum

249 599 563 669 persistunt.
603 599 737 651 Data
766 609 955 650 mense
977 599 1245 668 Augusto,
1281 595 1467 650 intlict.
1493 609 1593 659 xu,
1630 593 1718 647 die
1733 608 1850 647 xvi.
1955 613 2296 684 impudenter
2324 621 2624 679 assumunt,
2659 593 2856 684 quibus
2887 611 2973 668 via
3003 593 3184 667 οηηῇίε
3216 613 3406 684 ignota
3446 612 3552 667 do-

332 687 492 741 Missa
505 701 608 757 per
637 687 871 740 Petrum
901 685 1305 755 presbyterum.

1997 701 2124 755 Loris
2153 709 2255 766 est,
2290 717 2396 772 quo
2427 701 2616 773 Vorte,
2642 701 2732 772 qui
2780 717 2908 772 quo,
2943 700 3122 772 Hann]
3153 701 3240 755 vel
3291 700 3394 770 ipsi
3422 715 3556 772 gra-

940 789 1190 844 CCXLV.
1957 789 2176 844 diantur
2195 789 2373 862 ignari
2404 798 2548 844 sunt.
2582 787 2741 858 Quod
2771 804 2933 860 quam
2964 803 3195 859 pravum
3225 803 3460 860 quamve
3491 788 3566 844 sit

481 895 552 934 AD
581 894 843 933 CLERICOS
873 890 1566 932 CONSTANTINOPOLITANOS
1588 885 1630 927 ει.
1960 876 2324 942 temerarium,
2359 877 2607 932 saeculari
2635 875 2824 932 ordine
2855 886 2906 930 et
2955 876 3239 946 disciplina
3282 883 3560 931 monstra-

873 967 1054 1038 (Anno
1085 969 1235 1036 879.)
1961 972 2046 1020 tur
2079 983 2092 1018 :
2126 980 2254 1020 nam
2283 965 2414 1019 dum
2444 965 2553 1019 dux
2583 965 2854 1021 exercitus
2879 981 2989 1020 non
3019 964 3123 1018 nisi
3143 964 3328 1020 labore
3357 972 3410 1019 et
3443 965 3558 1020 sol-

535 1055 798 1127 Ejusdem
831 1071 897 1110 ac
919 1055 1223 1127 precedens
1253 1056 1595 1126 argumenti.
1961 1052 2241 1107 licitudine
2271 1061 2534 1123 expertus
2563 1053 2798 1124 eligitur,
2836 1053 3028 1124 quales
3057 1053 3366 1107 animarum
3393 1052 3562 1108 duces

332 1143 822 1200 Reverendissimis
851 1151 902 1197 et
951 1141 1308 1196 sanctissimis
1346 1142 1600 1196 omnibus
1639 1141 1860 1213 cpisco-

259 1233 370 1304 pis,
417 1230 781 1288 confratribus
819 1229 1081 1286 Ecclesia:
1129 1227 1732 1302 Constanti‘nopolitanze
1780 1245 1866 1284 se-

260 1319 392 1376 dem
443 1318 880 1391 respicientibus,
935 1335 1030 1372 seu
1081 1318 1251 1372 tribus
1299 1317 1420 1373 aliis
1481 1317 1866 1390 principalibus

265 1407 520 1464 ecclesiis
542 1406 1066 1478 llierosolymitanae.

342 1495 719 1565 Quorumdam
765 1511 898 1550 sane
950 1503 1212 1563 vestrum,
1275 1493 1472 1550 fratres
1541 1493 1869 1560 charissimi,

273 1586 484 1657 scripta
506 1583 886 1655 suscipientes,
913 1581 1323 1638 unanimitatcm
1345 1591 1504 1656 atque
1543 1599 1871 1640 consensum

1965 1157 2086 1194 esse
2117 1149 2344 1211 possunt
2373 1141 2465 1212 qui
2495 1140 2548 1194 in
2611 1141 2956 1211 episcopatus
3011 1140 3226 1196 culmen
3284 1140 3569 1196 immatura

1965 1228 2188 1300 cupiunt
2217 1228 2562 1283 festinatione
2584 1228 3002 1283 conscendere?
3041 1228 3212 1297 Hujus
3251 1228 3444 1283 saltem
3487 1229 3566 1284 rei

1965 1316 2369 1386 comparatione
2419 1316 2768 1372 considerent
2798 1325 2851 1371 ct
2879 1316 3110 1388 aggredi
3139 1323 3360 1386 repente
3417 1316 3568 1372 inex-

1969 1412 2155 1475 pertos
2185 1405 2403 1460 labores
2433 1405 2760 1470 abstineant,
2795 1404 2994 1475 quippe
3025 1403 3116 1475 qui
3146 1418 3254 1458 non
3281 1403 3572 1460 didicerint

1970 1493 2115 1564 quod
2146 1493 2394 1548 doceant.
2429 1493 2584 1549 Unde
2615 1493 2882 1548 canonica
2910 1491 3138 1546 instituit
3187 1507 3421 1548 censura
3469 1510 3572 1550 nc-

1971 1595 2245 1654 quaquam
2271 1597 2338 1636 ex
2369 1581 2508 1636 laico
2537 1582 2607 1636 ad
2638 1581 3003 1637 sacerdotium
3050 1589 3274 1652 repente
3318 1581 3572 1638 transire.

263 1673 324 1728 in
353 1681 510 1744 parte
541 1671 714 1727 Photii
745 1671 798 1725 in
829 1672 908 1726 eis
927 1671 1089 1742 plene
1124 1671 1446 1742 reperimus,
1481 1671 1716 1744 indeque
1770 1671 1874 1727 ob-
1896 1677 1953 1738 B
1982 1671 2050 1725 Et
2080 1670 2184 1724 nisi
2203 1685 2304 1740 per
2335 1670 2454 1737 ejus
2483 1668 2702 1724 ﬁdelem
2742 1684 3070 1725 concursum
3113 1684 3214 1740 pro
3271 1679 3580 1745 sanctarum

271 1761 396 1817 nixc
414 1768 685 1832 optantes,
721 1766 778 1814 ut
809 1759 954 1832 quod
984 1758 1383 1830 particulariter
1438 1761 1722 1826 hactenus,
1770 1761 1874 1816 hoc

267 1849 538 1906 canonice
570 1864 790 1919 semper
817 1855 872 1902 et
892 1847 1240 1919 generaliter,
1273 1856 1432 1920 atque
1481 1848 1780 1905 secundum
1813 1864 1876 1904 ea

273 1949 402 2005 quae
434 1940 560 1988 sunt
589 1930 788 1986 Christi
817 1931 966 1995 Jesu,
1001 1936 1054 1986 et
1085 1947 1195 1985 non
1219 1948 1340 2004 qua:
1357 1939 1561 1997 vestra,
1591 1931 1684 2004 pia
1713 1931 1879 1986 animi

272 2015 590 2080 devotione,
622 2013 676 2070 id
707 2013 904 2086 ipsum,
940 2023 998 2070 ut
1045 2031 1156 2071 non
1205 2015 1274 2070 sit
1329 2015 1386 2070 in
1425 2015 1580 2071 vobis
1619 2016 1876 2084 schisma,

269 2103 503 2175 sapiatis
551 2119 814 2176 quaerere,
863 2104 1084 2174 pulsare
1127 2111 1180 2158 et
1214 2103 1459 2160 invenire
1493 2123 1508 2169 ;
1550 2120 1652 2159 nos
1702 2112 1883 2160 autem

277 2187 658 2243 moderatione
706 2187 853 2242 sedis
888 2186 1221 2259 apostolicae,
1269 2187 1407 2243 sicut
1457 2187 1632 2243 divisa
1661 2195 1886 2243 conten-

276 2277 432 2332 tione
460 2284 625 2347 atque
655 2275 905 2331 dolemus
931 2274 1104 2330 scissa
1133 2290 1340 2344 errore,
1375 2275 1450 2330 ita
1471 2276 1776 2347 gaudemus
1833 2275 1888 2330 in

281 2363 504 2420 vinculo
525 2365 677 2434 pacis
699 2380 762 2420 ac
788 2363 1072 2420 charitatis
1100 2363 1425 2434 compagine
1458 2363 1742 2419 soliditatis
1771 2362 1888 2418 fra-

279 2453 594 2508 ternitatem
614 2459 848 2508 vestram
881 2451 998 2507 sine
1028 2451 1430 2506 intermissione
1461 2451 1720 2508 inviolata
1758 2468 1890 2522 pcr-

280 2540 503 2605 sistere,
534 2539 690 2609 juxta
741 2539 1056 2610 Apostolum
1101 2541 1152 2605 (I
1179 2541 1298 2595 Cor.
1320 2540 1466 2610 xm),
1501 2539 1644 2594 idem
1700 2541 1891 2611 sapite,

283 2638 340 2684 et
365 2630 516 2684 Deus
547 2628 697 2699 pacis
727 2627 827 2682 erit
857 2627 1158 2683 vobiscum.
1193 2627 1352 2696 Quod
1373 2644 1505 2683 vero
1545 2627 1777 2685 sollicita
1808 2628 1895 2682 in-

279 2716 529 2773 tentione
567 2725 747 2772 vestra
791 2715 921 2786 petit
949 2715 1188 2781 dilectio,
1249 2716 1326 2771 uti
1375 2716 1697 2771 auctoritate
1753 2714 1900 2770 beati

279 2805 524 2877 apostoli
550 2805 813 2877 principis
842 2804 1208 2875 apostolorum
1245 2804 1404 2869 Petri,
1452 2803 1607 2859 vobis
1651 2805 1902 2860 Photium

279 2894 656 2966 patriarcham
703 2893 758 2947 in
831 2893 984 2963 regia
1033 2893 1164 2946 urbe
1213 2891 1718 2963 ConstinOpolitana
1782 2892 1902 2947 fore

279 2981 715 3047 consentiamus,
768 2981 896 3036 illud
954 2981 1136 3035 animo
1187 2980 1308 3037 lucc
1371 2980 1572 3035 clarius
1629 2980 1894 3048 retinetis,

285 3069 514 3142 quodin
543 3069 844 3142 Evangelio
872 3069 1050 3140 primo
1077 3068 1282 3138 pastori
1313 3068 1578 3124 Dominus
1613 3068 1685 3123 ait
1719 3087 1732 3124 :
1789 3071 1897 3141 Ego

285 3175 394 3232 pro
427 3163 482 3213 te
511 3160 720 3230 rogavi,
743 3161 926 3224 Patre,
953 3161 1152 3212 utnon
1170 3156 1398 3226 deﬁciat
1417 3157 1552 3225 ﬁdes
1586 3161 1684 3212 tua
1707 3178 1726 3224 ;
1748 3161 1806 3213 et
1835 3163 1894 3212 tu

283 3247 600 3319 aliquando
619 3261 919 3302 conversus
932 3245 1205 3314 conﬁrma
1222 3247 1435 3315 fratres
1457 3248 1576 3302 tuo:
1591 3246 1746 3317 (Luc.
1767 3246 1896 3316 xu).

278 3335 385 3389 His
414 3333 1106 3406 hortationibuszsucccnsi,
1139 3333 1248 3388 imo
1263 3332 1444 3404 potius
1469 3333 1824 3400 corroborati,
1844 3333 1900 3387 in

284 3429 557 3495 quantum
587 3421 704 3476 sine
733 3421 887 3493 gravi
906 3419 1212 3476 offensione
1233 3421 1479 3476 valemus
1501 3421 1765 3476 auxilium
1791 3420 1902 3476 fer-

289 3527 378 3578 re,
412 3519 528 3564 tam
557 3511 766 3566 cunctis
795 3509 1011 3566 Domini
1032 3509 1410 3565 sacerdotibus
1439 3525 1598 3581 quam
1643 3509 1902 3564 universo

285 3601 352 3654 in
382 3599 516 3654 orbe
546 3607 813 3654 terrarum
843 3598 1146 3654 Christiano
1184 3598 1404 3669 populo,
1441 3614 1720 3670 nunquam
1765 3592 1904 3654 de'si-

283 3688 499 3754 nimus,
534 3695 832 3759 sequentes
861 3686 1334 3758 praedecessorum
1367 3687 1634 3758 exempla,
1669 3686 1738 3740 de
1779 3686 1902 3757 qui-

285 3778 401 3830 bus
431 3784 636 3831 sanctze
665 3775 944 3830 memoriae
973 3773 1202 3830 Adriani
1230 3790 1386 3846 papae
1435 3774 1492 3828 in
1541 3774 1753 3830 Tarasii
1796 3791 1902 3829 nu-

285 3863 537 3937 perrime
579 3863 744 3936 regia:
769 3863 932 3918 ‘urbis
999 3863 1320 3934 patriarcha
1362 3861 1772 3918 conﬁrmatione
1821 3864 1904 3931 (in

279 3953 538 4026 epistola
566 3953 637 4008 ad
671 3952 1122 4008 Constantinum
1157 3955 1214 4007 et
1242 3951 1463 4007 Irenem
1491 3953 1903 4024 imperatores),

285 4045 420 4097 hanc
452 4039 666 4095 interim
703 4039 956 4110 ponimus
990 4039 1160 4095 verba
1193 4039 1372 4104 ;inter
1429 4039 1634 4111 reliqua
1684 4039 1859 4112 inquit
1889 4056 1903 4092 :

295 4133 430 4202 [pse
480 4129 624 4183 enim
673 4129 927 4182 Tarasius
971 4127 1138 4200 regia:
1181 4127 1332 4182 urbis
1379 4128 1688 4198 patriarcha
1760 4127 1909 4182 misit

285 4217 468 4274 nobis
496 4216 832 4288 synodicam,
865 4216 1100 4288 priscam
1119 4216 1420 4287 adimplens
1435 4216 1904 4278 consuetudinem,

287 4321 473 4379 quam
515 4305 870 4375 suscipientes
911 4312 965 4360 et
1009 4304 1268 4376 liquidius
1316 4304 1661 4377 indagantes,
1705 4312 1758 4359 et
1801 4312 1908 4358 tam

1973 1758 2272 1830 imaginum
2332 1757 2604 1813 erectione
2651 1757 2768 1826 ejus
2851 1756 3245 1812 consecrationi
3295 1773 3579 1812 assensum

1976 1847 2290 1916 omnimodo
2317 1846 2557 1901 tribuere
2588 1845 2948 1918 nequivimus.
2967 1846 3143 1900 Porro
3165 1853 3217 1900 et
3249 1861 3350 1900 nos
3373 1861 3437 1902 ac
3457 1861 3576 1911 vos,

1980 1936 2180 1992 fratres
2207 1933 2536 2000 charissimi,
2560 1934 2683 2007 lege
2709 1933 3136 2007 constringimur
3161 1940 3219 1987 ut
3241 1934 3286 1988 si
3317 1935 3579 2005 deinceps

1981 2025 2126 2096 apud
2159 2031 2406 2079 cunctam
2436 2022 2726 2078 ecclesiam
2742 2039 2862 2094 qua:
2893 2022 2943 2076 in
2985 2021 3140 2076 vobis
3169 2028 3252 2076 est
3280 2038 3314 2076 a
3341 2023 3583 2092 paternis

1984 2112 2190 2184 regulis
2220 2127 2322 2182 per
2349 2111 2580 2166 similem
2600 2110 3099 2182 praevaricationem
3121 2125 3398 2182 nunquam
3419 2126 3585 2181 spon-

1985 2201 2163 2255 deatis
2191 2199 2533 2270 delinquere,
2569 2199 2623 2253 id
2645 2207 2746 2263 est,
2781 2215 2851 2253 ne
2880 2199 3213 2270 necphytum
3269 2207 3495 2269 repente
3517 2199 3586 2254 ad

1989 2287 2254 2340 honorem
2283 2283 2582 2339 ascendere
2608 2285 2730 2345 1,.Et
2758 2282 2804 2336 si
2834 2282 3148 2353 parochiam
3176 2282 3426 2356 Bulgarm
3453 2299 3589 2354 gen-

1990 2373 2078 2441 tis,
2103 2388 2222 2443 quse
2257 2373 2372 2427 Deo
2401 2378 2622 2426 auctore
2659 2371 2799 2426 beati
2841 2371 2986 2425 Petri
3048 2370 3280 2442 apostoli
3320 2370 3588 2428 interces-

1994 2459 2166 2526 sione,
2199 2469 2364 2531 atque
2395 2459 2750 2515 decessorum
2781 2466 3086 2514 nostrorum
3101 2458 3308 2528 labore,
3332 2459 3400 2513 ad
3427 2459 3590 2514 Chri-

1995 2557 2134 2602 stum
2165 2563 2426 2604 conversa
2455 2555 2559 2614 est,
2593 2547 2858 2602 subducta
2892 2562 3051 2618 quam
3071 2546 3145 2600 ibi
3174 2545 3380 2602 fecistis
3427 2545 3591 2602 illici-

1995 2645 2107 2692 tam
2135 2636 2494 2702 ordinatione,
2545 2634 2887 2707 reddideritis
2917 2653 2931 2699 ;
2963 2641 3018 2689 et
3060 2634 3299 2703 abjcctos
3348 2650 3593 2707 quosque

1998 2724 2192 2782 fratres
2211 2740 2278 2779 ac
2303 2724 2682 2779 discordantes
2701 2730 2882 2779 vestro
2911 2722 3102 2778 labore
3131 2722 3196 2794 [Ι.
3217 2723 3369 2778 deest
3393 2737 3591 2779 recon—

2000 2811 2336 2884 ciliaveritis]
2368 2811 2546 2866 studio
2575 2827 2700 2866 cum
2746 2809 3010 2882 praedicto
3061 2809 3253 2866 Photio
3296 2826 3459 2882 quem
3501 2826 3595 2882 pa-

2002 2901 2296 2956 triarcham
2316 2901 2372 2954 in
2400 2899 2549 2973 regia
2579 2900 2714 2954 urbe
2735 2898 3056 2954 desideratis
3096 2899 3321 2966 habere,
3367 2899 3599 2971 aliiSque

2004 2989 2108 3060 piis
2138 2989 2398 3059 operibus
2419 2986 2724 3044 oﬁ'ensione
2753 3002 2918 3058 quam
2949 3003 3137 3042 coram
3168 2989 3282 3042 Deo
3313 2995 3363 3042 et
3396 2987 3600 3043 sanctis

2001 3077 2304 3132 canonibus
2330 3075 2696 3140 contraxistis,
2715 3075 2768 3128 in
2789 3077 2890 3130 hac
2920 3083 3090 3146 parte,
3139 3090 3601 3146 recompensave-

2000 3165 2138 3218 ritis.
2181 3163 2561 3220 Venerabilem
2595 3162 2821 3218 fratrem
2866 3162 3112 3217 Photium
3157 3177 3346 3217 coram
3391 3163 3602 3234 synodo

2000 3251 2434 3306 misericordiam
2483 3240 2802 3322 queraando,
2836 3257 2890 3304 et
2941 3249 3338 3320 patriarchatus
3395 3251 3600 3305 honore

1999 3339 2153 3413 fungi
2187 3340 2456 3404 volumus,
2483 3347 2534 3394 et
2560 3345 2762 3392 nostra:
2793 3336 3210 3403 communionis,
3257 3337 3367 3392 imo
3397 3344 3450 3391 et
3481 3337 3604 3392 bea-

1997 3435 2177 3482 torum
2207 3427 2584 3498 apostolorum
2601 3442 2698 3480 seu
2719 3425 2898 3482 omnis
2916 3424 3176 3480 Ecclesia;
3207 3423 3347 3490 fore,
3381 3423 3602 3480 Domini

2003 3515 2370 3580 miseratione,
2394 3513 2739 3586 participem.
2759 3514 2876 3569 Hoc
2907 3513 3425 3584 exemplo_roborati
3443 3511 3610 3568 maxi-

2002 3619 2090 3659 me
2107 3619 2214 3674 quo
2230 3603 2487 3676 egregius
2497 3601 2876 3674 praedecessor
2890 3608 3076 3656 noster
3087 3600 3452 3669 Innocentius,
3478 3615 3605 3656 san-

2004 3692 2277 3749 ctissimus
2306 3706 2469 3762 papa,
2503 3690 2794 3746 Photinum
2841 3697 3143 3744 restaurare
3196 3689 3470 3762 dignatur,
3523 3688 3608 3744 di-

2005 3793 2136 3832 cens
2159 3777 2346 3849 (epist.
2387 3778 2472 3841 12,
2505 3791 2566 3830 π.
2607 3773 2702 3845 7):
2737 3773 2960 3828 Veniam
2996 3788 3140 3828 nunc
3186 3772 3256 3828 ad
3286 3773 3602 3828 maximum.

2007 3864 2165 3938 quasi
2195 3863 2466 3936 quoddam
2520 3863 2722 3929 thema,
2801 3861 3088 3917 Photinum
3122 3879 3137 3926 ;
3171 3867 3224 3916 et
3260 3861 3398 3918 inter
3453 3859 3557 3916 alia
3590 3878 3606 3915 :

2007 3952 2150 4022 Quia
2176 3969 2266 4008 res
2298 3952 2369 4007 ad
2411 3952 2640 4007 salutem
2671 3951 2831 4007 rediit
2875 3951 3068 4018 venite,
3101 3951 3246 4007 hunc
3286 3950 3344 4004 in
3403 3957 3609 4005 tantum

2008 4041 2165 4096 vobis
2195 4041 2581 4107 annitentibus,
2605 4048 2729 4111 post
2757 4039 3269 4096 condemnationem
3295 4053 3445 4094 more
3473 4053 3610 4110 apo-

2011 4129 2204 4184 stolico
2230 4129 2614 4201 subrogamus,
2648 4128 2920 4198 tantisque
2950 4127 3148 4182 vestris
3192 4127 3610 4194 assertionibus,

2011 4217 2278 4288 vobisque
2307 4223 2416 4270 tam
2445 4216 2624 4281 bonis,
2649 4223 2756 4269 tam
2787 4215 2964 4270 charis
2985 4231 3094 4270 non
3110 4215 3241 4270 dare
3259 4229 3610 4277 consensum,

2010 4305 2260 4360 omnibus
2289 4303 2442 4358 duris
2469 4303 2632 4358 rebus
2677 4302 2865 4356 durius
2891 4302 3209 4357 abitramur.
3269 4302 3372 4356 Pro
3427 4309 3611 4356 vestra

285 4377 370 4450 de
403 4393 647 4448 fassione
665 4399 831 4448 recta:
857 4391 984 4448 ﬁdei
1013 4391 1132 4462 ejus
1177 4408 1338 4464 quam
1382 4392 1698 4463 dogmatum
1777 4377 1982 4446 san-D
2012 4408 2146 4464 ergo
2175 4390 2585 4462 approbatione,
2633 4389 2830 4444 fratres
2873 4388 3198 4452 charissimi,
3239 4397 3291 4442 et
3347 4388 3616 4443 sententia

284 4493 522 4538 ctarum
551 4497 647 4535 sex
677 4480 1008 4551 synodorum
1037 4489 1091 4534 et
1135 4481 1571 4535 venerandarum
1614 4478 1911 4552 imaginum

284 4568 728 4636 ovantesmimis
758 4569 950 4623 iterum
971 4568 1276 4624 conturbati
1301 4585 1364 4622 ac
1385 4567 1685 4624 contristati
1703 4583 1908 4634 sumus,

287 4659 446 4732 quia
473 4673 540 4712 ex
570 4657 833 4713 laicorum
890 4657 1099 4722 ordine,
1131 4663 1184 4712 et
1210 4656 1584 4727 imperialibus
1613 4655 1911 4728 obsequiis,

281 4749 622 4818 deputatus,
675 4752 898 4816 repente
928 4745 982 4798 in
1020 4745 1413 4815 patriarchatus
1443 4743 1658 4800 culmen
1707 4744 1915 4800 electus

280 4843 414 4901 est,
432 4841 488 4889 et
503 4833 822 4904 apocaligus
844 4832 928 4904 [in
945 4835 1110 4905 epist.
1127 4833 1384 4898 Adriani,
1406 4850 1441 4888 a
1456 4833 1642 4905 caliga
1653 4832 1919 4905 militari]

287 4931 514 4982 contra
535 4929 842 4978 sanctorum
871 4937 1139 4976 canonum
1171 4935 1459 4976 censuram
1505 4921 1683 4977 factus
1705 4929 1786 4977 est
1815 4936 1919 4992 pa-

2013 4496 2073 4535 ac
2093 4478 2456 4551 postulatione
2487 4478 2806 4549 episcopum
2839 4476 3123 4532 Photinum
3169 4477 3438 4532 habetote.
3475 4475 3613 4531 Lici-

2013 4578 2127 4624 tum
2156 4576 2236 4622 est
2265 4567 2339 4622 ita
2369 4566 2702 4623 constituere
2731 4574 2786 4621 ut
2816 4565 3182 4637 (leprecamini
3215 4583 3230 4631 ;
3260 4573 3312 4618 et
3370 4571 3615 4618 nostram

2016 4658 2071 4712 in
2098 4656 2292 4711 melius
2310 4653 2631 4712 conversam
2654 4655 2998 4712 sententiam.
3032 4653 3221 4708 labore
3251 4651 3337 4709 vel
3367 4651 3616 4708 testimo-

2016 4747 2108 4800 nio
2137 4754 2336 4812 vestro,
2371 4753 2651 4816 compotes
2681 4744 2788 4800 voti
2839 4742 3114 4813 suscipite.
3165 4739 3436 4797 Sollicitos
3472 4739 3620 4796 enim

2018 4851 2116 4891 vos
2145 4850 2246 4906 pro
2263 4834 2433 4889 salute
2449 4834 2683 4888 libenter
2701 4831 2924 4886 admitto
2957 4849 2970 4896 ;
2999 4831 3087 4886 cui
3121 4845 3338 4884 manum
3385 4827 3620 4901 porrigi-

2021 4923 2110 4991 tis,
2131 4923 2413 4979 vobiscum
2439 4921 2662 4994 porrigo
2678 4940 2692 4987 ;
2708 4918 3057 4990 cuiporrigo,
3088 4935 3301 4992 mecum
3326 4917 3615 4991 porrigite.

383 5077 408 5105 ιι
459 5057 594 5108 Hanc
643 5055 901 5120 epistolam
961 5056 1089 5107 sicut
1147 5058 1354 5107 caeteras
1422 5055 1659 5106 recitatae
1725 5068 1922 5119 passam

286 5137 428 5178 csso
491 5123 804 5186 perditissimi
877 5123 1090 5174 hominis
1156 5123 1320 5174 Photii
1375 5122 1712 5186 imposturam,
1787 5125 1925 5186 patet

282 5205 376 5244 ex
424 5190 590 5241 verbis
640 5189 786 5240 istis:
821 5189 1158 5242 Venerabilem
1202 5189 1408 5250 fratrem
1474 5189 1703 5240 Photium
1763 5203 1926 5240 coram

527 5256 911 5307 misericordia»
949 5257 1232 5319 querendo,
1281 5259 1333 5305 et
1380 5255 1784 5318 partriarehatus
1843 5257 1929 5306 ho-

285 5321 445 5378 nore
534 5322 696 5385 fungi.
785 5323 901 5385 Qum
991 5323 1339 5386 professionem
1433 5321 1722 5373 humilitatis
1811 5321 1929 5372 insi-

283 5389 528 5444 nuantia
572 5389 814 5452 superbus
859 5395 912 5440 et
952 5390 1187 5452 profanus
1226 5389 1374 5440 homo
1419 5389 1562 5450 plane
1625 5389 1832 5450 abrasit,
1881 5391 1930 5439 et

283 5463 432 5512 loco
510 5457 737 5517 istorum,
799 5460 853 5506 ut
917 5456 964 5505 in
1029 5455 1223 5506 caeteris
1285 5456 1491 5518 fecerat,
1562 5455 1658 5504 ista
1726 5454 1926 5518 posuit:

2023 5067 2248 5130 Photias,
2315 5066 2602 5127 patriarcha
2681 5063 3025 5114 sanctissimus
3104 5068 3153 5114 et
3219 5061 3623 5130 religiosissimus

2023 5134 2181 5195 frater
2238 5127 2426 5192 noster,
2493 5145 2589 5181 non
2642 5130 2932 5193 dedignemr
3009 5130 3064 5180 in
3121 5133 3380 5191 conspectu
3450 5127 3624 5195 synodi

2021 5192 2234 5262 prauam
2277 5203 2327 5248 et
2369 5198 2587 5248 studium
2623 5192 2864 5258 nostram,
2914 5198 3034 5258 quin
3083 5197 3249 5258 potius
3295 5195 3513 5262 viscera,
3538 5192 3624 5262 mi;

2025 5259 2308 5320 seriam-diae
2353 5265 2676 5314 Romnorum
2722 5264 2961 5314 Ecclesia
3022 5263 3314 5323 medicare,
3387 5261 3517 5323 quod
3563 5259 3625 5308 ab

2025 5347 2084 5384 ea
2105 5331 2172 5383 sit
2193 5336 2438 5392 receptus.
2461 5330 2586 5381 Ssx.
2613 5332 2723 5379 BIN.

2097 5440 2122 5478 ιι
2153 5432 2342 5496 Aliquid
2363 5431 2516 5482 deest.
