4072 6186
511 218 608 268 867

1769 219 2063 272 JOANNIS
2125 219 2316 272 PAI’J'J
2383 221 2514 276 VIII.

3695 233 3789 280 868

515 339 638 392 Haec
668 338 811 392 enim
841 347 924 392 est
945 340 1016 392 ad
1045 338 1355 392 Corinthios
1383 339 1675 408 apostolica
1704 339 1980 394 declarata
2001 340 2101 394 be-
2134 343 2184 400 Α
2204 345 2413 421 pseudo
2435 353 2627 421 octava
2646 347 2910 421 Photiana
2925 348 3134 418 synodo
3149 349 3620 421 Constantinopoli
3649 360 3796 421 gesta

510 424 765 496 nignitas,
798 425 925 478 utin
955 440 1064 480 uno
1099 425 1290 495 spiritu
1319 425 1534 480 ductam
1566 443 1631 481 ac
1677 427 1952 482 reductam
1986 444 2130 482 sen-.

513 511 733 566 tentiam
757 512 882 566 boni
930 529 1150 582 semper
1192 512 1560 568 inditi'erentcr
1605 522 1920 584 sequantur.
1969 515 2102 569 Data

512 615 698 654 mense
728 602 993 672 Augusto,
1019 600 1310 655 indictione
1340 601 1682 656 duodecima.
2091 584 2098 594 ’

582 688 742 742 Missa
766 705 866 758 per
894 691 1131 744 Petrum
1157 689 1564 760 presbyterum.

1161 794 1436 848 CCXLVI.

781 880 850 918 Αο
880 879 1097 918 PAULUM
1126 880 1196 918 er
1217 880 1506 919 EUGENIL’M
1521 880 1834 919 Episcopus.

1128 938 1309 990 (Anno
1333 937 1483 990 879.)

1128 938 1309 1006 (Anno
1333 937 1483 1003 879.)

516 1025 822 1079 Constituit
852 1039 940 1079 eos
965 1041 1082 1079 una
1094 1041 1223 1078 cum
1249 1027 1415 1079 Petro
1429 1025 1745 1096 presbytero
1765 1026 1991 1095 legatos,
2019 1028 2106 1090 ut,

583 1096 730 1150 sicut
772 1096 900 1150 illos
957 1099 1276 1156 monuerat,
1323 1095 1523 1166 pacem
1557 1097 1618 1148 in
1653 1096 1901 1150 Ecclesia
1939 1095 2106 1150 Cons-

586 1166 1065 1236 tantinoyolitana
1086 1166 1412 1232 conﬁciant.

585 1253 1078 1310 Reverendissimis
1115 1253 1296 1305 PAULO
1345 1252 1683 1308 Anconitano
1739 1254 2106 1315 Euoamooue

513 1342 756 1397 Ostiensi
787 1341 1074 1412 episcopis.
1199 1338 1236 1351 θ

581 1429 844 1499 Quamvis
873 1435 1060 1482 contra
1088 1434 1329 1482 nostram
1361 1427 1582 1500 egeritis
1640 1429 1993 1496 voluntatem,
2055 1439 2108 1484 et

515 1515 1040 1586 ConstantinOpolim
1060 1515 1644 1588 venienteshinquisita
1690 1533 1852 1572 causa
1905 1517 2105 1573 Eccle-

516 1605 611 1660 sia:
630 1605 781 1676 pacis
807 1612 858 1658 et
888 1602 1127 1666 unitatis,
1163 1603 1391 1658 Romam
1411 1604 1616 1660 reverti
1644 1605 1910 1677 nobisque
1927 1605 2107 1660 omnia

488 1693 616 1747 sub
655 1700 800 1748 certa
831 1691 1091 1746 relatione
1121 1691 1402 1745 debebatis
1431 1691 1660 1748 referre.
1699 1693 1768 1748 Et
1811 1693 1938 1766 quia
1992 1694 2111 1764 pri-
2140 1691 2194 1751 Β

513 1797 657 1835 mam
687 1779 1015 1852 legationem
1065 1779 1220 1834 vobis
1251 1779 1541 1834 comissam
1583 1780 1782 1836 idonee
1837 1797 1948 1836 non
1992 1799 2107 1852 per-

517 1868 1033 1942 egistis,secundam
1065 1867 1218 1922 vobis
1248 1867 1373 1922 ideo
1385 1868 1724 1924 committere
1749 1885 1859 1925 non
1875 1870 2112 1925 debeba-

509 1974 632 2012 mus
665 1976 680 2024 ;
711 1965 891 2011 tamen
963 1953 1276 2026 apostolica?
1339 1956 1704 2012 miserationis
1777 1957 2110 2032 benignitate

511 2054 742 2111 utentes,
767 2046 892 2100 etin
923 2045 1023 2099 hac
1055 2044 1293 2098 secunda
1341 2043 1614 2116 legatione
1672 2043 1906 2101 ﬁdeliter
1945 2045 2111 2117 perﬁ-

511 2135 703 2189 cienda
727 2149 824 2188 vos
849 2133 973 2187 huic
1017 2133 1175 2187 Petro
1215 2131 1473 2204 religioso
1506 2133 1829 2204 presbytero
1868 2135 2110 2190 cardinis

509 2222 701 2290 nostri,
763 2220 1120 2292 familiarique
1161 2228 1349 2274 nostro
1406 2221 1694 2286 sociamus,
1729 2230 1993 2293 quatenus
2043 2239 2110 2278 ea

507 2327 629 2382 qua
657 2325 758 2380 pro
787 2325 921 2379 pace
953 2316 1005 2362 et
1025 2307 1229 2362 unitate
1261 2307 1525 2364 Ecclesiae
1557 2309 1655 2362 Dei
1691 2311 1906 2382 agenda
1963 2319 2104 2378 sunt,

512 2398 810 2454 secundum
844 2395 1174 2467 apostolicos
1209 2403 1409 2451 nostrae
1438 2397 1772 2452 auctoritatis
1819 2399 2024 2470 apices,
2055 2407 2110 2454 et

513 2486 810 2542 secundum
840 2494 865 2519 ³
893 2484 1294 2542 commonitorii
1323 2484 1495 2538 nostri
1543 2492 1789 2540 tenorem
1837 2487 2108 2557 capitula-

509 2575 603 2629 tim
619 2575 972 2644 descriptum,
1007 2573 1191 2644 sagaci
1226 2573 1381 2627 valde
1410 2572 1600 2628 intuitu
1635 2573 1793 2628 simul
1841 2575 2014 2646 agatis
2057 2585 2110 2630 et

508 2665 581 2719 ita
610 2663 876 2719 deﬁniatis
917 2671 975 2718 ut
1021 2662 1248 2735 gratiam
1293 2657 1556 2728 nostram,
1603 2677 1763 2734 quam
1811 2663 1964 2734 prius
2019 2665 2108 2719 in-

508 2753 824 2808 obedienter
842 2751 1055 2822 agendo
1085 2751 1468 2821 eanperastis,
1503 2767 1647 2807 nunc
1677 2751 1905 2806 ﬁdeliori
1941 2754 2108 2808 devo-

511 2841 656 2896 tione
715 2839 1011 2911 operando,
1045 2839 1367 2910 placabilem
1408 2839 1612 2894 habere
1671 2839 1909 2910 possitis.
1970 2843 2107 2896 Data

515 2945 702 2984 mense
733 2931 1000 3000 Augusto,
1022 2926 1313 2982 indictione
1334 2927 1676 2983 duodecima.

1171 3033 1472 3087 CCXLVII.

509 3138 578 3177 AD
641 3137 856 3176 ρΛυιυΜ
887 3137 957 3176 ετ
993 3137 1279 3176 EUGENIUM
1333 3136 1651 3189 EPISCOPOS,
1687 3121 1976 3177 Βιωιιτιειι
2035 3139 2106 3178 AD

971 3207 1189 3246 PETRI}!
1219 3207 1639 3246 PRESBYTERUM.

1131 3259 1320 3333 (Annd
1336 3264 1486 3323 879.)

616 3355 620 3360 ’
668 3353 842 3408 Mansi
865 3353 1149 3408 monitum
1175 3351 1239 3404 in
1267 3354 1592 3422 sequentem
1622 3352 1940 3422 epistolam.

572 3444 816 3498 Romana
861 3437 1476 3511 synodus,_auctoritate
1511 3437 1732 3511 Joannis
1769 3455 1926 3511 papae
1964 3455 2101 3495 con-

544 3521 750 3582 rogata,
811 3508 1026 3582 Petrum
1071 3508 1638 3582 aliosque_adjunctos
1668 3508 1718 3563 ei
1766 3508 1976 3582 legatos
2039 3527 2102 3566 ea

524 3578 754 3639 acultate
808 3581 1063 3635 duntaxat
1121 3578 1370 3650 instruxit
1416 3585 1588 3650 atque
1621 3578 1993 3650 communivit,
2043 3589 2102 3636 ut

505 3653 749 3708 Pbotium
777 3667 810 3706 a
839 3649 1088 3706 censuris
1119 3647 1515 3704 ecclesiasticis
1529 3649 1877 3704 absolverent
1911 3660 1963 3705 et
1980 3647 2098 3706 Sedi

503 3721 1111 3791 Constantinopolitanae
1140 3719 1489 3774 restituerent
1524 3737 1536 3773 :
1570 3736 1698 3791 non
1727 3721 1793 3775 ad
1836 3737 2020 3776 veram
2048 3731 2100 3778 et

539 3808 822 3849 ermanam
852 3790 1120 3862 Synodum
1137 3799 1402 3857 octavam,
1437 3791 1537 3862 sub
1573 3790 1814 3862 Adriano
1841 3793 2098 3861 pontiﬁce

539 3811 822 3849 ermanam
852 3811 1120 3862 SYDOGUID
1137 3811 1402 3857 oetavam,
1437 3811 1537 3844 δυο
1573 3811 1814 3845 Adriano
1841 3811 2095 3861 ροηιιιιορ

499 3811 760 3926 ξεὺὶιεηι,
796 3861 1195 3931 reprobandam
1231 3877 1243 3912 :
1279 3869 1330 3914 et
1358 3860 1684 3930 particulam
1714 3861 1888 3930 illam,
1921 3864 2095 3919 Filio-

500 3950 624 4013 que,
647 3949 678 3988 e
700 3929 948 4013 symbolo
977 3929 1530 4013 penitusntollendam,
1563 3930 1733 4013 multa
1780 3929 2095 4013 auctoritate

504 4000 668 4057 iidem
701 4000 890 4073 muniti
919 4000 1152 4073 fuerant.
1183 4001 1310 4056 Haec
1341 4016 1462 4055 cum
1495 4009 1713 4073 pateant
1750 4017 1820 4073 ex
1869 4003 2095 4073 epistola

498 4071 827 4144 Joannisad
847 4071 1502 4144 Basiliumimperatorem
1525 4071 1922 4144 scripta(epistl
1943 4075 2090 4142 243),

542 4158 610 4196 ua
641 4158 700 4196 se
729 4141 782 4194 in
813 4141 1000 4197 Pbotio
1021 4141 1139 4196 sedi
1171 4157 1283 4196 suae
1333 4141 1688 4205 restituendo,
1739 4141 1847 4197 non
1877 4141 2095 4199 concilii

542 4160 610 4196 ua
641 4160 700 4196 se
729 4160 782 4194 ID
813 4160 1000 4197 rnouo
1021 4160 1139 4196 sem
1171 4160 1283 4196 sua:
1333 4160 1688 4205 resntuenuo,
1739 4160 1847 4197 non
1877 4160 2092 4199 concun

499 4160 854 4284 gissipatione
883 4211 973 4284 vel
995 4213 1372 4284 abrogatione,
1409 4212 1505 4266 sed
1553 4220 1760 4284 tantum
1800 4213 2092 4284 dispensa-

499 4280 652 4337 tione
667 4282 740 4336 uti
800 4280 1069 4355 signiﬁcat
1102 4302 1115 4347 ;
1141 4280 1391 4355 secundo
1421 4299 1486 4355 ex
1517 4282 1761 4355 epistolis
1788 4280 1930 4354 25οΥ
1936 4301 2090 4342 nunc

498 4357 625 4423 297)
658 4361 711 4408 et
737 4353 1047 4424 251“(ηιιηο
1068 4355 1215 4422 296),
1248 4353 1442 4424 quibus
1472 4353 1672 4409 indicat
1695 4370 1754 4408 se
1786 4356 2087 4424 reprobare

497 4424 677 4480 omnia
708 4441 837 4494 quae
884 4423 1078 4494 praeter
1125 4423 1518 4478 restitutionem
1560 4424 1733 4479 Photii
1761 4423 1883 4480 acta
1942 4434 2082 4480 sunt.

498 4495 682 4566 Tertio
712 4493 776 4549 ex
827 4493 948 4566 ipSo
979 4495 1396 4566 commonitorio
1432 4511 1536 4566 per
1561 4495 1808 4549 Pbotium
1839 4505 2093 4566 corrupto

495 4575 548 4620 et
577 4565 788 4629 falsato,
821 4564 877 4618 in
897 4581 1003 4636 quo
1032 4565 1274 4636 episc0pi
1315 4565 1717 4636 subscribentes
1773 4564 2094 4635 proﬁtentur

497 4652 688 4691 omnes
719 4651 778 4690 se
809 4634 1230 4690 commonitorio
1255 4651 1355 4704 pro
1387 4634 1558 4688 Pbotii
1589 4634 1926 4691 restitutione
1957 4637 2092 4691 sub-

498 4707 760 4762 scribere.
793 4707 908 4778 Nos
958 4721 1085 4761 vero
1114 4713 1168 4760 et
1184 4721 1446 4778 germano
1493 4705 1911 4778 commonitorio
1939 4708 2092 4776 cujus

495 4781 620 4842 203,
655 4779 758 4832 250
787 4777 968 4845 (nunc
997 4780 1122 4840 296,
1155 4775 1282 4846 297)
1313 4775 1543 4846 aliisque
1578 4775 1824 4846 pluribus
1867 4775 2092 4832 Joannis

498 4863 657 4928 papae
686 4845 946 4928 epistolis.
960 4847 1162 4927 mentio
1193 4845 1270 4928 tit,
1331 4845 2090 4928 destitui,;‘commonitorium

499 4916 630 4972 illud
661 4916 804 4988 quod
834 4917 1024 4988 Pothio
1054 4924 1390 4988 corruptum,
1422 4916 1548 4971 etin
1568 4917 1853 4988 inotianze
1877 4919 2091 4988 pseudo

491 4987 696 5043 octavae
741 4987 934 5056 synodi
1007 4988 1219 5044 actione
1249 4991 1279 5042 3
1311 4987 1508 5042 lectum
1558 4987 1675 5050 fuit,
1743 4987 2089 5043 inserendum

491 5073 615 5114 esse
659 5057 1012 5127 putavimus;
1045 5067 1160 5112 tum
1198 5066 1254 5112 ut
1297 5057 1421 5112 inde
1483 5065 1600 5112 acta
1659 5058 1818 5127 hujus
1875 5059 2090 5114 concilii

498 5127 907 5193 confirmentur;
933 5137 1046 5182 tum
1078 5137 1134 5182 ut
1165 5144 1286 5199 quae
1313 5127 1630 5184 auctoritate
1671 5128 1976 5200 legatorum
2035 5131 2090 5184 in

561 5267 584 5292 α
633 5254 991 5304 Commonitorii
1083 5253 1264 5304 nostri.
1377 5253 1808 5305 Commonitorium
1909 5255 2086 5318 ipsum,

491 5319 632 5380 cujus
673 5321 752 5371 hic
827 5323 880 5371 tit
925 5321 1129 5381 mentio,
1179 5320 1420 5382 reperitur
1469 5320 1750 5380 recitatum,
1784 5321 1867 5371 sed
1912 5334 1940 5370 a
1969 5323 2092 5372 Pho-

491 5385 558 5435 tiu
618 5386 861 5450 falsatum,
925 5387 971 5436 in
1049 5389 1240 5438 actione
1295 5387 1508 5437 secunda
1577 5383 1746 5448 synodi
1817 5388 2087 5450 Pbotiante,

494 5458 678 5502 octavae
721 5453 1016 5505 mendaciter
1115 5454 1273 5504 dictat.
1342 5453 1476 5515 Quod
1524 5454 1614 5504 etsi
1653 5466 1748 5506 non
1813 5454 2091 5506 inveniatur

493 5519 621 5568 inter
678 5519 851 5570 Latine
900 5521 1110 5580 scriptas
1149 5519 1378 5581 epistolas
1445 5519 1599 5582 ipsius
1659 5520 1879 5581 Joannis,
1931 5525 1984 5570 ut
2031 5533 2090 5571 ex

493 5585 796 5645 autographa
879 5586 1026 5648 possit
1073 5586 1207 5646 argui
1274 5585 1522 5647 falsitatis,
1591 5592 1750 5636 tamen
1825 5599 1883 5635 ex
1925 5585 2088 5636 multis

2204 412 2474 476 dicuntur,
2504 415 2758 487 falsitatis
2789 425 2868 487 et
2896 412 3211 487 imposturaa
3266 412 3572 474 manifestae
3613 412 3797 474 rEdar-

2201 492 2464 558 guantur.
2489 486 3182 558 Commonitoriumautem
3229 488 3425 544 Graece
3457 489 3718 558 scriptum
3751 501 3794 545 et

2205 569 2234 604 a
2267 555 2426 610 Metio
2447 555 2630 610 Latine
2661 557 2948 616 redditum.
2983 558 3061 612 sic
3093 575 3151 612 se
3172 559 3331 614 habet
3366 577 3378 610 :

2274 679 2528 733 JOANNES
2545 679 2854 751 episcopus,
2871 697 3064 736 servus
3091 698 3374 736 servorum
3399 683 3496 736 Dei
3524 699 3794 746 ;commo-

2208 766 2465 821 nitorium
2493 766 2752 822 fratribus
2769 769 2954 823 ΡΑυιο
2976 778 3030 824 et
3047 771 3304 824 EUGENIO
3337 771 3632 842 episcopis.
3669 772 3799 825 simi-

2207 855 2328 911 liter
2357 864 2410 911 et
2427 857 2614 911 Pareo
2635 857 2959 929 presbytero
2988 857 3264 924 cardinali,
3298 859 3502 914 nostris
3547 859 3796 913 Constan-

2208 944 2432 1015 tinopoli
2462 944 2677 1016 legatis.
2985 949 2992 954 ’

2279 1033 2412 1087 Cum
2441 1033 2697 1102 primum,
2730 1033 2910 1088 divina
2931 1033 3141 1088 favente
3173 1035 3352 1106 gratia
3374 1043 3427 1088 et
3457 1035 3798 1090 intercessio-

2207 1120 2365 1175 nibus
2395 1129 2728 1186 sanctorum,
2761 1121 3154 1192 apostolorum,
3190 1123 3803 1193 Constantinopolimin-

2207 1208 2385 1280 gressi
2407 1207 2636 1273 fueritis,
2673 1209 2801 1264 illuc
2830 1209 3082 1264 divertite
3115 1226 3222 1280 quo
3241 1211 3520 1280 praecipiet
3575 1211 3800 1281 impera-

2207 1305 2292 1353 tor
2324 1316 2338 1364 ;
2369 1305 2421 1351 et
2438 1305 2730 1368 antequam
2807 1297 3195 1367 imperatorem
3244 1297 3613 1363 visitaveritis,
3678 1299 3802 1352 nulli

2205 1386 2296 1440 alii
2325 1385 2648 1456 apostolicas
2669 1385 2871 1440 litteras
2920 1387 3132 1440 tradere
3189 1386 3384 1441 velitis.
3451 1387 3583 1440 Cum
3624 1402 3803 1442 coram

2205 1475 2534 1545 imperatore
2566 1473 2794 1542 fueritis,
2827 1474 3040 1529 litteras
3098 1474 3174 1528 illi
3222 1475 3448 1529 tradetis
3499 1475 3801 1544 bujusmodi

2207 1552 2392 1616 verbis
2420 1562 2576 1616 illum
2621 1563 2964 1635 alloquentes
2997 1581 3009 1616 :
3046 1563 3255 1618 Salutat
3291 1572 3530 1618 vestrum
3579 1579 3648 1617 ex
3695 1565 3803 1619 Deo

2211 1666 2439 1722 regnum
2465 1651 2723 1721 spiritalis
2742 1660 2926 1706 vester
2955 1660 3113 1722 pater
3131 1650 3382 1706 dominus
3411 1652 3650 1706 Joannes
3678 1667 3804 1722 apo-

2211 1738 2432 1794 stolicus
2453 1755 2614 1810 papa,
2649 1748 2790 1794 tuam
2823 1757 2888 1794 ex
2909 1741 3024 1794 Deo
3053 1739 3350 1810 potentiam
3381 1739 3493 1794 suis
3545 1740 3803 1794 orationi-

2209 1827 2310 1880 bus
2331 1827 2563 1898 singulis
2592 1827 2786 1882 diebus
2815 1836 3003 1884 sancto
3037 1828 3150 1882 Deo
3181 1828 3594 1894 commendans,
3633 1837 3689 1882 ut
3717 1827 3802 1882 ille

2210 1915 2301 1986 qui
2319 1915 2475 1970 vobis
2491 1915 2641 1970 dedit
2662 1916 2765 1972 hoc
2793 1915 3122 1971 desiderium
3146 1924 3368 1986 prepter
3392 1914 3804 1970 ecclesiasiasti-

2209 2019 2328 2061 cam
2359 2020 2567 2074 pacem,
2585 2004 2780 2059 tribuat
2793 2003 2947 2059 vobis
2977 2003 3210 2077 gratiam
3233 2013 3470 2069 suam,et
3499 2004 3806 2060 consoletur

2209 2108 2306 2148 vos
2335 2108 2433 2147 sua
2464 2091 2604 2148 felici
2636 2093 2989 2163 protectione,
3025 2101 3078 2147 et
3122 2091 3365 2163 perficiat
3394 2093 3448 2146 in
3479 2093 3641 2147 bonis
3669 2093 3806 2147 desi—

2208 2179 2357 2235 deria
2390 2189 2588 2236 vestra.
2624 2181 2681 2236 Si
2709 2181 2983 2254 rogaverit
3011 2181 3324 2252 imperator,
3375 2190 3665 2252 antequam
3721 2181 3804 2234 lit-

2207 2276 2354 2323 teras
2382 2269 2662 2342 legatsive
2678 2269 2912 2340 capitula
2943 2269 3316 2340 responsionis
3346 2279 3571 2334 nostra},
3616 2269 3803 2337 hujus-

2209 2357 2354 2412 modi
2416 2358 2599 2412 verbis
2657 2358 2764 2413 illis
2814 2358 3261 2429 respondete:Si
3309 2359 3462 2426 jubet
3524 2358 3806 2428 imperium

2207 2453 2468 2514 vestrum,
2493 2445 2674 2501 videat
2704 2447 2978 2516 epistolas.
3010 2447 3077 2502 Et
3107 2445 3153 2500 si
3181 2445 3379 2502 dixerit
3411 2464 3424 2500 :
3459 2445 3604 2513 Quid
3639 2447 3807 2500 conti-

2209 2541 2338 2586 nent
2367 2533 2610 2604 epistolae
2633 2535 2660 2588 ?
2683 2533 2760 2588 illi
2800 2534 3129 2604 respondete
3163 2551 3174 2586 :
3211 2533 3576 2588 Salutationes
3634 2533 3804 2588 contio

2208 2629 2336 2675 nent
2365 2629 2416 2676 et
2444 2621 2668 2677 omnino
2697 2630 2842 2678 recte
2872 2619 3174 2692 perﬁciunt.
3226 2621 3490 2676 Postridie
3521 2620 3802 2675 salutaturi
3899 2697 3904 2702 ν

2208 2709 2453 2764 Photium
2509 2705 2911 2766 sanctissimum
2958 2709 3226 2774 accedite,
3268 2718 3321 2764 et
3376 2709 3669 2778 epistolam
3734 2709 3806 2762 illi

2209 2798 2420 2864 tradite,
2481 2799 2775 2853 salutantes
2823 2799 2974 2852 illum
3027 2799 3286 2853 decenter
3335 2797 3533 2852 talibus
3590 2797 3803 2852 verbis:

2210 2885 2412 2940 Salutat
2437 2896 2508 2951 te,
2539 2886 2789 2941 dominus
2811 2895 2998 2942 noster
3027 2887 3262 2941 Joannes
3281 2885 3613 2956 apostolicus
3643 2899 3805 2955 papa,

2203 2982 2256 3027 et
2286 2973 2398 3027 vult
2447 2974 2650 3028 habere
2709 2983 2760 3029 te
2791 2974 3011 3028 fratrem
3067 2982 3120 3028 et
3149 2973 3598 3034 comministrum,
3673 2973 3810 3028 sicut

2145 3061 2194 3122 C
2216 3062 2427 3132 scripsit
2470 3062 2785 3133 imperator,
2809 3072 2865 3117 ut
2902 3071 3122 3133 propter
3149 3077 3338 3132 pacem
3367 3061 3628 3116 Ecclesiae
3669 3061 3810 3115 reci-

2206 3166 2463 3219 peremus
2493 3151 2894 3208 sanctissimum
2925 3151 3287 3222 patriarcham
3311 3149 3558 3204 Pbotium
3581 3148 3806 3203 fratrem

2203 3247 2256 3292 et
2282 3239 2714 3294 comministrum
2744 3248 3012 3304 nostrum,
3038 3238 3420 3294 exaudiremus
3469 3253 3667 3308 preces
3709 3253 3804 3292 ve-

2203 3335 2362 3394 stras,
2395 3337 2447 3383 et
2477 3330 2898 3400 praciperemus
2953 3337 3010 3382 ut
3037 3343 3220 3383 coram
3277 3326 3436 3382 nobis
3487 3326 3672 3381 veniat
3737 3326 3805 3380 ad

2203 3417 2470 3486 synodum
2503 3425 2589 3472 :et
2615 3426 2670 3471 ut
2699 3417 2926 3488 recipiat
2971 3417 3147 3487 ipsum
3197 3415 3448 3470 universa
3503 3414 3804 3470 Ecclesia:
3869 3471 3873 3474 λ

2195 3503 2348 3572 juxta
2403 3513 2647 3560 tenorem
2721 3505 3016 3560 litterarum
3072 3513 3396 3568 nostrarum,
3441 3503 3591 3557 illum
3659 3503 3807 3558 reci-

2199 3595 2308 3664 pite
2361 3603 2418 3648 ut
2465 3595 2894 3650 comministrum
2923 3602 3184 3660 nostrum,
3217 3601 3376 3664 atque
3420 3601 3479 3646 ut
3532 3591 3804 3647 Ecclesiae

2199 3682 2934 3756 Romanzegratiamhabeat,
2978 3681 3382 3754 surgentes,illi
3399 3679 3563 3736 dicite
3597 3696 3609 3734 :
3649 3681 3809 3735 Man-

2197 3770 2291 3824 dat
2321 3771 2573 3826 dominus
2604 3781 2787 3827 noster
2815 3771 3184 3826 sanctissimus
3212 3785 3355 3841 papa
3385 3777 3442 3822 ut
3485 3784 3684 3824 omnes
3714 3769 3805 3840 qui

2199 3859 2250 3913 in
2299 3859 2526 3915 diversis
2559 3860 2694 3916 locis
2743 3867 2888 3915 extra
2946 3859 3206 3914 terminos
3275 3858 3615 3920 exstiterunt,
3698 3857 3813 3912 sive

2197 3947 2460 4019 episcopi,
2494 3949 2610 4003 sive
2639 3947 2964 4020 presbyteri,
2999 3948 3114 4002 sive
3143 3947 3338 4019 quivis,
3377 3945 3465 4000 alii
3494 3945 3724 4011 fuerint,
3756 3953 3809 4000 et

2196 4046 2470 4102 noluerint
2495 4047 2762 4118 hujusque
2791 4045 2949 4101 vobis
2967 4045 3389 4109 communicare,
3423 4052 3607 4098 vestro
3639 4059 3813 4114 opere

2195 4142 2248 4189 et
2276 4134 2460 4190 labore
2480 4135 2736 4189 uniantur
2775 4133 3036 4190 Ecclesiae
3067 4133 3184 4198 Dei,
3217 4141 3272 4188 et
3319 4130 3449 4186 ﬁant
3495 4148 3666 4186 unum
3719 4147 3814 4186 vo-

2193 4221 2423 4278 biscum.
2470 4221 2576 4292 Qui
2607 4223 2654 4276 si
2683 4223 2951 4288 venerint,
2974 4221 3196 4292 recipite
3220 4219 3363 4284 illos,
3391 4227 3447 4274 ut
3465 4228 3628 4290 pater
3657 4218 3810 4273 reci-

2193 4309 2269 4380 pit
2298 4307 2459 4375 ﬁlios,
2492 4326 2696 4381 eosque
2717 4310 2955 4365 monebit
3003 4309 3219 4380 saepius,
3272 4316 3328 4362 ut
3353 4316 3578 4378 propter
3607 4321 3809 4377 pacem

2115 4413 2168 4474 D
2192 4398 2290 4453 Dei
2319 4398 2584 4454 Ecclesiae
2613 4399 2758 4452 idem
2787 4398 3022 4452 sentiant
3044 4413 3165 4453 cum
3197 4395 3518 4467 apostolico,
3554 4403 3613 4448 ut
3632 4394 3809 4449 unius

2195 4486 2301 4541 sint
2327 4501 2452 4541 cum
2481 4487 2603 4557 ipso
2619 4485 2914 4541 voluntatis
2950 4503 2963 4540 :
3013 4485 3340 4555 recipientes
3369 4482 3629 4538 videlicet
3661 4483 3812 4537 Pho-

2191 4575 2323 4629 tium
2354 4574 2752 4630 sanctissimum
2781 4573 3136 4645 patriarcham
3155 4581 3208 4627 et
3237 4588 3362 4628 cum
3389 4571 3481 4626 illo
3511 4587 3620 4624 una
3649 4586 3809 4626 cum-

2193 4663 2546 4719 municantes.
2595 4663 2651 4718 Si
2697 4671 2878 4717 autem
2952 4661 3199 4716 venerint
3261 4659 3573 4730 quicunque
3636 4666 3808 4714 antea

2193 4750 2405 4806 fuerant
2420 4751 2944 4822 ordinati,recipiant
2964 4751 3124 4804 sedes
3147 4765 3300 4813 suas;
3324 4747 3412 4819 qui
3439 4762 3574 4802 vero
3604 4746 3813 4802 deinde

2192 4839 2402 4895 fuerant
2431 4839 2683 4905 ordinati,
2709 4839 2983 4910 accipiant
3011 4839 3078 4892 ab
3107 4836 3380 4908 episcopis
3423 4835 3557 4904 ipsis
3596 4835 3810 4891 victum

2191 4935 2246 4982 et
2273 4927 2526 4982 vestitum
2557 4926 2944 4983 necessarium.

2263 5059 2286 5094 b
2319 5041 2742 5098 Praasidentibus
2761 5041 2912 5097 vobis
2943 5041 2997 5096 in
3015 5042 3226 5112 synodo
3242 5056 3347 5095 una
3375 5055 3499 5095 cum
3530 5039 3809 5109 prmdicto

2191 5129 2531 5186 sanctissimo
2560 5131 2869 5202 patriarcha
2907 5139 2960 5185 et
2987 5130 3181 5202 legatis
3227 5127 3621 5192 Orientalibus,
3688 5142 3804 5182 una

2190 5262 2297 5310 aliis
2343 5262 2548 5325 idipsum
2618 5262 2844 5324 consequi
2917 5239 3060 5313 facile
3116 5274 3390 5324 possumus,
3437 5264 3490 5310 ut
3532 5265 3672 5322 patet
3742 5272 3805 5308 ex

2191 5327 2316 5377 notis
2340 5330 2530 5380 concilii
2548 5330 2754 5381 Romani
2777 5329 2867 5380 sub
2885 5330 3069 5380 Joanne
3093 5329 3218 5378 Vill.
3240 5330 3360 5378 ch.
3387 5329 3496 5378 Bm.

2258 5403 2396 5463 bllic
2433 5415 2632 5477 dempta
2701 5414 2860 5473 aliqua
2905 5413 3128 5477 superius
3206 5417 3374 5462 notata
3449 5411 3508 5460 de
3572 5411 3806 5474 petendo

2189 5479 2377 5530 veniam
2433 5492 2597 5531 coram
2645 5481 2825 5542 synodo
2887 5479 3058 5530 Pbotio
3119 5478 3368 5542 imposita,
3433 5478 3594 5529 addita
3677 5489 3805 5526 vero

2192 5543 2283 5597 alia
2325 5560 2339 5607 ;
2367 5560 2424 5597 ex
2451 5548 2669 5596 recitatis
2693 5546 2868 5596 litteris
2893 5546 3166 5606 intelligere
3182 5548 3340 5606 potas.
