4072 6186
329 230 430 278 869

325 365 450 400 rum
485 346 709 417 reliquis
739 345 1167 415 archiepiscopis
1199 354 1251 398 et
1281 343 1656 412 inett'opoiitis,
1681 350 1732 394 et
1763 339 1930 392 mnni-
1961 338 2011 394 Α

329 438 429 489 bus
463 433 839 490 sacerdotibus
866 433 1477 511 Constantinopolitana-
1511 429 1792 492 Ecclesiae,
1825 428 1930 497 pri-

332 541 476 576 mum
505 523 761 594 legantur
789 522 980 575 litterae
1009 521 1074 574 ad
1105 521 1486 590 imperatorem
1517 517 1726 580 missae,
1762 523 1813 569 et
1845 516 1930 568 in-

333 619 642 683 terrogetur
669 609 911 680 synodus
963 608 1008 662 si
1057 609 1175 662 illas
1220 607 1446 678 recipit,
1493 616 1547 660 et
1591 605 1636 659 si
1683 604 1935 658 observat

333 696 644 754 testimonia
675 713 794 768 quae
827 696 1104 752 continent
1143 696 1334 750 litterae
1380 695 1534 765 ipsae.
1587 692 1795 760 Quibus
1839 707 1929 744 an-

333 787 642 850 nuentibus,
677 787 792 840 ΙιιΡο
821 784 985 840 dicite
1011 803 1023 838 :
1050 783 1313 838 Dominus
1346 791 1532 838 noster
1563 775 1936 836 sanctissimus

331 891 494 945 papa,
529 873 770 928 omnium
797 873 1170 929 Ecclesiarum
1201 887 1382 926 curam
1414 886 1617 943 gerens
1643 912 1655 933 ,
1707 869 1937 922 salutem

333 963 496 1018 etiam
526 970 765 1016 vestram
795 969 847 1014 et
879 961 1135 1015 unionem
1165 969 1218 1014 et
1246 975 1440 1030 pacem
1468 973 1798 1028 procurans,
1829 955 1937 1008 mi-

333 1051 403 1105 sit
445 1066 546 1104 nos
598 1065 784 1104 servos
834 1065 962 1104 suos
1011 1056 1070 1102 ut
1113 1048 1393 1117 dispersos
1441 1060 1840 1118 congregemus
1887 1050 1940 1098 et
2001 1097 2009 1109 ,

332 1139 666 1192 dissidentes
698 1135 1090 1199 conciliemus,
1137 1143 1191 1188 et
1236 1133 1500 1190 Ecclesia
1545 1131 1940 1187 misericordiae

335 1242 556 1280 manum
615 1224 1002 1296 porrigamus,
1051 1224 1233 1293 lapsos
1281 1223 1594 1293 erigamus,
1646 1229 1704 1274 ut
1749 1234 1943 1274 omnes

333 1329 445 1367 uno
491 1329 592 1367 ore
638 1311 1012 1384 gloriticemus
1063 1313 1277 1365 Patrem
1324 1325 1448 1365 cum
1499 1309 1630 1363 Filio
1661 1316 1712 1362 et
1743 1307 1942 1377 Spiritu

335 1410 544 1456 sancto.

403 1491 706 1561 Sequentes
735 1504 976 1544 canones
1009 1497 1328 1542 nostrorum
1357 1487 1579 1541 Patrum
1607 1485 1863 1548 dicimus,
1888 1481 1948 1538 ut

331 1582 456 1648 post
486 1577 692 1632 obitum
744 1576 915 1631 Photii
965 1575 1296 1632 sanctissimi
1339 1573 1662 1645 patriarcha
1705 1571 1884 1626 nullus
1913 1587 1947 1626 a

1541 217 1892 274 EI’IS'I'OI..E
1932 213 2019 266 ET
2079 216 2420 271 DECIiE'l'A.

3525 226 3626 274 870

2107 341 2324 394 Simeon
2356 341 2642 411 episcopus
2677 342 2994 396 Fuudeusis.

2102 429 2340 483 Joannes
2371 430 2660 499 episc0pus
2691 431 3038 484 Sitninorum.

2105 514 2428 571 Benedictus
2459 517 2859 588 episcopus.....

2107 603 2406 675 Gregorius
2437 605 2727 676 episcOpus
2759 606 2920 660 Silvae
2950 607 3225 661 Candidas.

2107 691 2415 747 Bonifacius
2445 692 2734 763 episcopus
2765 694 3135 749 Blerancrum.

2106 779 2425 834 Theodorus
2455 782 2743 851 episcopus
2773 772 3148 836 Gall’esiensis.

2110 867 2417 936 Stephanus
2449 869 2738 939 episcopus
2767 870 3093 940 Nepesinus.

2493 959 2807 1028 Presbyteri
2835 959 3176 1013 cardinales.

2111 1043 2420 1097 Germanus
2455 1045 2745 1114 presbyter
2789 1045 2921 1100 tituli
2971 1053 3282 1100 sanctorum
3329 1046 3549 1099 Joannis
3581 1053 3632 1098 et

2040 1130 2210 1184 Pauli.

2114 1219 2300 1273 Petrus
2328 1215 2613 1286 presbyter
2642 1215 2775 1268 tituli
2807 1215 2978 1270 sancti
3005 1215 3372 1287 Chrysogoni.

2114 1305 2436 1360 Benedictus
2465 1303 2753 1373 presbyter
2789 1302 2926 1356 tituli
2957 1303 3129 1357 sancti
3161 1304 3414 1359 Balbinae.

2113 1393 2385 1447 Adrianus
2414 1391 2701 1461 presbyter
2721 1389 2858 1443 tituli
2889 1391 3058 1445 sancti
3089 1391 3374 1446 Laurentii.

2113 1481 2350 1536 Joannes
2375 1479 2663 1549 presbyter
2691 1477 2826 1531 tituli
2857 1485 3057 1532 sanctae
3087 1478 3336 1534 Caecilia.

2534 1569 2768 1623 Diacom'
2807 1566 3148 1622 cardinales.

331 1665 479 1720 civili
494 1665 756 1738 dignitate
779 1663 1432 1734 Constantinopolitanam
1456 1662 1643 1716 sedem
1665 1660 1943 1724 ascendat,
1974 1682 2028 1741 Β
2118 1657 2316 1712 Paulus
2345 1657 2607 1711 diaconus
2638 1654 2956 1724 subscripsi.
3037 1725 3048 1734 .

329 1753 797 1824 quemadmodum
829 1753 990 1807 etiam
1023 1753 1213 1806 litterae
1242 1759 1446 1806 nostrae
1476 1758 1760 1804 testantur.

405 1841 668 1896 Volumus
697 1841 857 1896 etiam
889 1848 947 1894 ut
975 1856 1154 1896 coram
1186 1857 1237 1910 sy
1253 1840 1397 1894 nodo
1427 1838 1747 1910 pradictum
1788 1837 1932 1892 Pho-

334 1930 468 1983 tium
526 1929 925 1985 sanctissimum
985 1928 1344 1999 patriarcham
1405 1927 1572 1982 oretis
1635 1934 1694 1980 ut
1759 1941 1935 1996 neque

334 2018 560 2088 pallium
590 2017 646 2071 in
674 2017 986 2090 Bulgariam
1015 2017 1224 2085 mittat,
1259 2033 1438 2087 neque
1475 2015 1690 2070 ordinet
1738 2029 1934 2085 quem-

333 2123 497 2176 quam
527 2106 582 2159 in
612 2107 727 2176 ipsa
757 2105 1058 2176 provincia.
1089 2105 1144 2159 Si
1175 2105 1320 2160 enim
1359 2105 1477 2160 haec
1520 2103 1705 2159 fecerit
1731 2146 1744 2168 ,
1786 2102 1935 2170 juxta

339 2210 530 2249 sacros
563 2210 802 2249 canones
834 2194 986 2248 illum
1016 2210 1330 2266 arguemus.

407 2291 432 2315 ³
475 2283 735 2336 Volumus
765 2290 1036 2352 praeterea
1081 2289 1139 2336 ut
1184 2297 1371 2337 coram
1418 2281 1671 2336 universa
1728 2279 1938 2350 synodo

255 2373 262 2380 ’
333 2371 736 2442 promulgetur,
772 2372 916 2442 quod
948 2370 1188 2442 synodus
1217 2370 1402 2424 habita
1432 2369 1696 2424 adversus
1733 2367 1938 2439 praedi-

337 2468 484 2514 ctum
511 2458 868 2528 patriarcliam
902 2458 1150 2512 Photium
1185 2467 1429 2528 tempore
1459 2457 1680 2512 Adriani
1710 2456 1939 2511 sanctis-

335 2547 460 2600 simi
492 2562 648 2617 papze
669 2555 782 2600 tum
812 2547 997 2600 Romae
1027 2556 1138 2599 tum
1172 2545 1662 2615 Constantinopoli,
1697 2562 1764 2600 ex
1793 2559 1940 2598 nunc

334 2637 602 2691 habeatur
633 2635 780 2689 nulla
809 2644 861 2690 et
893 2633 1080 2697 irrita.
1128 2643 1180 2690 et
1226 2651 1336 2690 non
1381 2643 1769 2688 annumeretur
1816 2649 1940 2689 cum

334 2725 440 2777 alia
471 2732 656 2778 sancta
685 2724 914 2793 synodo.

410 2828 434 2861 ’³
467 2829 741 2884 Advertite
772 2838 828 2883 ut
854 2831 1001 2896 juxta
1055 2829 1365 2883 mandatum
1415 2839 1657 2884 nostrum
1703 2829 1776 2883 ita
1821 2845 1940 2882 am-

333 2917 557 2984 buletis,
585 2934 759 2988 neque
783 2917 1098 2972 muneribus
1115 2932 1214 2972 vos
1233 2917 1507 2986 corrumpi
1530 2917 1738 2978 sinatis,
1753 2935 1943 2988 neque

332 3005 768 3073 adulationibus,
802 3021 976 3076 neque
1010 3005 1168 3058 minis
1219 3013 1269 3058 et
1309 3005 1610 3059 terroribus
1658 3004 1942 3060 declinetis

333 3095 452 3148 sive
483 3094 554 3146 ad
573 3094 850 3148 dexteram
873 3092 988 3146 sive
1008 3093 1076 3146 ad
1098 3092 1394 3158 sinistram,
1421 3093 1517 3148 sed
1550 3094 1760 3166 regiam
1799 3093 1939 3147 viam

330 3182 568 3236 incedite
599 3223 614 3246 ,
664 3189 926 3251 tanquam
977 3181 1238 3234 habentes
1296 3180 1472 3235 locum
1522 3189 1574 3235 et
1617 3189 1940 3251 potestatem

335 3278 604 3334 nostram,
629 3285 788 3339 quam
811 3269 964 3323 vobis
984 3276 1210 3338 propter
1230 3268 1493 3323 Ecclesiae
1521 3285 1714 3339 pacem
1752 3285 1941 3322 sumus

334 3357 618 3426 impertiti,
643 3364 700 3410 ut
719 3365 899 3432 yestro
919 3357 1106 3410 labore
1129 3363 1180 3410 et
1197 3355 1480 3426 diligentia
1509 3356 1675 3429 digne
1707 3357 1940 3429 gratiam

335 3454 604 3508 nostram,
660 3453 712 3498 et
758 3443 1072 3514 apostolica:
1119 3443 1266 3498 sedis
1295 3443 1586 3498 obtineatis
1611 3487 1624 3512 ,
1660 3453 1711 3498 et
1741 3453 1942 3499 nostra:

336 3532 740 3589 communionis
771 3532 888 3586 sitis
919 3533 1183 3586 hmredes.

336 3650 795 3720 Subscriptiones
836 3651 1218 3720 episcoporum
1257 3649 1361 3720 gqui
1408 3650 1803 3719 interfuerunt
1853 3651 1946 3704 Ro-

413 3718 598 3774 mana:
625 3719 858 3788 synodo.
892 3735 965 3773 ea:
993 3718 1101 3790 qua
1129 3718 1341 3790 prodiit
1361 3721 1858 3774 commonitorium
1889 3723 1945 3774 et

411 3791 620 3845 littera:
649 3791 811 3844 Petro
847 3788 1024 3858 legato
1051 3788 1217 3845 datae.

408 3893 702 3950 Zacharias
739 3894 1028 3964 episc0pus
1061 3892 1322 3949 Ecclesiae
1342 3892 1646 3965 Anagninze
1669 3902 1721 3947 et
1744 3893 1944 3947 biblio-

335 3982 616 4038 thecarius
645 3981 957 4052 apostolica:
991 3981 1136 4036 sedis
1166 3981 1218 4034 in
1251 3982 1285 4034 h
1306 3996 1358 4035 ιο
1387 3980 1800 4036 commonitorio
1847 3997 1944 4051 pro

340 4071 652 4141 receptione
700 4069 875 4124 Photii
943 4068 1269 4124 sanctissimi
1339 4068 1660 4139 patriarchae
1728 4068 1944 4138 propria

340 4173 507 4213 manu
542 4157 860 4228 subscripsi.

416 4264 680 4317 Martinus
729 4263 1020 4332 episcOpus
1074 4261 1331 4316 Ecclesia:
1377 4263 1696 4316 Narniensis
1745 4263 1799 4316 in
1842 4264 1962 4334 hoc

1962 3032 2012 3094 C

2119 1747 2226 1800 Leo
2255 1744 2519 1800 diaconus
2550 1742 2866 1813 subscripsi.

2427 1845 2746 1898 ΑυΝρτΑτιο
2790 1845 3049 1884 δεγειιιΝι
3095 1845 3251 1883 BIN".

2107 1921 2315 1976 Audisti
2336 1921 2591 2002 ,mlector,
2641 1918 3068 2002 additamentum
3099 1917 3271 2002 Photii
3303 1918 3372 1973 de
3401 1919 3639 2002 abroga-

2039 1993 2182 2047 tione
2213 1990 2426 2047 concilii
2456 1989 2778 2046 mcumenici
2807 2004 2905 2042 Vlll
2953 1989 3054 2042 sub
3098 1988 3339 2042 Adriano
3385 1988 3639 2058 pontiﬁce

2037 2063 2314 2128 celebrati,
2340 2063 2455 2132 jam
2486 2061 2736 2131 superius
2767 2059 3486 2132 apertissimeur‘edargutum
3533 2059 3637 2132 falt-

2039 2134 2232 2199 sitatis,
2255 2149 2320 2188 ex
2343 2129 2579 2188 recitatis
2616 2129 2838 2186 Joannis
2883 2146 3036 2200 papae
3081 2129 3198 2182 VIII
3229 2129 3493 2199 epistolis.
3527 2129 3636 2184 Sed

2039 2205 2314 2277 detegitur
2341 2203 2402 2277 in
2426 2202 2624 2277 eodem
2651 2199 3066 2277 commonitOrio
3097 2199 3288 2255 eadem
3339 2200 3498 2254 etiam
3529 2200 3636 2277 im-

2037 2270 2264 2346 postura
2296 2290 2360 2328 ex
2391 2273 2511 2346 ipsa
2545 2270 3349 2346 subscriptioneepiscoporum
3369 2313 3382 2335 ,
3419 2286 3526 2342 qua
3557 2271 3638 2340 (ut

2041 2339 2106 2402 ex
2138 2360 2302 2416 supra
2331 2339 2524 2416 positis
2544 2339 3371 2416 ivid‘imus)protitentunomnes
3401 2339 3459 2395 se
3481 2339 3636 2416 90m:

2039 2410 2348 2470 monitorid
2368 2431 2465 2484 pro
2501 2413 2673 2484 Photii
2703 2410 3056 2484 restitutione
3079 2411 3446 2484 subscribere.
3482 2410 3639 2480 Quod

2043 2487 2088 2540 si
2119 2503 2182 2540 ex
2215 2481 2407 2557 synodi
2438 2483 2708 2557 sententia
2735 2482 2955 2557 definita
2987 2481 3470 2557 fuissetdamnatio
3491 2497 3639 2557 oecu-

2042 2551 2267 2612 ιιιρηίοώ
2296 2555 2489 2626 synodi
2523 2569 2621 2626 vni
2655 2551 3297 2626 eademqueeommissa
3345 2552 3538 2621 legatis
3585 2552 3645 2626 i_n‘

2041 2629 2169 2682 dato
2207 2623 2791 2690 illis'commonitorio,
2832 2623 3092 2677 credibile
3140 2623 3434 2694 utiqueest
3462 2623 3641 2693 magis

2042 2713 2162 2752 eam
2194 2697 2305 2750 suis
2338 2695 2825 2764 subscriptionibus
2870 2691 3435 2764 expressurus'l'uisse
3479 2691 3637 2764 quam

2042 2768 2215 2822 Photii
2251 2766 2664 2821 restitutionem.

2677 2853 3002 2908 CCXLVIII.

2047 2960 2116 2998 AD
2165 2959 2411 2998 ιιιλιοτιωί
2459 2957 2849 2996 PATIIIARCIIAM
2899 2955 3630 2996 CONSTANTINOPOLITANUM.

2667 3030 2848 3088 (Anno
2879 3031 3028 3090 879.)

2043 3123 2306 3177 Photium
2321 3118 2712 3192 patriarcha":
2728 3119 2970 3192 Constan
2979 3119 3421 3192 tinopolitanum
3437 3121 3642 3192 consti-
3669 3155 3674 3160 -

2115 3193 2248 3254 tuit,
2265 3189 2562 3246 dummodo
2583 3191 2644 3243 in
2668 3189 2872 3258 synodo
2891 3189 3117 3243 veniam
3148 3189 3430 3258 postulet:
3451 3189 3640 3245 decer-

2112 3263 2201 3316 nit
2231 3277 2303 3316 ne
2337 3261 2600 3330 deinceps
2630 3258 2784 3330 ullus
2806 3274 2834 3312 e
2867 3258 3028 3312 laicis
3063 3259 3126 3312 in
3155 3258 3352 3330 eadem
3377 3259 3638 3330 Ecclesia

2113 3333 2312 3386 statim
2341 3328 2628 3400 episcopus
2677 3328 2974 3383 ordinetur
3014 3347 3031 3381 :
3073 3328 3235 3398 jubet
3284 3328 3640 3398 Bulgaricam

2113 3401 2394 3456 dioecesim
2426 3400 2686 3454 Ecclesia:
2720 3401 2982 3454 Romanas
3011 3400 3260 3452 restitui.

2114 3491 2323 3542 PHO'I‘IO
2351 3487 2674 3558 patriarchae
2703 3485 3314 3556 Constantinopolitano.

2113 3587 2135 3609 ο
2163 3575 2512 3646 Experientia
2540 3583 2642 3629 tuae
2671 3573 2972 3644 prudentiae
3003 3573 3197 3628 litteris
3227 3573 3502 3644 pontiﬁcio
3535 3591 3636 3631 uo-

2044 3674 2156 3720 stro
2193 3665 2387 3720 delatis
2438 3663 2569 3717 satis
2620 3661 2848 3716 ubertim
2895 3669 3212 3730 comperta.
3267 3662 3636 3718 altitonantem

2045 3753 2356 3817 Dominum,
2387 3751 2662 3821 piissimas
2693 3748 2744 3804 ei
2772 3757 2956 3819 grates
2986 3758 3214 3818 agentes
3235 3792 3248 3814 ,
3278 3749 3636 3812 laudavimus,

2043 3841 2133 3913 qui
2168 3839 2472 3912 postulatus
2518 3838 2608 3892 dat
2641 3837 2894 3892 omnibus
2943 3837 3278 3906 sapientiam,
3312 3846 3366 3892 et
3394 3838 3446 3891 in
3477 3839 3641 3893 domo

2043 3929 2247 3985 faciens
2280 3927 2562 3982 unanimes
2594 3926 2866 3989 habitare,
2921 3925 3089 3980 salvat
3131 3942 3322 3980 omnes
3349 3925 3399 3980 in
3430 3943 3488 3981 se
3519 3943 3644 3997 spe-

2046 4026 2243 4086 rantes,
2278 4026 2329 4072 et
2359 4015 2596 4087 protegit
2626 4031 2684 4068 se
2716 4014 2769 4068 in
2799 4013 3025 4068 veritate
3054 4023 3394 4084 quzerentes;
3429 4013 3518 4085 qui
3549 4031 3644 4070 ne-

2045 4123 2151 4178 que
2181 4105 2404 4176 probos,
2442 4120 2585 4169 reos,
2620 4119 2796 4174 neque
2823 4102 2950 4157 facit
2977 4101 3117 4172 pios,
3142 4111 3400 4173 tyrannos
3425 4119 3436 4157 :
3464 4111 3642 4158 tamen

2039 4195 2185 4262 juste
2205 4193 2482 4261 judicans,
2517 4187 2690 4246 beatis
2720 4190 3051 4262 quibuslibet
3079 4199 3284 4245 aeterna
3313 4191 3559 4261 praemia“,
3591 4199 3647 4246 et

2044 4281 2370 4344 infelicibus,
2403 4287 2684 4334 reservato
2715 4279 2932 4332 interim
2973 4277 3326 4347 paenitudinis
3372 4287 3641 4350 tempore,

339 4349 1094 4445 00m"101}it91‘i?ap°5_10“‘_3“3
1124 4349 1270 4404 Sedis
1299 4365 1400 4445 ΡΓο
1433 4350 1942 4445 ΓεδῐίῑυῐξοηθιΡιὶαο-
1962 4387 2011 4445 D
2044 4363 2147 4416 nisi
2179 4361 2521 4431 resipuerint,
2554 4370 2755 4414 aeterna
2785 4359 2996 4414 confert
3038 4359 3318 4429 supplicia.
3368 4349 3642 4416 Praedictis

339 4441 400 4492 tii
426 4439 750 4494 sanctissimi
781 4437 1106 4508 patriarchae
1135 4438 1356 4507 propria
1386 4453 1546 4492 manu
1584 4438 1887 4506 subscripsi
1924 4455 1936 4491 :

341 4527 420 4581 sic
442 4535 494 4581 et
525 4526 692 4598 aliqui
723 4534 1013 4596 sequentes
1048 4541 1060 4576 :

417 4632 731 4686 Dominicus
761 4631 1050 4700 episcopus
1079 4625 1340 4681 Triventi.

418 4720 626 4773 Florius
656 4719 944 4788 episcopus
974 4713 1316 4770 Maturensis.

415 4807 752 4862 Gaudericus
781 4806 1070 4875 episcopus
1103 4801 1435 4856 Velitrensis.

416 4897 716 4965 Stephanus
749 4895 1036 4965 episcopus
1067 4891 1404 4947 Ferentinas.

415 4985 520 5038 Leo
551 4983 841 5054 episcopus
871 4980 1164 5037 Gabiensis
1195 4977 1596 5050 [Sabiniansis].

413 5072 604 5125 Petrus
635 5071 924 5140 episcopus
957 5065 1545 5136 Forosemproniensis.

422 5159 526 5214 Leo
553 5159 843 5229 episcopus
869 5153 1299 5212 Tarracinensis.

421 5246 731 5316 Walpertus
763 5245 1052 5316 episcopus
1083 5239 1414 5296 Portuensis.

413 5398 436 5423 ι
460 5391 562 5439 Non
588 5402 760 5452 preces
786 5394 973 5439 tantum
999 5387 1088 5449 sed
1111 5379 1664 5436 excommunicationcm
1691 5377 1942 5426 continent

343 5456 545 5506 Joannis
580 5457 759 5506 littera:
783 5456 842 5504 de
869 5455 1180 5517 Butgarorum
1206 5463 1370 5500 causa.

419 5577 439 5606 ι,
492 5559 631 5606 Vides
699 5559 822 5606 idem
871 5556 1252 5605 additamentum
1316 5551 1392 5600 hic
1462 5564 1484 5597 τι
1551 5547 1746 5596 falsario
1815 5539 1938 5605 quod

2043 4467 2259 4520 quoque
2289 4449 2484 4504 litteris
2529 4447 2804 4518 praeconia
2849 4453 3034 4500 nostra
3083 4447 3350 4518 legentes,
3387 4447 3641 4504 affectum

2043 4548 2186 4592 tuum
2219 4536 2598 4610 cognovimus,
2632 4544 2680 4590 et
2714 4550 2878 4606 quam
2911 4535 2984 4588 sis
3015 4551 3159 4589 nunc
3181 4551 3310 4606 erga
3339 4551 3439 4590 nos
3468 4537 3640 4592 devo—

2043 4635 2147 4692 tus,
2183 4625 2316 4680 satis
2345 4624 2627 4679 evidenter
2655 4623 2955 4694 reperimus
2991 4641 3005 4677 :
3036 4638 3227 4677 verum
3257 4623 3312 4676 in
3342 4639 3450 4694 quo
3483 4623 3644 4680 nobis

2043 4723 2229 4769 nostra
2255 4712 2440 4767 merita
2471 4729 2578 4767 non
2614 4711 3004 4784 suffragantur,
3035 4711 3151 4766 Deo
3181 4710 3538 4777 dimittimus;
3588 4721 3640 4767 et

2041 4803 2097 4856 in
2131 4817 2240 4874 quo
2271 4817 2370 4856 nos
2400 4800 2649 4854 humanis
2678 4799 2929 4854 laudibus
2973 4798 3284 4870 quicunque
3331 4799 3638 4855 mortalium

2041 4891 2260 4945 elevare
2308 4897 2592 4957 conantur,
2645 4887 2989 4960 fragilitatem
3037 4895 3240 4942 natura:
3284 4897 3486 4944 nostra:
3515 4905 3638 4944 cum

2043 4995 2254 5032 summa
2298 4977 2582 5032 formidine
2609 5019 2621 5040 ,
2671 4977 2866 5030 eodem
2912 4976 3027 5030 Deo
3081 4992 3194 5046 prie
3238 4968 3411 5032 Oculis
3455 4977 3640 5033 habito

2041 5065 2492 5136 contemplemur.
2527 5065 2740 5118 Scimus
2769 5063 2934 5132 enim,
2969 5063 3087 5134 ipso
3117 5063 3349 5130 dicente,
3382 5065 3513 5136 quia
3541 5067 3637 5136 qui

2039 5171 2098 5210 se
2127 5154 2351 5210 exaltat
2373 5153 2788 5216 humiliabitur,
2814 5155 2872 5208 et
2896 5153 2990 5224 qui
3010 5169 3068 5208 se
3099 5152 3367 5208 humiliat
3401 5154 3632 5208 exalta-

2041 5244 2195 5298 bitur
2231 5242 2449 5308 (Matth.
2493 5241 2678 5307 χχιιι).

2041 5388 2190 5438 supra
2213 5375 2273 5425 de
2297 5374 2534 5424 abolenda
2559 5378 2730 5424 octava
2757 5373 2941 5435 synodo
2967 5373 3056 5423 fuit
3079 5376 3374 5436 appositum.

2108 5467 2129 5493 ο
2157 5461 2288 5509 Hanc
2347 5459 2597 5518 epistolam
2667 5459 2867 5508 Photius
2921 5458 3037 5507 locis
3093 5459 3220 5509 intra
3283 5461 3461 5511 notatis
3520 5475 3631 5512 enr-

2043 5543 2188 5603 rupit.
