  <div class='ocr_page' id='page_1' title='image "/cluster/home/n/w/nwhite01/storage/ocr_20150623/126/hvd.32044052819513/441.png"; bbox 0 0 4072 6186; ppageno 0'>
   <div class='ocr_carea' id='block_1_1' title="bbox 506 303 598 356">
    <p class='ocr_par' dir='ltr' id='par_1_1' title="bbox 506 303 598 356">
     <span class='ocr_line' id='line_1_1' title="bbox 506 303 598 356; baseline 0 -2"><span class='ocrx_word' id='word_1_1' title='bbox 506 303 598 356; x_wconf 80' lang='grc'>871</span> 
     </span>
    </p>
   </div>
   <div class='ocr_carea' id='block_1_2' title="bbox 1816 300 2534 358">
    <p class='ocr_par' dir='ltr' id='par_1_2' title="bbox 1816 300 2534 358">
     <span class='ocr_line' id='line_1_2' title="bbox 1816 300 2534 358; baseline -0.003 -2"><span class='ocrx_word' id='word_1_2' title='bbox 1816 300 2110 358; x_wconf 75' lang='lat' dir='ltr'>JOANNIS</span> <span class='ocrx_word' id='word_1_3' title='bbox 2153 301 2346 354; x_wconf 76' lang='lat' dir='ltr'>PAl’-E</span> <span class='ocrx_word' id='word_1_4' title='bbox 2399 301 2534 356; x_wconf 82' lang='lat' dir='ltr'>Vlll.</span> 
     </span>
    </p>
   </div>
   <div class='ocr_carea' id='block_1_3' title="bbox 3694 297 3784 353">
    <p class='ocr_par' dir='ltr' id='par_1_3' title="bbox 3694 297 3784 353">
     <span class='ocr_line' id='line_1_3' title="bbox 3694 297 3784 353; baseline 0.011 -2"><span class='ocrx_word' id='word_1_5' title='bbox 3694 297 3784 353; x_wconf 73' lang='lat'>872</span> 
     </span>
    </p>
   </div>
   <div class='ocr_carea' id='block_1_4' title="bbox 579 419 3784 498">
    <p class='ocr_par' dir='ltr' id='par_1_4' title="bbox 579 419 3784 498">
     <span class='ocr_line' id='line_1_4' title="bbox 579 419 3784 498; baseline -0.003 -18"><span class='ocrx_word' id='word_1_6' title='bbox 579 425 738 492; x_wconf 87' lang='lat' dir='ltr'>Quod</span> <span class='ocrx_word' id='word_1_7' title='bbox 768 427 964 483; x_wconf 90' lang='lat' dir='ltr'>dicitur</span> <span class='ocrx_word' id='word_1_8' title='bbox 999 437 1176 482; x_wconf 88' lang='lat' dir='ltr'>autem</span> <span class='ocrx_word' id='word_1_9' title='bbox 1202 471 1214 489; x_wconf 83' lang='lat'>,</span> <span class='ocrx_word' id='word_1_10' title='bbox 1261 438 1506 484; x_wconf 87' lang='lat' dir='ltr'>sanctam</span> <span class='ocrx_word' id='word_1_11' title='bbox 1553 428 2102 498; x_wconf 51' lang='lat' dir='ltr'>(’lonstantiuopolita-</span> <span class='ocrx_word' id='word_1_12' title='bbox 2131 423 2292 482; x_wconf 81' lang='lat' dir='ltr'>Aubi</span> <span class='ocrx_word' id='word_1_13' title='bbox 2322 422 2403 477; x_wconf 88' lang='lat' dir='ltr'>fas</span> <span class='ocrx_word' id='word_1_14' title='bbox 2453 430 2536 477; x_wconf 90' lang='lat' dir='ltr'>est</span> <span class='ocrx_word' id='word_1_15' title='bbox 2583 422 2867 476; x_wconf 77' lang='lat' dir='ltr'>admittere</span> <span class='ocrx_word' id='word_1_16' title='bbox 2913 421 3194 485; x_wconf 90' lang='lat' dir='ltr'>studeant,</span> <span class='ocrx_word' id='word_1_17' title='bbox 3245 427 3298 473; x_wconf 91' lang='lat' dir='ltr'>et</span> <span class='ocrx_word' id='word_1_18' title='bbox 3345 419 3668 492; x_wconf 86' lang='lat' dir='ltr'>corrigenda</span> <span class='ocrx_word' id='word_1_19' title='bbox 3695 419 3784 474; x_wconf 80' lang='lat' dir='ltr'>sub</span> 
     </span>
    </p>
   </div>
   <div class='ocr_carea' id='block_1_5' title="bbox 507 515 2103 588">
    <p class='ocr_par' dir='ltr' id='par_1_5' title="bbox 507 515 2103 588">
     <span class='ocr_line' id='line_1_5' title="bbox 507 515 2103 588; baseline 0.003 -21"><span class='ocrx_word' id='word_1_20' title='bbox 507 529 636 568; x_wconf 86' lang='lat' dir='ltr'>nam</span> <span class='ocrx_word' id='word_1_21' title='bbox 663 515 969 570; x_wconf 85' lang='lat' dir='ltr'>Ecclesiam</span> <span class='ocrx_word' id='word_1_22' title='bbox 999 517 1054 570; x_wconf 89' lang='lat' dir='ltr'>in</span> <span class='ocrx_word' id='word_1_23' title='bbox 1085 525 1137 572; x_wconf 90' lang='lat' dir='ltr'>te</span> <span class='ocrx_word' id='word_1_24' title='bbox 1167 517 1474 584; x_wconf 89' lang='lat' dir='ltr'>convenire,</span> <span class='ocrx_word' id='word_1_25' title='bbox 1509 526 1667 588; x_wconf 97' lang='lat' dir='ltr'>teque</span> <span class='ocrx_word' id='word_1_26' title='bbox 1697 517 1962 587; x_wconf 79' lang='lat' dir='ltr'>privatam</span> <span class='ocrx_word' id='word_1_27' title='bbox 2011 533 2103 571; x_wconf 89' lang='lat' dir='ltr'>se-</span> 
     </span>
    </p>
   </div>
   <div class='ocr_carea' id='block_1_6' title="bbox 507 603 2106 674">
    <p class='ocr_par' dir='ltr' id='par_1_6' title="bbox 507 603 2106 674">
     <span class='ocr_line' id='line_1_6' title="bbox 507 603 2106 674; baseline 0.001 -17"><span class='ocrx_word' id='word_1_28' title='bbox 507 603 632 657; x_wconf 90' lang='lat' dir='ltr'>dem</span> <span class='ocrx_word' id='word_1_29' title='bbox 661 604 940 674; x_wconf 77' lang='lat' dir='ltr'>recipere,</span> <span class='ocrx_word' id='word_1_30' title='bbox 991 605 1188 659; x_wconf 88' lang='lat' dir='ltr'>missos</span> <span class='ocrx_word' id='word_1_31' title='bbox 1220 622 1352 660; x_wconf 89' lang='lat' dir='ltr'>vero</span> <span class='ocrx_word' id='word_1_32' title='bbox 1398 613 1615 660; x_wconf 87' lang='lat' dir='ltr'>nostros</span> <span class='ocrx_word' id='word_1_33' title='bbox 1666 614 1840 660; x_wconf 85' lang='lat' dir='ltr'>tecum</span> <span class='ocrx_word' id='word_1_34' title='bbox 1883 605 2106 659; x_wconf 87' lang='lat' dir='ltr'>minime</span> 
     </span>
    </p>
   </div>
   <div class='ocr_carea' id='block_1_7' title="bbox 508 693 2104 766">
    <p class='ocr_par' dir='ltr' id='par_1_7' title="bbox 508 693 2104 766">
     <span class='ocr_line' id='line_1_7' title="bbox 508 693 2104 766; baseline 0 -20"><span class='ocrx_word' id='word_1_35' title='bbox 508 706 852 758; x_wconf 89' lang='lat' dir='ltr'>consecrare,</span> <span class='ocrx_word' id='word_1_36' title='bbox 886 693 954 747; x_wconf 92' lang='lat' dir='ltr'>de</span> <span class='ocrx_word' id='word_1_37' title='bbox 981 693 1302 749; x_wconf 88' lang='lat' dir='ltr'>adunatione</span> <span class='ocrx_word' id='word_1_38' title='bbox 1332 694 1569 748; x_wconf 89' lang='lat' dir='ltr'>omnium</span> <span class='ocrx_word' id='word_1_39' title='bbox 1604 696 1718 748; x_wconf 88' lang='lat' dir='ltr'>Deo</span> <span class='ocrx_word' id='word_1_40' title='bbox 1749 693 1951 766; x_wconf 75' lang='lat' dir='ltr'>gratias</span> <span class='ocrx_word' id='word_1_41' title='bbox 1983 693 2104 766; x_wconf 85' lang='lat' dir='ltr'>agi-</span> 
     </span>
    </p>
   </div>
   <div class='ocr_carea' id='block_1_8' title="bbox 505 781 2107 846">
    <p class='ocr_par' dir='ltr' id='par_1_8' title="bbox 505 781 2107 846">
     <span class='ocr_line' id='line_1_8' title="bbox 505 781 2107 846; baseline 0.001 -13"><span class='ocrx_word' id='word_1_42' title='bbox 505 796 659 846; x_wconf 89' lang='lat' dir='ltr'>mus;</span> <span class='ocrx_word' id='word_1_43' title='bbox 690 782 788 836; x_wconf 89' lang='lat' dir='ltr'>sed</span> <span class='ocrx_word' id='word_1_44' title='bbox 815 781 999 836; x_wconf 84' lang='lat' dir='ltr'>missis</span> <span class='ocrx_word' id='word_1_45' title='bbox 1029 782 1232 836; x_wconf 75' lang='lat' dir='ltr'>nostris</span> <span class='ocrx_word' id='word_1_46' title='bbox 1263 783 1386 838; x_wconf 89' lang='lat' dir='ltr'>ideo</span> <span class='ocrx_word' id='word_1_47' title='bbox 1421 783 1488 836; x_wconf 89' lang='lat' dir='ltr'>de</span> <span class='ocrx_word' id='word_1_48' title='bbox 1519 783 1624 837; x_wconf 88' lang='lat' dir='ltr'>hoc</span> <span class='ocrx_word' id='word_1_49' title='bbox 1655 782 1970 836; x_wconf 90' lang='lat' dir='ltr'>mandatum</span> <span class='ocrx_word' id='word_1_50' title='bbox 1999 797 2107 836; x_wconf 90' lang='lat' dir='ltr'>non</span> 
     </span>
    </p>
   </div>
   <div class='ocr_carea' id='block_1_9' title="bbox 509 867 2108 942">
    <p class='ocr_par' dir='ltr' id='par_1_9' title="bbox 509 867 2108 942">
     <span class='ocr_line' id='line_1_9' title="bbox 509 867 2108 942; baseline 0 -20"><span class='ocrx_word' id='word_1_51' title='bbox 509 867 785 936; x_wconf 88' lang='lat' dir='ltr'>dedimus,</span> <span class='ocrx_word' id='word_1_52' title='bbox 819 870 942 941; x_wconf 86' lang='lat' dir='ltr'>quia</span> <span class='ocrx_word' id='word_1_53' title='bbox 989 869 1064 923; x_wconf 90' lang='lat' dir='ltr'>nil</span> <span class='ocrx_word' id='word_1_54' title='bbox 1105 870 1440 925; x_wconf 85' lang='lat' dir='ltr'>certitudinis</span> <span class='ocrx_word' id='word_1_55' title='bbox 1463 913 1476 938; x_wconf 93' lang='lat'>,</span> <span class='ocrx_word' id='word_1_56' title='bbox 1529 871 1761 942; x_wconf 87' lang='lat' dir='ltr'>qualiter</span> <span class='ocrx_word' id='word_1_57' title='bbox 1789 870 1909 940; x_wconf 91' lang='lat' dir='ltr'>ipsa</span> <span class='ocrx_word' id='word_1_58' title='bbox 1947 870 2108 924; x_wconf 89' lang='lat' dir='ltr'>sedes</span> 
     </span>
    </p>
   </div>
   <div class='ocr_carea' id='block_1_10' title="bbox 507 957 2109 1028">
    <p class='ocr_par' dir='ltr' id='par_1_10' title="bbox 507 957 2109 1028">
     <span class='ocr_line' id='line_1_10' title="bbox 507 957 2109 1028; baseline 0.001 -18"><span class='ocrx_word' id='word_1_59' title='bbox 507 957 748 1025; x_wconf 87' lang='lat' dir='ltr'>haberet,</span> <span class='ocrx_word' id='word_1_60' title='bbox 783 967 942 1012; x_wconf 83' lang='lat' dir='ltr'>antea</span> <span class='ocrx_word' id='word_1_61' title='bbox 971 958 1470 1028; x_wconf 80' lang='lat' dir='ltr'>comprobavimus.</span> <span class='ocrx_word' id='word_1_62' title='bbox 1506 959 1660 1014; x_wconf 81' lang='lat' dir='ltr'>Nunc</span> <span class='ocrx_word' id='word_1_63' title='bbox 1692 975 1838 1026; x_wconf 90' lang='lat' dir='ltr'>vero,</span> <span class='ocrx_word' id='word_1_64' title='bbox 1875 958 2012 1012; x_wconf 85' lang='lat' dir='ltr'>sicut</span> <span class='ocrx_word' id='word_1_65' title='bbox 2039 957 2109 1012; x_wconf 90' lang='lat' dir='ltr'>de</span> 
     </span>
    </p>
   </div>
   <div class='ocr_carea' id='block_1_11' title="bbox 504 1045 2104 1118">
    <p class='ocr_par' dir='ltr' id='par_1_11' title="bbox 504 1045 2104 1118">
     <span class='ocr_line' id='line_1_11' title="bbox 504 1045 2104 1118; baseline -0.001 -18"><span class='ocrx_word' id='word_1_66' title='bbox 504 1060 637 1116; x_wconf 86' lang='lat' dir='ltr'>pace</span> <span class='ocrx_word' id='word_1_67' title='bbox 666 1053 719 1100; x_wconf 90' lang='lat' dir='ltr'>et</span> <span class='ocrx_word' id='word_1_68' title='bbox 741 1046 1062 1101; x_wconf 89' lang='lat' dir='ltr'>adunatione</span> <span class='ocrx_word' id='word_1_69' title='bbox 1107 1047 1279 1117; x_wconf 85' lang='lat' dir='ltr'>ipsius</span> <span class='ocrx_word' id='word_1_70' title='bbox 1307 1045 1571 1102; x_wconf 75' lang='lat' dir='ltr'>Ecclesia</span> <span class='ocrx_word' id='word_1_71' title='bbox 1602 1047 1758 1102; x_wconf 93' lang='lat' dir='ltr'>valde</span> <span class='ocrx_word' id='word_1_72' title='bbox 1788 1046 2104 1118; x_wconf 79' lang='lat' dir='ltr'>gaudemus,</span> 
     </span>
    </p>
   </div>
   <div class='ocr_carea' id='block_1_12' title="bbox 504 1133 2108 1206">
    <p class='ocr_par' dir='ltr' id='par_1_12' title="bbox 504 1133 2108 1206">
     <span class='ocr_line' id='line_1_12' title="bbox 504 1133 2108 1206; baseline 0 -19"><span class='ocrx_word' id='word_1_73' title='bbox 504 1133 578 1188; x_wconf 89' lang='lat' dir='ltr'>ita</span> <span class='ocrx_word' id='word_1_74' title='bbox 607 1142 659 1188; x_wconf 90' lang='lat' dir='ltr'>et</span> <span class='ocrx_word' id='word_1_75' title='bbox 686 1135 754 1188; x_wconf 89' lang='lat' dir='ltr'>de</span> <span class='ocrx_word' id='word_1_76' title='bbox 783 1134 1124 1189; x_wconf 87' lang='lat' dir='ltr'>dissensione</span> <span class='ocrx_word' id='word_1_77' title='bbox 1155 1135 1454 1190; x_wconf 79' lang='lat' dir='ltr'>nolentium</span> <span class='ocrx_word' id='word_1_78' title='bbox 1497 1134 1847 1206; x_wconf 85' lang='lat' dir='ltr'>acquiescere</span> <span class='ocrx_word' id='word_1_79' title='bbox 1901 1134 2108 1188; x_wconf 89' lang='lat' dir='ltr'>contri-</span> 
     </span>
    </p>
   </div>
   <div class='ocr_carea' id='block_1_13' title="bbox 506 1222 2110 1294">
    <p class='ocr_par' dir='ltr' id='par_1_13' title="bbox 506 1222 2110 1294">
     <span class='ocr_line' id='line_1_13' title="bbox 506 1222 2110 1294; baseline 0.001 -18"><span class='ocrx_word' id='word_1_80' title='bbox 506 1231 730 1288; x_wconf 85' lang='lat' dir='ltr'>stamur,</span> <span class='ocrx_word' id='word_1_81' title='bbox 763 1223 886 1294; x_wconf 85' lang='lat' dir='ltr'>quia</span> <span class='ocrx_word' id='word_1_82' title='bbox 907 1222 1194 1278; x_wconf 89' lang='lat' dir='ltr'>Salomone</span> <span class='ocrx_word' id='word_1_83' title='bbox 1218 1222 1342 1294; x_wconf 70' lang='lat' dir='ltr'>Heg.</span> <span class='ocrx_word' id='word_1_84' title='bbox 1371 1222 1642 1294; x_wconf 89' lang='lat' dir='ltr'>Samuele]</span> <span class='ocrx_word' id='word_1_85' title='bbox 1666 1230 1922 1287; x_wconf 85' lang='lat' dir='ltr'>testante,</span> <span class='ocrx_word' id='word_1_86' title='bbox 1947 1224 2110 1294; x_wconf 76' lang='lat' dir='ltr'>quasi</span> 
     </span>
    </p>
   </div>
   <div class='ocr_carea' id='block_1_14' title="bbox 511 1312 2111 1382">
    <p class='ocr_par' dir='ltr' id='par_1_14' title="bbox 511 1312 2111 1382">
     <span class='ocr_line' id='line_1_14' title="bbox 511 1312 2111 1382; baseline -0.002 -15"><span class='ocrx_word' id='word_1_87' title='bbox 511 1315 804 1381; x_wconf 83' lang='lat' dir='ltr'>peccatum</span> <span class='ocrx_word' id='word_1_88' title='bbox 836 1312 1160 1367; x_wconf 76' lang='lat' dir='ltr'>hariolandi</span> <span class='ocrx_word' id='word_1_89' title='bbox 1188 1315 1272 1365; x_wconf 78' lang='lat' dir='ltr'>est</span> <span class='ocrx_word' id='word_1_90' title='bbox 1304 1327 1644 1382; x_wconf 81' lang='lat' dir='ltr'>repugnare,</span> <span class='ocrx_word' id='word_1_91' title='bbox 1676 1315 1732 1365; x_wconf 82' lang='lat' dir='ltr'>et</span> <span class='ocrx_word' id='word_1_92' title='bbox 1761 1312 1910 1366; x_wconf 78' lang='lat' dir='ltr'>sicut</span> <span class='ocrx_word' id='word_1_93' title='bbox 1933 1327 2111 1382; x_wconf 77' lang='lat' dir='ltr'>genus</span> 
     </span>
    </p>
   </div>
   <div class='ocr_carea' id='block_1_15' title="bbox 511 1394 1823 1470">
    <p class='ocr_par' dir='ltr' id='par_1_15' title="bbox 511 1394 1823 1470">
     <span class='ocr_line' id='line_1_15' title="bbox 511 1394 1823 1470; baseline -0.002 -17"><span class='ocrx_word' id='word_1_94' title='bbox 511 1399 850 1455; x_wconf 76' lang='lat' dir='ltr'>idololatria:</span> <span class='ocrx_word' id='word_1_95' title='bbox 882 1400 1036 1454; x_wconf 83' lang='lat' dir='ltr'>nolle</span> <span class='ocrx_word' id='word_1_96' title='bbox 1063 1401 1416 1470; x_wconf 78' lang='lat' dir='ltr'>acquiescere</span> <span class='ocrx_word' id='word_1_97' title='bbox 1455 1394 1511 1468; x_wconf 77' lang='lat' dir='ltr'>(I</span> <span class='ocrx_word' id='word_1_98' title='bbox 1544 1402 1668 1470; x_wconf 81' lang='lat' dir='ltr'>Reg.</span> <span class='ocrx_word' id='word_1_99' title='bbox 1705 1399 1823 1467; x_wconf 89' lang='lat' dir='ltr'>xv).</span> 
     </span>
    </p>
   </div>
   <div class='ocr_carea' id='block_1_16' title="bbox 579 1487 2112 1562">
    <p class='ocr_par' dir='ltr' id='par_1_16' title="bbox 579 1487 2112 1562">
     <span class='ocr_line' id='line_1_16' title="bbox 579 1487 2112 1562; baseline 0.003 -25"><span class='ocrx_word' id='word_1_100' title='bbox 579 1497 604 1522; x_wconf 71' lang='grc'>³</span> <span class='ocrx_word' id='word_1_101' title='bbox 635 1489 834 1541; x_wconf 84' lang='lat' dir='ltr'>Verum</span> <span class='ocrx_word' id='word_1_102' title='bbox 865 1503 1028 1556; x_wconf 90' lang='lat' dir='ltr'>super</span> <span class='ocrx_word' id='word_1_103' title='bbox 1058 1487 1370 1556; x_wconf 65' lang='lat' dir='ltr'>recepione</span> <span class='ocrx_word' id='word_1_104' title='bbox 1401 1487 1628 1562; x_wconf 74' lang='lat' dir='ltr'>privata</span> <span class='ocrx_word' id='word_1_105' title='bbox 1669 1487 1814 1542; x_wconf 87' lang='lat' dir='ltr'>sedis</span> <span class='ocrx_word' id='word_1_106' title='bbox 1860 1502 1960 1541; x_wconf 90' lang='lat' dir='ltr'>nos</span> <span class='ocrx_word' id='word_1_107' title='bbox 2007 1488 2112 1542; x_wconf 89' lang='lat' dir='ltr'>de—</span> 
     </span>
    </p>
   </div>
   <div class='ocr_carea' id='block_1_17' title="bbox 511 1575 2115 1646">
    <p class='ocr_par' dir='ltr' id='par_1_17' title="bbox 511 1575 2115 1646">
     <span class='ocr_line' id='line_1_17' title="bbox 511 1575 2115 1646; baseline 0 -16"><span class='ocrx_word' id='word_1_108' title='bbox 511 1575 724 1630; x_wconf 89' lang='lat' dir='ltr'>buimus</span> <span class='ocrx_word' id='word_1_109' title='bbox 755 1584 880 1629; x_wconf 88' lang='lat' dir='ltr'>ante</span> <span class='ocrx_word' id='word_1_110' title='bbox 908 1575 1137 1630; x_wconf 90' lang='lat' dir='ltr'>consuli.</span> <span class='ocrx_word' id='word_1_111' title='bbox 1174 1575 1377 1630; x_wconf 88' lang='lat' dir='ltr'>Tamen</span> <span class='ocrx_word' id='word_1_112' title='bbox 1407 1575 1569 1646; x_wconf 87' lang='lat' dir='ltr'>quia,</span> <span class='ocrx_word' id='word_1_113' title='bbox 1602 1576 1836 1630; x_wconf 88' lang='lat' dir='ltr'>obeunte</span> <span class='ocrx_word' id='word_1_114' title='bbox 1868 1575 2032 1630; x_wconf 83' lang='lat' dir='ltr'>fratre</span> <span class='ocrx_word' id='word_1_115' title='bbox 2064 1584 2115 1630; x_wconf 88' lang='lat' dir='ltr'>et</span> 
     </span>
    </p>
   </div>
   <div class='ocr_carea' id='block_1_18' title="bbox 513 1663 2115 1736">
    <p class='ocr_par' dir='ltr' id='par_1_18' title="bbox 513 1663 2115 1736">
     <span class='ocr_line' id='line_1_18' title="bbox 513 1663 2115 1736; baseline 0 -17"><span class='ocrx_word' id='word_1_116' title='bbox 513 1663 840 1734; x_wconf 84' lang='lat' dir='ltr'>coepiscOpo</span> <span class='ocrx_word' id='word_1_117' title='bbox 907 1671 1094 1718; x_wconf 88' lang='lat' dir='ltr'>nostro</span> <span class='ocrx_word' id='word_1_118' title='bbox 1159 1663 1370 1736; x_wconf 87' lang='lat' dir='ltr'>Ignatio</span> <span class='ocrx_word' id='word_1_119' title='bbox 1419 1672 1472 1718; x_wconf 90' lang='lat' dir='ltr'>te</span> <span class='ocrx_word' id='word_1_120' title='bbox 1519 1663 2115 1734; x_wconf 85' lang='lat' dir='ltr'>Constantinopolitano</span> 
     </span>
    </p>
   </div>
   <div class='ocr_carea' id='block_1_19' title="bbox 2203 509 3120 581">
    <p class='ocr_par' dir='ltr' id='par_1_19' title="bbox 2203 509 3120 581">
     <span class='ocr_line' id='line_1_19' title="bbox 2203 509 3120 581; baseline -0.003 -16"><span class='ocrx_word' id='word_1_121' title='bbox 2203 511 2474 581; x_wconf 85' lang='lat' dir='ltr'>aquitatis</span> <span class='ocrx_word' id='word_1_122' title='bbox 2503 509 2794 564; x_wconf 89' lang='lat' dir='ltr'>libramine</span> <span class='ocrx_word' id='word_1_123' title='bbox 2825 509 3120 580; x_wconf 84' lang='lat' dir='ltr'>corrigam.</span> 
     </span>
    </p>
   </div>
   <div class='ocr_carea' id='block_1_20' title="bbox 2277 596 3785 668">
    <p class='ocr_par' dir='ltr' id='par_1_20' title="bbox 2277 596 3785 668">
     <span class='ocr_line' id='line_1_20' title="bbox 2277 596 3785 668; baseline -0.001 -16"><span class='ocrx_word' id='word_1_124' title='bbox 2277 601 2542 654; x_wconf 82' lang='lat' dir='ltr'>Praterea</span> <span class='ocrx_word' id='word_1_125' title='bbox 2589 597 2725 654; x_wconf 87' lang='lat' dir='ltr'>sicut</span> <span class='ocrx_word' id='word_1_126' title='bbox 2771 605 2952 653; x_wconf 89' lang='lat' dir='ltr'>vestra</span> <span class='ocrx_word' id='word_1_127' title='bbox 2993 613 3124 668; x_wconf 89' lang='lat' dir='ltr'>pars</span> <span class='ocrx_word' id='word_1_128' title='bbox 3171 613 3326 650; x_wconf 91' lang='lat' dir='ltr'>suum</span> <span class='ocrx_word' id='word_1_129' title='bbox 3389 596 3534 652; x_wconf 80' lang='lat' dir='ltr'>velle</span> <span class='ocrx_word' id='word_1_130' title='bbox 3575 604 3785 651; x_wconf 88' lang='lat' dir='ltr'>conatur</span> 
     </span>
    </p>
   </div>
   <div class='ocr_carea' id='block_1_21' title="bbox 2207 683 3782 762">
    <p class='ocr_par' dir='ltr' id='par_1_21' title="bbox 2207 683 3782 762">
     <span class='ocr_line' id='line_1_21' title="bbox 2207 683 3782 762; baseline -0.003 -21"><span class='ocrx_word' id='word_1_131' title='bbox 2207 686 2349 762; x_wconf 81' lang='lat' dir='ltr'>vires</span> <span class='ocrx_word' id='word_1_132' title='bbox 2379 686 2648 756; x_wconf 87' lang='lat' dir='ltr'>accipere,</span> <span class='ocrx_word' id='word_1_133' title='bbox 2668 687 2741 740; x_wconf 91' lang='lat' dir='ltr'>ita</span> <span class='ocrx_word' id='word_1_134' title='bbox 2761 693 2813 740; x_wconf 88' lang='lat' dir='ltr'>et</span> <span class='ocrx_word' id='word_1_135' title='bbox 2834 685 3110 741; x_wconf 73' lang='lat' dir='ltr'>diacesim</span> <span class='ocrx_word' id='word_1_136' title='bbox 3141 693 3383 740; x_wconf 88' lang='lat' dir='ltr'>nostram</span> <span class='ocrx_word' id='word_1_137' title='bbox 3417 684 3718 756; x_wconf 84' lang='lat' dir='ltr'>Bulgariam</span> <span class='ocrx_word' id='word_1_138' title='bbox 3743 683 3782 750; x_wconf 71' lang='grc' dir='ltr'>ἀ,</span> 
     </span>
    </p>
   </div>
   <div class='ocr_carea' id='block_1_22' title="bbox 2207 767 3788 846">
    <p class='ocr_par' dir='ltr' id='par_1_22' title="bbox 2207 767 3788 846">
     <span class='ocr_line' id='line_1_22' title="bbox 2207 767 3788 846; baseline -0.001 -18"><span class='ocrx_word' id='word_1_139' title='bbox 2207 790 2371 846; x_wconf 85' lang='lat' dir='ltr'>quam</span> <span class='ocrx_word' id='word_1_140' title='bbox 2394 775 2707 844; x_wconf 81' lang='lat' dir='ltr'>apostolicae</span> <span class='ocrx_word' id='word_1_141' title='bbox 2728 773 3124 830; x_wconf 87' lang='lat' dir='ltr'>recordationis</span> <span class='ocrx_word' id='word_1_142' title='bbox 3145 773 3580 843; x_wconf 85' lang='lat' dir='ltr'>sanctissimique</span> <span class='ocrx_word' id='word_1_143' title='bbox 3600 767 3788 826; x_wconf 83' lang='lat' dir='ltr'>domini</span> 
     </span>
    </p>
   </div>
   <div class='ocr_carea' id='block_1_23' title="bbox 2206 860 3787 934">
    <p class='ocr_par' dir='ltr' id='par_1_23' title="bbox 2206 860 3787 934">
     <span class='ocr_line' id='line_1_23' title="bbox 2206 860 3787 934; baseline -0.002 -16"><span class='ocrx_word' id='word_1_144' title='bbox 2206 879 2364 934; x_wconf 87' lang='lat' dir='ltr'>papa</span> <span class='ocrx_word' id='word_1_145' title='bbox 2392 863 2601 918; x_wconf 87' lang='lat' dir='ltr'>Nicolai</span> <span class='ocrx_word' id='word_1_146' title='bbox 2631 863 2923 918; x_wconf 86' lang='lat' dir='ltr'>certamine</span> <span class='ocrx_word' id='word_1_147' title='bbox 2955 862 3116 916; x_wconf 90' lang='lat' dir='ltr'>sedes</span> <span class='ocrx_word' id='word_1_148' title='bbox 3146 861 3441 932; x_wconf 88' lang='lat' dir='ltr'>apostolica</span> <span class='ocrx_word' id='word_1_149' title='bbox 3472 860 3704 931; x_wconf 85' lang='lat' dir='ltr'>recepit,</span> <span class='ocrx_word' id='word_1_150' title='bbox 3733 875 3787 915; x_wconf 85' lang='lat' dir='ltr'>ac</span> 
     </span>
    </p>
   </div>
   <div class='ocr_carea' id='block_1_24' title="bbox 2208 949 3787 1022">
    <p class='ocr_par' dir='ltr' id='par_1_24' title="bbox 2208 949 3787 1022">
     <span class='ocr_line' id='line_1_24' title="bbox 2208 949 3787 1022; baseline -0.002 -16"><span class='ocrx_word' id='word_1_151' title='bbox 2208 951 2434 1006; x_wconf 78' lang='lat' dir='ltr'>Adriani</span> <span class='ocrx_word' id='word_1_152' title='bbox 2475 967 2628 1022; x_wconf 83' lang='lat' dir='ltr'>aque</span> <span class='ocrx_word' id='word_1_153' title='bbox 2657 951 2952 1006; x_wconf 85' lang='lat' dir='ltr'>beatissimi</span> <span class='ocrx_word' id='word_1_154' title='bbox 2977 949 3230 1020; x_wconf 86' lang='lat' dir='ltr'>prasulis</span> <span class='ocrx_word' id='word_1_155' title='bbox 3261 957 3506 1020; x_wconf 89' lang='lat' dir='ltr'>tempore</span> <span class='ocrx_word' id='word_1_156' title='bbox 3536 949 3787 1020; x_wconf 86' lang='lat' dir='ltr'>possede-</span> 
     </span>
    </p>
   </div>
   <div class='ocr_carea' id='block_1_25' title="bbox 2209 1037 3801 1108">
    <p class='ocr_par' dir='ltr' id='par_1_25' title="bbox 2209 1037 3801 1108">
     <span class='ocr_line' id='line_1_25' title="bbox 2209 1037 3801 1108; baseline -0.001 -14"><span class='ocrx_word' id='word_1_157' title='bbox 2209 1047 2307 1106; x_wconf 89' lang='lat' dir='ltr'>rat,</span> <span class='ocrx_word' id='word_1_158' title='bbox 2342 1055 2555 1094; x_wconf 88' lang='lat' dir='ltr'>summa</span> <span class='ocrx_word' id='word_1_159' title='bbox 2582 1039 2738 1094; x_wconf 91' lang='lat' dir='ltr'>nobis</span> <span class='ocrx_word' id='word_1_160' title='bbox 2769 1039 3046 1094; x_wconf 89' lang='lat' dir='ltr'>celeritate</span> <span class='ocrx_word' id='word_1_161' title='bbox 3090 1038 3296 1093; x_wconf 87' lang='lat' dir='ltr'>restitui</span> <span class='ocrx_word' id='word_1_162' title='bbox 3343 1038 3596 1093; x_wconf 88' lang='lat' dir='ltr'>volumus</span> <span class='ocrx_word' id='word_1_163' title='bbox 3615 1081 3629 1102; x_wconf 91' lang='lat'>,</span> <span class='ocrx_word' id='word_1_164' title='bbox 3660 1043 3708 1092; x_wconf 92' lang='lat' dir='ltr'>et</span> <span class='ocrx_word' id='word_1_165' title='bbox 3733 1037 3801 1108; x_wconf 90' lang='lat' dir='ltr'>de_</span> 
     </span>
    </p>
   </div>
   <div class='ocr_carea' id='block_1_26' title="bbox 2209 1124 3793 1184">
    <p class='ocr_par' dir='ltr' id='par_1_26' title="bbox 2209 1124 3793 1184">
     <span class='ocr_line' id='line_1_26' title="bbox 2209 1124 3793 1184; baseline -0.003 -1"><span class='ocrx_word' id='word_1_166' title='bbox 2209 1137 2405 1184; x_wconf 84' lang='lat' dir='ltr'>catero</span> <span class='ocrx_word' id='word_1_167' title='bbox 2425 1144 2644 1182; x_wconf 89' lang='lat' dir='ltr'>omnem</span> <span class='ocrx_word' id='word_1_168' title='bbox 2665 1127 3064 1182; x_wconf 87' lang='lat' dir='ltr'>ordinationem</span> <span class='ocrx_word' id='word_1_169' title='bbox 3085 1126 3511 1183; x_wconf 85' lang='lat' dir='ltr'>ecclesiasticam</span> <span class='ocrx_word' id='word_1_170' title='bbox 3531 1126 3604 1180; x_wconf 87' lang='lat' dir='ltr'>ab</span> <span class='ocrx_word' id='word_1_171' title='bbox 3618 1124 3793 1182; x_wconf 84' lang='lat' dir='ltr'>Eccle—</span> 
     </span>
    </p>
   </div>
   <div class='ocr_carea' id='block_1_27' title="bbox 2207 1213 3793 1286">
    <p class='ocr_par' dir='ltr' id='par_1_27' title="bbox 2207 1213 3793 1286">
     <span class='ocr_line' id='line_1_27' title="bbox 2207 1213 3793 1286; baseline -0.001 -16"><span class='ocrx_word' id='word_1_172' title='bbox 2207 1217 2303 1272; x_wconf 84' lang='lat' dir='ltr'>sia</span> <span class='ocrx_word' id='word_1_173' title='bbox 2319 1215 2927 1286; x_wconf 86' lang='lat' dir='ltr'>ConstantinOpolitana</span> <span class='ocrx_word' id='word_1_174' title='bbox 2945 1215 3269 1286; x_wconf 86' lang='lat' dir='ltr'>prasulibus</span> <span class='ocrx_word' id='word_1_175' title='bbox 3288 1214 3342 1268; x_wconf 89' lang='lat' dir='ltr'>in</span> <span class='ocrx_word' id='word_1_176' title='bbox 3364 1215 3554 1270; x_wconf 85' lang='lat' dir='ltr'>eadem</span> <span class='ocrx_word' id='word_1_177' title='bbox 3583 1213 3793 1269; x_wconf 69' lang='lat' dir='ltr'>dioecesi</span> 
     </span>
    </p>
   </div>
   <div class='ocr_carea' id='block_1_28' title="bbox 2211 1302 3796 1377">
    <p class='ocr_par' dir='ltr' id='par_1_28' title="bbox 2211 1302 3796 1377">
     <span class='ocr_line' id='line_1_28' title="bbox 2211 1302 3796 1377; baseline -0.002 -18"><span class='ocrx_word' id='word_1_178' title='bbox 2211 1305 2496 1377; x_wconf 85' lang='lat' dir='ltr'>Bulgarica</span> <span class='ocrx_word' id='word_1_179' title='bbox 2537 1304 2854 1360; x_wconf 88' lang='lat' dir='ltr'>auctoritate</span> <span class='ocrx_word' id='word_1_180' title='bbox 2901 1303 3196 1374; x_wconf 88' lang='lat' dir='ltr'>apostolica</span> <span class='ocrx_word' id='word_1_181' title='bbox 3245 1310 3615 1373; x_wconf 71' lang='lat' dir='ltr'>amputemus;</span> <span class='ocrx_word' id='word_1_182' title='bbox 3661 1302 3796 1372; x_wconf 88' lang='lat' dir='ltr'>ipsos</span> 
     </span>
    </p>
   </div>
   <div class='ocr_carea' id='block_1_29' title="bbox 2212 1389 3796 1462">
    <p class='ocr_par' dir='ltr' id='par_1_29' title="bbox 2212 1389 3796 1462">
     <span class='ocr_line' id='line_1_29' title="bbox 2212 1389 3796 1462; baseline -0.003 -15"><span class='ocrx_word' id='word_1_183' title='bbox 2212 1401 2396 1448; x_wconf 89' lang='lat' dir='ltr'>autem</span> <span class='ocrx_word' id='word_1_184' title='bbox 2425 1393 2708 1447; x_wconf 83' lang='lat' dir='ltr'>ordinatos</span> <span class='ocrx_word' id='word_1_185' title='bbox 2739 1393 2939 1446; x_wconf 88' lang='lat' dir='ltr'>ibidem</span> <span class='ocrx_word' id='word_1_186' title='bbox 2970 1392 3285 1462; x_wconf 86' lang='lat' dir='ltr'>episcopos.</span> <span class='ocrx_word' id='word_1_187' title='bbox 3339 1398 3391 1446; x_wconf 90' lang='lat' dir='ltr'>et</span> <span class='ocrx_word' id='word_1_188' title='bbox 3434 1405 3628 1445; x_wconf 87' lang='lat' dir='ltr'>omnes</span> <span class='ocrx_word' id='word_1_189' title='bbox 3675 1389 3796 1446; x_wconf 84' lang='lat' dir='ltr'>alios</span> 
     </span>
    </p>
   </div>
   <div class='ocr_carea' id='block_1_30' title="bbox 2213 1479 3802 1540">
    <p class='ocr_par' dir='ltr' id='par_1_30' title="bbox 2213 1479 3802 1540">
     <span class='ocr_line' id='line_1_30' title="bbox 2213 1479 3802 1540; baseline -0.002 -6"><span class='ocrx_word' id='word_1_190' title='bbox 2213 1481 2484 1536; x_wconf 89' lang='lat' dir='ltr'>inferioris</span> <span class='ocrx_word' id='word_1_191' title='bbox 2515 1481 2720 1535; x_wconf 87' lang='lat' dir='ltr'>ordinis</span> <span class='ocrx_word' id='word_1_192' title='bbox 2750 1480 3014 1540; x_wconf 87' lang='lat' dir='ltr'>clericos.</span> <span class='ocrx_word' id='word_1_193' title='bbox 3048 1488 3106 1534; x_wconf 92' lang='lat' dir='ltr'>ut</span> <span class='ocrx_word' id='word_1_194' title='bbox 3135 1479 3261 1534; x_wconf 90' lang='lat' dir='ltr'>inde</span> <span class='ocrx_word' id='word_1_195' title='bbox 3309 1495 3369 1534; x_wconf 86' lang='lat' dir='ltr'>se</span> <span class='ocrx_word' id='word_1_196' title='bbox 3411 1479 3729 1533; x_wconf 81' lang='lat' dir='ltr'>subtraham</span> <span class='ocrx_word' id='word_1_197' title='bbox 3755 1485 3802 1534; x_wconf 87' lang='lat' dir='ltr'>et</span> 
     </span>
    </p>
   </div>
   <div class='ocr_carea' id='block_1_31' title="bbox 2213 1565 3800 1639">
    <p class='ocr_par' dir='ltr' id='par_1_31' title="bbox 2213 1565 3800 1639">
     <span class='ocr_line' id='line_1_31' title="bbox 2213 1565 3800 1639; baseline -0.003 -15"><span class='ocrx_word' id='word_1_198' title='bbox 2213 1570 2283 1624; x_wconf 91' lang='lat' dir='ltr'>ab</span> <span class='ocrx_word' id='word_1_199' title='bbox 2315 1569 2593 1625; x_wconf 88' lang='lat' dir='ltr'>invasione</span> <span class='ocrx_word' id='word_1_200' title='bbox 2623 1568 2925 1639; x_wconf 82' lang='lat' dir='ltr'>Bulgarica</span> <span class='ocrx_word' id='word_1_201' title='bbox 2954 1575 3158 1622; x_wconf 88' lang='lat' dir='ltr'>nostra</span> <span class='ocrx_word' id='word_1_202' title='bbox 3185 1567 3439 1623; x_wconf 87' lang='lat' dir='ltr'>dioecesis</span> <span class='ocrx_word' id='word_1_203' title='bbox 3489 1583 3549 1622; x_wconf 87' lang='lat' dir='ltr'>se</span> <span class='ocrx_word' id='word_1_204' title='bbox 3591 1565 3800 1621; x_wconf 90' lang='lat' dir='ltr'>omnino</span> 
     </span>
    </p>
   </div>
   <div class='ocr_carea' id='block_1_32' title="bbox 2214 1653 3802 1728">
    <p class='ocr_par' dir='ltr' id='par_1_32' title="bbox 2214 1653 3802 1728">
     <span class='ocr_line' id='line_1_32' title="bbox 2214 1653 3802 1728; baseline -0.004 -16"><span class='ocrx_word' id='word_1_205' title='bbox 2214 1665 2595 1728; x_wconf 89' lang='lat' dir='ltr'>compescant,</span> <span class='ocrx_word' id='word_1_206' title='bbox 2629 1657 2914 1711; x_wconf 89' lang='lat' dir='ltr'>decertare</span> <span class='ocrx_word' id='word_1_207' title='bbox 2944 1670 3226 1727; x_wconf 89' lang='lat' dir='ltr'>procures.</span> <span class='ocrx_word' id='word_1_208' title='bbox 3273 1654 3482 1724; x_wconf 87' lang='lat' dir='ltr'>Quibus</span> <span class='ocrx_word' id='word_1_209' title='bbox 3535 1653 3583 1708; x_wconf 91' lang='lat' dir='ltr'>si</span> <span class='ocrx_word' id='word_1_210' title='bbox 3629 1661 3687 1708; x_wconf 90' lang='lat' dir='ltr'>tu</span> <span class='ocrx_word' id='word_1_211' title='bbox 3723 1661 3802 1707; x_wconf 85' lang='lat' dir='ltr'>aut</span> 
     </span>
    </p>
   </div>
   <div class='ocr_carea' id='block_1_33' title="bbox 513 1742 3798 1833">
    <p class='ocr_par' dir='ltr' id='par_1_33' title="bbox 513 1742 3798 1833">
     <span class='ocr_line' id='line_1_33' title="bbox 513 1742 3798 1833; baseline -0.003 -28"><span class='ocrx_word' id='word_1_212' title='bbox 513 1753 703 1806; x_wconf 89' lang='lat' dir='ltr'>throno</span> <span class='ocrx_word' id='word_1_213' title='bbox 731 1751 1030 1822; x_wconf 74' lang='lat' dir='ltr'>praesidere</span> <span class='ocrx_word' id='word_1_214' title='bbox 1075 1752 1380 1806; x_wconf 86' lang='lat' dir='ltr'>audivimus</span> <span class='ocrx_word' id='word_1_215' title='bbox 1406 1793 1419 1820; x_wconf 86' lang='lat'>,</span> <span class='ocrx_word' id='word_1_216' title='bbox 1455 1759 1660 1806; x_wconf 86' lang='lat' dir='ltr'>tantum</span> <span class='ocrx_word' id='word_1_217' title='bbox 1691 1761 1748 1806; x_wconf 85' lang='lat' dir='ltr'>ut</span> <span class='ocrx_word' id='word_1_218' title='bbox 1775 1769 1877 1823; x_wconf 84' lang='lat' dir='ltr'>pax</span> <span class='ocrx_word' id='word_1_219' title='bbox 1909 1768 2110 1825; x_wconf 76' lang='lat' dir='ltr'>augea-</span> <span class='ocrx_word' id='word_1_220' title='bbox 2141 1774 2193 1833; x_wconf 84' lang='lat' dir='ltr'>B</span> <span class='ocrx_word' id='word_1_221' title='bbox 2214 1745 2434 1816; x_wconf 88' lang='lat' dir='ltr'>pallium</span> <span class='ocrx_word' id='word_1_222' title='bbox 2461 1745 2712 1815; x_wconf 87' lang='lat' dir='ltr'>dederis,</span> <span class='ocrx_word' id='word_1_223' title='bbox 2747 1752 2838 1798; x_wconf 92' lang='lat' dir='ltr'>aut</span> <span class='ocrx_word' id='word_1_224' title='bbox 2865 1759 3246 1815; x_wconf 88' lang='lat' dir='ltr'>quamcunque</span> <span class='ocrx_word' id='word_1_225' title='bbox 3276 1743 3385 1798; x_wconf 88' lang='lat' dir='ltr'>illic</span> <span class='ocrx_word' id='word_1_226' title='bbox 3414 1742 3798 1798; x_wconf 80' lang='lat' dir='ltr'>ordinationem</span> 
     </span>
    </p>
   </div>
   <div class='ocr_carea' id='block_1_34' title="bbox 512 1840 2113 1913">
    <p class='ocr_par' dir='ltr' id='par_1_34' title="bbox 512 1840 2113 1913">
     <span class='ocr_line' id='line_1_34' title="bbox 512 1840 2113 1913; baseline -0.001 -19"><span class='ocrx_word' id='word_1_227' title='bbox 512 1848 601 1894; x_wconf 90' lang='lat' dir='ltr'>tur</span> <span class='ocrx_word' id='word_1_228' title='bbox 629 1848 682 1894; x_wconf 89' lang='lat' dir='ltr'>et</span> <span class='ocrx_word' id='word_1_229' title='bbox 705 1840 888 1913; x_wconf 86' lang='lat' dir='ltr'>jurgia</span> <span class='ocrx_word' id='word_1_230' title='bbox 937 1848 1188 1905; x_wconf 89' lang='lat' dir='ltr'>cessent,</span> <span class='ocrx_word' id='word_1_231' title='bbox 1228 1840 1580 1895; x_wconf 86' lang='lat' dir='ltr'>multimodas</span> <span class='ocrx_word' id='word_1_232' title='bbox 1616 1841 1731 1896; x_wconf 92' lang='lat' dir='ltr'>Deo</span> <span class='ocrx_word' id='word_1_233' title='bbox 1761 1841 1967 1913; x_wconf 82' lang='lat' dir='ltr'>gratias</span> <span class='ocrx_word' id='word_1_234' title='bbox 1997 1840 2113 1913; x_wconf 87' lang='lat' dir='ltr'>agi-</span> 
     </span>
    </p>
   </div>
   <div class='ocr_carea' id='block_1_35' title="bbox 513 1929 2114 1996">
    <p class='ocr_par' dir='ltr' id='par_1_35' title="bbox 513 1929 2114 1996">
     <span class='ocr_line' id='line_1_35' title="bbox 513 1929 2114 1996; baseline 0 -13"><span class='ocrx_word' id='word_1_235' title='bbox 513 1945 654 1983; x_wconf 89' lang='lat' dir='ltr'>mus.</span> <span class='ocrx_word' id='word_1_236' title='bbox 687 1929 766 1982; x_wconf 91' lang='lat' dir='ltr'>Tu</span> <span class='ocrx_word' id='word_1_237' title='bbox 793 1935 972 1983; x_wconf 90' lang='lat' dir='ltr'>autem</span> <span class='ocrx_word' id='word_1_238' title='bbox 1003 1929 1242 1984; x_wconf 87' lang='lat' dir='ltr'>omnium</span> <span class='ocrx_word' id='word_1_239' title='bbox 1271 1936 1482 1984; x_wconf 88' lang='lat' dir='ltr'>mentes</span> <span class='ocrx_word' id='word_1_240' title='bbox 1520 1930 1838 1984; x_wconf 90' lang='lat' dir='ltr'>demulcens</span> <span class='ocrx_word' id='word_1_241' title='bbox 1858 1972 1870 1996; x_wconf 93' lang='lat'>,</span> <span class='ocrx_word' id='word_1_242' title='bbox 1922 1945 2114 1984; x_wconf 88' lang='lat' dir='ltr'>omnes</span> 
     </span>
    </p>
   </div>
   <div class='ocr_carea' id='block_1_36' title="bbox 510 2002 2124 2090">
    <p class='ocr_par' dir='ltr' id='par_1_36' title="bbox 510 2002 2124 2090">
     <span class='ocr_line' id='line_1_36' title="bbox 510 2002 2124 2090; baseline 0.001 -18"><span class='ocrx_word' id='word_1_243' title='bbox 510 2016 712 2090; x_wconf 88' lang='lat' dir='ltr'>patulis</span> <span class='ocrx_word' id='word_1_244' title='bbox 740 2016 882 2072; x_wconf 83' lang='lat' dir='ltr'>ulnis</span> <span class='ocrx_word' id='word_1_245' title='bbox 909 2017 1268 2089; x_wconf 89' lang='lat' dir='ltr'>amplectere,</span> <span class='ocrx_word' id='word_1_246' title='bbox 1320 2033 1510 2073; x_wconf 90' lang='lat' dir='ltr'>omnes</span> <span class='ocrx_word' id='word_1_247' title='bbox 1557 2018 1834 2088; x_wconf 90' lang='lat' dir='ltr'>dispersos</span> <span class='ocrx_word' id='word_1_248' title='bbox 1878 2002 2124 2090; x_wconf 30' lang='lat' dir='ltr'>congrel</span> 
     </span>
    </p>
   </div>
   <div class='ocr_carea' id='block_1_37' title="bbox 511 2106 2112 2185">
    <p class='ocr_par' dir='ltr' id='par_1_37' title="bbox 511 2106 2112 2185">
     <span class='ocr_line' id='line_1_37' title="bbox 511 2106 2112 2185; baseline 0.001 -24"><span class='ocrx_word' id='word_1_249' title='bbox 511 2121 643 2178; x_wconf 83' lang='lat' dir='ltr'>gare</span> <span class='ocrx_word' id='word_1_250' title='bbox 673 2122 782 2162; x_wconf 91' lang='lat' dir='ltr'>non</span> <span class='ocrx_word' id='word_1_251' title='bbox 820 2106 1062 2185; x_wconf 76' lang='lat' dir='ltr'>desinas,</span> <span class='ocrx_word' id='word_1_252' title='bbox 1113 2123 1306 2162; x_wconf 89' lang='lat' dir='ltr'>omnes</span> <span class='ocrx_word' id='word_1_253' title='bbox 1355 2107 1618 2179; x_wconf 80' lang='lat' dir='ltr'>colligere</span> <span class='ocrx_word' id='word_1_254' title='bbox 1664 2107 1892 2162; x_wconf 89' lang='lat' dir='ltr'>sollicite</span> <span class='ocrx_word' id='word_1_255' title='bbox 1938 2108 2112 2163; x_wconf 91' lang='lat' dir='ltr'>stude.</span> 
     </span>
    </p>
   </div>
   <div class='ocr_carea' id='block_1_38' title="bbox 512 2194 2116 2266">
    <p class='ocr_par' dir='ltr' id='par_1_38' title="bbox 512 2194 2116 2266">
     <span class='ocr_line' id='line_1_38' title="bbox 512 2194 2116 2266; baseline 0.001 -17"><span class='ocrx_word' id='word_1_256' title='bbox 512 2194 638 2266; x_wconf 91' lang='lat' dir='ltr'>quia</span> <span class='ocrx_word' id='word_1_257' title='bbox 676 2194 812 2250; x_wconf 89' lang='lat' dir='ltr'>sicut</span> <span class='ocrx_word' id='word_1_258' title='bbox 843 2202 1064 2250; x_wconf 87' lang='lat' dir='ltr'>sanctus</span> <span class='ocrx_word' id='word_1_259' title='bbox 1094 2210 1238 2266; x_wconf 86' lang='lat' dir='ltr'>papa</span> <span class='ocrx_word' id='word_1_260' title='bbox 1269 2196 1374 2250; x_wconf 91' lang='lat' dir='ltr'>Leo</span> <span class='ocrx_word' id='word_1_261' title='bbox 1407 2197 1637 2266; x_wconf 83' lang='lat' dir='ltr'>Magnus</span> <span class='ocrx_word' id='word_1_262' title='bbox 1691 2195 1917 2262; x_wconf 89' lang='lat' dir='ltr'>scribit,</span> <span class='ocrx_word' id='word_1_263' title='bbox 1970 2196 2116 2250; x_wconf 86' lang='lat' dir='ltr'>sedis</span> 
     </span>
    </p>
   </div>
   <div class='ocr_carea' id='block_1_39' title="bbox 513 2283 2113 2354">
    <p class='ocr_par' dir='ltr' id='par_1_39' title="bbox 513 2283 2113 2354">
     <span class='ocr_line' id='line_1_39' title="bbox 513 2283 2113 2354; baseline 0.001 -17"><span class='ocrx_word' id='word_1_264' title='bbox 513 2283 844 2353; x_wconf 81' lang='lat' dir='ltr'>apostolica,</span> <span class='ocrx_word' id='word_1_265' title='bbox 879 2283 1129 2354; x_wconf 89' lang='lat' dir='ltr'>inquiens</span> <span class='ocrx_word' id='word_1_266' title='bbox 1151 2327 1166 2351; x_wconf 95' lang='lat'>,</span> <span class='ocrx_word' id='word_1_267' title='bbox 1199 2283 1504 2339; x_wconf 88' lang='lat' dir='ltr'>moderatio</span> <span class='ocrx_word' id='word_1_268' title='bbox 1532 2285 1674 2339; x_wconf 88' lang='lat' dir='ltr'>hanc</span> <span class='ocrx_word' id='word_1_269' title='bbox 1702 2283 2113 2354; x_wconf 87' lang='lat' dir='ltr'>temperantiam</span> 
     </span>
    </p>
   </div>
   <div class='ocr_carea' id='block_1_40' title="bbox 512 2371 2118 2444">
    <p class='ocr_par' dir='ltr' id='par_1_40' title="bbox 512 2371 2118 2444">
     <span class='ocr_line' id='line_1_40' title="bbox 512 2371 2118 2444; baseline 0.002 -20"><span class='ocrx_word' id='word_1_270' title='bbox 512 2379 726 2440; x_wconf 81' lang='lat' dir='ltr'>servat,</span> <span class='ocrx_word' id='word_1_271' title='bbox 774 2380 831 2426; x_wconf 89' lang='lat' dir='ltr'>ut</span> <span class='ocrx_word' id='word_1_272' title='bbox 880 2371 1124 2426; x_wconf 87' lang='lat' dir='ltr'>severius</span> <span class='ocrx_word' id='word_1_273' title='bbox 1171 2381 1297 2444; x_wconf 88' lang='lat' dir='ltr'>agat</span> <span class='ocrx_word' id='word_1_274' title='bbox 1341 2389 1463 2426; x_wconf 91' lang='lat' dir='ltr'>cum</span> <span class='ocrx_word' id='word_1_275' title='bbox 1508 2372 1787 2428; x_wconf 90' lang='lat' dir='ltr'>obduratis</span> <span class='ocrx_word' id='word_1_276' title='bbox 1818 2381 1870 2427; x_wconf 91' lang='lat' dir='ltr'>et</span> <span class='ocrx_word' id='word_1_277' title='bbox 1901 2373 2118 2428; x_wconf 82' lang='lat' dir='ltr'>veniam</span> 
     </span>
    </p>
   </div>
   <div class='ocr_carea' id='block_1_41' title="bbox 514 2459 1294 2529">
    <p class='ocr_par' dir='ltr' id='par_1_41' title="bbox 514 2459 1294 2529">
     <span class='ocr_line' id='line_1_41' title="bbox 514 2459 1294 2529; baseline -0.001 -15"><span class='ocrx_word' id='word_1_278' title='bbox 514 2459 697 2529; x_wconf 80' lang='lat' dir='ltr'>cupiat</span> <span class='ocrx_word' id='word_1_279' title='bbox 726 2467 988 2529; x_wconf 73' lang='lat' dir='ltr'>praestare</span> <span class='ocrx_word' id='word_1_280' title='bbox 1019 2459 1294 2515; x_wconf 89' lang='lat' dir='ltr'>correctis.</span> 
     </span>
    </p>
   </div>
   <div class='ocr_carea' id='block_1_42' title="bbox 578 2547 2117 2621">
    <p class='ocr_par' dir='ltr' id='par_1_42' title="bbox 578 2547 2117 2621">
     <span class='ocr_line' id='line_1_42' title="bbox 578 2547 2117 2621; baseline 0.001 -19"><span class='ocrx_word' id='word_1_281' title='bbox 578 2548 647 2602; x_wconf 88' lang='lat' dir='ltr'>Et</span> <span class='ocrx_word' id='word_1_282' title='bbox 689 2563 812 2603; x_wconf 90' lang='lat' dir='ltr'>cum</span> <span class='ocrx_word' id='word_1_283' title='bbox 861 2565 969 2602; x_wconf 89' lang='lat' dir='ltr'>non</span> <span class='ocrx_word' id='word_1_284' title='bbox 1019 2547 1087 2601; x_wconf 88' lang='lat' dir='ltr'>sit</span> <span class='ocrx_word' id='word_1_285' title='bbox 1131 2548 1576 2618; x_wconf 88' lang='lat' dir='ltr'>reprehensibilis</span> <span class='ocrx_word' id='word_1_286' title='bbox 1620 2566 1752 2621; x_wconf 87' lang='lat' dir='ltr'>erga</span> <span class='ocrx_word' id='word_1_287' title='bbox 1815 2559 2117 2606; x_wconf 89' lang='lat' dir='ltr'>correctum</span> 
     </span>
    </p>
   </div>
   <div class='ocr_carea' id='block_1_43' title="bbox 517 2636 2119 2710">
    <p class='ocr_par' dir='ltr' id='par_1_43' title="bbox 517 2636 2119 2710">
     <span class='ocr_line' id='line_1_43' title="bbox 517 2636 2119 2710; baseline 0.002 -20"><span class='ocrx_word' id='word_1_288' title='bbox 517 2643 935 2708; x_wconf 88' lang='lat' dir='ltr'>quantacunque</span> <span class='ocrx_word' id='word_1_289' title='bbox 969 2637 1278 2701; x_wconf 88' lang='lat' dir='ltr'>miseratio,</span> <span class='ocrx_word' id='word_1_290' title='bbox 1319 2636 1658 2693; x_wconf 83' lang='lat' dir='ltr'>satisfaciens</span> <span class='ocrx_word' id='word_1_291' title='bbox 1693 2653 1878 2693; x_wconf 87' lang='lat' dir='ltr'>coram</span> <span class='ocrx_word' id='word_1_292' title='bbox 1909 2639 2119 2710; x_wconf 81' lang='lat' dir='ltr'>synodo</span> 
     </span>
    </p>
   </div>
   <div class='ocr_carea' id='block_1_44' title="bbox 513 2724 2118 2798">
    <p class='ocr_par' dir='ltr' id='par_1_44' title="bbox 513 2724 2118 2798">
     <span class='ocr_line' id='line_1_44' title="bbox 513 2724 2118 2798; baseline 0.002 -20"><span class='ocrx_word' id='word_1_293' title='bbox 513 2724 948 2780; x_wconf 87' lang='lat' dir='ltr'>misericordiam</span> <span class='ocrx_word' id='word_1_294' title='bbox 981 2733 1006 2769; x_wconf 72' lang='grc' dir='ltr'>δ</span> <span class='ocrx_word' id='word_1_295' title='bbox 1035 2726 1330 2780; x_wconf 87' lang='lat' dir='ltr'>secundum</span> <span class='ocrx_word' id='word_1_296' title='bbox 1377 2727 1826 2782; x_wconf 88' lang='lat' dir='ltr'>consuetudinem</span> <span class='ocrx_word' id='word_1_297' title='bbox 1871 2727 2118 2798; x_wconf 89' lang='lat' dir='ltr'>postula-</span> 
     </span>
    </p>
   </div>
   <div class='ocr_carea' id='block_1_45' title="bbox 515 2813 2120 2885">
    <p class='ocr_par' dir='ltr' id='par_1_45' title="bbox 515 2813 2120 2885">
     <span class='ocr_line' id='line_1_45' title="bbox 515 2813 2120 2885; baseline 0.002 -19"><span class='ocrx_word' id='word_1_298' title='bbox 515 2813 678 2878; x_wconf 89' lang='lat' dir='ltr'>veris,</span> <span class='ocrx_word' id='word_1_299' title='bbox 714 2829 780 2868; x_wconf 93' lang='lat' dir='ltr'>ac</span> <span class='ocrx_word' id='word_1_300' title='bbox 812 2814 856 2866; x_wconf 88' lang='lat' dir='ltr'>si</span> <span class='ocrx_word' id='word_1_301' title='bbox 905 2814 1138 2868; x_wconf 87' lang='lat' dir='ltr'>evidenti</span> <span class='ocrx_word' id='word_1_302' title='bbox 1183 2815 1522 2869; x_wconf 89' lang='lat' dir='ltr'>correctione</span> <span class='ocrx_word' id='word_1_303' title='bbox 1565 2815 1730 2869; x_wconf 90' lang='lat' dir='ltr'>utaris</span> <span class='ocrx_word' id='word_1_304' title='bbox 1757 2858 1769 2880; x_wconf 96' lang='lat'>,</span> <span class='ocrx_word' id='word_1_305' title='bbox 1819 2823 1872 2869; x_wconf 89' lang='lat' dir='ltr'>et</span> <span class='ocrx_word' id='word_1_306' title='bbox 1915 2815 2120 2885; x_wconf 82' lang='lat' dir='ltr'>peritia</span> 
     </span>
    </p>
   </div>
   <div class='ocr_carea' id='block_1_46' title="bbox 511 2901 2178 2974">
    <p class='ocr_par' dir='ltr' id='par_1_46' title="bbox 511 2901 2178 2974">
     <span class='ocr_line' id='line_1_46' title="bbox 511 2901 2178 2974; baseline 0.002 -20"><span class='ocrx_word' id='word_1_307' title='bbox 511 2916 626 2954; x_wconf 87' lang='lat' dir='ltr'>non</span> <span class='ocrx_word' id='word_1_308' title='bbox 655 2901 1004 2969; x_wconf 87' lang='lat' dir='ltr'>obliviscens,</span> <span class='ocrx_word' id='word_1_309' title='bbox 1029 2901 1227 2955; x_wconf 87' lang='lat' dir='ltr'>nullius</span> <span class='ocrx_word' id='word_1_310' title='bbox 1269 2901 1466 2956; x_wconf 88' lang='lat' dir='ltr'>damna</span> <span class='ocrx_word' id='word_1_311' title='bbox 1501 2903 1766 2967; x_wconf 90' lang='lat' dir='ltr'>moliaris,</span> <span class='ocrx_word' id='word_1_312' title='bbox 1791 2903 1920 2974; x_wconf 88' lang='lat' dir='ltr'>quin</span> <span class='ocrx_word' id='word_1_313' title='bbox 1942 2904 2120 2973; x_wconf 89' lang='lat' dir='ltr'>potius</span> <span class='ocrx_word' id='word_1_314' title='bbox 2171 2932 2178 2940; x_wconf 92' lang='lat'><strong><em>-</em></strong></span> 
     </span>
    </p>
   </div>
   <div class='ocr_carea' id='block_1_47' title="bbox 517 2987 2116 3058">
    <p class='ocr_par' dir='ltr' id='par_1_47' title="bbox 517 2987 2116 3058">
     <span class='ocr_line' id='line_1_47' title="bbox 517 2987 2116 3058; baseline 0.002 -16"><span class='ocrx_word' id='word_1_315' title='bbox 517 2987 704 3042; x_wconf 89' lang='lat' dir='ltr'>exsilia</span> <span class='ocrx_word' id='word_1_316' title='bbox 735 3005 924 3042; x_wconf 90' lang='lat' dir='ltr'>eorum</span> <span class='ocrx_word' id='word_1_317' title='bbox 955 2988 1046 3058; x_wconf 91' lang='lat' dir='ltr'>qui</span> <span class='ocrx_word' id='word_1_318' title='bbox 1074 2989 1170 3042; x_wconf 86' lang='lat' dir='ltr'>tibi</span> <span class='ocrx_word' id='word_1_319' title='bbox 1203 3005 1313 3043; x_wconf 90' lang='lat' dir='ltr'>non</span> <span class='ocrx_word' id='word_1_320' title='bbox 1343 2989 1482 3044; x_wconf 87' lang='lat' dir='ltr'>velle</span> <span class='ocrx_word' id='word_1_321' title='bbox 1511 2991 1820 3045; x_wconf 82' lang='lat' dir='ltr'>consentire</span> <span class='ocrx_word' id='word_1_322' title='bbox 1851 2990 2116 3057; x_wconf 91' lang='lat' dir='ltr'>dicuntur,</span> 
     </span>
    </p>
   </div>
   <div class='ocr_carea' id='block_1_48' title="bbox 517 3075 2118 3147">
    <p class='ocr_par' dir='ltr' id='par_1_48' title="bbox 517 3075 2118 3147">
     <span class='ocr_line' id='line_1_48' title="bbox 517 3075 2118 3147; baseline 0.001 -15"><span class='ocrx_word' id='word_1_323' title='bbox 517 3076 758 3132; x_wconf 88' lang='lat' dir='ltr'>studiose</span> <span class='ocrx_word' id='word_1_324' title='bbox 779 3075 1118 3142; x_wconf 88' lang='lat' dir='ltr'>dissolveris,</span> <span class='ocrx_word' id='word_1_325' title='bbox 1134 3093 1339 3147; x_wconf 89' lang='lat' dir='ltr'>eosque</span> <span class='ocrx_word' id='word_1_326' title='bbox 1356 3077 1468 3131; x_wconf 82' lang='lat' dir='ltr'>suis</span> <span class='ocrx_word' id='word_1_327' title='bbox 1485 3077 1732 3133; x_wconf 90' lang='lat' dir='ltr'>ecclesiis</span> <span class='ocrx_word' id='word_1_328' title='bbox 1752 3087 1803 3134; x_wconf 93' lang='lat' dir='ltr'>et</span> <span class='ocrx_word' id='word_1_329' title='bbox 1819 3079 2118 3134; x_wconf 86' lang='lat' dir='ltr'>honoribus</span> 
     </span>
    </p>
   </div>
   <div class='ocr_carea' id='block_1_49' title="bbox 514 3165 2117 3236">
    <p class='ocr_par' dir='ltr' id='par_1_49' title="bbox 514 3165 2117 3236">
     <span class='ocr_line' id='line_1_49' title="bbox 514 3165 2117 3236; baseline 0.001 -15"><span class='ocrx_word' id='word_1_330' title='bbox 514 3165 852 3221; x_wconf 87' lang='lat' dir='ltr'>restitueris:</span> <span class='ocrx_word' id='word_1_331' title='bbox 878 3172 930 3220; x_wconf 91' lang='lat' dir='ltr'>et</span> <span class='ocrx_word' id='word_1_332' title='bbox 952 3165 1018 3231; x_wconf 90' lang='lat' dir='ltr'>si,</span> <span class='ocrx_word' id='word_1_333' title='bbox 1044 3165 1166 3236; x_wconf 88' lang='lat' dir='ltr'>quia</span> <span class='ocrx_word' id='word_1_334' title='bbox 1204 3165 1465 3236; x_wconf 88' lang='lat' dir='ltr'>spiritalis</span> <span class='ocrx_word' id='word_1_335' title='bbox 1493 3165 1636 3220; x_wconf 87' lang='lat' dir='ltr'>ﬁlius</span> <span class='ocrx_word' id='word_1_336' title='bbox 1665 3175 1849 3222; x_wconf 89' lang='lat' dir='ltr'>noster</span> <span class='ocrx_word' id='word_1_337' title='bbox 1887 3167 2117 3222; x_wconf 89' lang='lat' dir='ltr'>Basilius</span> 
     </span>
    </p>
   </div>
   <div class='ocr_carea' id='block_1_50' title="bbox 514 3253 2117 3325">
    <p class='ocr_par' dir='ltr' id='par_1_50' title="bbox 514 3253 2117 3325">
     <span class='ocr_line' id='line_1_50' title="bbox 514 3253 2117 3325; baseline 0.001 -17"><span class='ocrx_word' id='word_1_338' title='bbox 514 3253 1006 3308; x_wconf 89' lang='lat' dir='ltr'>Christianissimus</span> <span class='ocrx_word' id='word_1_339' title='bbox 1052 3253 1342 3324; x_wconf 87' lang='lat' dir='ltr'>imperator</span> <span class='ocrx_word' id='word_1_340' title='bbox 1388 3254 1531 3325; x_wconf 89' lang='lat' dir='ltr'>apud</span> <span class='ocrx_word' id='word_1_341' title='bbox 1572 3271 1676 3316; x_wconf 83' lang='lat' dir='ltr'>nos</span> <span class='ocrx_word' id='word_1_342' title='bbox 1724 3263 1904 3324; x_wconf 89' lang='lat' dir='ltr'>pro.te</span> <span class='ocrx_word' id='word_1_343' title='bbox 1935 3256 2117 3310; x_wconf 89' lang='lat' dir='ltr'>multis</span> 
     </span>
    </p>
   </div>
   <div class='ocr_carea' id='block_1_51' title="bbox 515 3341 2118 3412">
    <p class='ocr_par' dir='ltr' id='par_1_51' title="bbox 515 3341 2118 3412">
     <span class='ocr_line' id='line_1_51' title="bbox 515 3341 2118 3412; baseline 0.001 -16"><span class='ocrx_word' id='word_1_344' title='bbox 515 3342 772 3412; x_wconf 88' lang='lat' dir='ltr'>precibus</span> <span class='ocrx_word' id='word_1_345' title='bbox 802 3341 1133 3409; x_wconf 89' lang='lat' dir='ltr'>intervenit,</span> <span class='ocrx_word' id='word_1_346' title='bbox 1165 3358 1357 3397; x_wconf 86' lang='lat' dir='ltr'>omnes</span> <span class='ocrx_word' id='word_1_347' title='bbox 1387 3359 1496 3398; x_wconf 92' lang='lat' dir='ltr'>uno</span> <span class='ocrx_word' id='word_1_348' title='bbox 1529 3350 1673 3412; x_wconf 87' lang='lat' dir='ltr'>voto,</span> <span class='ocrx_word' id='word_1_349' title='bbox 1709 3359 1816 3398; x_wconf 87' lang='lat' dir='ltr'>uno</span> <span class='ocrx_word' id='word_1_350' title='bbox 1847 3359 2118 3400; x_wconf 89' lang='lat' dir='ltr'>consensu</span> 
     </span>
    </p>
   </div>
   <div class='ocr_carea' id='block_1_52' title="bbox 513 3429 2117 3499">
    <p class='ocr_par' dir='ltr' id='par_1_52' title="bbox 513 3429 2117 3499">
     <span class='ocr_line' id='line_1_52' title="bbox 513 3429 2117 3499; baseline -0.001 -13"><span class='ocrx_word' id='word_1_351' title='bbox 513 3439 566 3486; x_wconf 89' lang='lat' dir='ltr'>et</span> <span class='ocrx_word' id='word_1_352' title='bbox 595 3447 705 3486; x_wconf 86' lang='lat' dir='ltr'>una</span> <span class='ocrx_word' id='word_1_353' title='bbox 751 3429 1047 3486; x_wconf 89' lang='lat' dir='ltr'>concordia</span> <span class='ocrx_word' id='word_1_354' title='bbox 1097 3429 1152 3484; x_wconf 90' lang='lat' dir='ltr'>in</span> <span class='ocrx_word' id='word_1_355' title='bbox 1201 3438 1292 3486; x_wconf 88' lang='lat' dir='ltr'>tua</span> <span class='ocrx_word' id='word_1_356' title='bbox 1353 3431 1694 3486; x_wconf 90' lang='lat' dir='ltr'>restitutione</span> <span class='ocrx_word' id='word_1_357' title='bbox 1742 3432 2117 3499; x_wconf 86' lang='lat' dir='ltr'>convenerint,</span> 
     </span>
    </p>
   </div>
   <div class='ocr_carea' id='block_1_53' title="bbox 514 3519 2121 3591">
    <p class='ocr_par' dir='ltr' id='par_1_53' title="bbox 514 3519 2121 3591">
     <span class='ocr_line' id='line_1_53' title="bbox 514 3519 2121 3591; baseline 0.001 -17"><span class='ocrx_word' id='word_1_358' title='bbox 514 3519 730 3574; x_wconf 85' lang='lat' dir='ltr'>veniam</span> <span class='ocrx_word' id='word_1_359' title='bbox 761 3536 863 3590; x_wconf 92' lang='lat' dir='ltr'>pro</span> <span class='ocrx_word' id='word_1_360' title='bbox 891 3536 1026 3590; x_wconf 89' lang='lat' dir='ltr'>pace</span> <span class='ocrx_word' id='word_1_361' title='bbox 1055 3527 1253 3574; x_wconf 85' lang='lat' dir='ltr'>sancta</span> <span class='ocrx_word' id='word_1_362' title='bbox 1283 3519 1894 3591; x_wconf 70' lang='lat' dir='ltr'>Constantinopolitanae</span> <span class='ocrx_word' id='word_1_363' title='bbox 1923 3521 2121 3576; x_wconf 88' lang='lat' dir='ltr'>Eccle-</span> 
     </span>
    </p>
   </div>
   <div class='ocr_carea' id='block_1_54' title="bbox 518 3606 2122 3681">
    <p class='ocr_par' dir='ltr' id='par_1_54' title="bbox 518 3606 2122 3681">
     <span class='ocr_line' id='line_1_54' title="bbox 518 3606 2122 3681; baseline 0.001 -20"><span class='ocrx_word' id='word_1_364' title='bbox 518 3606 612 3662; x_wconf 91' lang='lat' dir='ltr'>sia</span> <span class='ocrx_word' id='word_1_365' title='bbox 643 3607 736 3661; x_wconf 89' lang='lat' dir='ltr'>tibi</span> <span class='ocrx_word' id='word_1_366' title='bbox 765 3607 1144 3676; x_wconf 90' lang='lat' dir='ltr'>concedimus,</span> <span class='ocrx_word' id='word_1_367' title='bbox 1179 3608 1617 3664; x_wconf 90' lang='lat' dir='ltr'>communionem</span> <span class='ocrx_word' id='word_1_368' title='bbox 1667 3625 1884 3681; x_wconf 90' lang='lat' dir='ltr'>quoque</span> <span class='ocrx_word' id='word_1_369' title='bbox 1915 3616 1967 3664; x_wconf 87' lang='lat' dir='ltr'>et</span> <span class='ocrx_word' id='word_1_370' title='bbox 1997 3625 2122 3680; x_wconf 88' lang='lat' dir='ltr'>gra-</span> 
     </span>
    </p>
   </div>
   <div class='ocr_carea' id='block_1_55' title="bbox 517 3694 2120 3767">
    <p class='ocr_par' dir='ltr' id='par_1_55' title="bbox 517 3694 2120 3767">
     <span class='ocr_line' id='line_1_55' title="bbox 517 3694 2120 3767; baseline 0.002 -19"><span class='ocrx_word' id='word_1_371' title='bbox 517 3695 684 3762; x_wconf 92' lang='lat' dir='ltr'>dum,</span> <span class='ocrx_word' id='word_1_372' title='bbox 737 3710 924 3750; x_wconf 89' lang='lat' dir='ltr'>coram</span> <span class='ocrx_word' id='word_1_373' title='bbox 972 3695 1183 3765; x_wconf 78' lang='lat' dir='ltr'>synodo</span> <span class='ocrx_word' id='word_1_374' title='bbox 1241 3694 1675 3751; x_wconf 88' lang='lat' dir='ltr'>misericordiam</span> <span class='ocrx_word' id='word_1_375' title='bbox 1733 3697 2030 3767; x_wconf 84' lang='lat' dir='ltr'>quarendo</span> <span class='ocrx_word' id='word_1_376' title='bbox 2077 3705 2120 3762; x_wconf 76' lang='grc' dir='ltr'>ο,</span> 
     </span>
    </p>
   </div>
   <div class='ocr_carea' id='block_1_56' title="bbox 517 3781 2125 3848">
    <p class='ocr_par' dir='ltr' id='par_1_56' title="bbox 517 3781 2125 3848">
     <span class='ocr_line' id='line_1_56' title="bbox 517 3781 2125 3848; baseline 0.002 -14"><span class='ocrx_word' id='word_1_377' title='bbox 517 3781 871 3837; x_wconf 87' lang='lat' dir='ltr'>nihilominus</span> <span class='ocrx_word' id='word_1_378' title='bbox 916 3783 1230 3848; x_wconf 88' lang='lat' dir='ltr'>reddimus,</span> <span class='ocrx_word' id='word_1_379' title='bbox 1280 3790 1334 3838; x_wconf 93' lang='lat' dir='ltr'>et</span> <span class='ocrx_word' id='word_1_380' title='bbox 1381 3791 1437 3836; x_wconf 90' lang='lat' dir='ltr'>ut</span> <span class='ocrx_word' id='word_1_381' title='bbox 1485 3793 1686 3839; x_wconf 84' lang='lat' dir='ltr'>sancta</span> <span class='ocrx_word' id='word_1_382' title='bbox 1747 3783 2125 3839; x_wconf 88' lang='lat' dir='ltr'>Constantino-</span> 
     </span>
    </p>
   </div>
   <div class='ocr_carea' id='block_1_57' title="bbox 516 3869 2123 3942">
    <p class='ocr_par' dir='ltr' id='par_1_57' title="bbox 516 3869 2123 3942">
     <span class='ocr_line' id='line_1_57' title="bbox 516 3869 2123 3942; baseline 0.002 -19"><span class='ocrx_word' id='word_1_383' title='bbox 516 3869 770 3939; x_wconf 83' lang='lat' dir='ltr'>politana</span> <span class='ocrx_word' id='word_1_384' title='bbox 782 3869 1044 3924; x_wconf 87' lang='lat' dir='ltr'>Ecclesia</span> <span class='ocrx_word' id='word_1_385' title='bbox 1057 3870 1222 3942; x_wconf 89' lang='lat' dir='ltr'>digne</span> <span class='ocrx_word' id='word_1_386' title='bbox 1234 3886 1473 3940; x_wconf 67' lang='lat' dir='ltr'>praeesse</span> <span class='ocrx_word' id='word_1_387' title='bbox 1490 3871 1716 3935; x_wconf 84' lang='lat' dir='ltr'>debeas,</span> <span class='ocrx_word' id='word_1_388' title='bbox 1731 3872 2123 3935; x_wconf 86' lang='lat' dir='ltr'>consentimus,</span> 
     </span>
    </p>
   </div>
   <div class='ocr_carea' id='block_1_58' title="bbox 518 3957 2126 4026">
    <p class='ocr_par' dir='ltr' id='par_1_58' title="bbox 518 3957 2126 4026">
     <span class='ocr_line' id='line_1_58' title="bbox 518 3957 2126 4026; baseline 0.001 -16"><span class='ocrx_word' id='word_1_389' title='bbox 518 3957 592 4010; x_wconf 91' lang='lat' dir='ltr'>ita</span> <span class='ocrx_word' id='word_1_390' title='bbox 640 3965 822 4012; x_wconf 88' lang='lat' dir='ltr'>tamen</span> <span class='ocrx_word' id='word_1_391' title='bbox 853 3965 912 4010; x_wconf 90' lang='lat' dir='ltr'>ut</span> <span class='ocrx_word' id='word_1_392' title='bbox 941 3957 1201 4026; x_wconf 91' lang='lat' dir='ltr'>deinceps</span> <span class='ocrx_word' id='word_1_393' title='bbox 1231 3958 1300 4012; x_wconf 91' lang='lat' dir='ltr'>de</span> <span class='ocrx_word' id='word_1_394' title='bbox 1331 3957 1484 4012; x_wconf 91' lang='lat' dir='ltr'>laicis</span> <span class='ocrx_word' id='word_1_395' title='bbox 1533 3958 1586 4011; x_wconf 93' lang='lat' dir='ltr'>in</span> <span class='ocrx_word' id='word_1_396' title='bbox 1635 3960 1830 4014; x_wconf 88' lang='lat' dir='ltr'>eadem</span> <span class='ocrx_word' id='word_1_397' title='bbox 1881 3960 2126 4014; x_wconf 85' lang='lat' dir='ltr'>Ecclesia</span> 
     </span>
    </p>
   </div>
   <div class='ocr_carea' id='block_1_59' title="bbox 519 4044 2127 4114">
    <p class='ocr_par' dir='ltr' id='par_1_59' title="bbox 519 4044 2127 4114">
     <span class='ocr_line' id='line_1_59' title="bbox 519 4044 2127 4114; baseline 0.002 -16"><span class='ocrx_word' id='word_1_398' title='bbox 519 4044 805 4114; x_wconf 87' lang='lat' dir='ltr'>episcopus</span> <span class='ocrx_word' id='word_1_399' title='bbox 835 4051 1022 4099; x_wconf 90' lang='lat' dir='ltr'>contra</span> <span class='ocrx_word' id='word_1_400' title='bbox 1056 4052 1362 4098; x_wconf 89' lang='lat' dir='ltr'>sanctorum</span> <span class='ocrx_word' id='word_1_401' title='bbox 1399 4046 1619 4100; x_wconf 90' lang='lat' dir='ltr'>Patrum</span> <span class='ocrx_word' id='word_1_402' title='bbox 1651 4054 1844 4100; x_wconf 87' lang='lat' dir='ltr'>statuta</span> <span class='ocrx_word' id='word_1_403' title='bbox 1893 4047 2127 4102; x_wconf 79' lang='lat' dir='ltr'>nullate-</span> 
     </span>
    </p>
   </div>
   <div class='ocr_carea' id='block_1_60' title="bbox 520 4130 2129 4198">
    <p class='ocr_par' dir='ltr' id='par_1_60' title="bbox 520 4130 2129 4198">
     <span class='ocr_line' id='line_1_60' title="bbox 520 4130 2129 4198; baseline 0.004 -14"><span class='ocrx_word' id='word_1_404' title='bbox 520 4148 620 4184; x_wconf 90' lang='lat' dir='ltr'>nus</span> <span class='ocrx_word' id='word_1_405' title='bbox 649 4130 950 4196; x_wconf 90' lang='lat' dir='ltr'>ordinetur,</span> <span class='ocrx_word' id='word_1_406' title='bbox 985 4140 1038 4186; x_wconf 90' lang='lat' dir='ltr'>et</span> <span class='ocrx_word' id='word_1_407' title='bbox 1067 4131 1244 4186; x_wconf 90' lang='lat' dir='ltr'>omnis</span> <span class='ocrx_word' id='word_1_408' title='bbox 1265 4131 1357 4186; x_wconf 89' lang='lat' dir='ltr'>illa</span> <span class='ocrx_word' id='word_1_409' title='bbox 1376 4133 1521 4188; x_wconf 88' lang='lat' dir='ltr'>mala</span> <span class='ocrx_word' id='word_1_410' title='bbox 1553 4135 1894 4190; x_wconf 88' lang='lat' dir='ltr'>consuetudo</span> <span class='ocrx_word' id='word_1_411' title='bbox 1930 4135 2129 4198; x_wconf 83' lang='lat' dir='ltr'>abinde</span> 
     </span>
    </p>
   </div>
   <div class='ocr_carea' id='block_1_61' title="bbox 518 4219 2131 4294">
    <p class='ocr_par' dir='ltr' id='par_1_61' title="bbox 518 4219 2131 4294">
     <span class='ocr_line' id='line_1_61' title="bbox 518 4219 2131 4294; baseline 0.002 -20"><span class='ocrx_word' id='word_1_412' title='bbox 518 4219 734 4289; x_wconf 88' lang='lat' dir='ltr'>penitus</span> <span class='ocrx_word' id='word_1_413' title='bbox 766 4227 1096 4290; x_wconf 87' lang='lat' dir='ltr'>amputetur,</span> <span class='ocrx_word' id='word_1_414' title='bbox 1135 4219 1286 4287; x_wconf 87' lang='lat' dir='ltr'>juxta</span> <span class='ocrx_word' id='word_1_415' title='bbox 1324 4221 1614 4290; x_wconf 88' lang='lat' dir='ltr'>capitulum</span> <span class='ocrx_word' id='word_1_416' title='bbox 1653 4223 1798 4294; x_wconf 91' lang='lat' dir='ltr'>quod</span> <span class='ocrx_word' id='word_1_417' title='bbox 1828 4239 1993 4293; x_wconf 87' lang='lat' dir='ltr'>super</span> <span class='ocrx_word' id='word_1_418' title='bbox 2031 4224 2131 4278; x_wconf 90' lang='lat' dir='ltr'>hac</span> 
     </span>
    </p>
   </div>
   <div class='ocr_carea' id='block_1_62' title="bbox 519 4307 2132 4379">
    <p class='ocr_par' dir='ltr' id='par_1_62' title="bbox 519 4307 2132 4379">
     <span class='ocr_line' id='line_1_62' title="bbox 519 4307 2132 4379; baseline 0.003 -19"><span class='ocrx_word' id='word_1_419' title='bbox 519 4325 576 4362; x_wconf 91' lang='lat' dir='ltr'>re</span> <span class='ocrx_word' id='word_1_420' title='bbox 605 4308 657 4362; x_wconf 92' lang='lat' dir='ltr'>in</span> <span class='ocrx_word' id='word_1_421' title='bbox 689 4307 984 4363; x_wconf 88' lang='lat' dir='ltr'>venerabili</span> <span class='ocrx_word' id='word_1_422' title='bbox 1013 4308 1242 4379; x_wconf 79' lang='lat' dir='ltr'>synodo,</span> <span class='ocrx_word' id='word_1_423' title='bbox 1279 4315 1518 4379; x_wconf 89' lang='lat' dir='ltr'>tempore</span> <span class='ocrx_word' id='word_1_424' title='bbox 1570 4310 1776 4366; x_wconf 91' lang='lat' dir='ltr'>scilicet</span> <span class='ocrx_word' id='word_1_425' title='bbox 1823 4311 2132 4366; x_wconf 85' lang='lat' dir='ltr'>decessoris</span> 
     </span>
    </p>
   </div>
   <div class='ocr_carea' id='block_1_63' title="bbox 517 4396 2132 4470">
    <p class='ocr_par' dir='ltr' id='par_1_63' title="bbox 517 4396 2132 4470">
     <span class='ocr_line' id='line_1_63' title="bbox 517 4396 2132 4470; baseline 0.003 -21"><span class='ocrx_word' id='word_1_426' title='bbox 517 4396 689 4451; x_wconf 88' lang='lat' dir='ltr'>nostri</span> <span class='ocrx_word' id='word_1_427' title='bbox 717 4396 940 4452; x_wconf 78' lang='lat' dir='ltr'>Adriani</span> <span class='ocrx_word' id='word_1_428' title='bbox 965 4397 1198 4465; x_wconf 87' lang='lat' dir='ltr'>junioris</span> <span class='ocrx_word' id='word_1_429' title='bbox 1228 4412 1387 4468; x_wconf 75' lang='lat' dir='ltr'>papa</span> <span class='ocrx_word' id='word_1_430' title='bbox 1422 4399 1896 4470; x_wconf 85' lang='lat' dir='ltr'>Constantinopoli</span> <span class='ocrx_word' id='word_1_431' title='bbox 1926 4399 2132 4454; x_wconf 61' lang='lat' dir='ltr'>habita:</span> 
     </span>
    </p>
   </div>
   <div class='ocr_carea' id='block_1_64' title="bbox 515 4485 1576 4557">
    <p class='ocr_par' dir='ltr' id='par_1_64' title="bbox 515 4485 1576 4557">
     <span class='ocr_line' id='line_1_64' title="bbox 515 4485 1576 4557; baseline 0.002 -19"><span class='ocrx_word' id='word_1_432' title='bbox 515 4491 598 4538; x_wconf 89' lang='lat' dir='ltr'>est</span> <span class='ocrx_word' id='word_1_433' title='bbox 628 4485 1119 4557; x_wconf 76' lang='lat' dir='ltr'>congruentissima</span> <span class='ocrx_word' id='word_1_434' title='bbox 1152 4485 1576 4554; x_wconf 83' lang='lat' dir='ltr'>promulgatum.</span> 
     </span>
    </p>
   </div>
   <div class='ocr_carea' id='block_1_65' title="bbox 589 4572 2120 4645">
    <p class='ocr_par' dir='ltr' id='par_1_65' title="bbox 589 4572 2120 4645">
     <span class='ocr_line' id='line_1_65' title="bbox 589 4572 2120 4645; baseline 0.001 -18"><span class='ocrx_word' id='word_1_435' title='bbox 589 4572 814 4643; x_wconf 84' lang='lat' dir='ltr'>Reliqua</span> <span class='ocrx_word' id='word_1_436' title='bbox 847 4589 979 4628; x_wconf 90' lang='lat' dir='ltr'>vero</span> <span class='ocrx_word' id='word_1_437' title='bbox 1001 4590 1120 4645; x_wconf 80' lang='lat' dir='ltr'>qua</span> <span class='ocrx_word' id='word_1_438' title='bbox 1142 4573 1334 4627; x_wconf 83' lang='lat' dir='ltr'>littera</span> <span class='ocrx_word' id='word_1_439' title='bbox 1353 4581 1457 4628; x_wconf 84' lang='lat' dir='ltr'>tua</span> <span class='ocrx_word' id='word_1_440' title='bbox 1477 4589 1510 4627; x_wconf 90' lang='lat' dir='ltr'>a</span> <span class='ocrx_word' id='word_1_441' title='bbox 1531 4575 1688 4629; x_wconf 90' lang='lat' dir='ltr'>nobis</span> <span class='ocrx_word' id='word_1_442' title='bbox 1716 4575 1830 4630; x_wconf 81' lang='lat' dir='ltr'>fore</span> <span class='ocrx_word' id='word_1_443' title='bbox 1849 4576 2120 4630; x_wconf 85' lang='lat' dir='ltr'>censenda</span> 
     </span>
    </p>
   </div>
   <div class='ocr_carea' id='block_1_66' title="bbox 517 4659 2120 4731">
    <p class='ocr_par' dir='ltr' id='par_1_66' title="bbox 517 4659 2120 4731">
     <span class='ocr_line' id='line_1_66' title="bbox 517 4659 2120 4731; baseline 0.003 -19"><span class='ocrx_word' id='word_1_444' title='bbox 517 4659 602 4718; x_wconf 88' lang='lat' dir='ltr'>vel</span> <span class='ocrx_word' id='word_1_445' title='bbox 632 4659 871 4715; x_wconf 79' lang='lat' dir='ltr'>finienda</span> <span class='ocrx_word' id='word_1_446' title='bbox 899 4669 1246 4731; x_wconf 78' lang='lat' dir='ltr'>exspectant,</span> <span class='ocrx_word' id='word_1_447' title='bbox 1283 4661 1406 4716; x_wconf 90' lang='lat' dir='ltr'>dato</span> <span class='ocrx_word' id='word_1_448' title='bbox 1456 4663 1871 4718; x_wconf 89' lang='lat' dir='ltr'>commonitorio</span> <span class='ocrx_word' id='word_1_449' title='bbox 1922 4663 2120 4718; x_wconf 91' lang='lat' dir='ltr'>nostris</span> 
     </span>
    </p>
   </div>
   <div class='ocr_carea' id='block_1_67' title="bbox 515 4748 2116 4820">
    <p class='ocr_par' dir='ltr' id='par_1_67' title="bbox 515 4748 2116 4820">
     <span class='ocr_line' id='line_1_67' title="bbox 515 4748 2116 4820; baseline 0.002 -18"><span class='ocrx_word' id='word_1_450' title='bbox 515 4748 730 4820; x_wconf 81' lang='lat' dir='ltr'>legatis,</span> <span class='ocrx_word' id='word_1_451' title='bbox 766 4749 924 4804; x_wconf 89' lang='lat' dir='ltr'>Petro</span> <span class='ocrx_word' id='word_1_452' title='bbox 953 4749 1254 4804; x_wconf 88' lang='lat' dir='ltr'>venerabili</span> <span class='ocrx_word' id='word_1_453' title='bbox 1274 4750 1592 4820; x_wconf 90' lang='lat' dir='ltr'>presbytero</span> <span class='ocrx_word' id='word_1_454' title='bbox 1615 4751 1879 4806; x_wconf 86' lang='lat' dir='ltr'>cardinali</span> <span class='ocrx_word' id='word_1_455' title='bbox 1909 4760 2116 4818; x_wconf 90' lang='lat' dir='ltr'>nostro,</span> 
     </span>
    </p>
   </div>
   <div class='ocr_carea' id='block_1_68' title="bbox 515 4835 2118 4910">
    <p class='ocr_par' dir='ltr' id='par_1_68' title="bbox 515 4835 2118 4910">
     <span class='ocr_line' id='line_1_68' title="bbox 515 4835 2118 4910; baseline 0.003 -21"><span class='ocrx_word' id='word_1_456' title='bbox 515 4835 897 4908; x_wconf 87' lang='lat' dir='ltr'>deliciosisque</span> <span class='ocrx_word' id='word_1_457' title='bbox 928 4837 1255 4892; x_wconf 89' lang='lat' dir='ltr'>consiliariis</span> <span class='ocrx_word' id='word_1_458' title='bbox 1299 4839 1498 4893; x_wconf 88' lang='lat' dir='ltr'>nostris</span> <span class='ocrx_word' id='word_1_459' title='bbox 1523 4882 1535 4903; x_wconf 93' lang='lat'>,</span> <span class='ocrx_word' id='word_1_460' title='bbox 1585 4839 1838 4909; x_wconf 82' lang='lat' dir='ltr'>quadam</span> <span class='ocrx_word' id='word_1_461' title='bbox 1884 4839 2118 4910; x_wconf 88' lang='lat' dir='ltr'>scriptis,</span> 
     </span>
    </p>
   </div>
   <div class='ocr_carea' id='block_1_69' title="bbox 516 4923 2120 4997">
    <p class='ocr_par' dir='ltr' id='par_1_69' title="bbox 516 4923 2120 4997">
     <span class='ocr_line' id='line_1_69' title="bbox 516 4923 2120 4997; baseline 0.003 -19"><span class='ocrx_word' id='word_1_462' title='bbox 516 4923 766 4995; x_wconf 83' lang='lat' dir='ltr'>quadam</span> <span class='ocrx_word' id='word_1_463' title='bbox 796 4934 976 4980; x_wconf 90' lang='lat' dir='ltr'>autem</span> <span class='ocrx_word' id='word_1_464' title='bbox 1007 4927 1190 4980; x_wconf 89' lang='lat' dir='ltr'>verbis</span> <span class='ocrx_word' id='word_1_465' title='bbox 1221 4926 1579 4995; x_wconf 89' lang='lat' dir='ltr'>injunximus,</span> <span class='ocrx_word' id='word_1_466' title='bbox 1621 4927 1712 4997; x_wconf 92' lang='lat' dir='ltr'>qui</span> <span class='ocrx_word' id='word_1_467' title='bbox 1737 4927 1890 4996; x_wconf 85' lang='lat' dir='ltr'>juxta</span> <span class='ocrx_word' id='word_1_468' title='bbox 1917 4943 2120 4983; x_wconf 88' lang='lat' dir='ltr'>censu-</span> 
     </span>
    </p>
   </div>
   <div class='ocr_carea' id='block_1_70' title="bbox 513 5013 2116 5084">
    <p class='ocr_par' dir='ltr' id='par_1_70' title="bbox 513 5013 2116 5084">
     <span class='ocr_line' id='line_1_70' title="bbox 513 5013 2116 5084; baseline 0.003 -18"><span class='ocrx_word' id='word_1_469' title='bbox 513 5028 630 5067; x_wconf 92' lang='lat' dir='ltr'>ram</span> <span class='ocrx_word' id='word_1_470' title='bbox 663 5013 835 5069; x_wconf 87' lang='lat' dir='ltr'>nostri</span> <span class='ocrx_word' id='word_1_471' title='bbox 865 5015 1202 5084; x_wconf 87' lang='lat' dir='ltr'>apostolatus</span> <span class='ocrx_word' id='word_1_472' title='bbox 1223 5015 1476 5071; x_wconf 90' lang='lat' dir='ltr'>instructi</span> <span class='ocrx_word' id='word_1_473' title='bbox 1504 5016 1572 5070; x_wconf 89' lang='lat' dir='ltr'>de</span> <span class='ocrx_word' id='word_1_474' title='bbox 1602 5015 1874 5084; x_wconf 88' lang='lat' dir='ltr'>omnibus,</span> <span class='ocrx_word' id='word_1_475' title='bbox 1901 5025 2116 5080; x_wconf 89' lang='lat' dir='ltr'>cuncta,</span> 
     </span>
    </p>
   </div>
   <div class='ocr_carea' id='block_1_71' title="bbox 514 5102 2122 5174">
    <p class='ocr_par' dir='ltr' id='par_1_71' title="bbox 514 5102 2122 5174">
     <span class='ocr_line' id='line_1_71' title="bbox 514 5102 2122 5174; baseline 0.001 -18"><span class='ocrx_word' id='word_1_476' title='bbox 514 5102 631 5157; x_wconf 91' lang='lat' dir='ltr'>Deo</span> <span class='ocrx_word' id='word_1_477' title='bbox 651 5118 762 5172; x_wconf 75' lang='lat' dir='ltr'>pra:</span> <span class='ocrx_word' id='word_1_478' title='bbox 797 5102 971 5158; x_wconf 90' lang='lat' dir='ltr'>oculis</span> <span class='ocrx_word' id='word_1_479' title='bbox 1001 5103 1203 5168; x_wconf 89' lang='lat' dir='ltr'>habito,</span> <span class='ocrx_word' id='word_1_480' title='bbox 1241 5104 1691 5174; x_wconf 87' lang='lat' dir='ltr'>contemplantes,</span> <span class='ocrx_word' id='word_1_481' title='bbox 1715 5111 1768 5158; x_wconf 86' lang='lat' dir='ltr'>et</span> <span class='ocrx_word' id='word_1_482' title='bbox 1787 5103 2122 5158; x_wconf 89' lang='lat' dir='ltr'>admittenda</span> 
     </span>
    </p>
   </div>
   <div class='ocr_carea' id='block_1_72' title="bbox 521 5235 2118 5309">
    <p class='ocr_par' dir='ltr' id='par_1_72' title="bbox 521 5235 2118 5309">
     <span class='ocr_line' id='line_1_72' title="bbox 521 5235 2118 5309; baseline -0.002 -18"><span class='ocrx_word' id='word_1_483' title='bbox 521 5300 532 5309; x_wconf 43' lang='lat'>.</span> <span class='ocrx_word' id='word_1_484' title='bbox 585 5265 609 5291; x_wconf 75' lang='grc' dir='ltr'>ιι</span> <span class='ocrx_word' id='word_1_485' title='bbox 631 5236 727 5309; x_wconf 83' lang='lat' dir='ltr'>Ista</span> <span class='ocrx_word' id='word_1_486' title='bbox 745 5237 806 5288; x_wconf 86' lang='lat' dir='ltr'>de</span> <span class='ocrx_word' id='word_1_487' title='bbox 833 5235 1128 5309; x_wconf 79' lang='lat' dir='ltr'>consulenda</span> <span class='ocrx_word' id='word_1_488' title='bbox 1151 5238 1267 5290; x_wconf 87' lang='lat' dir='ltr'>sede</span> <span class='ocrx_word' id='word_1_489' title='bbox 1299 5239 1564 5300; x_wconf 86' lang='lat' dir='ltr'>apostolica</span> <span class='ocrx_word' id='word_1_490' title='bbox 1585 5237 1786 5290; x_wconf 85' lang='lat' dir='ltr'>Photius</span> <span class='ocrx_word' id='word_1_491' title='bbox 1809 5237 2118 5290; x_wconf 86' lang='lat' dir='ltr'>detruncavit</span> 
     </span>
    </p>
   </div>
   <div class='ocr_carea' id='block_1_73' title="bbox 521 5303 1044 5353">
    <p class='ocr_par' dir='ltr' id='par_1_73' title="bbox 521 5303 1044 5353">
     <span class='ocr_line' id='line_1_73' title="bbox 521 5303 1044 5353; baseline 0.011 -6"><span class='ocrx_word' id='word_1_492' title='bbox 521 5303 569 5348; x_wconf 93' lang='lat' dir='ltr'>in</span> <span class='ocrx_word' id='word_1_493' title='bbox 589 5314 678 5351; x_wconf 90' lang='lat' dir='ltr'>sua</span> <span class='ocrx_word' id='word_1_494' title='bbox 706 5303 1044 5353; x_wconf 85' lang='lat' dir='ltr'>translatione.</span> 
     </span>
    </p>
   </div>
   <div class='ocr_carea' id='block_1_74' title="bbox 587 5365 2121 5434">
    <p class='ocr_par' dir='ltr' id='par_1_74' title="bbox 587 5365 2121 5434">
     <span class='ocr_line' id='line_1_74' title="bbox 587 5365 2121 5434; baseline 0.003 -19"><span class='ocrx_word' id='word_1_495' title='bbox 587 5365 614 5400; x_wconf 69' lang='grc' dir='ltr'>δ</span> <span class='ocrx_word' id='word_1_496' title='bbox 639 5367 751 5434; x_wconf 74' lang='lat' dir='ltr'>liae</span> <span class='ocrx_word' id='word_1_497' title='bbox 773 5370 833 5420; x_wconf 89' lang='lat' dir='ltr'>de</span> <span class='ocrx_word' id='word_1_498' title='bbox 858 5369 1191 5420; x_wconf 85' lang='lat' dir='ltr'>misericordia</span> <span class='ocrx_word' id='word_1_499' title='bbox 1216 5371 1475 5432; x_wconf 76' lang='lat' dir='ltr'>quarenda</span> <span class='ocrx_word' id='word_1_500' title='bbox 1499 5383 1666 5422; x_wconf 84' lang='lat' dir='ltr'>coram</span> <span class='ocrx_word' id='word_1_501' title='bbox 1689 5372 1874 5434; x_wconf 82' lang='lat' dir='ltr'>synodo</span> <span class='ocrx_word' id='word_1_502' title='bbox 1916 5371 2121 5422; x_wconf 85' lang='lat' dir='ltr'>abstulit</span> 
     </span>
    </p>
   </div>
   <div class='ocr_carea' id='block_1_75' title="bbox 520 5431 1316 5494">
    <p class='ocr_par' dir='ltr' id='par_1_75' title="bbox 520 5431 1316 5494">
     <span class='ocr_line' id='line_1_75' title="bbox 520 5431 1316 5494; baseline 0.009 -15"><span class='ocrx_word' id='word_1_503' title='bbox 520 5431 741 5494; x_wconf 84' lang='lat' dir='ltr'>Photius,</span> <span class='ocrx_word' id='word_1_504' title='bbox 768 5435 849 5486; x_wconf 86' lang='lat' dir='ltr'>hic</span> <span class='ocrx_word' id='word_1_505' title='bbox 872 5440 923 5487; x_wconf 88' lang='lat' dir='ltr'>et</span> <span class='ocrx_word' id='word_1_506' title='bbox 943 5435 1062 5486; x_wconf 88' lang='lat' dir='ltr'>alias</span> <span class='ocrx_word' id='word_1_507' title='bbox 1093 5431 1316 5486; x_wconf 84' lang='lat' dir='ltr'>inferius.</span> 
     </span>
    </p>
   </div>
   <div class='ocr_carea' id='block_1_76' title="bbox 525 5499 2111 5614">
    <p class='ocr_par' dir='ltr' id='par_1_76' title="bbox 525 5499 2111 5614">
     <span class='ocr_line' id='line_1_76' title="bbox 525 5499 2111 5614; baseline 0.005 -68"><span class='ocrx_word' id='word_1_508' title='bbox 525 5523 617 5614; x_wconf 50' lang='lat' dir='ltr'>an:</span> <span class='ocrx_word' id='word_1_509' title='bbox 667 5499 779 5548; x_wconf 82' lang='lat' dir='ltr'>Haec</span> <span class='ocrx_word' id='word_1_510' title='bbox 861 5505 1068 5562; x_wconf 85' lang='lat' dir='ltr'>quatuor</span> <span class='ocrx_word' id='word_1_511' title='bbox 1149 5503 1296 5552; x_wconf 86' lang='lat' dir='ltr'>verba</span> <span class='ocrx_word' id='word_1_512' title='bbox 1370 5503 1535 5554; x_wconf 83' lang='lat' dir='ltr'>itidem</span> <span class='ocrx_word' id='word_1_513' title='bbox 1617 5504 1894 5554; x_wconf 86' lang='lat' dir='ltr'>decurtavit</span> <span class='ocrx_word' id='word_1_514' title='bbox 1977 5506 2111 5555; x_wconf 86' lang='lat' dir='ltr'>Pho-</span> 
     </span>
    </p>
   </div>
   <div class='ocr_carea' id='block_1_77' title="bbox 2148 3121 2196 3184">
    <p class='ocr_par' dir='ltr' id='par_1_77' title="bbox 2148 3121 2196 3184">
     <span class='ocr_line' id='line_1_77' title="bbox 2148 3121 2196 3184; baseline 0 0"><span class='ocrx_word' id='word_1_515' title='bbox 2148 3121 2196 3184; x_wconf 88' lang='lat' dir='ltr'>C</span> 
     </span>
    </p>
   </div>
   <div class='ocr_carea' id='block_1_78' title="bbox 2215 1830 3802 1902">
    <p class='ocr_par' dir='ltr' id='par_1_78' title="bbox 2215 1830 3802 1902">
     <span class='ocr_line' id='line_1_78' title="bbox 2215 1830 3802 1902; baseline -0.003 -16"><span class='ocrx_word' id='word_1_516' title='bbox 2215 1833 2442 1899; x_wconf 85' lang='lat' dir='ltr'>feceris,</span> <span class='ocrx_word' id='word_1_517' title='bbox 2476 1833 2561 1888; x_wconf 89' lang='lat' dir='ltr'>vel</span> <span class='ocrx_word' id='word_1_518' title='bbox 2594 1833 2769 1888; x_wconf 88' lang='lat' dir='ltr'>donec</span> <span class='ocrx_word' id='word_1_519' title='bbox 2801 1831 2956 1888; x_wconf 87' lang='lat' dir='ltr'>nobis</span> <span class='ocrx_word' id='word_1_520' title='bbox 2985 1831 3274 1902; x_wconf 90' lang='lat' dir='ltr'>obediant,</span> <span class='ocrx_word' id='word_1_521' title='bbox 3308 1846 3434 1886; x_wconf 89' lang='lat' dir='ltr'>cum</span> <span class='ocrx_word' id='word_1_522' title='bbox 3463 1830 3544 1885; x_wconf 87' lang='lat' dir='ltr'>eis</span> <span class='ocrx_word' id='word_1_523' title='bbox 3572 1845 3802 1885; x_wconf 89' lang='lat' dir='ltr'>commu-</span> 
     </span>
    </p>
   </div>
   <div class='ocr_carea' id='block_1_79' title="bbox 2215 1917 3801 1992">
    <p class='ocr_par' dir='ltr' id='par_1_79' title="bbox 2215 1917 3801 1992">
     <span class='ocr_line' id='line_1_79' title="bbox 2215 1917 3801 1992; baseline -0.003 -16"><span class='ocrx_word' id='word_1_524' title='bbox 2215 1922 2502 1988; x_wconf 89' lang='lat' dir='ltr'>nicaveris,</span> <span class='ocrx_word' id='word_1_525' title='bbox 2535 1922 2654 1992; x_wconf 90' lang='lat' dir='ltr'>pari</span> <span class='ocrx_word' id='word_1_526' title='bbox 2684 1919 3250 1978; x_wconf 85' lang='lat' dir='ltr'>excommunicatione</span> <span class='ocrx_word' id='word_1_527' title='bbox 3275 1935 3399 1976; x_wconf 89' lang='lat' dir='ltr'>cum</span> <span class='ocrx_word' id='word_1_528' title='bbox 3435 1919 3515 1974; x_wconf 89' lang='lat' dir='ltr'>eis</span> <span class='ocrx_word' id='word_1_529' title='bbox 3571 1917 3801 1973; x_wconf 84' lang='lat' dir='ltr'>tenebris</span> 
     </span>
    </p>
   </div>
   <div class='ocr_carea' id='block_1_80' title="bbox 2217 2026 2476 2066">
    <p class='ocr_par' dir='ltr' id='par_1_80' title="bbox 2217 2026 2476 2066">
     <span class='ocr_line' id='line_1_80' title="bbox 2217 2026 2476 2066; baseline 0 -2"><span class='ocrx_word' id='word_1_530' title='bbox 2217 2026 2476 2066; x_wconf 85' lang='lat' dir='ltr'>annexus.</span> 
     </span>
    </p>
   </div>
   <div class='ocr_carea' id='block_1_81' title="bbox 2676 2122 3349 2164">
    <p class='ocr_par' dir='ltr' id='par_1_81' title="bbox 2676 2122 3349 2164">
     <span class='ocr_line' id='line_1_81' title="bbox 2676 2122 3349 2164; baseline -0.001 -1"><span class='ocrx_word' id='word_1_531' title='bbox 2676 2122 2992 2164; x_wconf 79' lang='lat' dir='ltr'>ADNOTATIO</span> <span class='ocrx_word' id='word_1_532' title='bbox 3035 2123 3160 2164; x_wconf 68' lang='grc' dir='ltr'>θεν.</span> <span class='ocrx_word' id='word_1_533' title='bbox 3194 2122 3349 2162; x_wconf 74' lang='lat' dir='ltr'>BIN&quot;.</span> 
     </span>
    </p>
   </div>
   <div class='ocr_carea' id='block_1_82' title="bbox 2253 2195 3771 2270">
    <p class='ocr_par' dir='ltr' id='par_1_82' title="bbox 2253 2195 3771 2270">
     <span class='ocr_line' id='line_1_82' title="bbox 2253 2195 3771 2270; baseline -0.003 -18"><span class='ocrx_word' id='word_1_534' title='bbox 2253 2201 2329 2252; x_wconf 84' lang='lat' dir='ltr'>De</span> <span class='ocrx_word' id='word_1_535' title='bbox 2361 2197 2784 2253; x_wconf 79' lang='lat' dir='ltr'>adulteratione</span> <span class='ocrx_word' id='word_1_536' title='bbox 2817 2198 3070 2270; x_wconf 70' lang='lat' dir='ltr'>epistola</span> <span class='ocrx_word' id='word_1_537' title='bbox 3110 2196 3482 2269; x_wconf 72' lang='lat' dir='ltr'>praecedentis</span> <span class='ocrx_word' id='word_1_538' title='bbox 3511 2211 3548 2250; x_wconf 91' lang='lat' dir='ltr'>a</span> <span class='ocrx_word' id='word_1_539' title='bbox 3581 2195 3771 2252; x_wconf 82' lang='lat' dir='ltr'>Photio</span> 
     </span>
    </p>
   </div>
   <div class='ocr_carea' id='block_1_83' title="bbox 2834 2288 3181 2358">
    <p class='ocr_par' dir='ltr' id='par_1_83' title="bbox 2834 2288 3181 2358">
     <span class='ocr_line' id='line_1_83' title="bbox 2834 2288 3181 2358; baseline -0.006 -16"><span class='ocrx_word' id='word_1_540' title='bbox 2834 2288 3181 2358; x_wconf 79' lang='lat' dir='ltr'>perpetrata.</span> 
     </span>
    </p>
   </div>
   <div class='ocr_carea' id='block_1_84' title="bbox 2289 2370 3805 2446">
    <p class='ocr_par' dir='ltr' id='par_1_84' title="bbox 2289 2370 3805 2446">
     <span class='ocr_line' id='line_1_84' title="bbox 2289 2370 3805 2446; baseline -0.003 -18"><span class='ocrx_word' id='word_1_541' title='bbox 2289 2376 2416 2430; x_wconf 81' lang='lat' dir='ltr'>Haec</span> <span class='ocrx_word' id='word_1_542' title='bbox 2465 2381 2546 2428; x_wconf 90' lang='lat' dir='ltr'>est</span> <span class='ocrx_word' id='word_1_543' title='bbox 2588 2374 2758 2428; x_wconf 88' lang='lat' dir='ltr'>altera</span> <span class='ocrx_word' id='word_1_544' title='bbox 2805 2373 3033 2446; x_wconf 87' lang='lat' dir='ltr'>epistola</span> <span class='ocrx_word' id='word_1_545' title='bbox 3067 2389 3224 2446; x_wconf 80' lang='lat' dir='ltr'>quam</span> <span class='ocrx_word' id='word_1_546' title='bbox 3253 2389 3284 2426; x_wconf 87' lang='lat' dir='ltr'>a</span> <span class='ocrx_word' id='word_1_547' title='bbox 3319 2370 3578 2446; x_wconf 78' lang='lat' dir='ltr'>pontiﬁce</span> <span class='ocrx_word' id='word_1_548' title='bbox 3604 2373 3805 2446; x_wconf 81' lang='lat' dir='ltr'>Joanne</span> 
     </span>
    </p>
   </div>
   <div class='ocr_carea' id='block_1_85' title="bbox 2220 2441 3806 2515">
    <p class='ocr_par' dir='ltr' id='par_1_85' title="bbox 2220 2441 3806 2515">
     <span class='ocr_line' id='line_1_85' title="bbox 2220 2441 3806 2515; baseline -0.003 -15"><span class='ocrx_word' id='word_1_549' title='bbox 2220 2446 2338 2500; x_wconf 83' lang='lat' dir='ltr'><strong>VIII</strong></span> <span class='ocrx_word' id='word_1_550' title='bbox 2359 2453 2640 2515; x_wconf 86' lang='lat' dir='ltr'>acceptam</span> <span class='ocrx_word' id='word_1_551' title='bbox 2662 2441 2884 2500; x_wconf 83' lang='lat' dir='ltr'>Photius</span> <span class='ocrx_word' id='word_1_552' title='bbox 2903 2459 2940 2498; x_wconf 82' lang='lat' dir='ltr'>a&#39;</span> <span class='ocrx_word' id='word_1_553' title='bbox 2957 2460 3016 2498; x_wconf 90' lang='lat' dir='ltr'>se</span> <span class='ocrx_word' id='word_1_554' title='bbox 3057 2441 3256 2515; x_wconf 75' lang='lat' dir='ltr'>Graec</span> <span class='ocrx_word' id='word_1_555' title='bbox 3284 2441 3644 2515; x_wconf 56' lang='lat' dir='ltr'>translatam,</span> <span class='ocrx_word' id='word_1_556' title='bbox 3668 2451 3718 2496; x_wconf 86' lang='lat' dir='ltr'>et</span> <span class='ocrx_word' id='word_1_557' title='bbox 3739 2441 3806 2515; x_wconf 79' lang='lat' dir='ltr'>ad</span> 
     </span>
    </p>
   </div>
   <div class='ocr_carea' id='block_1_86' title="bbox 2217 2512 3806 2586">
    <p class='ocr_par' dir='ltr' id='par_1_86' title="bbox 2217 2512 3806 2586">
     <span class='ocr_line' id='line_1_86' title="bbox 2217 2512 3806 2586; baseline -0.003 -16"><span class='ocrx_word' id='word_1_558' title='bbox 2217 2512 2509 2586; x_wconf 80' lang='lat' dir='ltr'>perﬁdiam</span> <span class='ocrx_word' id='word_1_559' title='bbox 2531 2532 2686 2570; x_wconf 90' lang='lat' dir='ltr'>suam</span> <span class='ocrx_word' id='word_1_560' title='bbox 2731 2515 3114 2586; x_wconf 87' lang='lat' dir='ltr'>occultandam</span> <span class='ocrx_word' id='word_1_561' title='bbox 3149 2514 3441 2586; x_wconf 73' lang='lat' dir='ltr'>addendo,</span> <span class='ocrx_word' id='word_1_562' title='bbox 3492 2512 3806 2586; x_wconf 77' lang='lat' dir='ltr'>mutilando,</span> 
     </span>
    </p>
   </div>
   <div class='ocr_carea' id='block_1_87' title="bbox 2219 2583 3808 2658">
    <p class='ocr_par' dir='ltr' id='par_1_87' title="bbox 2219 2583 3808 2658">
     <span class='ocr_line' id='line_1_87' title="bbox 2219 2583 3808 2658; baseline -0.003 -18"><span class='ocrx_word' id='word_1_563' title='bbox 2219 2583 2589 2658; x_wconf 79' lang='lat' dir='ltr'>subtrahendo</span> <span class='ocrx_word' id='word_1_564' title='bbox 2639 2595 2692 2640; x_wconf 90' lang='lat' dir='ltr'>et</span> <span class='ocrx_word' id='word_1_565' title='bbox 2735 2585 3098 2658; x_wconf 83' lang='lat' dir='ltr'>expungendo</span> <span class='ocrx_word' id='word_1_566' title='bbox 3125 2585 3197 2658; x_wconf 93' lang='lat' dir='ltr'>_in</span> <span class='ocrx_word' id='word_1_567' title='bbox 3247 2583 3672 2656; x_wconf 84' lang='lat' dir='ltr'>pseudosynodo</span> <span class='ocrx_word' id='word_1_568' title='bbox 3717 2596 3808 2636; x_wconf 86' lang='lat' dir='ltr'>sua</span> 
     </span>
    </p>
   </div>
   <div class='ocr_carea' id='block_1_88' title="bbox 2219 2655 3181 2736">
    <p class='ocr_par' dir='ltr' id='par_1_88' title="bbox 2219 2655 3181 2736">
     <span class='ocr_line' id='line_1_88' title="bbox 2219 2655 3181 2736; baseline -0.004 -24"><span class='ocrx_word' id='word_1_569' title='bbox 2219 2665 2408 2736; x_wconf 74' lang='lat' dir='ltr'>oct_ava</span> <span class='ocrx_word' id='word_1_570' title='bbox 2438 2656 2546 2736; x_wconf 78' lang='lat' dir='ltr'>legi</span> <span class='ocrx_word' id='word_1_571' title='bbox 2578 2672 2642 2712; x_wconf 89' lang='lat' dir='ltr'>ac</span> <span class='ocrx_word' id='word_1_572' title='bbox 2670 2655 3007 2736; x_wconf 73' lang='lat' dir='ltr'>promulgari</span> <span class='ocrx_word' id='word_1_573' title='bbox 3035 2655 3181 2736; x_wconf 59' lang='lat' dir='ltr'>fecit.</span> 
     </span>
    </p>
   </div>
   <div class='ocr_carea' id='block_1_89' title="bbox 2290 2674 3808 2804">
    <p class='ocr_par' dir='ltr' id='par_1_89' title="bbox 2290 2674 3808 2804">
     <span class='ocr_line' id='line_1_89' title="bbox 2290 2674 3756 2780; baseline -0.003 -69"><span class='ocrx_word' id='word_1_574' title='bbox 2290 2674 2408 2712; x_wconf 83' lang='lat' dir='ltr'>tava</span> <span class='ocrx_word' id='word_1_575' title='bbox 2438 2674 2546 2780; x_wconf 67' lang='lat' dir='ltr'>legi</span> <span class='ocrx_word' id='word_1_576' title='bbox 2578 2674 2642 2712; x_wconf 89' lang='lat' dir='ltr'>ac</span> <span class='ocrx_word' id='word_1_577' title='bbox 2670 2674 3007 2736; x_wconf 77' lang='lat' dir='ltr'>promulgari</span> <span class='ocrx_word' id='word_1_578' title='bbox 3035 2674 3181 2736; x_wconf 66' lang='lat' dir='ltr'>recn.</span> <span class='ocrx_word' id='word_1_579' title='bbox 3279 2725 3290 2736; x_wconf 42' lang='lat'><strong>.</strong></span> <span class='ocrx_word' id='word_1_580' title='bbox 3580 2723 3592 2734; x_wconf 81' lang='lat'>_</span> <span class='ocrx_word' id='word_1_581' title='bbox 3635 2723 3645 2733; x_wconf 43' lang='lat'>.</span> <span class='ocrx_word' id='word_1_582' title='bbox 3746 2722 3756 2733; x_wconf 45' lang='lat'><strong>&#39;</strong></span> 
     </span>
     <span class='ocr_line' id='line_1_90' title="bbox 2290 2723 3808 2804; baseline -0.003 -23"><span class='ocrx_word' id='word_1_583' title='bbox 2290 2729 2453 2804; x_wconf 70' lang='lat' dir='ltr'>Porro</span> <span class='ocrx_word' id='word_1_584' title='bbox 2482 2728 2500 2780; x_wconf 91' lang='lat' dir='ltr'>i</span> <span class='ocrx_word' id='word_1_585' title='bbox 2525 2729 2574 2804; x_wconf 81' lang='lat' dir='ltr'>le</span> <span class='ocrx_word' id='word_1_586' title='bbox 2607 2743 2786 2804; x_wconf 80' lang='lat' dir='ltr'>seiens</span> <span class='ocrx_word' id='word_1_587' title='bbox 2815 2734 3018 2798; x_wconf 89' lang='lat' dir='ltr'>quanta</span> <span class='ocrx_word' id='word_1_588' title='bbox 3047 2734 3248 2780; x_wconf 85' lang='lat' dir='ltr'>inesset</span> <span class='ocrx_word' id='word_1_589' title='bbox 3277 2741 3331 2779; x_wconf 79' lang='lat' dir='ltr'>in</span> <span class='ocrx_word' id='word_1_590' title='bbox 3361 2723 3678 2804; x_wconf 77' lang='lat' dir='ltr'>apostolicis</span> <span class='ocrx_word' id='word_1_591' title='bbox 3725 2723 3808 2804; x_wconf 67' lang='lat' dir='ltr'>ht-</span> 
     </span>
    </p>
   </div>
   <div class='ocr_carea' id='block_1_90' title="bbox 2221 2792 3809 2865">
    <p class='ocr_par' dir='ltr' id='par_1_90' title="bbox 2221 2792 3809 2865">
     <span class='ocr_line' id='line_1_91' title="bbox 2221 2792 3809 2865; baseline -0.003 -13"><span class='ocrx_word' id='word_1_592' title='bbox 2221 2799 2347 2853; x_wconf 89' lang='lat' dir='ltr'>teris</span> <span class='ocrx_word' id='word_1_593' title='bbox 2375 2798 2696 2865; x_wconf 89' lang='lat' dir='ltr'>auctoritas,</span> <span class='ocrx_word' id='word_1_594' title='bbox 2729 2792 2968 2853; x_wconf 77' lang='lat' dir='ltr'>lecturus</span> <span class='ocrx_word' id='word_1_595' title='bbox 2997 2813 3121 2852; x_wconf 91' lang='lat' dir='ltr'>cum</span> <span class='ocrx_word' id='word_1_596' title='bbox 3167 2803 3315 2851; x_wconf 90' lang='lat' dir='ltr'>esset</span> <span class='ocrx_word' id='word_1_597' title='bbox 3361 2792 3456 2850; x_wconf 79' lang='lat' dir='ltr'>eas</span> <span class='ocrx_word' id='word_1_598' title='bbox 3501 2795 3562 2848; x_wconf 90' lang='lat' dir='ltr'>in</span> <span class='ocrx_word' id='word_1_599' title='bbox 3607 2792 3809 2865; x_wconf 88' lang='lat' dir='ltr'>synodo</span> 
     </span>
    </p>
   </div>
   <div class='ocr_carea' id='block_1_91' title="bbox 2219 2853 3809 2950">
    <p class='ocr_par' dir='ltr' id='par_1_91' title="bbox 2219 2853 3809 2950">
     <span class='ocr_line' id='line_1_92' title="bbox 2219 2853 3809 2950; baseline -0.003 -28"><span class='ocrx_word' id='word_1_600' title='bbox 2219 2869 2296 2950; x_wconf 38' lang='lat' dir='ltr'>ad‘</span> <span class='ocrx_word' id='word_1_601' title='bbox 2324 2853 2862 2950; x_wconf 64' lang='lat' dir='ltr'>persuadendaqua</span> <span class='ocrx_word' id='word_1_602' title='bbox 2888 2868 3087 2950; x_wconf 77' lang='lat' dir='ltr'>vellet,</span> <span class='ocrx_word' id='word_1_603' title='bbox 3121 2866 3328 2950; x_wconf 67' lang='lat' dir='ltr'>addidit</span> <span class='ocrx_word' id='word_1_604' title='bbox 3369 2874 3421 2920; x_wconf 91' lang='lat' dir='ltr'>et</span> <span class='ocrx_word' id='word_1_605' title='bbox 3467 2853 3692 2950; x_wconf 76' lang='lat' dir='ltr'>abstulit</span> <span class='ocrx_word' id='word_1_606' title='bbox 3715 2878 3809 2950; x_wconf 78' lang='lat' dir='ltr'>pro</span> 
     </span>
    </p>
   </div>
   <div class='ocr_carea' id='block_1_92' title="bbox 2221 2937 3812 3010">
    <p class='ocr_par' dir='ltr' id='par_1_92' title="bbox 2221 2937 3812 3010">
     <span class='ocr_line' id='line_1_93' title="bbox 2221 2937 3812 3010; baseline -0.003 -18"><span class='ocrx_word' id='word_1_607' title='bbox 2221 2937 2446 3010; x_wconf 84' lang='lat' dir='ltr'>arbitrio</span> <span class='ocrx_word' id='word_1_608' title='bbox 2499 2956 2620 3010; x_wconf 87' lang='lat' dir='ltr'>qua</span> <span class='ocrx_word' id='word_1_609' title='bbox 2673 2937 2795 3010; x_wconf 86' lang='lat' dir='ltr'>sibi</span> <span class='ocrx_word' id='word_1_610' title='bbox 2826 2946 2970 3010; x_wconf 28' lang='lat' dir='ltr'>sunt:</span> <span class='ocrx_word' id='word_1_611' title='bbox 2993 2937 3126 2992; x_wconf 88' lang='lat' dir='ltr'>visa.</span> <span class='ocrx_word' id='word_1_612' title='bbox 3177 2937 3440 3010; x_wconf 82' lang='lat' dir='ltr'>Quanam</span> <span class='ocrx_word' id='word_1_613' title='bbox 3485 2944 3670 2990; x_wconf 89' lang='lat' dir='ltr'>autem</span> <span class='ocrx_word' id='word_1_614' title='bbox 3714 2937 3812 3010; x_wconf 78' lang='lat' dir='ltr'>ista</span> 
     </span>
    </p>
   </div>
   <div class='ocr_carea' id='block_1_93' title="bbox 2221 3003 3814 3079">
    <p class='ocr_par' dir='ltr' id='par_1_93' title="bbox 2221 3003 3814 3079">
     <span class='ocr_line' id='line_1_94' title="bbox 2221 3003 3814 3079; baseline -0.003 -17"><span class='ocrx_word' id='word_1_615' title='bbox 2221 3009 2436 3079; x_wconf 88' lang='lat' dir='ltr'>fuerint,</span> <span class='ocrx_word' id='word_1_616' title='bbox 2481 3003 2546 3064; x_wconf 77' lang='lat' dir='ltr'>ex</span> <span class='ocrx_word' id='word_1_617' title='bbox 2591 3009 2908 3064; x_wconf 87' lang='lat' dir='ltr'>recitatione</span> <span class='ocrx_word' id='word_1_618' title='bbox 2957 3009 3128 3078; x_wconf 88' lang='lat' dir='ltr'>ipsius</span> <span class='ocrx_word' id='word_1_619' title='bbox 3173 3003 3417 3079; x_wconf 80' lang='lat' dir='ltr'>epistola</span> <span class='ocrx_word' id='word_1_620' title='bbox 3461 3022 3527 3060; x_wconf 86' lang='lat' dir='ltr'>ex</span> <span class='ocrx_word' id='word_1_621' title='bbox 3579 3003 3814 3079; x_wconf 80' lang='lat' dir='ltr'>secunda</span> 
     </span>
    </p>
   </div>
   <div class='ocr_carea' id='block_1_94' title="bbox 2221 3076 3813 3157">
    <p class='ocr_par' dir='ltr' id='par_1_94' title="bbox 2221 3076 3813 3157">
     <span class='ocr_line' id='line_1_95' title="bbox 2221 3076 3813 3157; baseline -0.002 -24"><span class='ocrx_word' id='word_1_622' title='bbox 2221 3076 2469 3157; x_wconf 74' lang='lat' dir='ltr'>ejusdem</span> <span class='ocrx_word' id='word_1_623' title='bbox 2503 3080 2748 3157; x_wconf 62' lang='lat' dir='ltr'>actione</span> <span class='ocrx_word' id='word_1_624' title='bbox 2798 3076 3174 3157; x_wconf 67' lang='lat' dir='ltr'>deprompta,</span> <span class='ocrx_word' id='word_1_625' title='bbox 3201 3076 3534 3157; x_wconf 55' lang='lat' dir='ltr'>:__Latinaque</span> <span class='ocrx_word' id='word_1_626' title='bbox 3583 3076 3657 3156; x_wconf 80' lang='lat' dir='ltr'>ab</span> <span class='ocrx_word' id='word_1_627' title='bbox 3720 3089 3813 3130; x_wconf 87' lang='lat' dir='ltr'>co-</span> 
     </span>
    </p>
   </div>
   <div class='ocr_carea' id='block_1_95' title="bbox 2217 3146 3814 3220">
    <p class='ocr_par' dir='ltr' id='par_1_95' title="bbox 2217 3146 3814 3220">
     <span class='ocr_line' id='line_1_96' title="bbox 2217 3146 3814 3220; baseline -0.003 -16"><span class='ocrx_word' id='word_1_628' title='bbox 2217 3146 2344 3204; x_wconf 83' lang='lat' dir='ltr'>dem</span> <span class='ocrx_word' id='word_1_629' title='bbox 2393 3151 2554 3205; x_wconf 84' lang='lat' dir='ltr'>Metio</span> <span class='ocrx_word' id='word_1_630' title='bbox 2602 3151 2823 3206; x_wconf 83' lang='lat' dir='ltr'>reddita</span> <span class='ocrx_word' id='word_1_631' title='bbox 2853 3146 2888 3220; x_wconf 79' lang='grc'><em>,’</em></span> <span class='ocrx_word' id='word_1_632' title='bbox 2912 3146 3046 3204; x_wconf 78' lang='lat' dir='ltr'>satis</span> <span class='ocrx_word' id='word_1_633' title='bbox 3089 3147 3362 3220; x_wconf 81' lang='lat' dir='ltr'>intelliges</span> <span class='ocrx_word' id='word_1_634' title='bbox 3425 3146 3502 3202; x_wconf 86' lang='lat' dir='ltr'>sic</span> <span class='ocrx_word' id='word_1_635' title='bbox 3570 3146 3718 3201; x_wconf 88' lang='lat' dir='ltr'>enim</span> <span class='ocrx_word' id='word_1_636' title='bbox 3757 3160 3814 3200; x_wconf 87' lang='lat' dir='ltr'>se</span> 
     </span>
    </p>
   </div>
   <div class='ocr_carea' id='block_1_96' title="bbox 2219 3221 2402 3276">
    <p class='ocr_par' dir='ltr' id='par_1_96' title="bbox 2219 3221 2402 3276">
     <span class='ocr_line' id='line_1_97' title="bbox 2219 3221 2402 3276; baseline 0 -2"><span class='ocrx_word' id='word_1_637' title='bbox 2219 3221 2402 3276; x_wconf 90' lang='lat' dir='ltr'>habet.</span> 
     </span>
    </p>
   </div>
   <div class='ocr_carea' id='block_1_97' title="bbox 2294 3287 3816 3362">
    <p class='ocr_par' dir='ltr' id='par_1_97' title="bbox 2294 3287 3816 3362">
     <span class='ocr_line' id='line_1_98' title="bbox 2294 3287 3816 3362; baseline -0.001 -18"><span class='ocrx_word' id='word_1_638' title='bbox 2294 3313 2316 3339; x_wconf 72' lang='grc' dir='ltr'>ι(</span> <span class='ocrx_word' id='word_1_639' title='bbox 2351 3291 2941 3362; x_wconf 17' lang='lat' dir='ltr'>JOANNEsiepiscopus,</span> <span class='ocrx_word' id='word_1_640' title='bbox 2967 3307 3154 3362; x_wconf 86' lang='lat' dir='ltr'>servus</span> <span class='ocrx_word' id='word_1_641' title='bbox 3183 3305 3468 3362; x_wconf 85' lang='lat' dir='ltr'>servorum</span> <span class='ocrx_word' id='word_1_642' title='bbox 3488 3288 3612 3362; x_wconf 82' lang='lat' dir='ltr'>Dei.</span> <span class='ocrx_word' id='word_1_643' title='bbox 3634 3287 3816 3362; x_wconf 74' lang='lat' dir='ltr'>Photio</span> 
     </span>
    </p>
   </div>
   <div class='ocr_carea' id='block_1_98' title="bbox 2221 3359 3817 3430">
    <p class='ocr_par' dir='ltr' id='par_1_98' title="bbox 2221 3359 3817 3430">
     <span class='ocr_line' id='line_1_99' title="bbox 2221 3359 3817 3430; baseline -0.003 -15"><span class='ocrx_word' id='word_1_644' title='bbox 2221 3362 2566 3416; x_wconf 87' lang='lat' dir='ltr'>sanctissimo</span> <span class='ocrx_word' id='word_1_645' title='bbox 2606 3359 2760 3416; x_wconf 75' lang='lat' dir='ltr'>fratri</span> <span class='ocrx_word' id='word_1_646' title='bbox 2809 3359 2859 3416; x_wconf 83' lang='lat' dir='ltr'>et</span> <span class='ocrx_word' id='word_1_647' title='bbox 2905 3361 3276 3416; x_wconf 88' lang='lat' dir='ltr'>comministro</span> <span class='ocrx_word' id='word_1_648' title='bbox 3325 3359 3654 3430; x_wconf 84' lang='lat' dir='ltr'>patriarcha</span> <span class='ocrx_word' id='word_1_649' title='bbox 3683 3359 3817 3412; x_wconf 90' lang='lat' dir='ltr'>Con-</span> 
     </span>
    </p>
   </div>
   <div class='ocr_carea' id='block_1_99' title="bbox 2221 3432 3024 3513">
    <p class='ocr_par' dir='ltr' id='par_1_99' title="bbox 2221 3432 3024 3513">
     <span class='ocr_line' id='line_1_100' title="bbox 2221 3432 3024 3513; baseline 0 -27"><span class='ocrx_word' id='word_1_650' title='bbox 2221 3432 2711 3513; x_wconf 61' lang='lat' dir='ltr'>stantinopolitanae</span> <span class='ocrx_word' id='word_1_651' title='bbox 2740 3432 3024 3513; x_wconf 74' lang='lat' dir='ltr'>Ecclesia.</span> 
     </span>
    </p>
   </div>
   <div class='ocr_carea' id='block_1_100' title="bbox 2297 3498 3817 3573">
    <p class='ocr_par' dir='ltr' id='par_1_100' title="bbox 2297 3498 3817 3573">
     <span class='ocr_line' id='line_1_101' title="bbox 2297 3498 3817 3573; baseline -0.001 -20"><span class='ocrx_word' id='word_1_652' title='bbox 2297 3525 2318 3552; x_wconf 71' lang='grc' dir='ltr'><strong>α</strong></span> <span class='ocrx_word' id='word_1_653' title='bbox 2355 3498 2686 3573; x_wconf 82' lang='lat' dir='ltr'>Sapientiam</span> <span class='ocrx_word' id='word_1_654' title='bbox 2729 3510 2782 3558; x_wconf 92' lang='lat' dir='ltr'>et</span> <span class='ocrx_word' id='word_1_655' title='bbox 2824 3501 3164 3573; x_wconf 90' lang='lat' dir='ltr'>prudentiam</span> <span class='ocrx_word' id='word_1_656' title='bbox 3205 3501 3563 3573; x_wconf 82' lang='lat' dir='ltr'>fraternitatis</span> <span class='ocrx_word' id='word_1_657' title='bbox 3612 3507 3730 3573; x_wconf 74' lang='lat' dir='ltr'>tua</span> <span class='ocrx_word' id='word_1_658' title='bbox 3763 3498 3817 3552; x_wconf 91' lang='lat' dir='ltr'>in</span> 
     </span>
    </p>
   </div>
   <div class='ocr_carea' id='block_1_101' title="bbox 2221 3569 3818 3644">
    <p class='ocr_par' dir='ltr' id='par_1_101' title="bbox 2221 3569 3818 3644">
     <span class='ocr_line' id='line_1_102' title="bbox 2221 3569 3818 3644; baseline -0.003 -17"><span class='ocrx_word' id='word_1_659' title='bbox 2221 3569 2574 3644; x_wconf 45' lang='lat' dir='ltr'>litteris—cum</span> <span class='ocrx_word' id='word_1_660' title='bbox 2603 3569 3074 3644; x_wconf 78' lang='lat' dir='ltr'>perspexerimus,</span> <span class='ocrx_word' id='word_1_661' title='bbox 3133 3573 3301 3626; x_wconf 88' lang='lat' dir='ltr'>instar</span> <span class='ocrx_word' id='word_1_662' title='bbox 3343 3571 3564 3644; x_wconf 85' lang='lat' dir='ltr'>tonitrui</span> <span class='ocrx_word' id='word_1_663' title='bbox 3610 3569 3818 3625; x_wconf 74' lang='lat' dir='ltr'>caelitus</span> 
     </span>
    </p>
   </div>
   <div class='ocr_carea' id='block_1_102' title="bbox 2222 3641 3820 3698">
    <p class='ocr_par' dir='ltr' id='par_1_102' title="bbox 2222 3641 3820 3698">
     <span class='ocr_line' id='line_1_103' title="bbox 2222 3641 3820 3698; baseline -0.002 0"><span class='ocrx_word' id='word_1_664' title='bbox 2222 3643 2372 3698; x_wconf 90' lang='lat' dir='ltr'>missi</span> <span class='ocrx_word' id='word_1_665' title='bbox 2403 3661 2468 3698; x_wconf 86' lang='lat' dir='ltr'>ex</span> <span class='ocrx_word' id='word_1_666' title='bbox 2498 3641 2620 3698; x_wconf 76' lang='lat' dir='ltr'>Deo</span> <span class='ocrx_word' id='word_1_667' title='bbox 2643 3641 2986 3698; x_wconf 79' lang='lat' dir='ltr'>resonantem</span> <span class='ocrx_word' id='word_1_668' title='bbox 3029 3652 3083 3698; x_wconf 91' lang='lat' dir='ltr'>et</span> <span class='ocrx_word' id='word_1_669' title='bbox 3134 3658 3325 3698; x_wconf 86' lang='lat' dir='ltr'>omnes</span> <span class='ocrx_word' id='word_1_670' title='bbox 3373 3641 3636 3697; x_wconf 75' lang='lat' dir='ltr'>terminos</span> <span class='ocrx_word' id='word_1_671' title='bbox 3665 3649 3820 3696; x_wconf 85' lang='lat' dir='ltr'>terra</span> 
     </span>
    </p>
   </div>
   <div class='ocr_carea' id='block_1_103' title="bbox 2225 3711 3820 3795">
    <p class='ocr_par' dir='ltr' id='par_1_103' title="bbox 2225 3711 3820 3795">
     <span class='ocr_line' id='line_1_104' title="bbox 2225 3711 3820 3795; baseline -0.003 -27"><span class='ocrx_word' id='word_1_672' title='bbox 2225 3714 2899 3795; x_wconf 37' lang='lat' dir='ltr'>suo_strep_itu-replenle.m</span> <span class='ocrx_word' id='word_1_673' title='bbox 2926 3723 2968 3780; x_wconf 77' lang='grc' dir='ltr'>ο,</span> <span class='ocrx_word' id='word_1_674' title='bbox 3001 3714 3118 3795; x_wconf 79' lang='lat' dir='ltr'>pias</span> <span class='ocrx_word' id='word_1_675' title='bbox 3147 3714 3263 3795; x_wconf 83' lang='lat' dir='ltr'>Deo</span> <span class='ocrx_word' id='word_1_676' title='bbox 3288 3712 3490 3795; x_wconf 63' lang='lat' dir='ltr'>gratias</span> <span class='ocrx_word' id='word_1_677' title='bbox 3509 3711 3820 3795; x_wconf 76' lang='lat' dir='ltr'>etexcelsas</span> 
     </span>
    </p>
   </div>
   <div class='ocr_carea' id='block_1_104' title="bbox 2223 3783 3821 3856">
    <p class='ocr_par' dir='ltr' id='par_1_104' title="bbox 2223 3783 3821 3856">
     <span class='ocr_line' id='line_1_105' title="bbox 2223 3783 3821 3856; baseline -0.001 -18"><span class='ocrx_word' id='word_1_678' title='bbox 2223 3786 2414 3856; x_wconf 87' lang='lat' dir='ltr'>laudes</span> <span class='ocrx_word' id='word_1_679' title='bbox 2436 3783 2739 3856; x_wconf 80' lang='lat' dir='ltr'>retulimus,</span> <span class='ocrx_word' id='word_1_680' title='bbox 2761 3785 2852 3856; x_wconf 93' lang='lat' dir='ltr'>qui</span> <span class='ocrx_word' id='word_1_681' title='bbox 2873 3783 3123 3856; x_wconf 88' lang='lat' dir='ltr'>omnibus</span> <span class='ocrx_word' id='word_1_682' title='bbox 3138 3783 3453 3856; x_wconf 82' lang='lat' dir='ltr'>petentibus</span> <span class='ocrx_word' id='word_1_683' title='bbox 3459 3784 3821 3856; x_wconf 66' lang='lat' dir='ltr'>juxtaeorurn</span> 
     </span>
    </p>
   </div>
   <div class='ocr_carea' id='block_1_105' title="bbox 2225 3851 3824 3928">
    <p class='ocr_par' dir='ltr' id='par_1_105' title="bbox 2225 3851 3824 3928">
     <span class='ocr_line' id='line_1_106' title="bbox 2225 3851 3824 3928; baseline -0.003 -18"><span class='ocrx_word' id='word_1_684' title='bbox 2225 3855 2539 3928; x_wconf 80' lang='lat' dir='ltr'>petitionem</span> <span class='ocrx_word' id='word_1_685' title='bbox 2583 3851 2815 3928; x_wconf 79' lang='lat' dir='ltr'>largitur</span> <span class='ocrx_word' id='word_1_686' title='bbox 2865 3851 3182 3928; x_wconf 79' lang='lat' dir='ltr'>sapientiam</span> <span class='ocrx_word' id='word_1_687' title='bbox 3206 3895 3220 3921; x_wconf 95' lang='lat'>,</span> <span class='ocrx_word' id='word_1_688' title='bbox 3267 3861 3321 3928; x_wconf 80' lang='lat' dir='ltr'>et</span> <span class='ocrx_word' id='word_1_689' title='bbox 3367 3851 3474 3925; x_wconf 78' lang='lat' dir='ltr'>qui</span> <span class='ocrx_word' id='word_1_690' title='bbox 3505 3853 3710 3928; x_wconf 75' lang='lat' dir='ltr'>habitat</span> <span class='ocrx_word' id='word_1_691' title='bbox 3771 3851 3824 3905; x_wconf 88' lang='lat' dir='ltr'>in</span> 
     </span>
    </p>
   </div>
   <div class='ocr_carea' id='block_1_106' title="bbox 2226 3923 3825 3995">
    <p class='ocr_par' dir='ltr' id='par_1_106' title="bbox 2226 3923 3825 3995">
     <span class='ocr_line' id='line_1_107' title="bbox 2226 3923 3825 3995; baseline -0.004 -13"><span class='ocrx_word' id='word_1_692' title='bbox 2226 3923 2534 3982; x_wconf 75' lang='lat' dir='ltr'>concordia</span> <span class='ocrx_word' id='word_1_693' title='bbox 2564 3923 2744 3992; x_wconf 74' lang='lat' dir='ltr'>domo,</span> <span class='ocrx_word' id='word_1_694' title='bbox 2778 3934 2828 3980; x_wconf 92' lang='lat' dir='ltr'>et</span> <span class='ocrx_word' id='word_1_695' title='bbox 2860 3923 3002 3980; x_wconf 76' lang='lat' dir='ltr'>fovet</span> <span class='ocrx_word' id='word_1_696' title='bbox 3031 3933 3084 3980; x_wconf 89' lang='lat' dir='ltr'>et</span> <span class='ocrx_word' id='word_1_697' title='bbox 3110 3923 3347 3995; x_wconf 86' lang='lat' dir='ltr'>protegit</span> <span class='ocrx_word' id='word_1_698' title='bbox 3386 3923 3587 3995; x_wconf 75' lang='lat' dir='ltr'>omnes</span> <span class='ocrx_word' id='word_1_699' title='bbox 3617 3923 3715 3995; x_wconf 79' lang='lat' dir='ltr'>qui</span> <span class='ocrx_word' id='word_1_700' title='bbox 3742 3937 3825 3976; x_wconf 88' lang='lat' dir='ltr'>ve-</span> 
     </span>
    </p>
   </div>
   <div class='ocr_carea' id='block_1_107' title="bbox 2227 3992 3821 4077">
    <p class='ocr_par' dir='ltr' id='par_1_107' title="bbox 2227 3992 3821 4077">
     <span class='ocr_line' id='line_1_108' title="bbox 2227 3992 3821 4077; baseline -0.003 -27"><span class='ocrx_word' id='word_1_701' title='bbox 2227 3996 2383 4050; x_wconf 87' lang='lat' dir='ltr'>ritate</span> <span class='ocrx_word' id='word_1_702' title='bbox 2416 4013 2569 4077; x_wconf 78' lang='lat' dir='ltr'>spem</span> <span class='ocrx_word' id='word_1_703' title='bbox 2599 4013 2748 4077; x_wconf 70' lang='lat' dir='ltr'>suam</span> <span class='ocrx_word' id='word_1_704' title='bbox 2795 3997 2849 4050; x_wconf 89' lang='lat' dir='ltr'>in</span> <span class='ocrx_word' id='word_1_705' title='bbox 2891 3992 3384 4077; x_wconf 72' lang='lat' dir='ltr'>ipsum_eollo_cant</span> <span class='ocrx_word' id='word_1_706' title='bbox 3419 4011 3432 4046; x_wconf 91' lang='lat'><strong>:</strong></span> <span class='ocrx_word' id='word_1_707' title='bbox 3466 3993 3596 4077; x_wconf 69' lang='lat' dir='ltr'>quia</span> <span class='ocrx_word' id='word_1_708' title='bbox 3626 3992 3821 4077; x_wconf 69' lang='lat' dir='ltr'>quique</span> 
     </span>
    </p>
   </div>
   <div class='ocr_carea' id='block_1_108' title="bbox 2226 4063 3821 4143">
    <p class='ocr_par' dir='ltr' id='par_1_108' title="bbox 2226 4063 3821 4143">
     <span class='ocr_line' id='line_1_109' title="bbox 2226 4063 3821 4143; baseline -0.003 -23"><span class='ocrx_word' id='word_1_709' title='bbox 2226 4083 2327 4143; x_wconf 80' lang='lat' dir='ltr'>nec</span> <span class='ocrx_word' id='word_1_710' title='bbox 2357 4063 2528 4143; x_wconf 83' lang='lat' dir='ltr'>malos</span> <span class='ocrx_word' id='word_1_711' title='bbox 2557 4067 2611 4120; x_wconf 91' lang='lat' dir='ltr'>in</span> <span class='ocrx_word' id='word_1_712' title='bbox 2641 4065 2802 4143; x_wconf 81' lang='lat' dir='ltr'>ﬁnem</span> <span class='ocrx_word' id='word_1_713' title='bbox 2827 4063 3022 4143; x_wconf 75' lang='lat' dir='ltr'>rejicit,</span> <span class='ocrx_word' id='word_1_714' title='bbox 3055 4063 3232 4136; x_wconf 77' lang='lat' dir='ltr'>neque</span> <span class='ocrx_word' id='word_1_715' title='bbox 3254 4065 3427 4143; x_wconf 79' lang='lat' dir='ltr'>bonos</span> <span class='ocrx_word' id='word_1_716' title='bbox 3455 4063 3514 4118; x_wconf 79' lang='lat' dir='ltr'>ut</span> <span class='ocrx_word' id='word_1_717' title='bbox 3551 4063 3608 4117; x_wconf 90' lang='lat' dir='ltr'>in</span> <span class='ocrx_word' id='word_1_718' title='bbox 3637 4063 3821 4143; x_wconf 73' lang='lat' dir='ltr'>tyran-</span> 
     </span>
    </p>
   </div>
   <div class='ocr_carea' id='block_1_109' title="bbox 2228 4134 3817 4208">
    <p class='ocr_par' dir='ltr' id='par_1_109' title="bbox 2228 4134 3817 4208">
     <span class='ocr_line' id='line_1_110' title="bbox 2228 4134 3817 4208; baseline -0.001 -18"><span class='ocrx_word' id='word_1_719' title='bbox 2228 4137 2411 4191; x_wconf 86' lang='lat' dir='ltr'>nidem</span> <span class='ocrx_word' id='word_1_720' title='bbox 2443 4137 2676 4208; x_wconf 89' lang='lat' dir='ltr'>aliquam</span> <span class='ocrx_word' id='word_1_721' title='bbox 2700 4137 2958 4201; x_wconf 89' lang='lat' dir='ltr'>incidant,</span> <span class='ocrx_word' id='word_1_722' title='bbox 2974 4134 3521 4208; x_wconf 36' lang='lat' dir='ltr'>supra—eorumvires</span> <span class='ocrx_word' id='word_1_723' title='bbox 3540 4134 3817 4208; x_wconf 77' lang='lat' dir='ltr'>permittit,</span> 
     </span>
    </p>
   </div>
   <div class='ocr_carea' id='block_1_110' title="bbox 2231 4203 3821 4278">
    <p class='ocr_par' dir='ltr' id='par_1_110' title="bbox 2231 4203 3821 4278">
     <span class='ocr_line' id='line_1_111' title="bbox 2231 4203 3821 4278; baseline -0.002 -17"><span class='ocrx_word' id='word_1_724' title='bbox 2231 4209 2328 4262; x_wconf 91' lang='lat' dir='ltr'>sed</span> <span class='ocrx_word' id='word_1_725' title='bbox 2357 4203 2548 4278; x_wconf 74' lang='lat' dir='ltr'>potius</span> <span class='ocrx_word' id='word_1_726' title='bbox 2560 4207 2782 4276; x_wconf 85' lang='lat' dir='ltr'>justitia</span> <span class='ocrx_word' id='word_1_727' title='bbox 2810 4203 3115 4278; x_wconf 73' lang='lat' dir='ltr'>aequalitate</span> <span class='ocrx_word' id='word_1_728' title='bbox 3151 4222 3217 4278; x_wconf 87' lang='lat' dir='ltr'>ac</span> <span class='ocrx_word' id='word_1_729' title='bbox 3253 4203 3587 4278; x_wconf 78' lang='lat' dir='ltr'>judiciorum</span> <span class='ocrx_word' id='word_1_730' title='bbox 3614 4203 3821 4278; x_wconf 57' lang='lat' dir='ltr'>aquili-</span> 
     </span>
    </p>
   </div>
   <div class='ocr_carea' id='block_1_111' title="bbox 2231 4273 3824 4350">
    <p class='ocr_par' dir='ltr' id='par_1_111' title="bbox 2231 4273 3824 4350">
     <span class='ocr_line' id='line_1_112' title="bbox 2231 4273 3824 4350; baseline -0.003 -19"><span class='ocrx_word' id='word_1_731' title='bbox 2231 4273 2577 4350; x_wconf 49' lang='lat' dir='ltr'>brio&#39;omnes&#39;</span> <span class='ocrx_word' id='word_1_732' title='bbox 2604 4295 2689 4350; x_wconf 86' lang='lat' dir='ltr'>res</span> <span class='ocrx_word' id='word_1_733' title='bbox 2719 4273 2982 4350; x_wconf 75' lang='lat' dir='ltr'>humanas</span> <span class='ocrx_word' id='word_1_734' title='bbox 3003 4277 3195 4350; x_wconf 85' lang='lat' dir='ltr'>dirigit</span> <span class='ocrx_word' id='word_1_735' title='bbox 3225 4273 3276 4330; x_wconf 85' lang='lat' dir='ltr'>et</span> <span class='ocrx_word' id='word_1_736' title='bbox 3304 4275 3532 4350; x_wconf 74' lang='lat' dir='ltr'>feliciter</span> <span class='ocrx_word' id='word_1_737' title='bbox 3555 4273 3728 4330; x_wconf 80' lang='lat' dir='ltr'>ducit.</span> <span class='ocrx_word' id='word_1_738' title='bbox 3758 4273 3824 4328; x_wconf 89' lang='lat' dir='ltr'>Et</span> 
     </span>
    </p>
   </div>
   <div class='ocr_carea' id='block_1_112' title="bbox 2231 4347 3826 4419">
    <p class='ocr_par' dir='ltr' id='par_1_112' title="bbox 2231 4347 3826 4419">
     <span class='ocr_line' id='line_1_113' title="bbox 2231 4347 3826 4419; baseline -0.003 -17"><span class='ocrx_word' id='word_1_739' title='bbox 2231 4349 2422 4403; x_wconf 88' lang='lat' dir='ltr'>beatus</span> <span class='ocrx_word' id='word_1_740' title='bbox 2452 4348 2540 4402; x_wconf 91' lang='lat' dir='ltr'>ille</span> <span class='ocrx_word' id='word_1_741' title='bbox 2585 4349 2676 4419; x_wconf 91' lang='lat' dir='ltr'>qui</span> <span class='ocrx_word' id='word_1_742' title='bbox 2723 4349 2881 4403; x_wconf 84' lang='lat' dir='ltr'>alacri</span> <span class='ocrx_word' id='word_1_743' title='bbox 2925 4347 3408 4419; x_wconf 64' lang='lat' dir='ltr'>animo&#39;prasenti</span> <span class='ocrx_word' id='word_1_744' title='bbox 3450 4355 3703 4419; x_wconf 84' lang='lat' dir='ltr'>tempore</span> <span class='ocrx_word' id='word_1_745' title='bbox 3731 4359 3826 4414; x_wconf 90' lang='lat' dir='ltr'>per</span> 
     </span>
    </p>
   </div>
   <div class='ocr_carea' id='block_1_113' title="bbox 2231 4417 3822 4490">
    <p class='ocr_par' dir='ltr' id='par_1_113' title="bbox 2231 4417 3822 4490">
     <span class='ocr_line' id='line_1_114' title="bbox 2231 4417 3822 4490; baseline -0.003 -16"><span class='ocrx_word' id='word_1_746' title='bbox 2231 4417 2615 4490; x_wconf 47' lang='lat' dir='ltr'>palnitentiam&#39;</span> <span class='ocrx_word' id='word_1_747' title='bbox 2641 4419 2822 4490; x_wconf 88' lang='lat' dir='ltr'>lapsos</span> <span class='ocrx_word' id='word_1_748' title='bbox 2852 4419 3032 4490; x_wconf 83' lang='lat' dir='ltr'>erigit,</span> <span class='ocrx_word' id='word_1_749' title='bbox 3058 4419 3112 4472; x_wconf 91' lang='lat' dir='ltr'>in</span> <span class='ocrx_word' id='word_1_750' title='bbox 3131 4417 3284 4490; x_wconf 82' lang='lat' dir='ltr'>caelis</span> <span class='ocrx_word' id='word_1_751' title='bbox 3305 4417 3450 4490; x_wconf 85' lang='lat' dir='ltr'>enim</span> <span class='ocrx_word' id='word_1_752' title='bbox 3471 4417 3822 4490; x_wconf 77' lang='lat' dir='ltr'>istethesau-</span> 
     </span>
    </p>
   </div>
   <div class='ocr_carea' id='block_1_114' title="bbox 2220 4485 3824 4553">
    <p class='ocr_par' dir='ltr' id='par_1_114' title="bbox 2220 4485 3824 4553">
     <span class='ocr_line' id='line_1_115' title="bbox 2220 4485 3824 4553; baseline -0.002 -11"><span class='ocrx_word' id='word_1_753' title='bbox 2220 4485 2308 4544; x_wconf 71' lang='lat' dir='ltr'>ros</span> <span class='ocrx_word' id='word_1_754' title='bbox 2357 4489 2459 4543; x_wconf 90' lang='lat' dir='ltr'>sibi</span> <span class='ocrx_word' id='word_1_755' title='bbox 2508 4485 2874 4553; x_wconf 74' lang='lat' dir='ltr'>thesaurizat;</span> <span class='ocrx_word' id='word_1_756' title='bbox 2925 4485 3014 4544; x_wconf 76' lang='lat' dir='ltr'>Hic</span> <span class='ocrx_word' id='word_1_757' title='bbox 3064 4487 3264 4543; x_wconf 89' lang='lat' dir='ltr'>etenim</span> <span class='ocrx_word' id='word_1_758' title='bbox 3309 4488 3364 4541; x_wconf 94' lang='lat' dir='ltr'>in</span> <span class='ocrx_word' id='word_1_759' title='bbox 3412 4489 3517 4542; x_wconf 89' lang='lat' dir='ltr'>hac</span> <span class='ocrx_word' id='word_1_760' title='bbox 3564 4485 3824 4541; x_wconf 78' lang='lat' dir='ltr'>felicitate</span> 
     </span>
    </p>
   </div>
   <div class='ocr_carea' id='block_1_115' title="bbox 2221 4557 3826 4630">
    <p class='ocr_par' dir='ltr' id='par_1_115' title="bbox 2221 4557 3826 4630">
     <span class='ocr_line' id='line_1_116' title="bbox 2221 4557 3826 4630; baseline -0.003 -16"><span class='ocrx_word' id='word_1_761' title='bbox 2221 4576 2566 4630; x_wconf 89' lang='lat' dir='ltr'>permanens,</span> <span class='ocrx_word' id='word_1_762' title='bbox 2588 4558 3197 4630; x_wconf 24' lang='lat' dir='ltr'>Afruetursempiternis</span> <span class='ocrx_word' id='word_1_763' title='bbox 3246 4557 3439 4612; x_wconf 88' lang='lat' dir='ltr'>futuris</span> <span class='ocrx_word' id='word_1_764' title='bbox 3485 4557 3669 4630; x_wconf 74' lang='lat' dir='ltr'>bonis.</span> <span class='ocrx_word' id='word_1_765' title='bbox 3705 4570 3826 4630; x_wconf 82' lang='lat' dir='ltr'>cum</span> 
     </span>
    </p>
   </div>
   <div class='ocr_carea' id='block_1_116' title="bbox 2222 4626 3828 4704">
    <p class='ocr_par' dir='ltr' id='par_1_116' title="bbox 2222 4626 3828 4704">
     <span class='ocr_line' id='line_1_117' title="bbox 2222 4626 3828 4704; baseline -0.002 -21"><span class='ocrx_word' id='word_1_766' title='bbox 2222 4626 2548 4704; x_wconf 76' lang='lat' dir='ltr'>revelabitur</span> <span class='ocrx_word' id='word_1_767' title='bbox 2577 4627 2755 4704; x_wconf 58' lang='lat' dir='ltr'>futura</span> <span class='ocrx_word' id='word_1_768' title='bbox 2784 4626 2986 4702; x_wconf 54' lang='lat' dir='ltr'>gloria:</span> <span class='ocrx_word' id='word_1_769' title='bbox 3013 4631 3160 4704; x_wconf 79' lang='lat' dir='ltr'>Tuas</span> <span class='ocrx_word' id='word_1_770' title='bbox 3183 4628 3366 4699; x_wconf 84' lang='lat' dir='ltr'>itaque</span> <span class='ocrx_word' id='word_1_771' title='bbox 3395 4626 3689 4704; x_wconf 65' lang='lat' dir='ltr'>praedictas</span> <span class='ocrx_word' id='word_1_772' title='bbox 3732 4628 3828 4704; x_wconf 75' lang='lat' dir='ltr'>hu-</span> 
     </span>
    </p>
   </div>
   <div class='ocr_carea' id='block_1_117' title="bbox 2220 4697 3829 4770">
    <p class='ocr_par' dir='ltr' id='par_1_117' title="bbox 2220 4697 3829 4770">
     <span class='ocr_line' id='line_1_118' title="bbox 2220 4697 3829 4770; baseline -0.003 -16"><span class='ocrx_word' id='word_1_773' title='bbox 2220 4699 2558 4754; x_wconf 90' lang='lat' dir='ltr'>manissimas</span> <span class='ocrx_word' id='word_1_774' title='bbox 2589 4697 2814 4754; x_wconf 60' lang='lat' dir='ltr'>litteras&#39;</span> <span class='ocrx_word' id='word_1_775' title='bbox 2826 4715 2948 4755; x_wconf 93' lang='lat' dir='ltr'>cum</span> <span class='ocrx_word' id='word_1_776' title='bbox 2978 4697 3381 4770; x_wconf 78' lang='lat' dir='ltr'>accepissemus</span> <span class='ocrx_word' id='word_1_777' title='bbox 3402 4697 3503 4770; x_wconf 87' lang='lat' dir='ltr'>,_et</span> <span class='ocrx_word' id='word_1_778' title='bbox 3530 4697 3729 4770; x_wconf 82' lang='lat' dir='ltr'>laudes</span> <span class='ocrx_word' id='word_1_779' title='bbox 3757 4697 3829 4749; x_wconf 87' lang='lat' dir='ltr'>ni-</span> 
     </span>
    </p>
   </div>
   <div class='ocr_carea' id='block_1_118' title="bbox 2221 4767 3830 4841">
    <p class='ocr_par' dir='ltr' id='par_1_118' title="bbox 2221 4767 3830 4841">
     <span class='ocr_line' id='line_1_119' title="bbox 2221 4767 3830 4841; baseline -0.004 -17"><span class='ocrx_word' id='word_1_780' title='bbox 2221 4771 2358 4826; x_wconf 88' lang='lat' dir='ltr'>mias</span> <span class='ocrx_word' id='word_1_781' title='bbox 2391 4771 2588 4841; x_wconf 92' lang='lat' dir='ltr'>quibus</span> <span class='ocrx_word' id='word_1_782' title='bbox 2620 4788 2719 4826; x_wconf 91' lang='lat' dir='ltr'>nos</span> <span class='ocrx_word' id='word_1_783' title='bbox 2754 4786 2986 4826; x_wconf 86' lang='lat' dir='ltr'>exornas</span> <span class='ocrx_word' id='word_1_784' title='bbox 3009 4779 3063 4826; x_wconf 91' lang='lat' dir='ltr'>et</span> <span class='ocrx_word' id='word_1_785' title='bbox 3082 4767 3187 4841; x_wconf 77' lang='lat' dir='ltr'>qua</span> <span class='ocrx_word' id='word_1_786' title='bbox 3207 4768 3374 4841; x_wconf 87' lang='lat' dir='ltr'>animi</span> <span class='ocrx_word' id='word_1_787' title='bbox 3394 4767 3673 4841; x_wconf 80' lang='lat' dir='ltr'>alacritate</span> <span class='ocrx_word' id='word_1_788' title='bbox 3697 4779 3830 4839; x_wconf 83' lang='lat' dir='ltr'>erga</span> 
     </span>
    </p>
   </div>
   <div class='ocr_carea' id='block_1_119' title="bbox 2221 4839 3830 4914">
    <p class='ocr_par' dir='ltr' id='par_1_119' title="bbox 2221 4839 3830 4914">
     <span class='ocr_line' id='line_1_120' title="bbox 2221 4839 3830 4914; baseline -0.004 -18"><span class='ocrx_word' id='word_1_789' title='bbox 2221 4839 2635 4914; x_wconf 10' lang='lat' dir='ltr'>cosgte&#39;liabes,</span> <span class='ocrx_word' id='word_1_790' title='bbox 2687 4842 3012 4914; x_wconf 80' lang='lat' dir='ltr'>agnovimus</span> <span class='ocrx_word' id='word_1_791' title='bbox 3055 4839 3348 4914; x_wconf 72' lang='lat' dir='ltr'>quomodo</span> <span class='ocrx_word' id='word_1_792' title='bbox 3378 4839 3465 4914; x_wconf 78' lang='lat' dir='ltr'>pie</span> <span class='ocrx_word' id='word_1_793' title='bbox 3511 4847 3563 4892; x_wconf 89' lang='lat' dir='ltr'>et</span> <span class='ocrx_word' id='word_1_794' title='bbox 3610 4844 3830 4914; x_wconf 88' lang='lat' dir='ltr'>sane_t_e</span> 
     </span>
    </p>
   </div>
   <div class='ocr_carea' id='block_1_120' title="bbox 2221 4905 3831 4983">
    <p class='ocr_par' dir='ltr' id='par_1_120' title="bbox 2221 4905 3831 4983">
     <span class='ocr_line' id='line_1_121' title="bbox 2221 4905 3831 4983; baseline -0.004 -17"><span class='ocrx_word' id='word_1_795' title='bbox 2221 4911 2366 4983; x_wconf 88' lang='lat' dir='ltr'>geris</span> <span class='ocrx_word' id='word_1_796' title='bbox 2386 4953 2399 4980; x_wconf 92' lang='lat'>,</span> <span class='ocrx_word' id='word_1_797' title='bbox 2431 4911 2558 4966; x_wconf 89' lang='lat' dir='ltr'>licet</span> <span class='ocrx_word' id='word_1_798' title='bbox 2596 4905 2786 4983; x_wconf 70' lang='lat' dir='ltr'>laudEs</span> <span class='ocrx_word' id='word_1_799' title='bbox 2823 4928 2960 4983; x_wconf 85' lang='lat' dir='ltr'>quas</span> <span class='ocrx_word' id='word_1_800' title='bbox 2998 4905 3156 4983; x_wconf 84' lang='lat' dir='ltr'>nobis</span> <span class='ocrx_word' id='word_1_801' title='bbox 3187 4905 3573 4983; x_wconf 45' lang='lat' dir='ltr'>tribuis-longe</span> <span class='ocrx_word' id='word_1_802' title='bbox 3605 4923 3641 4962; x_wconf 89' lang='lat' dir='ltr'>a</span> <span class='ocrx_word' id='word_1_803' title='bbox 3675 4905 3831 4962; x_wconf 92' lang='lat' dir='ltr'>nobis</span> 
     </span>
    </p>
   </div>
   <div class='ocr_carea' id='block_1_121' title="bbox 2222 4980 3833 5038">
    <p class='ocr_par' dir='ltr' id='par_1_121' title="bbox 2222 4980 3833 5038">
     <span class='ocr_line' id='line_1_122' title="bbox 2222 4980 3833 5038; baseline -0.002 -2"><span class='ocrx_word' id='word_1_804' title='bbox 2222 4980 2400 5036; x_wconf 79' lang='lat' dir='ltr'>absint</span> <span class='ocrx_word' id='word_1_805' title='bbox 2436 5000 2449 5036; x_wconf 92' lang='lat'>:</span> <span class='ocrx_word' id='word_1_806' title='bbox 2481 4998 2604 5038; x_wconf 89' lang='lat' dir='ltr'>cum</span> <span class='ocrx_word' id='word_1_807' title='bbox 2636 4982 2778 5036; x_wconf 91' lang='lat' dir='ltr'>enim</span> <span class='ocrx_word' id='word_1_808' title='bbox 2818 4980 3104 5037; x_wconf 83' lang='lat' dir='ltr'>mortalem</span> <span class='ocrx_word' id='word_1_809' title='bbox 3135 4989 3188 5035; x_wconf 91' lang='lat' dir='ltr'>et</span> <span class='ocrx_word' id='word_1_810' title='bbox 3218 4980 3532 5034; x_wconf 88' lang='lat' dir='ltr'>mutabilem</span> <span class='ocrx_word' id='word_1_811' title='bbox 3583 4987 3833 5032; x_wconf 84' lang='lat' dir='ltr'>naturam</span> 
     </span>
    </p>
   </div>
   <div class='ocr_carea' id='block_1_122' title="bbox 2221 5052 3831 5120">
    <p class='ocr_par' dir='ltr' id='par_1_122' title="bbox 2221 5052 3831 5120">
     <span class='ocr_line' id='line_1_123' title="bbox 2221 5052 3831 5120; baseline -0.004 -14"><span class='ocrx_word' id='word_1_812' title='bbox 2221 5053 2362 5107; x_wconf 89' lang='lat' dir='ltr'>nacti</span> <span class='ocrx_word' id='word_1_813' title='bbox 2410 5053 2608 5120; x_wconf 86' lang='lat' dir='ltr'>simus,</span> <span class='ocrx_word' id='word_1_814' title='bbox 2641 5068 2750 5108; x_wconf 92' lang='lat' dir='ltr'>non</span> <span class='ocrx_word' id='word_1_815' title='bbox 2799 5062 2924 5107; x_wconf 86' lang='lat' dir='ltr'>sunt</span> <span class='ocrx_word' id='word_1_816' title='bbox 2954 5053 3146 5107; x_wconf 89' lang='lat' dir='ltr'>laudes</span> <span class='ocrx_word' id='word_1_817' title='bbox 3179 5052 3314 5106; x_wconf 86' lang='lat' dir='ltr'>satis</span> <span class='ocrx_word' id='word_1_818' title='bbox 3343 5058 3500 5114; x_wconf 80' lang='lat' dir='ltr'>tuta.</span> <span class='ocrx_word' id='word_1_819' title='bbox 3535 5057 3589 5104; x_wconf 89' lang='lat' dir='ltr'>et</span> <span class='ocrx_word' id='word_1_820' title='bbox 3610 5061 3831 5120; x_wconf 69' lang='lat' dir='ltr'>magno</span> 
     </span>
    </p>
   </div>
   <div class='ocr_carea' id='block_1_123' title="bbox 2207 5118 3833 5192">
    <p class='ocr_par' dir='ltr' id='par_1_123' title="bbox 2207 5118 3833 5192">
     <span class='ocr_line' id='line_1_124' title="bbox 2207 5118 3833 5192; baseline -0.002 -17"><span class='ocrx_word' id='word_1_821' title='bbox 2207 5123 2412 5178; x_wconf 59' lang='lat' dir='ltr'>timore</span> <span class='ocrx_word' id='word_1_822' title='bbox 2444 5118 2728 5178; x_wconf 79' lang='lat' dir='ltr'>efﬁcimur.</span> <span class='ocrx_word' id='word_1_823' title='bbox 2756 5124 2900 5178; x_wconf 89' lang='lat' dir='ltr'>illius</span> <span class='ocrx_word' id='word_1_824' title='bbox 2929 5123 3184 5180; x_wconf 82' lang='lat' dir='ltr'>videlicet</span> <span class='ocrx_word' id='word_1_825' title='bbox 3212 5123 3304 5192; x_wconf 86' lang='lat' dir='ltr'>qui</span> <span class='ocrx_word' id='word_1_826' title='bbox 3334 5120 3519 5176; x_wconf 89' lang='lat' dir='ltr'>omnia</span> <span class='ocrx_word' id='word_1_827' title='bbox 3569 5118 3746 5173; x_wconf 81' lang='lat' dir='ltr'>videt</span> <span class='ocrx_word' id='word_1_828' title='bbox 3781 5123 3833 5171; x_wconf 85' lang='lat' dir='ltr'>et</span> 
     </span>
    </p>
   </div>
   <div class='ocr_carea' id='block_1_124' title="bbox 2288 5254 3834 5321">
    <p class='ocr_par' dir='ltr' id='par_1_124' title="bbox 2288 5254 3834 5321">
     <span class='ocr_line' id='line_1_125' title="bbox 2288 5254 3834 5321; baseline -0.006 -8"><span class='ocrx_word' id='word_1_829' title='bbox 2288 5275 2311 5313; x_wconf 87' lang='lat' dir='ltr'>d</span> <span class='ocrx_word' id='word_1_830' title='bbox 2359 5259 2474 5308; x_wconf 81' lang='lat' dir='ltr'>Haec</span> <span class='ocrx_word' id='word_1_831' title='bbox 2531 5257 2592 5309; x_wconf 90' lang='lat' dir='ltr'>de</span> <span class='ocrx_word' id='word_1_832' title='bbox 2649 5259 2901 5321; x_wconf 81' lang='lat' dir='ltr'>Bulgarica</span> <span class='ocrx_word' id='word_1_833' title='bbox 2969 5257 3169 5310; x_wconf 72' lang='lat' dir='ltr'>ditecesi</span> <span class='ocrx_word' id='word_1_834' title='bbox 3239 5255 3551 5309; x_wconf 83' lang='lat' dir='ltr'>detruncavit</span> <span class='ocrx_word' id='word_1_835' title='bbox 3624 5254 3834 5306; x_wconf 77' lang='lat' dir='ltr'>Photius</span> 
     </span>
    </p>
   </div>
   <div class='ocr_carea' id='block_1_125' title="bbox 2223 5353 2443 5394">
    <p class='ocr_par' dir='ltr' id='par_1_125' title="bbox 2223 5353 2443 5394">
     <span class='ocr_line' id='line_1_126' title="bbox 2223 5353 2443 5394; baseline 0 -2"><span class='ocrx_word' id='word_1_836' title='bbox 2223 5353 2419 5394; x_wconf 82' lang='lat' dir='ltr'>omnino</span> <span class='ocrx_word' id='word_1_837' title='bbox 2429 5379 2443 5392; x_wconf 87' lang='lat'><strong>.</strong></span> 
     </span>
    </p>
   </div>
   <div class='ocr_carea' id='block_1_126' title="bbox 2288 5436 3825 5508">
    <p class='ocr_par' dir='ltr' id='par_1_126' title="bbox 2288 5436 3825 5508">
     <span class='ocr_line' id='line_1_127' title="bbox 2288 5436 3825 5508; baseline -0.003 -13"><span class='ocrx_word' id='word_1_838' title='bbox 2288 5468 2310 5494; x_wconf 87' lang='lat' dir='ltr'>e</span> <span class='ocrx_word' id='word_1_839' title='bbox 2357 5443 2558 5495; x_wconf 85' lang='lat' dir='ltr'>Photius</span> <span class='ocrx_word' id='word_1_840' title='bbox 2592 5444 2864 5508; x_wconf 86' lang='lat' dir='ltr'>versipellis</span> <span class='ocrx_word' id='word_1_841' title='bbox 2915 5443 3068 5496; x_wconf 83' lang='lat' dir='ltr'>ﬂectit</span> <span class='ocrx_word' id='word_1_842' title='bbox 3132 5444 3183 5496; x_wconf 88' lang='lat' dir='ltr'>in</span> <span class='ocrx_word' id='word_1_843' title='bbox 3255 5443 3447 5495; x_wconf 85' lang='lat' dir='ltr'>laudem</span> <span class='ocrx_word' id='word_1_844' title='bbox 3485 5453 3624 5493; x_wconf 82' lang='lat' dir='ltr'>suam</span> <span class='ocrx_word' id='word_1_845' title='bbox 3697 5436 3825 5505; x_wconf 84' lang='lat' dir='ltr'>quod</span> 
     </span>
    </p>
   </div>
   <div class='ocr_carea' id='block_1_127' title="bbox 2223 5528 3604 5580">
    <p class='ocr_par' dir='ltr' id='par_1_127' title="bbox 2223 5528 3604 5580">
     <span class='ocr_line' id='line_1_128' title="bbox 2223 5528 3604 5580; baseline 0 -4"><span class='ocrx_word' id='word_1_846' title='bbox 2223 5528 2271 5578; x_wconf 90' lang='lat' dir='ltr'>in</span> <span class='ocrx_word' id='word_1_847' title='bbox 2295 5529 2378 5579; x_wconf 87' lang='lat' dir='ltr'>Dei</span> <span class='ocrx_word' id='word_1_848' title='bbox 2405 5529 2595 5578; x_wconf 83' lang='lat' dir='ltr'>laudem</span> <span class='ocrx_word' id='word_1_849' title='bbox 2621 5529 2832 5580; x_wconf 81' lang='lat' dir='ltr'>Joannes</span> <span class='ocrx_word' id='word_1_850' title='bbox 2857 5529 3054 5580; x_wconf 78' lang='lat' dir='ltr'>dixerat</span> <span class='ocrx_word' id='word_1_851' title='bbox 3089 5529 3150 5579; x_wconf 90' lang='lat' dir='ltr'>de</span> <span class='ocrx_word' id='word_1_852' title='bbox 3175 5528 3462 5580; x_wconf 82' lang='lat' dir='ltr'>altitonante</span> <span class='ocrx_word' id='word_1_853' title='bbox 3487 5528 3604 5578; x_wconf 82' lang='lat' dir='ltr'>Deo.</span> 
     </span>
    </p>
   </div>
  </div>
