4028 6180
213 284 312 335 873

1418 285 1773 339 EPISTOLJE
1818 285 1910 338 ET
1962 286 2306 341 DECRETA.

3403 297 3505 350 87s

212 405 400 458 omnia
429 404 716 526 prospicit,
753 412 862 484 tum
878 405 1096 484 occulta
1133 414 1240 458 tum
1271 414 1480 485 aperta,
1517 424 1583 460 ne
1632 407 1816 477 aliquo
1847 408 1900 468 A
1923 417 2006 461 est
2038 417 2094 462 ut
2141 409 2395 463 omnibus
2444 411 2534 482 qui
2584 411 2780 480 injuste
2826 412 3100 482 patiuntur
3145 429 3307 494 opem
3353 413 3487 471 ferat

212 483 370 526 nacto
401 489 432 526 a
457 482 558 526 iter
586 473 654 526 ab
686 474 1000 526 hominibus
1032 491 1130 526 nos
1162 477 1346 526 habili.
1384 476 1544 526 aliter
1574 477 1626 526 in
1673 494 1810 526 con-
1921 477 1994 526 ita
2027 479 2143 526 eius
2173 480 2370 526 auxilio
2401 489 2458 526 ut
2488 497 2595 526 nnn
2639 481 2881 526 caruisti-
2935 483 3030 526 sed
3081 482 3260 526 divum.
3308 499 3413 526 nnn
3460 502 3487 526 ρ

210 483 370 544 pacto
401 473 558 526 aliter
586 473 654 526 ab
686 474 1000 528 hominibus
1032 491 1130 528 nos
1162 473 1346 540 habili,
1384 476 1544 530 aliter
1574 477 1626 529 in
1673 473 1810 530 con-

211 553 400 616 speclu
436 544 532 596 Dei
567 544 924 612 reperiamur.
973 553 1022 598 et
1066 562 1167 614 pro
1208 546 1486 599 iaudimus
1529 556 1580 600 et
1631 557 1813 616 Optata

213 613 394 686 gloria
425 624 747 686 perpetuum
779 615 1021 686 dedecus
1049 616 1350 670 lucremur.
1395 617 1499 670 Sed
1533 618 1649 672 lirec
1669 613 1813 686 'per-
1846 629 1852 632 ·

215 684 496 756 mittamus
529 685 736 756 interea
773 687 904 748 Deo,
937 685 1027 755 qui
1075 686 1224 739 novit
1281 687 1481 749 omnia,
1538 696 1590 742 et
1651 684 1812 756 quem

213 754 348 826 nihil
379 763 626 808 nostrum
660 755 806 826 latet.
859 754 1121 808 Novimus
1171 757 1313 810 enim
1353 757 1530 826 ipsum
1578 754 1760 812 dicere
1801 775 1814 810 :

215 824 322 891 Qui
343 842 400 879 se
423 826 667 887 exultat,
691 825 1086 880 humiliabitur
1134 828 1353 892 (Matth.
1377 824 1560 886 lxx").

285 916 308 944 ι
347 895 624 964 Scripsisti
656 895 814 948 nobis
847 897 988 964 quod
1024 898 1367 950 sanctissima
1387 896 1484 950 Dei
1503 897 1814 951 Constanti-

210 965 526 1035 nopolitana
559 965 804 1019 Ecclesia
836 965 889 1019 in
921 975 969 1018 te
1000 968 1316 1035 recipiendo
1347 983 1580 1022 concors
1609 978 1659 1021 et
1693 985 1818 1022 una-

208 1036 376 1088 nimis
409 1034 549 1090 facta
579 1044 662 1107 est
692 1043 736 1098 δ,
770 1045 821 1090 et
851 1037 994 1104 quod
1027 1034 1214 1090 sedem
1266 1039 1516 1106 recepisti
1563 1055 1684 1107 qua:
1724 1045 1815 1092 tua

210 1114 328 1176 erat
359 1115 410 1160 et
443 1121 544 1176 qua
578 1105 758 1159 fueras
790 1107 1008 1159 orbatus
1043 1124 1056 1160 :
1091 1109 1172 1160 his
1194 1109 1262 1161 de
1281 1105 1460 1171 rebus,
1481 1110 1548 1162 de
1567 1105 1816 1163 Ecclesia

209 1175 471 1248 videlicet
501 1185 559 1248 et
581 1177 650 1230 de
682 1184 783 1248 tua
803 1177 1164 1240 restitutione,
1198 1193 1299 1248 qua
1331 1195 1391 1232 es
1420 1179 1486 1231 ad
1537 1179 1816 1247 propriam

209 1247 401 1320 sedem
435 1247 733 1320 restitutus,
769 1247 883 1320 Deo
915 1264 980 1300 ex
1012 1249 1178 1320 corde
1211 1247 1262 1301 et
1292 1265 1391 1317 pro
1421 1249 1561 1320 virili
1607 1249 1816 1320 gratias

210 1317 450 1389 agimus.
487 1317 769 1389 Habebam
799 1317 962 1370 etiam
1012 1318 1206 1372 litterae
1256 1319 1470 1386 pietatis
1515 1317 1631 1373 tuai
1669 1319 1815 1389 quod

208 1387 384 1441 uestri
417 1387 580 1455 legati
615 1387 904 1458 noluerunt
931 1404 1092 1458 quam
1123 1390 1357 1458 primum
1390 1389 1482 1442 tibi
1523 1387 1814 1443 commini-

209 1406 384 1441 nosm
417 1406 580 1455 legati
615 1406 904 1440 nomerunt
971 1406 1092 1441 nam
1123 1406 1357 1458 primum
1390 1406 1482 1442 unt
1523 1406 1814 1443 commini-

209 1465 414 1528 strare.
451 1459 516 1511 Et
546 1459 648 1511 hoc
681 1457 876 1511 factum
931 1406 1165 1511 ilicimus
1224 1459 1350 1528 quia
1411 1461 1651 1513 nondum
1709 1459 1816 1514 illis

207 1527 640 1599 permiseramus
669 1536 724 1580 ut
757 1543 820 1581 ea
849 1528 1086 1582 facerent
1116 1527 1726 1599 qum’prmceperamus.
1760 1529 1817 1584 Si

210 1599 357 1670 enim
402 1598 714 1670 mandatum
774 1607 1035 1670 nostrum,
1081 1600 1416 1663 habuissent,
1459 1598 1624 1654 nulla
1682 1600 1816 1670 ipsis

209 1666 408 1740 fuisset
437 1669 718 1740 dubitatio,
755 1685 854 1722 nec
883 1669 1108 1736 alicujus
1140 1670 1406 1723 maestitiae
1435 1685 1657 1724 causam
1701 1666 1817 1740 pie-

1921 477 2002 556 ita_
2027 479 2143 546 ejus
2173 480 2370 534 anxilio
2401 477 2598 556 utnon
2638 477 3055 556 caruisti,__sed_
3081 477 3262 556 divina
3308 499 3414 556 ope
3460 502 3513 540 et

1916 548 2073 628 hujus
2104 560 2306 628 sanctae
2338 551 2483 605 sedis
2515 551 2702 606 labore
2724 561 2774 606 et
2797 552 2977 607 studio
2993 553 3060 608 ad
3083 553 3273 609 sedem
3288 548 3432 609 tuam
3452 571 3514 610 es
3563 609 3574 616 .

1917 627 2214 672 restitutus.

1991 687 2396 764 «Quapropter
2443 691 2639 745 rationi
2693 707 2991 764 congruum
3041 693 3188 764 duco
3244 701 3304 748 ut
3357 695 3517 764 hujus

1916 759 2160 835 consueti
2204 760 2407 835 auxilii,
2467 777 2680 835 necnon
2739 759 3327 835 benignitatishquam
3380 759 3515 834 ipsis

1916 829 2174 897 operibus
2204 829 2433 901 singulis
2461 831 2660 902 diebus.
2685 829 2972 902 experiris,
3005 833 3074 887 de
3102 829 3196 888 illa
3223 833 3278 889 in
3295 829 3516 890 omnem

1916 905 2122 969 terram
2151 915 2342 953 sonum
2370 901 2619 956 emittere
2647 901 2771 956 noni
2793 902 3152 969 obliviscaris,
3201 905 3301 959 sed
3349 905 3515 960 etiam

1915 967 2094 1041 ipsam
2107 984 2366 1041 sequere,
2399 979 2452 1024 et
2480 972 2652 1026 instar
2683 972 2827 1026 illius
2854 973 2988 1028 nulli
3017 967 3513 1041 damnuminferas,

1915 1053 2018 1114 nec
2048 1039 2286 1114 aliquem
2319 1055 2352 1094 a
2381 1041 2684 1114 visceribus
2714 1042 3227 1100 misericordiaatuae
3243 1039 3505 1114 repellas,

1919 1108 1976 1184 Si
2007 1109 2099 1184 qui
2132 1108 2308 1184 usque
2337 1111 2515 1166 adhuc
2546 1113 2801 1167 unionem
2843 1129 2966 1168 cum
3013 1122 3106 1168 tua
3147 1108 3347 1184 pietate
3387 1108 3511 1170 am?-

1915 1178 2077 1259 plecti
2107 1178 2622 1259 noluerunt,_neque
2653 1191 2831 1237 tecum
2878 1178 3194 1252 convenire,
3235 1201 3319 1259 _ne
3354 1185 3508 1241 desi-

1917 1255 2050 1312 stas,
2083 1249 2178 1302 sed
2209 1249 2390 1318 potius
2420 1249 2665 1306 laborem
2695 1260 2746 1306 et
2789 1262 3067 1309 certamen
3114 1249 3342 1314 sustine.
3391 1271 3516 1312 cum

1915 1319 2186 1382 docendo,
2237 1328 2355 1372 tum
2407 1322 2566 1375 etiam
2614 1323 3054 1388 sermocinando,
3105 1331 3158 1378 et
3217 1325 3516 1388 longanimi

1915 1389 2312 1468 admonitione,
2341 1405 2442 1444 nec
2473 1407 2581 1468 non
2624 1391 2794 1446 alacri
2844 1393 3207 1468 et_benevolo
3257 1389 3409 1468 vultu
3459 1404 3519 1468 ut

1909 1461 2059 1532 juxta
2091 1462 2431 1532 Apostolum,
2468 1461 2556 1532 vel
2584 1477 2795 1532 omnes
2843 1461 2932 1517 vel
2977 1463 3273 1532 plerosque
3317 1465 3516 1522 lucrari

1916 1529 2243 1602 s_tudeas,__et
2274 1530 2378 1602 tibi
2399 1531 2710 1597 conciliare,
2743 1547 2807 1587 ac
2835 1548 2937 1602 per
2965 1529 3018 1588 te
3047 1533 3152 1602 ipsi
3180 1529 3296 1590 Deo
3355 1549 3519 1592 acce—

1915 1599 2285 1674 dentes,_illos
2313 1599 2383 1674 ad
2412 1608 2482 1674 te,
2517 1610 2572 1654 et
2587 1609 2778 1674 _perite
2809 1599 2878 1656 ad
2906 1599 3083 1658 Deum
3110 1603 3391 1674 suscipere
3433 1605 3521 1660 di-

1915 1685 2104 1749 ignare.
2127 1669 2510 1749 Sacerdotales
2530 1669 2692 1726 etiam
2706 1673 2946 1728 honores
2957 1681 3014 1728 et
3025 1689 3216 1728 eorum
3234 1669 3522 1745 ecclesias,

210 1739 305 1812 tati
337 1747 443 1812 tute
474 1738 853 1807 praebuissent.
889 1741 1001 1812 Nec
1032 1756 1136 1812 _nos
1167 1740 1302 1792 satis
1332 1740 1466 1812 certi
1498 1738 1716 1794 eramus
1744 1741 1813 1795 de
1847 1738 2027 1812 Billis
2058 1739 2302 1812 restitue.

207 1807 543 1862 fraternitate
602 1817 714 1872 tua,
777 1809 921 1879 quod
979 1809 1049 1862 ad
1097 1818 1240 1862 tuam
1299 1811 1486 1864 sedem
1545 1819 1597 1865 te
1671 1812 1817 1865 Deus

205 1879 596 1938 restituisseut,
631 1888 684 1932 et
708 1879 818 1946 jam
849 1879 1024 1948 ipsam
1057 1879 1391 1934 obtinuisses
1422 1897 1433 1932 :
1469 1880 1514 1932 si
1537 1881 1682 1934 enim
1717 1883 1820 1936 hoc

209 1949 650 2014 rescivissemus,
690 1949 1050 2020 emisissemus
1120 1951 1309 2020 procul
1365 1950 1550 2016 dubio,
1610 1961 1666 2004 ut
1725 1967 1823 2020 par

207 2027 341 2090 erat,
377 2019 700 2089 gratulaturi
730 2019 825 2090 tibi
859 2036 961 2090 pro
989 2029 1094 2074 tua:
1123 2019 1268 2074 Sedis
1300 2021 1608 2090 receptione
1640 2022 1689 2074 ι).
1727 2019 1820 2076 ίΝθ

205 2089 377 2161 igitur
445 2090 676 2161 interea
725 2089 912 2161 iniquo
968 2090 1111 2144 feras
1185 2089 1598 2161 animo;’quod
1674 2091 1818 2146 enim

207 2159 373 2214 antea
423 2159 613 2224 defuit,
660 2159 776 2228 jam
822 2159 896 2215 ‘ex
941 2161 1439 2231 superabundantia
1474 2159 1820 2232 completum

209 2239 314 2284 est.

287 2321 311 2351 ι
356 2300 658 2355 Didicimus
687 2308 948 2370 praeterea
975 2301 1118 2370 quod
1138 2303 1414 2357 suntinter
1436 2318 1530 2357 vos
1577 2302 1820 2356 nonnulli

210 2369 545 2426 schismatici
577 2372 667 2440 qui
690 2369 824 2424 inon
871 2369 1176 2440 quiescunt,
1209 2373 1304 2426 sed
1349 2373 1401 2426 in
1438 2389 1636 2426 vanum
1677 2373 1820 2426 labo-

209 2450 358 2506 rant,
393 2450 446 2494 et
475 2450 774 2496 certantem
803 2440 1126 2496 diabolicam
1157 2451 1383 2506 certant,
1410 2443 1562 2510 juxta
1584 2445 1818 2511 prophe-

212 2521 328 2566 tam
357 2511 632 2566 dicentem
666 2529 679 2564 :
717 2511 882 2564 Divisi
917 2521 1038 2564 sunt
1086 2513 1321 2575 contriti,
1379 2523 1434 2566 ut
1484 2513 1722 2567 evellant
1768 2514 1817 2566 ei

211 2590 466 2636 evertant
497 2583 567 2635 ad
597 2598 654 2635 se
687 2582 976 2636 nonnullos
1008 2582 1385 2650 simpliciores.
1434 2583 1501 2636 Et
1549 2583 1816 2652 quemad-

211 2653 440 2706 modum
471 2651 677 2723 gravisi
727 2668 914 2705 sumus
963 2669 1064 2721 pro
1113 2651 1607 2723 tuarrestitutione,
1657 2669 1816 2722 quam

212 2723 368 2776 Deus
397 2722 650 2791 operatus
683 2731 781 2782 est,
844 2731 895 2774 et
951 2724 1149 2776 unione
1213 2722 1350 2776 facta
1409 2724 1688 2786 Ecclesiae,
1743 2723 1818 2776 ita

209 2792 408 2846 tristati
441 2809 629 2845 sumus
673 2807 773 2862 pro
821 2792 1290 2847 scliismaticorum
1311 2794 1521 2846 illorum
1572 2793 1812 2846 interitu.

284 2871 310 2895 ε
343 2884 366 2911 ι
405 2863 486 2916 Tu
519 2878 647 2916 vero
679 2862 768 2931 qui
797 2872 1021 2930 praestas
1054 2863 1320 2932 sapientia
1355 2872 1404 2915 et
1438 2863 1722 2932 prudentia
1764 2871 1816 2916 et

211 2932 599 3005 gratia_aDeo
631 2932 722 3005 tibi
755 2932 1132 3005 largi_ta_(quid
1163 2934 1306 3005 enim
1345 2933 1511 2986 habes
1541 2933 1686 3005 quod
1709 2949 1816 3005 non

214 3002 533 3074 accepisti?
561 3010 614 3056 et
644 3002 689 3055 si
719 3002 997 3074 accepisti,
1022 3002 1301 3056 'novimus
1349 3012 1400 3056 te
1450 3002 1816 3074 non‘gloriari

212 3073 378 3144 quasi
415 3088 525 3126 non
551 3073 874 3142 acceperis),
900 3086 1096 3144 omnes
1125 3074 1216 3126 tibi
1249 3074 1540 3128 devincere
1571 3073 1817 3127 humani-

209 3143 327 3197 tate
360 3144 661 3198 contendas
693 3159 789 3196 eos
817 3143 909 3214 qui
935 3159 967 3197 a
998 3152 1050 3198 te
1080 3144 1267 3214 procul
1299 3153 1422 3196 sunt
1454 3145 1730 3214 segregati
1771 3152 1821 3198 et

212 3163 327 3197 tate
360 3163 661 3198 contendas
693 3163 789 3196 eos
817 3163 909 3214 qui
935 3163 967 3197 a
998 3163 1050 3198 te
1080 3163 1267 3214 pI'OCUI
1299 3163 1422 3196 sunt
1454 3163 1615 3212 segre
1635 3163 1730 3197 rau
1771 3163 1821 3198 et

212 3213 476 3283 dispersi,
530 3214 920 3267 misericordia:
975 3214 1186 3268 viscera
1243 3214 1347 3267 illis
1397 3163 1710 3282 aperiendo,
1769 3221 1822 3268 et

209 3283 500 3356 begnitate
529 3283 651 3337 illos
681 3284 1112 3356 complectendo,
1148 3285 1313 3356 simul
1353 3300 1696 3356 congregare
1717 3355 1732 3356 γ
1751 3299 1821 3338 ne

323 3353 472 3408 veris
504 3370 516 3405 :
551 3361 625 3414 ut,
661 3355 1116 3424 quemadmodum
1149 3353 1519 3408 sanctissimus
1549 3371 1686 3423 papa
1712 3355 1821 3407 Leo

265 3441 449 3494 agnus
481 3423 689 3490 scribit,
718 3440 813 3477 eos
843 3424 930 3494 qui
955 3433 1204 3494 t'jiiaerunt
1222 3424 1484 3477 humiliari
1506 3425 1560 3476 in
1584 3440 1820 3492 conspe-

208 3493 446 3550 ctu’Dei
480 3501 532 3547 et
561 3494 818 3548 unionem
850 3493 1126 3549 vobiscum
1147 3511 1410 3564 quaerere,
1437 3493 1823 3564 suscipiamus,

207 3565 371 3635 _Sicut
408 3571 628 3635 econtra
661 3564 926 3618 adversus
957 3581 1052 3618 eos
1110 3565 1203 3635 qui
1255 3565 1394 3618 duro
1453 3573 1578 3617 sunt
1631 3564 1818 3626 corde,

201 3633 542 3690 fortitudine
576 3642 627 3688 et
659 3635 958 3688 constantia
991 3643 1044 3688 et
1075 3633 1334 3704 patientia
1365 3635 1486 3688 illos
1517 3635 1818 3698 vincamus,

205 3705 438 3760 duritiae
466 3704 632 3758 etiam
663 3705 844 3759 cordis
875 3705 1092 3758 illorum
1146 3704 1496 3759 obsistamus.
1563 3705 1824 3760 Similiter

199 3775 318 3830 illis
353 3775 451 3845 qui
463 3774 854 3897 (fmnitentiam
887 3783 1152 3844 quaerunt,
1189 3792 1310 3844 qua:
1339 3775 1520 3844 lapsos
1553 3775 1820 3838 sublevat,

202 3861 412 3897 manus
429 3859 459 3897 a
505 3845 724 3897 iutrices
739 3845 1097 3897 praebeamus.
1118 3846 1239 3897 Non
1254 3845 1401 3897 enim
1415 3853 1495 3897 est
1511 3843 1820 3897 desneratio

202 3843 412 3900 manus
429 3843 724 3911 adjutrices
739 3843 1097 3914 praebeamus.
1118 3843 1239 3899 Non
1254 3845 1401 3899 enim
1415 3853 1495 3900 est
1511 3843 1824 3914 desperatio

199 3915 629 3986 paenitentibus,
659 3923 712 3969 et
743 3915 1050 3984 petentibus
1099 3915 1532 3970 misericordiam
1581 3930 1690 3968 non
1742 3922 1825 3968 est

203 3985 492 4042 confusio.

287 4078 337 4127 ιΔ
377 4055 725 4127 Quapropter
750 4126 754 4127 ν
781 4054 1170 4110 fraternitatem
1227 4064 1375 4110 tuam
1430 4071 1687 4127 rogamus
1738 4061 1825 4127 “ut

200 4125 424 4182 Christi
452 4141 639 4180 mores
669 4126 947 4186 imitando,
981 4127 1251 4196 praecipue
1282 4141 1407 4180 vero
1437 4125 1554 4195 ejus
1604 4125 1824 4179 humili-

197 4205 382 4251 tatem
414 4212 577 4267 quam
607 4197 856 4250 sustinuit
887 4212 984 4266 pro
1012 4195 1188 4250 salute
1211 4195 1430 4267 generis
1461 4196 1683 4258 nostris,
1715 4210 1824 4267 non

197 4277 258 4322 te
293 4265 490 4346 pigeat
519 4265 574 4319 in
605 4267 814 4346 synodo
844 4265 1140 4346 praedicare
1172 4265 1270 4320 Dei
1321 4275 1556 4346 erga.te
1605 4265 1824 4346 miseri-

197 4335 464 4394 cordiam
495 4345 546 4390 et
576 4335 853 4390 auxillium
884 4335 928 4398 τι,
967 4353 1068 4391 nec
1100 4353 1205 4390 non
1240 4335 1594 4390 sanctissima:
1626 4337 1824 4390 Roma-

195 4423 417 4463 norum
449 4407 1134 4494 Ecclesizeqproleclionem
1164 4415 1216 4486 et
1247 4407 1488 4494 tutelam,
1549 4406 1814 4494 laborem,
1848 4435 1900 4494 D

243 4493 386 4532 uem
421 4492 522 4546 pro
552 4485 637 4530 tua
667 4475 956 4531 dilectione
982 4477 1250 4541 sustinuit,
1286 4485 1342 4529 ut
1371 4478 1474 4531 hoc
1505 4484 1661 4546 pacto
1689 4475 1819 4528 ardi-

239 4565 348 4604 ces
377 4563 573 4601 omnes
600 4563 698 4617 pro
740 4548 1118 4602 communione
1171 4556 1357 4600 nostra
1409 4555 1462 4600 et
1517 4546 1820 4617 animorum

193 4627 540 4688 nostrorum
564 4615 876 4688 concordia.
913 4617 1361 4688 Quandoquidem
1381 4631 1725 4688 quaecunque
1755 4615 1820 4668 ab

193 4689 304 4744 illa
370 4687 594 4758 petiisti,
653 4687 929 4742 obtinuisti
987 4686 1178 4742 etiam.
1225 4689 1291 4742 Et
1349 4686 1486 4742 sieut
1551 4686 1655 4739 illi
1701 4700 1820 4740 mos

271 4853 304 4879 ι
327 4809 492 4890 'l‘acet
516 4839 596 4888 hic
613 4839 814 4889 Photius
838 4839 963 4900 quod
987 4839 1048 4889 de
1073 4839 1261 4901 privata
1285 4813 1420 4901 sede,
1452 4849 1628 4900 nempe
1675 4849 1818 4899 quam

189 4911 250 4960 in
281 4909 566 4968 Magnaura
589 4909 814 4955 erexerat
835 4906 1029 4955 vivente
1079 4906 1283 4967 lgnatio.

271 4989 496 5049 bAliqua
521 4989 672 5050 addit,
701 4993 750 5038 et
768 4990 1026 5040 detruncat
1046 4989 1228 5050 aliqua,
1255 5002 1360 5050 quae
1385 4989 1579 5052 suprius
1627 4986 1820 5036 notavi-

192 5071 329 5110 mus
356 5057 424 5106 de
449 5055 742 5105 consulenda
766 5055 1029 5105 apostolica
1057 5056 1168 5104 sede
1192 5055 1318 5104 aliis.

273 5146 302 5172 ο
335 5141 443 5188 Ista
465 5139 526 5202 de
549 5138 772 5188 laudibus
819 5139 920 5188 suis
967 5139 1165 5188 Photius
1189 5139 1388 5190 addidit.

271 5221 304 5260 ἀ
335 5225 557 5274 Joannes
583 5235 678 5272 non
703 5223 797 5272 ista
835 5223 1004 5281 habet,
1031 5223 1114 5272 sed
1138 5227 1190 5272 ut
1211 5224 1314 5285 ipse
1335 5221 1724 5274 misericordiam
1741 5233 1824 5270 co-

187 5304 322 5345 ram
351 5289 544 5349 synodo
569 5289 780 5351 postulet
808 5302 822 5350 ;
850 5301 956 5350 qua:
981 5289 1180 5340 Photius
1203 5291 1397 5340 sustulit
1423 5290 1501 5340 hic
1527 5294 1576 5339 et
1621 5288 1824 5338 inferius

185 5355 718 5427 callideadmodllnlz
775 5421 803 5427 ,Α
1113 5423 1130 5427 ,
1339 5424 1351 5427 _
1406 5423 1417 5427 _
1477 5422 1523 5427 ν-
1759 5416 1770 5427 .

267 5431 296 5458 ο
323 5422 647 5474 Dettuncavit
673 5421 749 5471 hic
774 5421 950 5472 iterum
977 5435 1081 5484 qua
1107 5423 1315 5472 Joannes
1339 5423 1488 5472 habet
1512 5422 1558 5470 in
1584 5435 1670 5471 sua
1695 5421 1824 5484 epis-

189 5492 312 5544 tola
345 5489 412 5538 de
439 5487 702 5547 querendo
728 5487 1104 5538 misericordiam
1133 5501 1293 5538 coram
1320 5488 1526 5549 synodo.

456 5595 692 5647 PATROL.
725 5595 969 5648 CXXVI.

1998 1830 2021 1859 ι
2057 1810 2132 1889 Et
2179 1810 2635 1889 quemadmodum
2667 1811 2926 1889 spiritalis
2941 1810 3100 1889 _filius
3127 1814 3504 1889 noster_i_mpe

1920 1887 2068 1951 rator
2095 1880 2324 1934 Basilius
2353 1896 2454 1951 pro
2484 1890 2535 1935 te
2563 1897 2665 1936 nos
2697 1880 2814 1950 ejus
2843 1881 3089 1950 petitioni
3119 1880 3523 1940 rationabili-et

1914 1949 2075 2028 justas
2105 1957 2157 2003 et
2185 1951 2299 2006 Deo
2317 1949 2502 2028 grata;
2530 1949 2918 2028 obsequentes,
2972 1951 3203 2028 fecimus
3244 1969 3367 2010 cum
3427 1962 3522 2010 tua

1919 2021 2135 2090 pietate,
2188 2021 2335 2092 quod
2382 2021 2980 2093 imperator'petierat,
3023 2021 3218 2077 eodem
3263 2031 3425 2093 pacto
3469 2031 3521 2080 te

1920 2105 2178 2160 rogamus
2210 2091 2282 2144 ’ut
2338 2099 2396 2145 tu
2454 2093 2617 2146 etiam
2673 2091 3017 2147 obliviscaris
3071 2091 3339 2148 malorum
3397 2110 3520 2160 qua

1919 2159 2276 2233 adversusAte
2298 2161 2685 2233 commiserunt
2717 2203 2731 2226 ,
2763 2162 2855 2233 qui
2883 2177 2914 2216 a
2944 2169 2996 2218 te
3045 2161 3263 2218 fuerant
3309 2159 3520 2220 abalie-

1919 2230 2032 2304 nati
2075 2239 2115 2284 ο.
2168 2229 2280 2304 _Qui
2340 2232 2386 2304 si
2444 2229 2901 2304 revertantur'__ex
2955 2233 3146 2304 corde,
3202 2240 3296 2304 tua
3343 2233 3519 2304 pietas

1923 2301 2134 2355 honore
2165 2301 2367 2376 insigni
2399 2303 2600 2371 apertis
2629 2302 2771 2376 ulnis
2800 2301 2924 2356 illos
2951 2303 3193 2376 recipere
3237 2301 3515 2376 dignetur,

1919 2379 1977 2423 ut
2003 2386 2194 2426 omnes
2227 2370 2451 2425 feliciter
2479 2373 2882 2427 consentientes
2911 2372 2979 2426 ad
3009 2370 3423 2428 conversionem
3465 2370 3520 2428 et

1919 2441 2448 2514 restitutionem‘tuaa
2476 2442 2623 2496 sedis
2651 2458 2940 2498 commune
2969 2442 3232 2514 gaudium
3271 2451 3325 2498 et
3372 2443 3519 2498 diem

1918 2509 2115 2583 festum
2146 2520 2198 2564 et
2225 2511 2422 2583 laetitiae
2453 2527 2799 2583 peragamus.

1994 2602 2014 2629 α
2049 2581 2160 2634 Hoc
2193 2581 2353 2634 etiam
2401 2581 2658 2650 rogamus
2700 2581 3090 2636 fraternitatem
3128 2591 3274 2637 tuam
3313 2591 3370 2638 ut
3417 2599 3516 2638 no-

1918 2649 2126 2704 hiscum
2157 2651 2424 2704 decernas
2455 2649 2511 2721 ut
2539 2651 2595 2704 in
2621 2651 2918 2721 posterium
2947 2651 3130 2707 nullus
3160 2652 3434 2709 sacularis
3449 2669 3516 2708 ex

1917 2727 2163 2788 tempore
2192 2722 2260 2774 ad
2291 2719 2654 2789 pontificalem
2687 2721 2873 2776 sedem
2903 2731 3232 2788 assumatur,
3283 2723 3382 2777 sed
3424 2739 3517 2778 se-

1917 2791 2150 2862 cundum
2183 2791 2410 2862 gradum
2445 2799 2498 2844 et
2527 2791 2774 2846 ordinem
2803 2793 3129 2862 procedens,
3153 2801 3206 2846 et
3237 2793 3520 2862 proprium

1919 2861 2290 2940 unusquisque
2403 2877 2500 2940 suo
2531 2861 2704 2940 gradu
2732 2861 3082 2940 progressum
3111 2861 3520 2940 virtutisesten-

1916 2930 2054 2983 dens
2080 2929 2153 2983 ita
2182 2929 2500 3000 pontiﬁcalis
2530 2929 2676 2986 sedis
2704 2929 2935 3000 gradum
2955 2931 3212 2988 obtineat.
3237 2931 3345 3000 Qui
3374 2933 3520 2988 enim

1916 3000 2073 3054 aliter
2099 3001 2362 3065 ascendit,
2395 3001 2785 3056 ecclesiasticis
2814 3002 3014 3056 nostris
3056 3001 3361 3058 canonibus
3389 3017 3522 3058 con-

1849 3095 1898 3158 c
1919 3071 2084 3158 trees
2114 3070 2259 3158 fecit-
2295 3073 2360 3158 ξε
2388 3071 2641 3158 nam.”
2673 3087 2883 3158 meram
2921 3073 3084 3158 bene
3127 3072 3230 3158 sui
3274 3087 3386 3158 son
3441 3081 3524 3153 est

1923 3141 2254 3210 probandus,
2287 3141 2355 3194 ab
2387 3140 2536 3196 initio
2568 3141 2620 3194 in
2651 3150 2832 3196 vestra
2863 3141 3096 3196 ecclesia
3124 3140 3419 3208 inventum,
3462 3142 3521 3197 in

1922 3219 2202 3279 posterum
2234 3211 2445 3264 irritum
2477 3211 2700 3266 abolere
2730 3211 2768 3264 τ.
2793 3212 2908 3266 Hoc
2928 3219 3110 3266 autem
3129 3211 3520 3280 dicimusjuxta

1922 3295 2184 3350 canonem
2211 3281 2414 3334 editum
2445 3281 2500 3333 in
2529 3280 2740 3350 synodo
2767 3287 3012 3350 tempore
3043 3280 3266 3350 Adriani
3295 3281 3524 3336 sanctis-

1923 3349 2045 3404 simi
2073 3367 2227 3419 papaa
2255 3359 2306 3405 et
2356 3349 2572 3420 ,Tarasii’
2629 3351 2800 3404 beatae
2858 3349 3139 3406 memoria
3190 3350 3517 3420 patriarcha

1923 3419 2524 3490 Constantinopolitani.

1993 3497 2078 3561 sit
2113 3489 2390 3561 Synodum
2421 3505 2554 3544 vero
2585 3489 3094 3561 contra__pietatem
3127 3497 3274 3544 tuam
3320 3489 3520 3561 ibidem

1923 3559 2167 3630 habitam
2189 3559 2518 3614 irritavimus
2548 3559 3052 3630 etannullavimus,
3083 3559 3194 3614 imo
3246 3567 3300 3615 et
3334 3629 3337 3630 ν
3374 3560 3518 3630 abji-

1923 3629 2113 3694 cimus,
2149 3639 2260 3684 tum
2291 3629 2676 3700 propterralia,
2741 3638 2853 3684 tum
2909 3630 3087 3700 etiam
3127 3630 3275 3700 quod
3329 3629 3519 3686 beatus

1922 3715 2066 3780 papa
2082 3699 2370 3780 _{tdrian’us
2398 3699 2777 3780 przedecessor
2803 3707 2988 3780 noster
3017 3699 3094 3780 illi
3123 3699 3236 3780 non
3262 3699 3518 3780 _subscri-

1923 3769 2046 3839 psit.
2082 3770 2310 3842 Reliqua
2339 3785 2468 3842 vero
2493 3769 2675 3842 omnia
2705 3778 2758 3824 et
2788 3769 3177 3842 ecclesiasticis
3197 3769 3365 3842 rebus
3386 3783 3524 3842 qua.

1923 3847 2017 3894 tua
2064 3839 2294 3909 epistola
2341 3840 2500 3895 nobis
2547 3839 2865 3907 insinuavit,
2909 3840 3154 3909 scribere
3197 3839 3512 3909 omittimus,

1925 3908 2179 3980 quoniam
2209 3911 2279 3964 de
2309 3910 2416 3964 illis
2446 3909 2500 3964 in
2560 3909 2976 3965 commonitorio
3029 3908 3365 3980 scripsimus,
3427 3910 3517 3968 cui

1925 3979 2087 4052 etiam
2120 3981 2511 4052 subcripsimus
2540 3996 2734 4052 omnes
2780 3995 2882 4050 pro
2930 3987 3020 4052 tua
3065 3979 3439 4052 restitutione.
3461 3986 3519 4036 et

1925 4049 2058 4122 illud
2117 4051 2276 4105 Petro
2304 4049 2744 4122 _religiosissimo
2783 4049 3124 4122 presbytero
3179 4049 3445 4122 eardinali
3463 4057 3519 4106 et

1927 4120 2327 4192 legatoAnostro
2382 4117 2634 4175 dédimus
2685 4117 2848 4192 quem
2878 4117 3245 4192 misinius,_[f.
3304 4128 3362 4192 ut
3390 4135 3516 4192 una,

1927 4189 2130 4262 Hilam]
2157 4199 2212 4262 et
2230 4207 2348 4262 una
2377 4207 2498 4262 cum
2529 4189 2778 4262 Eugenio
2796 4199 2862 4262 _et
2890 4189 3060 4262 Paulo
3089 4189 3520 4262 religiosissimis

1927 4259 2198 4331 episcopis
2227 4260 2424 4331 legatis
2456 4259 2660 4314 nostris
2685 4259 2809 4331 _Dei
2864 4259 3116 4331 timorem
3167 4259 3288 4331 prie
3345 4259 3521 4314 oculis

1926 4327 2212 4395 habentes,
2247 4327 2306 4382 et
2329 4345 2478 4382 suam
2510 4327 2900 4384 conscientiam
2929 4327 3325 4382 immaculatam
3382 4343 3520 4384 con-

1927 4407 2211 4454 servantes
2269 4399 2490 4453 omnino
2548 4398 2830 4452 vobiscum
2885 4395 3091 4452 faciant
3152 4411 3273 4466 quae
3327 4405 3523 4453 vestra

1923 4469 2182 4524 Ecclesiae
2211 4468 2460 4524 conferre
2491 4467 2763 4532 noverint,
2795 4467 2944 4537 Deus
2963 4474 3016 4537 te
3038 4473 3327 4521 conservet
3346 4481 3521 4537 usque

1921 4539 1990 4593 ad
2021 4537 2202 4604 finem,
2237 4539 2436 4594 dilecte
2479 4537 2667 4605 frater,
2692 4536 3146 4592 reverendissime
3187 4543 3240 4590 et
3284 4535 3518 4591 commi-

1921 4609 2089 4664 nister
2117 4617 2322 4664 noster.
2361 4630 2382 4658 υ

1990 4681 2134 4735 Ecce
2163 4688 2222 4734 tu
2245 4679 2361 4748 jam
2392 4677 2592 4746 vidisti,
2636 4686 2689 4734 et
2717 4675 2974 4734 confrens
3002 4683 3233 4747 utraque
3263 4675 3514 4748 exempla

1979 4829 2099 4882 [’ch
2141 4829 2365 4879 falsarios
2414 4832 2462 4878 et
2507 4830 2743 4888 impostor
2793 4825 3092 4875 astutissime
3157 4823 3402 4874 convertit
3440 4823 3503 4875 ad

1922 4894 2191 4945 Adrianum
2217 4895 2430 4959 primum
2453 4893 2577 4956 quod
2600 4893 2724 4942 dixit
2739 4892 2958 4959 Joannes
2978 4889 3040 4940 de
3063 4889 3276 4959 Adriano
3311 4888 3350 4940 ll
3389 4891 3514 4959 satis

1922 4973 2178 5023 expresse.
2212 4955 2274 5012 At
2297 4961 2344 5010 id
2369 4974 2426 5010 ea
2449 4955 2510 5010 de
2535 4971 2679 5008 causa
2705 4958 2766 5008 ab
2790 4969 2849 5023 eo
2891 4957 3095 5018 factum,
3137 4955 3265 5023 quod
3301 4967 3389 5018 per
3429 4955 3514 5008 illa

1922 5021 2070 5077 verba
2095 5029 2307 5078 Joannes
2334 5027 2538 5088 probare
2579 5037 2634 5074 se
2662 5022 2962 5085 signiﬁcaret
3003 5021 3239 5084 synodum
3281 5024 3509 5073 octavam

1922 5093 2010 5144 sub
2035 5094 2246 5144 Adriano
2268 5091 2487 5141 habitam
2503 5089 2710 5150 iuniori.

1989 5164 2018 5199 ε
2036 5161 2104 5210 De
2127 5159 2442 5220 abrogationis
2467 5155 2634 5218 synodi
2659 5158 2830 5206 contra
2851 5153 3076 5220 Photium
3103 5153 3234 5203 facta
3275 5152 3400 5203 nihil
3434 5165 3519 5220 pe:

1923 5227 2052 5277 nitus
2077 5225 2124 5274 in
2147 5217 2324 5274 litteris
2349 5217 2566 5272 Joannis.
2596 5221 2836 5285 Apposuit
2867 5222 2973 5271 haec
3016 5219 3254 5285 impostor
3273 5221 3330 5269 ut
3376 5217 3514 5285 quasi

1923 5291 2197 5354 apostolica:
2223 5290 2350 5340 sedis
2371 5283 2661 5354 auctoritate
2676 5283 2963 5354 damnaret,
2982 5284 3135 5354 _quod
3177 5289 3346 5354 pestes
3386 5283 3512 5335 idem

1924 5351 2040 5409 fecit
2065 5361 2286 5407 octavam
2303 5355 2539 5416 synodum
2562 5353 2652 5404 sub
2677 5353 2892 5404 Adriano
2914 5351 3154 5404 habitam.
3206 5351 3358 5401 Porro
3403 5363 3514 5402 cum

1925 5427 2028 5476 haec
2051 5424 2290 5486 impostor
2314 5421 2558 5485 apposuit,
2583 5419 2983 5486 decurravitqua
3003 5418 3052 5486 in
3073 5416 3351 5486 conditione
3372 5429 3514 5480 appo-

1919 5491 2015 5540 sita
2040 5483 2251 5540 Joannes
2279 5483 2426 5538 habet
2449 5486 2508 5537 de
2528 5485 2825 5537 restituenda
2851 5483 3048 5536 diwcesi
3073 5483 3418 5546 Bulgarorum.

3093 5595 3160 5646 28
