4072 6186
552 261 654 319 8Ἰῦ

1878 258 2174 317 JOANNIS
2207 262 2398 317 PARE
2430 265 2565 318 Vill.

3733 267 3840 318 876

545 387 626 443 ria
649 385 974 464 cognovisti,
1005 385 1193 451 lector,
1225 402 1338 464 quo
1364 385 1921 464 tamdenrprogressa
1949 386 2128 464 impo-
2160 385 2212 445 Α
2232 387 2367 454 ejus,
2402 405 2496 440 seu
2530 389 2828 442 thoui-‘o
2870 387 2978 442 tilio
3025 388 3357 454 Landenulli,
3435 390 3657 460 ejusque
3705 405 3837 458 ger-

548 457 709 513 storis
722 455 978 518 audacia,
1000 463 1056 510 et
1071 470 1209 510 ausa
1229 455 1296 509 sit
1313 455 1519 509 falsarii
1537 455 1784 509 animosa
1807 457 2131 524 procacitas,

543 536 602 583 ut
628 527 803 582 tribus
833 527 1084 582 versibus
1113 525 1229 580 istis
1259 525 1327 580 ad
1357 525 1639 595 epistolam
1670 525 1892 580 Joannis
1949 525 2138 582 ultimo

541 597 662 654 loco
712 597 928 660 additis,
991 603 1195 650 tantam
1251 595 1448 650 molem
1504 595 1652 649 illam
1721 597 2134 662 mcumenicam,

541 669 786 740 inquam,
807 675 1053 740 octavam
1072 665 1360 736 synodum,
1382 681 1546 736 quam
1563 665 1833 740 Occidens
1851 677 1901 720 et
1915 667 2134 740 Oriens,

543 735 784 808 pontifex
812 745 872 809 et,
895 735 1192 809 imperator
1221 749 1330 792 una
1351 735 1476 809 cum
1495 735 1768 809 epi‘sCOpis
1789 745 1844 791 et
1862 735 2139 809 magistra-

543 806 688 864 tibus
715 806 872 864 tanta
895 806 1085 862 labore
1129 815 1256 861 sunt
1299 806 1476 860 conati
1517 806 1726 875 erigere
1771 814 1826 861 et
1871 806 2134 868 stabilire,

639 878 883 934 Lntumin
909 878 1028 947 ipso
1056 877 1233 947 ﬁxerit,
1293 876 1513 931 Photius
1569 876 1814 931 mendaci
1873 877 2014 946 stle
2070 877 2139 932 sit

884 946 956 1004 Ut
980 947 1152 1018 plana.
1164 946 1364 1001 iterum
1392 947 1718 1018 repetendae,
1753 947 1882 1018 quin
1912 955 1964 1000 et
2020 947 2137 1002 alite

540 1020 840 1090 innumera:
867 1015 1234 1090 sint—agenda}
1283 1018 1398 1090 Deo
1449 1015 1659 1090 gratia),
1710 1015 1856 1086 quod
1906 1017 1976 1070 ad
2027 1026 2136 1072 tam

539 1086 778 1146 immane
802 1086 1117 1160 periculum
1137 1086 1468 1160 evitandum,
1480 1095 1549 1160 _et
1577 1086 1945 1160 immensum
1968 1103 2134 1160 scan-

540 1160 720 1216 dalum
767 1155 1238 1225 antevertendum,
1282 1157 1517 1212 voluerit
1559 1155 1739 1210 divina
1791 1156 2137 1226 providentia

539 1235 822 1310 remanere
851 1229 1070 1310 integra
1107 1226 1439 1310 exemplaria
1483 1225 1708 1310 {cannis
1756 1225 2132 1310 epistolarum,

539 1301 762 1358 unicum
789 1295 1098 1356 remedium
1119 1299 1194 1352 ad
1217 1295 1470 1352 falsatem
1499 1295 1735 1350 hominis
1782 1295 2134 1358 perditissimi

537 1371 873 1443 arguendam
901 1369 1340 1443 et__impostur_am
1368 1365 1740 1443 aperiam.
1771 1365 1892 1434 Quo
1917 1369 2134 1443 nomine

532 1436 760 1512 pariter,
791 1448 850 1494 ut
877 1436 1130 1505 vidimus,
1164 1436 1459 1512 et_ipse_de
1491 1452 1599 1507 quo
1627 1436 1859 1512 egimus,
1895 1437 2134 1512 pontifeit

536 1507 794 1566 Nicolaus
815 1512 1060 1580 summas
1091 1507 1309 1580 gratias
1361 1507 1480 1580 D_eO
1522 1507 1800 1580 rependit,
1862 1509 2008 1580 quod
2065 1507 2133 1580 ad

537 1579 955 1636 convencendas
979 1576 1244 1632 {usitatas
1265 1577 1504 1644 ejusdem
1522 1576 1697 1631 Photii
1716 1577 1770 1630 in
1792 1576 1904 1631 suis
1921 1577 2136 1634 litteris-

535 1649 882 1720 impudenter
907 1648 1189 1712 admistas,
1224 1663 1414 1702 earum
1443 1646 1779 1769 exemIplaria
1811 1648 1995 1703 Romae
2024 1665 2136 1703 ser-

539 1721 767 1769 vaverit.
802 1719 882 1769 sic
910 1719 1100 1769 dicens
1129 1718 1186 1769 in
1213 1717 1443 1769 enistola
1471 1717 1540 1769 ad
1564 1718 1593 1769 lt
1621 1717 1878 1769 ichaelem
1902 1718 2132 1769 imnera-

539 1717 767 1789 vaverit,
802 1719 882 1775 sic
910 1719 1100 1774 dicens
1129 1718 1186 1772 in
1213 1717 1443 1787 epistola
1471 1717 1540 1770 ad
1564 1717 1633 1789 Mi

535 1799 712 1845 torem
736 1788 758 1845 ξ
798 1792 1189 1846 Verumtamen
1228 1804 1330 1859 nos
1371 1788 1857 1859 quomodocuon
1882 1790 2131 1858 [alsitati

538 1861 627 1916 vel
642 1861 1038 1931 depravationi
1057 1859 1253 1931 eadem
1271 1858 1349 1912 sit
1371 1857 1922 1931 cpistolasubmissa,
1943 1863 2131 1931 grate:

535 1927 872 1986 intimas
885 1931 1109 1997 agimus
1127 1930 1259 1993 Deo,
1283 1931 1445 1993 cuius
1464 1927 1909 1997 inspiratione“
1939 1927 2130 1996 ﬁdeli-

535 1947 872 1986 mnumaras
981 1947 1109 1985 mus
1127 1947 1259 1993 uco,
1283 1947 1445 1993 culus
1464 1947 1909 1997 mspzrauoneer
1939 1947 2130 1996 naeu-

531 1947 1068 2077 illiuaezcmgﬂriq
1087 2014 1256 2077 partes
1277 2015 1378 2077 nos
1391 1999 1761 2077 retinuimus,
1777 2002 1834 2077 et
1848 2001 2013 2068 cujus
2032 2013 2131 2067 per

530 2071 826 2144 missuqui
845 2068 962 2126 hinc
979 2070 1068 2125 υσὶ
1086 2070 1484 2144 autheuticam
1503 2070 1683 2144 ipsum
1697 2068 1992 2144 scripsere,
2013 2085 2130 2144 ενα

528 2137 751 2211 μένοὼέ
765 2143 1083 2211 nascuntur
1097 2140 1252 2211 {haec
1279 2137 1414 2208 ipse.
1451 2137 1559 2193 Sed
1579 2153 1680 2211 nos
1701 2137 1992 2211 dupliciter
2011 2139 2129 2211 Deo

525 2208 730 2282 gratias
751 2209 1059 2282 rependere
1087 2209 1413 2279 obligamus,
1445 2216 1500 2282 et
1528 2209 1674 2278 quod
1700 2208 1958 2282 Joannes,
1990 2208 2132 2282 sicut

529 2277 590 2336 ἐι
610 2277 889 2347 Nicolaus,
937 2277 1230 2334 missarum
1275 2293 1312 2333 a
1355 2295 1414 2332 se
1461 2277 1760 2333 litterarum
1805 2279 2127 2348 excripserit

529 2358 584 2406 et
613 2351 888 2406 retinuerit
915 2348 1264 2428 exemplaria,
1295 2348 1519 2428 etquod
1550 2348 1745 2428 eadem
1772 2349 2121 2428 cumcodice,

531 2436 698 2492 quem
725 2427 1010 2492 regestum
1027 2418 1242 2482 vocant,
1268 2418 1441 2472 sintin
1457 2419 1602 2492 hanc
1623 2418 1767 2492 diem
1796 2419 1850 2472 in
1872 2419 2129 2492 Vaticana

533 2488 860 2546 bibliotheca
889 2490 1102 2559 integra
1131 2497 1256 2560 post
1285 2495 1363 2560 tot
1389 2488 1682 2560 naufragia
1718 2489 2127 2560 RomanzegEco

531 2561 716 2618 clesiae
747 2558 1108 2624 conservata;
1132 2558 1195 2630 rut
1225 2558 1370 2630 quod
1419 2558 1612 2613 earum
1649 2558 1927 2630 translatio
1983 2558 2127 2613 facta

523 2646 625 2712 per
655 2631 908 2712 Photium.
928 2627 1305 2712 fraudulenter
1321 2636 1506 2698 posset
1527 2629 1683 2712 argui
1703 2627 1974 2712 falsitatis,
1999 2645 2126 2684 cum

524 2699 581 2756 in
611 2701 793 2756 multis
821 2701 961 2768 aliis,
994 2708 1106 2754 tum
1131 2699 1187 2753 in
1216 2699 1284 2754 iis
1313 2715 1436 2770 quae
1463 2707 1720 2769 operatus
1743 2707 1826 2754 est
1845 2699 1916 2753 ad
1935 2699 2124 2770 demo-

521 2771 758 2826 liendam
805 2770 1048 2826 funditus
1089 2770 1483 2840 tecumenicam
1525 2777 1773 2840 octavam
1829 2769 2118 2840 synodum,

525 2841 818 2911 tamquod.
838 2841 1149 2911 citationem
1205 2839 1452 2911 ejusdem
1512 2838 1704 2909 synodi
1761 2838 1965 2911 octavae
2023 2839 2122 2893 sub

528 2908 768 2966 Adriano
795 2910 996 2965 habita
1025 2925 1148 2979 quae
1201 2908 1552 2979 convincitur
1593 2924 1712 2979 eam
1770 2909 2008 2978 recipere
2065 2917 2119 2962 et

527 2980 884 3058 comprobare
940 2977 1222 3044 Joannem,
1265 2977 1502 3058 ‘omnino
1543 2978 1708 3058 erasit
1733 2977 1897 3058 atque
1959 2979 2119 3058 peni-

525 3046 948 3140 tqsr—Jabo‘levit‘;
1008 3063 1172 3140 qujam
1228 3047 1390 3140 e'tiam
1448 3046 1592 3119 quod
1617 3046 1863 3140 iglisertis
1937 3046 2120 3140 verbis
2151 3077 2200 3140 Ο

523 3119 808 3199 addiderit,
868 3119 964 3199 ab
992 3117 1189 3198 eodem
1232 3117 1480 3199 _Joanne'
1503 3117 1922 3199 pontiﬁcenjam
1977 3119 2122 3199 illam

523 3205 721 3262 prosus
748 3191 1082 3256 damnatam,
1115 3189 1357 3254 irratam,
1389 3195 1447 3243 ut
1476 3187 1570 3253 ait,
1603 3203 1665 3244 ac
1694 3187 1902 3244 nullam
1949 3189 2128 3243 reddi-

529 3269 640 3316 tam
670 3276 813 3316 esse.

593 3331 655 3385 In
683 3331 788 3388 hoc
815 3330 995 3401 ipsum
1021 3328 1172 3401 enim
1199 3336 1344 3384 totus
1372 3327 1611 3401 incubuit
1625 3328 1790 3384 homo
1846 3328 2125 3401 profanus,

526 3409 586 3456 ut
614 3399 904 3458 adversum
937 3416 997 3455 se
1024 3399 1304 3455 collectam
1335 3399 1731 3455 (ecumenicam
1761 3399 2052 3468 synodum,
2073 3400 2127 3454 in

525 3487 638 3543 qua
657 3471 983 3543 cubitalibus
1009 3469 1223 3532 litteris,
1255 3469 1418 3543 utita
1456 3469 1703 3543 digerim,
1751 3471 1870 3543 ejus
1916 3470 2130 3543 scelera

529 3539 898 3612 multipliciter
917 3547 1048 3595 nota
1067 3539 1626 3612 essent,gabolendam
1637 3539 2128 3612 exstinguendam-

569 3617 638 3682 ue
665 3609 900 3682 penitus,
930 3617 992 3682 ut
1015 3614 1119 3682 nec
1146 3609 1518 3682 nominaretur
1544 3609 1805 3682 amplius,
1827 3609 2126 3682 laboraret.

569 3627 638 3666 ue
665 3627 900 3682 pentum,
930 3627 992 3665 tu
1015 3627 1119 3665 nec
1146 3627 1518 3666 nominaretur
1544 3627 1805 3680 amplius,
1836 3627 2126 3665 laboraret.

529 3627 640 3753 god
697 3696 766 3738 ex
820 3680 968 3753 quod
1023 3679 1256 3753 sciretur
1309 3678 1688 3736 testiﬁcatione
1745 3679 2129 3753 historicorum

527 3750 872 3814 Grecorum}
907 3758 1024 3806 tum
1050 3750 1384 3816 Latinorum,
1416 3757 1605 3820 octava
1625 3750 1866 3820 synodus
1888 3765 2129 3805 occume-

529 3821 662 3878 nica
691 3821 974 3878 celebrata
1005 3835 1127 3890 esse
1157 3819 1628 3889 ConstantinOpoli
1658 3837 1672 3873 :
1705 3819 1823 3890 ipse
1851 3821 2045 3890 eodem
2073 3819 2130 3890 in

529 3891 651 3946 loco
704 3890 910 3955 haberi,
971 3889 1290 3960 eodemque,
1328 3904 1543 3960 quoque
1617 3889 1836 3944 nomine
1899 3889 2127 3959 apellari

533 3959 708 4015 voluit
726 3974 882 4014 suam
910 3958 1413 4029 pseudosyhodum,
1446 3958 1610 4029 quam
1657 3958 1987 4028 supponeret
2026 3975 2128 4029 pro

525 4029 774 4108 legitima
821 4027 1016 4108 octava
1055 4027 1390 4108 (acumenica
1428 4027 1776 4108 habitapen
1808 4027 2124 4108 Adrianiimz

526 4097 660 4178 usus
705 4099 776 4152 ad
817 4097 1182 4178 decipiendos.
1219 4113 1428 4178 omnes‘
1450 4097 1991 4178 recitatissuperius

528 4169 707 4240 ipsum
735 4166 974 4240 scriptis,
1007 4168 1107 4223 sed
1136 4168 1204 4240 ab
1233 4168 1354 4240 ipso
1401 4166 1613 4240 falsatis
1656 4166 2126 4240 litterisAJoannis

548 4237 568 4240 “
637 4251 702 4306 ω,
735 4253 802 4294 ex
831 4237 1032 4310 quibus
1060 4237 1269 4308 pariter
1289 4237 1518 4310 detegas
1547 4238 1685 4293 alias
1728 4238 1976 4306 ejusdem
2020 4255 2124 4295 ne-

529 4254 752 4364 gigonis
778 4308 1140 4364 versutissimi
1168 4308 1508 4364 imnosturas.
1532 4308 1792 4364 Quamvis
1815 4310 1960 4364 enim
1980 4309 2124 4364 idem

571 4308 752 4365 ulonis
778 4308 1140 4364 versutissimi
1168 4308 1508 4378 imposturas.
1532 4308 1792 4376 Quamvis
1815 4310 1960 4364 enim
1980 4309 2125 4365 idem

527 4381 770 4450 Joannes
794 4378 1056 4450 pontifex,
1091 4386 1202 4450 tum
1233 4377 1289 4432 in
1316 4379 1443 4450 ipsa
1483 4379 1716 4450 epistola
1748 4379 1825 4450 ad
1875 4380 2126 4435 Photium

531 4449 757 4520 scripta,
798 4449 923 4520 tum
964 4449 1024 4504 in
1065 4449 1303 4520 recitata
1333 4449 1584 4520 Superius
1627 4450 1696 4520 ad
1742 4449 2126 4520 imperatorem

536 4519 754 4577 citando
799 4519 1002 4590 dictam
1039 4519 1434 4590 oecumenicam
1480 4519 1768 4590 synodum,
1801 4519 1871 4590 fut
1929 4521 2135 4575 dictum

541 4597 644 4648 est.
677 4604 798 4645 eam
828 4588 978 4644 visus
1007 4597 1090 4644 est
1117 4588 1548 4658 comprobasse;
1594 4597 1647 4642 et
1699 4588 2051 4645 nihilominus
2081 4589 2137 4645 in

544 4657 927 4715 additamentis
947 4658 1131 4728 Photii
1149 4657 1294 4714 idem
1323 4658 1458 4728 ipse,
1478 4658 1594 4726 ejus
1635 4659 1891 4714 damnato
1934 4660 2136 4714 asseri-

543 4738 631 4784 tur
661 4746 673 4785 :
706 4744 815 4784 non
846 4729 947 4783 ista
977 4729 1082 4800 ipsi
1109 4727 1232 4800 fatis
1261 4726 1386 4800 sunt
1414 4726 1547 4800 visa,
1581 4729 1679 4784 sed
1707 4737 1761 4784 et
1789 4729 1966 4800 abillo
1982 4729 2162 4798 falsag

543 4809 658 4854 tum
686 4797 1270 4855 estcommétiitorium
1309 4799 1378 4852 ab
1415 4798 1608 4854 eodem
1649 4797 1905 4868 pontiﬁce
1949 4800 2136 4855 datum

545 4869 706 4942 Retro
733 4869 934 4942 legato.

809 4947 838 4962 ”
1198 4964 1478 5040 ccxux.

845 5067 919 5108 ΑΙ)
947 5068 1279 5108 LANDULFUM
1308 5069 1378 5108 ΒΤ
1421 5067 1747 5115 ΜΝΏΟΝΒΗ.

1166 5143 1346 5209 (Anno
1377 5142 1524 5209 879.)

546 5231 750 5300 Scribit
773 5231 1092 5302 Trajectum
1105 5245 1162 5287 se
1183 5227 1422 5302 iturum,
1438 5232 1495 5284 et
1515 5244 1637 5300 qua:
1655 5230 1789 5302 paci
1803 5244 1996 5302 eorum
2016 5245 2138 5302 coa-

619 5302 853 5366 ducant,
867 5298 1458 5370 curaturumﬁbiquc
1473 5298 1603 5354 cum
1633 5298 1700 5354 de
1731 5300 1884 5367 aliis,
1911 5304 2034 5356 tum
2073 5299 2140 5356 de

618 5369 895 5442 Laudat/'0
921 5369 1198 5444 Capuam:
1216 5369 1478 5426 Ecclesiae
1499 5370 1747 5444 episcopo
1767 5371 1942 5427 electo
1971 5374 2139 5426 actu-

621 5457 769 5497 rum.

623 5544 843 5600 Dilectis
874 5545 1003 5600 viris
1033 5545 1286 5600 LANDONI
1319 5545 1426 5602 tilio
1456 5545 1749 5614 Landonis,
1782 5554 1834 5602 et
1880 5544 2138 5602 fratribus

2239 492 2437 530 mauis.

2311 565 2562 634 Reccptis
2620 573 2781 635 atque
2822 565 3072 634 perlectis
3141 565 3330 619 litteris
3389 566 3605 629 vestris,
3695 579 3834 634 quas

2239 661 2422 706 nostro
2452 653 2729 722 pontilicio
2759 653 3052 716 dii-existis,
3089 663 3288 724 quanta
3319 670 3452 724 pace
3472 661 3525 708 et
3541 653 3837 708 concordia

2239 757 2334 794 vos
2363 749 2484 810 post
2529 741 2733 795 obitum
2789 741 3029 795 Landulli
3076 743 3230 796 bona:
3271 743 3552 798 memoriae
3594 741 3834 812 Capuani

2237 829 2497 898 episcopi,
2531 845 2650 883 cum
2687 829 3017 883 Pandenulfo
3074 830 3510 898 conjunxissetis,
3571 838 3626 883 et
3655 830 3833 898 jusju-

2237 916 2462 970 randum
2495 916 2728 971 lralerno
2760 933 2823 972 ac.
2853 917 3163 972 indivisibili
3194 917 3398 972 findere
3427 918 3567 972 inter
3595 933 3692 972 vos
3731 919 3832 971 ha-

2236 1003 2344 1058 bito
2374 1003 2706 1068 ﬁrmassetis,
2743 1005 2862 1060 lucc
2893 1005 3093 1060 clarius
3125 1007 3373 1061 novimus
3409 1023 3421 1060 :
3456 1006 3552 1061 sed
3574 1005 3835 1062 suadente

2236 1093 2455 1146 humani
2486 1094 2704 1163 generis
2751 1093 2992 1156 inimico,
3053 1103 3106 1148 et
3166 1094 3488 1149 zizaniorum
3541 1094 3680 1149 inter
3737 1110 3835 1150 vos

2235 1180 2439 1234 semina
2470 1180 2823 1246 diffundente,
2860 1197 3082 1236 omnem
3101 1182 3457 1242 concordiam
3489 1191 3542 1236 et
3571 1183 3838 1236 unanimi-

2235 1275 2397 1322 tatem
2429 1285 2551 1340 quae
2581 1269 2720 1324 inter
2753 1287 2849 1323 vos
2879 1270 3063 1324 divino
3095 1277 3344 1340 respectu
3377 1271 3652 1326 exstiterat
3683 1270 3837 1325 vide-

2233 1373 2356 1410 mus
2381 1366 2694 1427 corruptam
2723 1367 2888 1428 atque
2936 1359 3238 1414 confusam.
3283 1359 3384 1413 Per
3430 1376 3538 1429 quo
3585 1359 3836 1414 videlicet

2235 1452 2393 1499 tantae
2423 1443 2719 1502 inimicitiae
2748 1446 2892 1500 malo
2924 1447 3078 1501 vobis
3103 1447 3214 1514 jam
3254 1446 3445 1501 litteris
3490 1447 3690 1502 nostris
3737 1463 3836 1518 per

2233 1533 2579 1587 Dominicum
2609 1534 2980 1588 venerabilem
3014 1534 3331 1604 episcopum
3363 1543 3605 1589 nostrum
3637 1536 3708 1589 ad
3741 1551 3837 1590 vos
3866 1569 3874 1576 -

2233 1619 2446 1688 delatis,
2495 1621 2918 1686 innotescentes,
2981 1623 3355 1678 mandavimus
3410 1623 3661 1695 quoniam
3721 1624 3865 1682 Deo.

1639 1717 1878 1772 chaelem
1902 1718 2132 1802 impera:
2161 1731 2214 1792 Β
2235 1707 2468 1779 propitio
2499 1725 2600 1779 pro
2634 1719 2878 1764 vestrum
2909 1711 3150 1764 omnium
3186 1711 3356 1766 salute
3386 1727 3451 1765 ac
3493 1727 3631 1782 pace
3675 1711 3838 1766 volu-

2235 1812 2357 1850 mus
2391 1796 2650 1852 Kalendis
2681 1797 3017 1853 Octobribus
3067 1798 3370 1866 Trajectum
3417 1799 3605 1853 venire
3651 1799 3840 1870 ibique

2237 1884 2516 1938 vobiscum
2551 1892 2602 1938 et
2636 1901 2757 1940 cum
2791 1884 3075 1940 Guaiferio
3105 1885 3345 1958 glorioso
3363 1885 3626 1956 principe,
3678 1895 3844 1959 atque

2233 1986 2357 2025 cum
2388 1971 2663 2042 Capuanis
2695 1973 3019 2044 cwterisque
3053 1973 3382 2028 vestratibus
3411 1973 3578 2046 loqui,
3611 1983 3665 2028 et
3691 1973 3841 2030 ordi-

2231 2075 2360 2114 nare
2391 2060 2625 2130 primum
2659 2076 2724 2116 ea
2754 2078 2875 2132 quae
2907 2061 3063 2116 nobis
3093 2070 3146 2116 et
3177 2062 3332 2118 vobis
3363 2071 3488 2117 sunt
3514 2063 3838 2120 necessaria

2229 2155 2532 2218 vestraque
2566 2149 2694 2218 paci
2723 2157 2774 2204 et
2805 2149 3016 2203 utilitati
3048 2149 3304 2220 proﬁcua,
3337 2159 3626 2221 quatenus,
3673 2151 3838 2208 totius

2229 2235 2524 2290 discordiae
2552 2237 2814 2291 seandalo
2845 2237 2913 2292 de
2956 2238 3136 2292 medio
3181 2237 3345 2292 vestri
3391 2239 3594 2304 ablato,
3643 2247 3695 2292 et
3743 2255 3835 2293 re-

2226 2331 2382 2394 cepta
2411 2324 2511 2379 Dei
2545 2339 2700 2396 pace,
2735 2341 2855 2396 quae
2886 2333 3100 2395 supcrat
3115 2340 3332 2380 omnem
3354 2342 3574 2380 sensum
3603 2327 3837 2398 (Philip.

2227 2413 2327 2481 ιν),
2362 2412 2415 2466 in
2447 2411 2686 2467 fraterna
2715 2413 3002 2468 dilectione
3048 2423 3099 2468 et
3155 2414 3216 2468 in.
3265 2413 3494 2484 pristina
3551 2415 3838 2472 devotione

2225 2514 2414 2554 omnes
2445 2501 2749 2556 concordes
2796 2509 2847 2554 et
2896 2501 3177 2556 unanimes
3222 2517 3445 2557 manere
3491 2501 3834 2568 valeatis;et

2221 2596 2347 2641 tunc
2376 2588 2490 2642 sive
2518 2588 2586 2642 de
2615 2588 3203 2644 Landulfo‘venerabili
3252 2590 3600 2660 presbytero,
3653 2606 3817 2662 quem

2222 2675 2458 2728 omnium
2493 2675 2590 2729 Dei
2621 2677 2958 2731 sacerdotum
2989 2686 3041 2731 et
3063 2677 3328 2746 judicum,
3363 2693 3459 2732 seu
3511 2679 3677 2732 totius
3731 2679 3832 2734 Ca-

2218 2779 2408 2832 puanze
2437 2763 2610 2833 plebis
2641 2773 2765 2819 voto
2787 2763 3012 2834 parique
3035 2763 3567 2838 consensujelectum
3591 2765 3824 2839 habetis,

2219 2850 2333 2905 sive
2359 2851 2428 2905 de
2458 2851 2580 2927 aliis
2620 2853 2946 2906 necessariis
2978 2853 3180 2916 causis,
3226 2861 3462 2908 vestram
3513 2854 3819 2910 secundum

2217 2953 2402 2993 sacros
2431 2953 2668 2993 canones
2697 2939 3111 3010 adimplebimus
3143 2940 3508 3002 voluntatem:
3543 2949 3598 2997 et
3618 2942 3819 2998 idcirco

2220 3041 2390 3097 grave
2419 3041 2525 3082 non
2555 3027 2797 3082 videatur
2850 3027 3117 3084 nobilitati
3173 3036 3372 3084 vestrae
3430 3037 3698 3096 nostrum,
3758 3037 3813 3084 ut

2229 3113 2434 3169 dictum
2466 3122 2548 3169 est
2603 3113 2893 3186 specialem
2925 3116 3232 3186 praastolari
3261 3116 3582 3174 adventum.

2947 3255 3094 3312 CCL.

2385 3357 2457 3396 AD
2502 3357 2842 3397 GUMFKRIUM
2889 3358 3190 3399 PRINClPEM
3235 3358 3688 3406 δΑιΒιιΝιτΑΝυκ.

2864 3432 3046 3499 (Anno
3077 3433 3227 3500 879.)

2230 3534 2576 3610 Ertdem‘qua’
2597 3535 2658 3589 in
2676 3536 2958 3604 superiori
2982 3555 3000 3590 :
3022 3541 3298 3610 praeterea
3318 3539 3519 3610 arguit
3537 3538 3681 3610 quod
3700 3554 3826 3595 coa-

2302 3607 2404 3679 ιιζᾳΔ
2418 3605 2718 3679 Capuanos
2729 3622 2892 3679 arma
2909 3609 3223 3679 sumpserit
3245 3605 3435 3679 ;rogat
3456 3609 3522 3663 ut
3545 3605 3829 3664 'maucoso:

2299 3674 2404 3729 sibi
2420 3692 2496 3729 au
2515 3675 2877 3743 Amalﬁtanis
2901 3674 3136 3732 restitui
3154 3681 3334 3732 curet.

2303 3787 2513 3843 Dilecto
2543 3787 2655 3844 tilio
2687 3788 2996 3844 GUAIFERIO
3020 3790 3260 3862 glorioso
3291 3791 3545 3863 principi.

2301 3875 2445 3930 Sicut
2476 3876 2633 3932 nobis
2662 3875 2854 3932 litteris
2883 3877 3080 3932 vestris
3109 3878 3427 3944 mandastis,
3464 3879 3610 3950 quod
3656 3879 3824 3936 devo-

2230 3970 2338 4016 tam
2367 3963 2506 4018 circa
2537 3979 2638 4019 nos
2669 3964 2974 4020 amicitiam
3005 3974 3058 4020 et
3089 3966 3359 4021 sinceram
3389 3968 3723 4023 conservatis
3749 3965 3822 4022 div

2228 4049 2536 4117 lectionem,
2571 4053 2672 4106 hoc
2720 4052 2902 4106 multis
2934 4053 3047 4121 jam
3096 4053 3434 4108 evidentibus
3480 4053 3812 4110 documentis

2229 4137 2350 4194 luce
2379 4137 2579 4193 clarius
2607 4139 2953 4211 agnoscimus
2982 4147 3037 4195 et
3061 4148 3308 4196 tenemus
3336 4143 3511 4207 ;unde
3533 4151 3587 4197 et
3639 4149 3817 4197 noster

2228 4226 2560 4297 apostolicus
2589 4227 2800 4282 animus
2828 4228 2976 4284 circa
3006 4229 3342 4285 nobilitatem
3361 4238 3624 4298 vestram,
3646 4235 3822 4302 utpote

2229 4313 2378 4371 circa
2407 4314 2788 4370 charissimum
2823 4315 3011 4382 filium,
3049 4317 3321 4390 benignus
3351 4318 3552 4386 existit,
3601 4317 3823 4389 cupiens

2155 4427 2208 4487 Β
2231 4403 2492 4457 honorem
2522 4411 2574 4457 et
2603 4403 2842 4475 gloriam
2885 4413 3122 4459 vestram
3181 4421 3401 4476 semper
3457 4405 3824 4460 immutilatam

2233 4489 2549 4560 conspicere
2579 4499 2633 4545 et
2661 4492 2870 4546 audire.
2903 4493 2981 4546 De
3011 4493 3185 4548 electo
3215 4501 3399 4548 autem
3427 4492 3704 4562 Landulfo,
3733 4490 3825 4548 vi-

2234 4575 2427 4633 delicet
2454 4578 2750 4633 venerabili
2771 4579 3092 4650 presbytero
3121 4580 3389 4650 Capuanaz
3419 4580 3694 4648 Ecclesiae,
3723 4595 3826 4650 pro

2236 4681 2344 4736 quo
2368 4665 2479 4734 jam
2512 4665 2674 4722 toties
2704 4676 2895 4723 nostro
2949 4666 3225 4738 pontificio
3283 4670 3659 4742 suggessistis,
3711 4683 3822 4724 non

2235 4753 2416 4824 aliquo
2445 4754 2602 4810 malae
2631 4754 2922 4809 voluntatis
2951 4754 3150 4812 affectu
3179 4772 3279 4811 vos
3310 4772 3454 4813 nunc
3497 4774 3670 4830 usque
3720 4771 3822 4810 au-

2237 4841 2356 4896 dire
2385 4842 2878 4911 praetermissimus,
2911 4843 3009 4898 sed
3039 4843 3160 4899 sola
3185 4844 3338 4914 pacis
3384 4861 3533 4900 verae
3578 4857 3732 4901 causa
3768 4851 3825 4900 et

2238 4930 2380 4983 inter
2406 4929 2684 4999 proximos
2713 4931 2980 5003 augendae
3008 4931 3336 4987 dilectionis.
3359 4933 3497 4988 Nam
3520 4933 3656 4990 sicut
3676 4930 3823 4987 vobis

2239 5032 2382 5071 nunc
2410 5016 2604 5072 litteris
2632 5018 2852 5087 nostris,
2886 5035 2985 5090 per
3015 5019 3359 5079 Dominicum
3389 5019 3702 5094 episcopum
3750 5019 3822 5073 ad

2240 5121 2338 5160 vos
2383 5104 2592 5174 delatis,
2641 5106 3037 5172 mandavimus,
3076 5108 3344 5179 cupimus,
3389 5109 3508 5164 Deo
3572 5107 3817 5181 propitio,

2238 5207 2341 5264 pro
2369 5201 2608 5249 vestrum
2632 5195 2876 5259 omnium
2904 5195 3096 5260 salute,
3129 5196 3434 5264 concordia.
3467 5205 3522 5252 et
3560 5193 3822 5260 unanimi-

2239 5288 2347 5335 tate
2377 5281 2637 5336 Kalendis
2665 5282 2990 5338 Octobribus
3017 5283 3324 5352 Traiectum
3379 5283 3590 5353 venire,
3643 5283 3822 5354 ibique

2241 5368 2524 5424 vobiscum
2554 5377 2608 5425 et
2635 5385 2759 5426 cum
2794 5370 3068 5442 Capuanis
3125 5371 3443 5443 caterisque
3498 5369 3820 5428 vestratibus

2239 5455 2409 5529 loqui,
2443 5466 2496 5512 et
2523 5457 2776 5514 ordinare
2804 5457 3039 5530 primum
3071 5474 3138 5516 ea
3179 5476 3299 5532 qua:
3350 5458 3512 5518 nobis
3564 5469 3620 5516 et
3669 5457 3822 5516 vobis

2241 5553 2363 5600 sunt
2390 5546 2696 5603 necessaria
2723 5554 2776 5602 et
2805 5555 3002 5604 vestrae
3031 5546 3155 5618 paci
3185 5547 3508 5620 utilitatique
3537 5548 3784 5620 proﬁcua;
