4072 6186
281 244 386 300 877

285 456 386 510 riis
409 455 604 522 causis,
637 464 876 511 vestram
906 457 1320 528 adimplebimus
1351 458 1681 513 voluntatem
1717 477 1729 512 :
1765 459 1891 530 quia

286 552 476 598 vestro
507 543 686 616 sagaci
737 545 964 600 consilio
1010 546 1393 616 communique
1442 562 1733 612 consensu,
1768 563 1889 617 quae

287 648 393 702 pro
421 648 559 703 pace
589 631 830 688 fraterna
857 641 909 687 et
939 649 1039 704 pro
1072 641 1228 688 terrae
1256 643 1454 689 nostrae
1473 651 1537 690 ac
1565 642 1761 689 vestrae
1793 635 1887 688 de-

285 718 557 785 fensione,
591 719 703 776 sive
725 720 1125 776 Saracenorum
1145 721 1468 791 perditione,
1493 722 1886 778 consideranda

287 817 348 862 et
373 807 705 878 perficienda
738 817 882 875 sunt,
915 825 1186 882 peragere
1216 810 1483 880 cupimus.
1519 809 1882 880 Quapropter,

285 895 432 952 sicut
460 912 563 952 nos
607 905 846 952 vestrum
891 897 1140 952 volumus
1183 898 1514 955 desiderium
1543 907 1595 952 et
1627 899 1885 952 honorem

287 985 464 1042 alacri
518 993 698 1040 mente
751 985 993 1055 implere,
1046 986 1120 1040 ita
1159 1002 1374 1057 quoque
1417 994 1470 1041 et
1517 1002 1616 1040 vos
1642 986 1734 1039 illa
1765 1001 1886 1056 quae

286 1081 479 1129 nostro
533 1072 832 1143 apostolico
889 1073 1111 1128 culmini
1167 1082 1292 1127 sunt
1347 1073 1628 1139 decentia,
1689 1074 1888 1129 devota

286 1169 472 1218 mente
500 1160 710 1216 debetis
742 1176 1034 1232 peragere;
1085 1161 1333 1232 quamvis
1359 1161 1414 1214 in
1444 1162 1550 1216 hoc
1580 1161 1884 1231 reprehen-

289 1249 448 1304 sione
492 1264 604 1304 non
645 1247 858 1329 modica
901 1248 1052 1321 digni
1101 1248 1426 1315 videamini,
1469 1250 1616 1321 quod
1658 1249 1886 1319 sumptis

288 1337 457 1394 armis
485 1344 676 1393 contra
703 1337 1013 1408 Capuanos,
1065 1337 1207 1392 inter
1249 1337 1501 1392 assiduas
1548 1353 1885 1410 paganorum

291 1425 669 1496 persecutione
727 1425 1114 1491 consistentes,
1172 1425 1427 1496 persequi
1471 1434 1523 1480 et
1566 1425 1884 1498 impugnare

289 1513 769 1584 praesumpseritis,
803 1519 1089 1584 antequam
1119 1529 1311 1567 eorum
1339 1512 1528 1583 culpas
1550 1513 1708 1567 nobis
1739 1529 1886 1568 vera-

291 1601 432 1656 citer
473 1601 720 1671 cognitas
775 1599 1061 1655 fecissetis.
1114 1601 1280 1655 Porro
1325 1601 1394 1654 de
1441 1601 1716 1655 mancosis
1747 1615 1886 1670 quos

288 1705 393 1760 pro
422 1688 738 1744 defensione
768 1697 926 1744 terrae
973 1689 1028 1744 S.
1083 1689 1222 1744 Petri
1251 1689 1502 1743 dedimus
1534 1696 1586 1743 te
1618 1696 1885 1759 praesente

289 1775 652 1844 Amalﬁtanis,
685 1777 935 1832 volumus
954 1785 1009 1831 ut
1030 1777 1254 1832 eosdem
1267 1791 1556 1832 mancosos
1577 1776 1681 1847 ipsi
1707 1776 1887 1832 Amal-

291 1864 443 1920 fitani
471 1863 716 1922 deferant
743 1880 930 1921 secum
961 1864 1182 1935 navigio
1209 1881 1384 1935 usque
1413 1864 1468 1919 in
1498 1872 1709 1934 portum
1738 1863 1888 1919 urbis

295 1953 573 2017 Romanis,
607 1952 862 2024 quoniam
891 1953 1027 2006 salvi
1076 1960 1130 2007 et
1173 1952 1354 2007 securi
1384 1952 1459 2006 ibi
1485 1955 1806 2016 manebunt;
1837 1959 1891 2007 et

294 2049 423 2096 tunc
453 2048 678 2110 accepta
725 2056 758 2094 a
800 2039 960 2094 nobis
1017 2041 1170 2110 prius
1227 2040 1534 2096 securitatis
1574 2041 1886 2110 sponsione,

293 2124 445 2199 ipsos
474 2128 633 2183 nobis
660 2143 951 2184 mancosos
1001 2128 1235 2183 reddere
1273 2136 1586 2198 procurent,
1622 2135 1890 2198 quatenus

291 2224 483 2272 nostra
511 2216 900 2287 recipientibus
929 2216 1106 2281 nobis,
1140 2216 1342 2269 nullam
1362 2231 1462 2286 pro
1482 2215 1566 2269 his
1595 2216 1663 2270 de
1695 2224 1891 2271 caetero

293 2304 566 2375 patiantur
593 2304 935 2360 calumniam.

1013 2489 1184 2544 CCLI.

749 2615 822 2653 AD
850 2613 1077 2653 LEONEH
1107 2611 1413 2652 EPISCOPUI
1425 2637 1435 2648 .

901 2725 1081 2794 (Anno
1112 2722 1260 2790 879.)

303 2849 695 2931 Dolet_Capu¢_z
743 2847 1215 2931 discordiasuesse
1262 2846 1895 2931 excitatasi‘sigrtiﬁcat

368 2935 427 2991 se
451 2916 769 2991 Trajectum
787 2919 1028 2991 iturum,
1052 2917 1234 2991 ibique
1256 2916 1320 2970 de
1344 2916 1624 2991 Landulfo
1644 2917 1895 2991 episcopo

367 2988 566 3055 electo,
598 2991 762 3061 cujus
787 2988 1280 3056 conﬁrmationem
1309 2988 1574 3059 petierat,
1605 2990 1890 3042 acturum.

367 3102 847 3160 Reverendissimo
877 3109 931 3156 et
962 3100 1305 3156 sanctissimo
1335 3101 1510 3155 LEONI
1539 3099 1818 3170 episcopo.

367 3191 770 3248 Sacerdotalem
799 3205 986 3246 curam
1035 3198 1089 3243 et
1132 3188 1570 3252 sollicitudinem,
1603 3204 1763 3258 quam
1795 3203 1898 3258 pro

293 3281 564 3338 Ecclesia:
590 3279 689 3336 Dei
723 3277 947 3333 utilitate
995 3277 1290 3348 populique
1338 3275 1633 3332 concordia
1681 3283 1733 3330 et
1760 3290 1898 3346 pace

297 3383 570 3442 peragere
605 3367 796 3438 procul
839 3365 1006 3422 dubio
1051 3365 1251 3424 debent
1293 3363 1512 3419 Domini
1555 3363 1892 3428 sacerdotes,

292 3456 486 3512 litteris
513 3455 620 3510 tuis
648 3454 884 3522 relectis,
918 3461 970 3509 te
1002 3453 1216 3509 luciﬂue
1241 3453 1448 3507 habere
1477 3450 1894 3523 cognoscimus;

294 3545 428 3600 dum
458 3544 556 3598 Dei
586 3542 929 3614 proximique
961 3541 1251 3596 dilectione
1282 3539 1567 3605 sollicitus,
1601 3539 1756 3593 doles
1787 3537 1896 3592 Ca-

292 3648 527 3704 puanos,
559 3630 774 3686 nobiles
817 3629 1021 3685 scilicet
1063 3629 1232 3694 viros,
1276 3627 1517 3683 fraterno
1560 3625 1766 3681 findere
1796 3641 1897 3696 per

293 3719 670 3792 jusjurandum
700 3717 842 3772 inter
889 3733 984 3772 eos
1031 3716 1217 3771 habito
1263 3715 1514 3786 nequiter
1541 3721 1793 3784 corrupto
1823 3713 1894 3767 ad

297 3825 482 3866 veram
511 3807 836 3864 discordiam
875 3813 930 3860 et
970 3803 1310 3860 inimicitiam
1349 3801 1690 3874 pervenisse,
1722 3809 1774 3856 et
1797 3800 1893 3856 ad-

297 3899 404 3953 huc
446 3897 500 3951 in
546 3912 609 3950 ea
650 3892 955 3966 improvida
997 3900 1176 3948 mente
1221 3890 1542 3955 consistere,
1589 3898 1752 3960 atque
1791 3905 1892 3960 pro

297 3985 566 4042 Landulio
593 3981 894 4040 venerabili
922 3981 1264 4052 presbytero,
1316 3987 1370 4034 et
1397 3979 1569 4034 electo
1597 3994 1627 4032 a
1656 3977 1811 4032 vobis
1842 3985 1895 4032 et

296 4073 447 4130 omni
479 4069 803 4128 sacerdotali
830 4077 973 4126 ccetu
1001 4068 1369 4139 nobiliumque
1399 4075 1638 4132 caterva,
1673 4073 1893 4121 cuncto-

297 4177 403 4234 que
431 4158 634 4232 pepulo
663 4159 934 4228 Capuanze
961 4156 1212 4221 civitatis,
1243 4153 1520 4226 pontificio
1550 4160 1734 4208 nostro
1765 4169 1893 4224 sup-

1492 245 1843 303 Episrouis
1879 247 1970 304 ur
2009 249 2352 306 uacuam.
2429 217 2434 223 “

285 375 344 423 et
373 377 501 426 tunc
533 367 647 424 sive
679 368 746 422 de
777 368 1001 439 praefato
1034 369 1226 434 electo,
1253 369 1366 425 sive
1386 371 1454 424 de
1485 370 1606 425 aliis
1635 385 1890 426 necessa-
1921 371 1973 433 Α

1923 3061 1972 3124 C

3477 263 3578 316 878

2683 375 2880 432 CCLII.

2336 485 2408 524 Αιι
2447 485 2782 529 ιΛΝυυιΡυλί
2815 487 3234 531 PRESBYTER“.

2605 542 2786 611 (Anno
2817 543 2968 613 8'79.)

1990 636 2358 724 Laudateum
2378 639 2520 724 quod
2539 639 2623 724 ad
2630 641 3078 724 propinquorum
3093 645 3567 724 ruerunt

2060 708 2349 780 evitandas
2382 709 2569 780 Capua
2587 708 2768 778 fuerit
2798 708 3070 780 egressus,
3110 717 3167 768 et
3200 715 3263 768 in
3291 715 3582 772 discordiis

2059 776 2322 853 sedandis
2343 776 2618 853 elaboret;
2635 776 2926 853 signiﬁcat
2949 776 3266 853 Trajectum
3285 801 3342 840 se
3363 787 3576 842 iturun'

2000 855 2008 860 ·
2059 845 2240 916 ibique
2260 847 2326 901 de
2347 849 2468 918 ejus
2489 845 2762 905 electione
2784 845 3259 910 deliberaturum.

2060 940 2358 995 LANDULFO
2385 943 2679 998 venerabili
2705 945 3029 1018 presbytero
3060 955 3113 1004 et
3137 948 3330 1006 electo.

2061 1026 2196 1095 Quia
2227 1028 2649 1085 discordantium
2670 1041 2958 1102 parentum
2984 1043 3197 1091 tuorum
3226 1037 3452 1092 insidias
3477 1038 3576 1095 de-

1987 1115 2257 1181 clinando,
2293 1126 2344 1171 et
2374 1133 2438 1172 ex
2468 1119 2602 1173 urbe
2647 1120 2900 1191 Capuana
2947 1123 3301 1194 egrediendo,
3353 1125 3407 1180 in
3437 1125 3583 1182 anti—

1988 1219 2095 1274 qua
2126 1211 2326 1259 sanctae
2356 1205 2604 1261 ecclesiae
2619 1207 2890 1278 Capuanae
2912 1209 3061 1280 sede,
3082 1211 3301 1268 nomine
3329 1213 3584 1271 videlicet

1987 1291 2042 1346 S.
2069 1292 2326 1362 Stephani
2355 1295 2762 1366 protomartyris
2807 1295 3132 1370 refulgente,
3163 1315 3306 1356 nunc
3334 1301 3582 1359 habitare

1985 1387 2037 1434 te
2067 1380 2289 1446 asseris,
2323 1389 2487 1452 atque
2518 1397 2643 1438 cum
2689 1382 2882 1438 vicinis
2924 1385 3193 1457 episcopis
3239 1388 3458 1445 assidue
3485 1389 3584 1447 de-

1987 1476 2186 1535 certas,
2216 1475 2272 1522 ut
2301 1468 2444 1524 male
2467 1469 2670 1526 divisos
2716 1471 2957 1527 adunare
3001 1480 3163 1546 atque
3203 1473 3584 1536 discordantes

1984 1553 2294 1624 paciticare,
2329 1557 2446 1611 Deo
2478 1556 2714 1628 favente,
2749 1559 2950 1635 possis,
2993 1568 3211 1633 gratum
3252 1564 3588 1635 recepimus.

1987 1641 2128 1711 Quia
2149 1651 2203 1696 et
2231 1652 2354 1698 ante
2397 1654 2714 1716 susceptum
2761 1632 3102 1705 oﬂiciumea
3141 1666 3264 1722 qua
3300 1632 3427 1707 sunt
3453 1652 3584 1710 boni

1915 1715 1969 1775 Β
1985 1730 2219 1800 pastoris
2247 1732 2486 1805 peragis,
2511 1715 2577 1786 ini
2597 1749 2704 1806 quo
2735 1734 2942 1792 scilicet
2969 1743 3029 1792 ut
3056 1715 3380 1808 perseveres
3407 1741 3588 1800 horta-

1989 1835 2108 1872 mur
2139 1835 2310 1889 usque
2355 1821 2422 1874 ad
2464 1829 2711 1876 nostrum
2759 1823 3049 1894 specialem
3097 1825 3409 1897 adventum,
3443 1844 3586 1900 quo-

1988 1906 2154 1974 niam,
2202 1907 2316 1962 Deo
2363 1907 2617 1978 propitio,
2667 1925 2768 1980 pro
2808 1920 3052 1966 vestrum
3097 1913 3340 1970 omnium
3387 1915 3584 1984 salute,

1988 1994 2278 2049 concordia
2333 2003 2386 2049 et
2441 2011 2597 2066 pace,
2655 1997 2913 2053 Kalendis
2970 1997 3301 2058 Octobribus
3334 2001 3586 2062 volumus

1988 2082 2291 2151 Trajectum
2347 2083 2551 2150 venire,
2612 2082 2798 2156 ibique
2851 2102 2977 2142 cum
3023 2087 3300 2144 Guaiferio
3336 2087 3584 2162 glorioso

1988 2169 2254 2240 principe,
2287 2179 2341 2225 et
2371 2187 2497 2227 cum
2522 2171 2644 2226 aliis
2692 2173 2906 2229 eximiis
2933 2176 3250 2245 parentibus
3277 2176 3385 2233 tuis
3411 2176 3580 2252 loqui,

1989 2265 2040 2313 et
2070 2259 2322 2314 ordinare
2351 2259 2585 2331 primum
2617 2277 2682 2316 ea
2709 2279 2831 2333 quae
2869 2263 3030 2319 nobis
3059 2270 3110 2319 et
3138 2264 3294 2322 vobis
3324 2273 3453 2323 sunt
3477 2283 3583 2324 nas-

1990 2347 2231 2401 cessaria
2260 2354 2564 2420 vestraque
2587 2348 2710 2420 paci
2740 2357 2792 2405 et
2818 2349 3032 2408 utilitati
3075 2351 3338 2423 proﬁcua,
3371 2361 3426 2410 et
3453 2360 3582 2413 tunc

1990 2434 2402 2504 provectionem
2432 2443 2577 2492 tuam
2603 2438 2907 2494 secundum
2949 2454 3139 2496 sacros
3179 2455 3438 2512 canones,
3469 2456 3586 2500 om-

1991 2521 2150 2576 nibus
2177 2521 2497 2594 pacificatis,
2527 2541 2813 2598 peragere.

2711 2613 2939 2678 CCLIII.

2392 2733 2468 2773 AD
2503 2733 2796 2776 PULCAREI
2833 2732 3196 2778 ΡΒΕΕΕΩΪΠΠ.

2611 2790 2791 2860 (Anno
2813 2791 2967 2862 8'79.)

1996 2883 2195 2954 Arguit
2219 2885 2367 2961 quod
2389 2901 2494 2940 nec
2519 2885 2700 2961 foedus
2727 2888 3120 2961 cumpagam’s
3140 2887 3590 2961 ictumruperg't,

2065 2970 2168 3030 uec
2188 2954 2472 3030 ditionem
2499 2954 2690 3030 sancti
2718 2954 2896 3026 Petri,
2919 2954 3070 3030 sicut
3106 2954 3464 3030 promiserat,
3496 2954 3597 3014 dei-

2065 3023 2355 3108 fertderit;
2378 3027 2648 3108 praecipit
2677 3029 2745 3080 ut
2768 3023 3074 3099 pecuniam
3101 3023 3204 3101 pro
3224 3045 3292 3085 ea
3321 3045 3382 3086 re
3401 3023 3596 3086 datam

2070 3093 2142 3148 ad
2161 3111 2220 3148 se
2245 3093 2526 3151 remittat.

2071 3189 2282 3246 Dilecto
2313 3191 2432 3246 viro
2461 3191 2701 3246 PULCAM
2731 3192 3010 3263 praefecto.

2071 3279 2178 3332 Pro
2209 3277 2383 3333 salute
2427 3278 2625 3333 animae
2670 3285 2778 3334 tua;
2825 3295 2891 3335 ac
2936 3295 3036 3350 pro
3081 3279 3404 3337 defensione
3432 3282 3597 3340 totius

1999 3364 2432 3435 Christianitatis,
2484 3382 2632 3436 quae,
2686 3374 2740 3422 te
2783 3383 2907 3422 cum
2950 3368 3184 3440 paganis
3225 3375 3445 3440 pactum
3489 3371 3595 3427 ha.

1998 3454 2183 3518 bente,
2217 3453 2456 3523 quotidie
2488 3453 2838 3524 depraedatur
2882 3463 3044 3526 atque
3089 3455 3146 3510 in
3174 3456 3352 3512 diram
3378 3458 3599 3516 ducitur

1998 3539 2389 3610 captivitatem,
2440 3540 2609 3595 multa
2651 3541 2746 3596 tibi
2795 3549 2848 3597 et
2887 3543 3086 3614 p0pulo
3115 3550 3228 3610 tuo,
3262 3561 3388 3617 qua:
3408 3552 3599 3618 postu-

1997 3629 2142 3694 lasti,
2175 3627 2406 3683 fecimus
2435 3627 2600 3683 bona.
2633 3629 2863 3700 Insuper
2890 3629 3084 3686 decem
3109 3630 3288 3688 millia
3311 3647 3600 3692 mancoso-

1996 3733 2119 3770 rum
2177 3715 2388 3787 argenti
2442 3715 2695 3771 dedimus
2739 3715 2836 3770 tibi
2878 3723 2937 3772 ut
2983 3725 3189 3774 terram
3227 3720 3405 3777 sancti
3446 3721 3594 3778 Petri

1995 3812 2156 3875 rupto
2187 3803 2398 3858 findere
2429 3818 2766 3876 paganorum
2796 3803 3150 3873 defenderes;
3183 3807 3342 3878 quod
3374 3814 3434 3864 tu
3469 3822 3594 3866 cum

1993 3891 2099 3946 tuis
2129 3908 2227 3962 per
2247 3891 2630 3960 jusjurandum
2678 3890 2856 3948 facere
2898 3892 3216 3964 promisisti,
3267 3894 3366 3951 sed
3392 3895 3592 3953 timore

1988 3979 2182 4047 judicii
2212 3978 2315 4034 Dei
2342 3979 2670 4050 postposito,
2732 3995 2913 4050 neque
2950 3989 3170 4052 pactum
3207 3980 3456 4054 iniquum
3493 3981 3602 4040 dis-

1994 4083 2251 4138 rumpere
2281 4066 2519 4132 voluisti,
2553 4083 2732 4140 neque
2759 4075 2984 4138 propter
3004 4068 3388 4138 jusjurandum
3414 4069 3596 4128 littora

1993 4163 2178 4210 nostra
2196 4154 2514 4222 defendere,
2535 4155 2632 4210 sed
2651 4155 2833 4226 potius
2863 4155 3170 4227 depraedari
3191 4157 3464 4217 diabolica
3483 4159 3600 4230 jam

295 4250 489 4321 plicas,
547 4255 808 4319 quatenus
867 4261 990 4300 eum
1037 4259 1145 4299 non
1188 4241 1501 4298 differamus
1545 4257 1716 4297 sacrm
1745 4240 1890 4311 plebi
1983 4243 2096 4297 turi
2126 4243 2424 4311 subjectus,
2456 4243 2746 4312 permittis,
2797 4250 2852 4299 et
2879 4243 2932 4298 in
2962 4244 3160 4300 animas
3188 4252 3295 4300 tua:
3319 4246 3590 4317 perditio-

297 4338 569 4408 Capuanae
598 4334 888 4390 antistitem
929 4332 1203 4387 ordinare.
1247 4331 1360 4386 Nos
1399 4337 1598 4395 autem,
1629 4327 1890 4398 pastorali

2005 4345 2128 4385 nem
2161 4330 2436 4385 consentis
2466 4345 2598 4384 oves
2625 4328 2866 4400 pretioso
2915 4331 3113 4386 Christi
3139 4346 3334 4390 cruore
3363 4333 3598 4409 acquisi-
3640 4343 3651 4362 '

298 4404 664 4481 sollicitudine
710 4422 859 4488 moti,
909 4419 1190 4476 vobiscum
1241 4417 1489 4472 similiter
1533 4415 1888 4470 condolemus
1917 4404 1970 4464 D
1993 4425 2070 4472 tas
2099 4417 2226 4472 duci
2253 4416 2516 4486 captivas.
2546 4416 2614 4492 Et
2643 4416 2767 4471 ideo
2797 4416 3024 4487 dignum
3063 4425 3146 4472 est
3174 4426 3232 4473 ut
3257 4419 3408 4490 ipsos
3437 4404 3566 4477 man

299 4513 500 4568 fratres
530 4518 583 4566 et
611 4510 946 4581 propinquos
977 4523 1077 4579 pro
1099 4505 1280 4562 smculi
1300 4504 1591 4576 cupiditate
1612 4503 1667 4558 in
1688 4509 1888 4558 tantam

297 4599 592 4658 discordiae
640 4607 692 4652 et
737 4595 1030 4653 inimicitiae
1077 4594 1391 4666 voraginem
1438 4593 1750 4657 demersos,
1793 4605 1892 4660 pro

300 4688 501 4762 quibus
555 4702 704 4752 sane,
750 4687 868 4742 Deo
922 4682 1174 4755 propitio,
1227 4679 1594 4753 pacificandis,
1645 4678 1894 4734 volumus

299 4775 564 4832 Kalendis
612 4773 941 4830 Octobribus
985 4771 1292 4840 Trajectum
1319 4768 1526 4834 venire,
1583 4773 1634 4821 et
1661 4766 1738 4821 ibi
1769 4781 1895 4821 cum

299 4863 588 4921 Guaiferio
611 4861 875 4934 principe,
910 4868 1070 4931 atque
1109 4858 1408 4926 vobiscum,
1441 4863 1495 4911 et
1522 4870 1646 4912 cum
1678 4854 1896 4925 Capua-

301 4953 388 5008 nis
419 4951 740 5022 ceterisque
769 4948 1093 5004 vestratibus
1107 4945 1278 5017 loqui,
1299 4953 1352 5000 et
1381 4943 1635 4999 ordinare
1663 4942 1898 5013 primum

301 5057 365 5097 ea
395 5055 520 5112 qius
546 5037 706 5094 nobis
753 5045 804 5092 et
850 5035 1004 5092 vobis
1053 5041 1178 5090 sunt
1220 5031 1561 5099 necessaria;
1597 5038 1648 5084 et
1676 5037 1803 5085 tunc
1830 5029 1899 5084 de

300 5131 421 5200 ipso
447 5127 625 5184 electo
653 5133 890 5182 vestram
920 5123 1216 5180 secundum
1249 5135 1437 5177 sacros
1466 5135 1706 5175 canones
1735 5117 1903 5172 adim-

300 5216 576 5288 plebimus
605 5214 932 5271 voluntatem
965 5230 977 5265 :
1011 5219 1061 5268 et
1089 5210 1296 5266 idcirco
1325 5224 1490 5280 grave
1519 5222 1628 5262 non
1657 5205 1903 5260 videatur

305 5303 588 5368 dilectioni
617 5311 814 5360 vestra:
842 5308 1110 5368 nostrum,
1145 5306 1201 5352 ut
1229 5298 1432 5354 dictum
1462 5303 1563 5362 est,
1611 5293 1902 5366 specialem

305 5390 615 5463 prestolari
661 5391 972 5447 adventum.
1027 5390 1202 5446 Unam
1247 5387 1421 5440 talem
1469 5382 1751 5438 Adelchisi
1781 5381 1902 5454 cpi-

308 5497 478 5553 scapo-
494 5500 514 5536 :
535 5483 593 5536 et
609 5481 855 5536 alterum
874 5479 1101 5548 Lupeno
1131 5477 1401 5546 episcopo.

1989 4520 2169 4570 cosos,
2203 4520 2341 4575 quos
2371 4503 2467 4558 tibi
2514 4519 2613 4575 pro
2656 4502 2974 4560 defensione
3014 4512 3174 4560 terra;
3203 4513 3407 4564 nostra
3435 4507 3588 4568 dedi.-

1990 4609 2130 4658 mus,
2187 4591 2531 4662 recipiamus.
2592 4591 2938 4664 Quapropter
2975 4592 3226 4648 volumus
3271 4601 3332 4649 ut
3358 4595 3585 4652 eosdem

1991 4695 2280 4736 mancosos
2310 4696 2411 4750 per
2439 4686 2560 4735 tuos
2589 4678 2780 4736 fideles
2800 4679 3156 4736 Amalﬁtanos
3176 4697 3348 4754 usque
3377 4682 3434 4738 in
3460 4698 3588 4757 por-

1993 4777 2107 4823 tum
2135 4769 2288 4823 urbis
2315 4768 2576 4824 Romanae
2603 4768 2761 4824 nobis
2790 4767 3009 4840 navigio
3051 4769 3333 4825 venientes
3359 4785 3585 4827 reman-

1995 4857 2112 4924 des,
2147 4856 2400 4928 quoniam
2429 4856 2535 4926 ipsi
2564 4853 2875 4912 Amalﬁtani
2903 4855 3040 4912 salvi
3067 4864 3122 4912 et
3149 4856 3330 4913 securi
3360 4857 3434 4912 ibi
3462 4873 3586 4915 ma-

1995 4945 2218 5011 nebunt,
2279 4952 2332 5000 et
2387 4953 2514 5000 tunc
2569 4951 2793 5014 accepta
2831 4943 2982 5014 prius
3029 4959 3063 4999 a
3098 4943 3258 5000 nobis
3283 4945 3586 5003 securitatis

1999 5033 2311 5104 sponsione,
2343 5031 2597 5102 praefatos
2626 5047 2918 5087 mancosos
2949 5031 3108 5087 nobis
3136 5032 3370 5088 reddere
3388 5048 3590 5104 procu-

1999 5127 2138 5190 rent,
2185 5127 2450 5192 quatenus
2496 5127 2685 5174 nostra
2729 5119 3078 5190 recipientes,
3127 5119 3330 5176 nullam
3377 5121 3473 5176 tibi
3502 5121 3594 5179 vel

1999 5208 2199 5279 populo
2224 5215 2316 5262 tuo
2346 5206 2641 5263 inferamus
2689 5205 3038 5263 calumniam.
3089 5207 3228 5262 Nam
3273 5216 3327 5264 et
3367 5209 3593 5272 dromo-

2000 5297 2160 5351 nibus
2217 5294 2419 5350 nostris
2475 5294 2834 5365 princepimus
2881 5301 2941 5349 ut
2986 5293 3134 5352 nullo
3159 5295 3330 5357 modo,
3355 5295 3595 5371 aliquam

2002 5383 2202 5454 p0pulo
2250 5389 2340 5438 tuo
2385 5381 2585 5439 faciant
2632 5381 3086 5450 contrarietatem,
3134 5381 3180 5438 si
3229 5385 3598 5449 tamennohjg

2003 5472 2152 5543 ipsos
2195 5486 2482 5527 mancosos
2513 5471 2695 5526 salvos
2725 5468 3048 5525 reddideris.
