  <div class='ocr_page' id='page_1' title='image "/cluster/home/n/w/nwhite01/storage/ocr_20150623/126/hvd.32044052819513/445.png"; bbox 0 0 4072 6186; ppageno 0'>
   <div class='ocr_carea' id='block_1_1' title="bbox 530 271 632 324">
    <p class='ocr_par' dir='ltr' id='par_1_1' title="bbox 530 271 632 324">
     <span class='ocr_line' id='line_1_1' title="bbox 530 271 632 324; baseline -0.02 0"><span class='ocrx_word' id='word_1_1' title='bbox 530 271 632 324; x_wconf 79' lang='lat'><strong><em>879</em></strong></span> 
     </span>
    </p>
   </div>
   <div class='ocr_carea' id='block_1_2' title="bbox 1211 389 1431 444">
    <p class='ocr_par' dir='ltr' id='par_1_2' title="bbox 1211 389 1431 444">
     <span class='ocr_line' id='line_1_2' title="bbox 1211 389 1431 444; baseline -0.009 0"><span class='ocrx_word' id='word_1_2' title='bbox 1211 389 1431 444; x_wconf 84' lang='lat' dir='ltr'><strong><em>CCLIV.</em></strong></span> 
     </span>
    </p>
   </div>
   <div class='ocr_carea' id='block_1_3' title="bbox 744 497 1890 542">
    <p class='ocr_par' dir='ltr' id='par_1_3' title="bbox 744 497 1890 542">
     <span class='ocr_line' id='line_1_3' title="bbox 744 497 1890 542; baseline -0.006 0"><span class='ocrx_word' id='word_1_3' title='bbox 744 503 816 542; x_wconf 74' lang='lat' dir='ltr'><strong><em>AD</em></strong></span> <span class='ocrx_word' id='word_1_4' title='bbox 855 501 1151 542; x_wconf 70' lang='lat' dir='ltr'><strong><em>IONACHOS</em></strong></span> <span class='ocrx_word' id='word_1_5' title='bbox 1190 498 1582 541; x_wconf 75' lang='lat' dir='ltr'><strong><em>PULTARIENSIS</em></strong></span> <span class='ocrx_word' id='word_1_6' title='bbox 1621 497 1890 536; x_wconf 65' lang='lat' dir='ltr'><strong><em>C(ENOBII.</em></strong></span> 
     </span>
    </p>
   </div>
   <div class='ocr_carea' id='block_1_4' title="bbox 1126 583 1488 653">
    <p class='ocr_par' dir='ltr' id='par_1_4' title="bbox 1126 583 1488 653">
     <span class='ocr_line' id='line_1_4' title="bbox 1126 583 1488 653; baseline -0.008 -17"><span class='ocrx_word' id='word_1_7' title='bbox 1126 584 1306 653; x_wconf 77' lang='lat' dir='ltr'><strong><em>(Anno</em></strong></span> <span class='ocrx_word' id='word_1_8' title='bbox 1339 583 1488 651; x_wconf 83' lang='grc'><strong><em>879.)</em></strong></span> 
     </span>
    </p>
   </div>
   <div class='ocr_carea' id='block_1_5' title="bbox 525 676 2116 748">
    <p class='ocr_par' dir='ltr' id='par_1_5' title="bbox 525 676 2116 748">
     <span class='ocr_line' id='line_1_5' title="bbox 525 676 2116 748; baseline -0.007 -9"><span class='ocrx_word' id='word_1_9' title='bbox 525 685 680 739; x_wconf 80' lang='lat' dir='ltr'><strong><em>Dolet</em></strong></span> <span class='ocrx_word' id='word_1_10' title='bbox 711 683 776 737; x_wconf 84' lang='lat' dir='ltr'><strong><em>de</em></strong></span> <span class='ocrx_word' id='word_1_11' title='bbox 801 697 994 738; x_wconf 81' lang='lat' dir='ltr'><strong><em>eorum</em></strong></span> <span class='ocrx_word' id='word_1_12' title='bbox 1023 678 1466 742; x_wconf 73' lang='lat' dir='ltr'><strong><em>calamitatibus,</em></strong></span> <span class='ocrx_word' id='word_1_13' title='bbox 1493 681 1547 732; x_wconf 87' lang='lat' dir='ltr'><strong><em>et</em></strong></span> <span class='ocrx_word' id='word_1_14' title='bbox 1577 677 1863 748; x_wconf 83' lang='lat' dir='ltr'><strong><em>signiﬁcat</em></strong></span> <span class='ocrx_word' id='word_1_15' title='bbox 1885 691 1941 730; x_wconf 85' lang='lat' dir='ltr'><strong><em>se</em></strong></span> <span class='ocrx_word' id='word_1_16' title='bbox 1972 676 2116 748; x_wconf 61' lang='grc' dir='ltr'><strong><em>ἱρεοτ</em></strong></span> 
     </span>
    </p>
   </div>
   <div class='ocr_carea' id='block_1_6' title="bbox 592 745 2117 819">
    <p class='ocr_par' dir='ltr' id='par_1_6' title="bbox 592 745 2117 819">
     <span class='ocr_line' id='line_1_6' title="bbox 592 745 2117 819; baseline -0.005 -13"><span class='ocrx_word' id='word_1_17' title='bbox 592 770 722 808; x_wconf 83' lang='lat' dir='ltr'><strong><em>rum</em></strong></span> <span class='ocrx_word' id='word_1_18' title='bbox 749 768 921 806; x_wconf 87' lang='lat' dir='ltr'><strong><em>causa</em></strong></span> <span class='ocrx_word' id='word_1_19' title='bbox 953 749 1150 805; x_wconf 84' lang='lat' dir='ltr'><strong><em>Bosoni</em></strong></span> <span class='ocrx_word' id='word_1_20' title='bbox 1197 748 1444 819; x_wconf 78' lang='lat' dir='ltr'><strong><em>principi</em></strong></span> <span class='ocrx_word' id='word_1_21' title='bbox 1489 745 1656 819; x_wconf 74' lang='lat' dir='ltr'><strong><em>atque</em></strong></span> <span class='ocrx_word' id='word_1_22' title='bbox 1687 747 1900 819; x_wconf 76' lang='lat' dir='ltr'><strong><em>[lagoni</em></strong></span> <span class='ocrx_word' id='word_1_23' title='bbox 1931 745 2117 800; x_wconf 83' lang='lat' dir='ltr'><strong><em>abbati</em></strong></span> 
     </span>
    </p>
   </div>
   <div class='ocr_carea' id='block_1_7' title="bbox 591 817 2114 893">
    <p class='ocr_par' dir='ltr' id='par_1_7' title="bbox 591 817 2114 893">
     <span class='ocr_line' id='line_1_7' title="bbox 591 817 2114 893; baseline -0.007 -15"><span class='ocrx_word' id='word_1_24' title='bbox 591 823 885 893; x_wconf 82' lang='lat' dir='ltr'><strong><em>scripsisse</em></strong></span> <span class='ocrx_word' id='word_1_25' title='bbox 906 825 972 875; x_wconf 89' lang='lat' dir='ltr'><strong><em>ut</em></strong></span> <span class='ocrx_word' id='word_1_26' title='bbox 987 836 1083 893; x_wconf 72' lang='lat' dir='ltr'><strong><em>eos</em></strong></span> <span class='ocrx_word' id='word_1_27' title='bbox 1116 817 1395 893; x_wconf 51' lang='lat' dir='ltr'><strong><em>utentur;</em></strong></span> <span class='ocrx_word' id='word_1_28' title='bbox 1415 817 1713 893; x_wconf 74' lang='lat' dir='ltr'><strong><em>exemplar</em></strong></span> <span class='ocrx_word' id='word_1_29' title='bbox 1742 817 1917 893; x_wconf 77' lang='lat' dir='ltr'><strong><em>etiam</em></strong></span> <span class='ocrx_word' id='word_1_30' title='bbox 1941 818 2114 893; x_wconf 80' lang='lat' dir='ltr'><strong><em>testa-</em></strong></span> 
     </span>
    </p>
   </div>
   <div class='ocr_carea' id='block_1_8' title="bbox 590 886 2114 959">
    <p class='ocr_par' dir='ltr' id='par_1_8' title="bbox 590 886 2114 959">
     <span class='ocr_line' id='line_1_8' title="bbox 590 886 2114 959; baseline -0.006 -12"><span class='ocrx_word' id='word_1_31' title='bbox 590 886 770 947; x_wconf 72' lang='lat' dir='ltr'><strong><em>menti</em></strong></span> <span class='ocrx_word' id='word_1_32' title='bbox 793 891 1021 946; x_wconf 67' lang='grc' dir='ltr'><strong><em>ϐοτανΔὶ</em></strong></span> <span class='ocrx_word' id='word_1_33' title='bbox 1050 889 1373 959; x_wconf 79' lang='lat' dir='ltr'><strong><em>fundatoris</em></strong></span> <span class='ocrx_word' id='word_1_34' title='bbox 1405 886 1666 958; x_wconf 79' lang='lat' dir='ltr'><strong><em>Ansegiso</em></strong></span> <span class='ocrx_word' id='word_1_35' title='bbox 1696 886 2114 956; x_wconf 76' lang='lat' dir='ltr'><strong><em>archiepiscopo</em></strong></span> 
     </span>
    </p>
   </div>
   <div class='ocr_carea' id='block_1_9' title="bbox 593 958 1421 1017">
    <p class='ocr_par' dir='ltr' id='par_1_9' title="bbox 593 958 1421 1017">
     <span class='ocr_line' id='line_1_9' title="bbox 593 958 1421 1017; baseline -0.006 -1"><span class='ocrx_word' id='word_1_36' title='bbox 593 968 646 1016; x_wconf 79' lang='lat' dir='ltr'><strong><em>et</em></strong></span> <span class='ocrx_word' id='word_1_37' title='bbox 679 961 928 1017; x_wconf 84' lang='lat' dir='ltr'><strong><em>Conrado</em></strong></span> <span class='ocrx_word' id='word_1_38' title='bbox 957 960 1152 1016; x_wconf 81' lang='lat' dir='ltr'><strong><em>comiti</em></strong></span> <span class='ocrx_word' id='word_1_39' title='bbox 1184 958 1421 1012; x_wconf 80' lang='lat' dir='ltr'><strong><em>misisse.</em></strong></span> 
     </span>
    </p>
   </div>
   <div class='ocr_carea' id='block_1_10' title="bbox 588 1049 2112 1128">
    <p class='ocr_par' dir='ltr' id='par_1_10' title="bbox 588 1049 2112 1128">
     <span class='ocr_line' id='line_1_10' title="bbox 588 1049 2112 1128; baseline -0.005 -18"><span class='ocrx_word' id='word_1_40' title='bbox 588 1058 799 1112; x_wconf 73' lang='lat' dir='ltr'><strong><em>Sanctae</em></strong></span> <span class='ocrx_word' id='word_1_41' title='bbox 828 1053 1237 1128; x_wconf 76' lang='lat' dir='ltr'><strong><em>congregationi</em></strong></span> <span class='ocrx_word' id='word_1_42' title='bbox 1267 1052 1464 1108; x_wconf 89' lang='lat' dir='ltr'><strong><em>summi</em></strong></span> <span class='ocrx_word' id='word_1_43' title='bbox 1495 1051 1864 1123; x_wconf 79' lang='lat' dir='ltr'><strong><em>apostolorum</em></strong></span> <span class='ocrx_word' id='word_1_44' title='bbox 1913 1049 2112 1119; x_wconf 90' lang='lat' dir='ltr'><strong><em>princi-</em></strong></span> 
     </span>
    </p>
   </div>
   <div class='ocr_carea' id='block_1_11' title="bbox 515 1139 1637 1216">
    <p class='ocr_par' dir='ltr' id='par_1_11' title="bbox 515 1139 1637 1216">
     <span class='ocr_line' id='line_1_11' title="bbox 515 1139 1637 1216; baseline -0.006 -17"><span class='ocrx_word' id='word_1_45' title='bbox 515 1145 598 1216; x_wconf 89' lang='lat' dir='ltr'><strong><em>pis</em></strong></span> <span class='ocrx_word' id='word_1_46' title='bbox 632 1144 771 1199; x_wconf 84' lang='lat' dir='ltr'><strong><em>Petri</em></strong></span> <span class='ocrx_word' id='word_1_47' title='bbox 801 1142 1035 1199; x_wconf 83' lang='lat' dir='ltr'><strong><em>coenobii</em></strong></span> <span class='ocrx_word' id='word_1_48' title='bbox 1065 1140 1235 1196; x_wconf 86' lang='lat' dir='ltr'><strong><em>nostri</em></strong></span> <span class='ocrx_word' id='word_1_49' title='bbox 1265 1139 1637 1194; x_wconf 86' lang='lat' dir='ltr'><strong><em>Pultariensis.</em></strong></span> 
     </span>
    </p>
   </div>
   <div class='ocr_carea' id='block_1_12' title="bbox 585 1224 2110 1305">
    <p class='ocr_par' dir='ltr' id='par_1_12' title="bbox 585 1224 2110 1305">
     <span class='ocr_line' id='line_1_12' title="bbox 585 1224 2110 1305; baseline -0.005 -19"><span class='ocrx_word' id='word_1_50' title='bbox 585 1234 893 1305; x_wconf 89' lang='lat' dir='ltr'><strong><em>Cognoscat</em></strong></span> <span class='ocrx_word' id='word_1_51' title='bbox 920 1246 1020 1300; x_wconf 90' lang='lat' dir='ltr'><strong><em>pro</em></strong></span> <span class='ocrx_word' id='word_1_52' title='bbox 1052 1236 1202 1284; x_wconf 88' lang='lat' dir='ltr'><strong><em>certo</em></strong></span> <span class='ocrx_word' id='word_1_53' title='bbox 1233 1227 1544 1282; x_wconf 74' lang='lat' dir='ltr'><strong><em>fraternitas</em></strong></span> <span class='ocrx_word' id='word_1_54' title='bbox 1573 1233 1758 1280; x_wconf 89' lang='lat' dir='ltr'><strong><em>vestra</em></strong></span> <span class='ocrx_word' id='word_1_55' title='bbox 1787 1241 1907 1288; x_wconf 90' lang='lat' dir='ltr'><strong><em>nos,</em></strong></span> <span class='ocrx_word' id='word_1_56' title='bbox 1940 1224 2110 1278; x_wconf 90' lang='lat' dir='ltr'><strong><em>relec-</em></strong></span> 
     </span>
    </p>
   </div>
   <div class='ocr_carea' id='block_1_13' title="bbox 511 1311 2110 1386">
    <p class='ocr_par' dir='ltr' id='par_1_13' title="bbox 511 1311 2110 1386">
     <span class='ocr_line' id='line_1_13' title="bbox 511 1311 2110 1386; baseline -0.006 -12"><span class='ocrx_word' id='word_1_57' title='bbox 511 1321 581 1374; x_wconf 88' lang='lat' dir='ltr'><strong><em>tis</em></strong></span> <span class='ocrx_word' id='word_1_58' title='bbox 612 1320 804 1376; x_wconf 87' lang='lat' dir='ltr'><strong><em>litteris</em></strong></span> <span class='ocrx_word' id='word_1_59' title='bbox 835 1317 1050 1384; x_wconf 86' lang='lat' dir='ltr'><strong><em>vestris,</em></strong></span> <span class='ocrx_word' id='word_1_60' title='bbox 1083 1331 1180 1386; x_wconf 90' lang='lat' dir='ltr'><strong><em>pro</em></strong></span> <span class='ocrx_word' id='word_1_61' title='bbox 1220 1315 1384 1369; x_wconf 87' lang='lat' dir='ltr'><strong><em>tantis</em></strong></span> <span class='ocrx_word' id='word_1_62' title='bbox 1435 1313 1852 1368; x_wconf 88' lang='lat' dir='ltr'><strong><em>adversitatibus</em></strong></span> <span class='ocrx_word' id='word_1_63' title='bbox 1881 1328 2016 1383; x_wconf 90' lang='lat' dir='ltr'><strong><em>quas</em></strong></span> <span class='ocrx_word' id='word_1_64' title='bbox 2042 1311 2110 1365; x_wconf 92' lang='lat' dir='ltr'><strong><em>ab</em></strong></span> 
     </span>
    </p>
   </div>
   <div class='ocr_carea' id='block_1_14' title="bbox 510 1398 2110 1478">
    <p class='ocr_par' dir='ltr' id='par_1_14' title="bbox 510 1398 2110 1478">
     <span class='ocr_line' id='line_1_14' title="bbox 510 1398 2110 1478; baseline -0.006 -16"><span class='ocrx_word' id='word_1_65' title='bbox 510 1407 711 1478; x_wconf 78' lang='lat' dir='ltr'><strong><em>iniquis</em></strong></span> <span class='ocrx_word' id='word_1_66' title='bbox 738 1405 978 1478; x_wconf 85' lang='lat' dir='ltr'><strong><em>quotidie</em></strong></span> <span class='ocrx_word' id='word_1_67' title='bbox 1027 1402 1306 1456; x_wconf 77' lang='lat' dir='ltr'><strong><em>sustinetis</em></strong></span> <span class='ocrx_word' id='word_1_68' title='bbox 1348 1401 1678 1465; x_wconf 89' lang='lat' dir='ltr'><strong><em>hominibus,</em></strong></span> <span class='ocrx_word' id='word_1_69' title='bbox 1725 1399 1883 1454; x_wconf 85' lang='lat' dir='ltr'><strong><em>valde</em></strong></span> <span class='ocrx_word' id='word_1_70' title='bbox 1927 1398 2110 1453; x_wconf 86' lang='lat' dir='ltr'><strong><em>tristes</em></strong></span> 
     </span>
    </p>
   </div>
   <div class='ocr_carea' id='block_1_15' title="bbox 508 1487 2109 1564">
    <p class='ocr_par' dir='ltr' id='par_1_15' title="bbox 508 1487 2109 1564">
     <span class='ocr_line' id='line_1_15' title="bbox 508 1487 2109 1564; baseline -0.007 -13"><span class='ocrx_word' id='word_1_71' title='bbox 508 1494 762 1560; x_wconf 83' lang='lat' dir='ltr'><strong><em>existere,</em></strong></span> <span class='ocrx_word' id='word_1_72' title='bbox 796 1490 1053 1564; x_wconf 88' lang='lat' dir='ltr'><strong><em>quoniam</em></strong></span> <span class='ocrx_word' id='word_1_73' title='bbox 1081 1490 1220 1546; x_wconf 89' lang='lat' dir='ltr'><strong><em>sicut</em></strong></span> <span class='ocrx_word' id='word_1_74' title='bbox 1247 1491 1316 1544; x_wconf 88' lang='lat' dir='ltr'><strong><em>de</em></strong></span> <span class='ocrx_word' id='word_1_75' title='bbox 1355 1497 1534 1545; x_wconf 89' lang='lat' dir='ltr'><strong><em>vestra</em></strong></span> <span class='ocrx_word' id='word_1_76' title='bbox 1581 1487 1944 1558; x_wconf 85' lang='lat' dir='ltr'><strong><em>prosperitate</em></strong></span> <span class='ocrx_word' id='word_1_77' title='bbox 1973 1502 2109 1558; x_wconf 85' lang='lat' dir='ltr'><strong><em>gau-</em></strong></span> 
     </span>
    </p>
   </div>
   <div class='ocr_carea' id='block_1_16' title="bbox 512 1575 2108 1651">
    <p class='ocr_par' dir='ltr' id='par_1_16' title="bbox 512 1575 2108 1651">
     <span class='ocr_line' id='line_1_16' title="bbox 512 1575 2108 1651; baseline -0.006 -14"><span class='ocrx_word' id='word_1_78' title='bbox 512 1582 724 1646; x_wconf 86' lang='lat' dir='ltr'><strong><em>demus,</em></strong></span> <span class='ocrx_word' id='word_1_79' title='bbox 757 1580 833 1634; x_wconf 89' lang='lat' dir='ltr'><strong><em>ita</em></strong></span> <span class='ocrx_word' id='word_1_80' title='bbox 863 1575 1080 1651; x_wconf 78' lang='lat' dir='ltr'><strong><em>quoque</em></strong></span> <span class='ocrx_word' id='word_1_81' title='bbox 1122 1587 1176 1632; x_wconf 92' lang='lat' dir='ltr'><strong><em>et</em></strong></span> <span class='ocrx_word' id='word_1_82' title='bbox 1217 1579 1286 1632; x_wconf 88' lang='lat' dir='ltr'><strong><em>de</em></strong></span> <span class='ocrx_word' id='word_1_83' title='bbox 1337 1585 1520 1632; x_wconf 85' lang='lat' dir='ltr'><strong><em>vestra</em></strong></span> <span class='ocrx_word' id='word_1_84' title='bbox 1560 1576 1899 1630; x_wconf 83' lang='lat' dir='ltr'><strong><em>tribulatione</em></strong></span> <span class='ocrx_word' id='word_1_85' title='bbox 1927 1575 2108 1628; x_wconf 88' lang='lat' dir='ltr'><strong><em>trista-</em></strong></span> 
     </span>
    </p>
   </div>
   <div class='ocr_carea' id='block_1_17' title="bbox 510 1663 2103 1736">
    <p class='ocr_par' dir='ltr' id='par_1_17' title="bbox 510 1663 2103 1736">
     <span class='ocr_line' id='line_1_17' title="bbox 510 1663 2103 1736; baseline -0.004 -12"><span class='ocrx_word' id='word_1_86' title='bbox 510 1684 654 1724; x_wconf 90' lang='lat' dir='ltr'><strong><em>mur.</em></strong></span> <span class='ocrx_word' id='word_1_87' title='bbox 699 1668 856 1724; x_wconf 88' lang='lat' dir='ltr'><strong><em>Unde</em></strong></span> <span class='ocrx_word' id='word_1_88' title='bbox 901 1666 1146 1722; x_wconf 86' lang='lat' dir='ltr'><strong><em>volentes</em></strong></span> <span class='ocrx_word' id='word_1_89' title='bbox 1195 1674 1439 1720; x_wconf 90' lang='lat' dir='ltr'><strong><em>sanctam</em></strong></span> <span class='ocrx_word' id='word_1_90' title='bbox 1477 1663 1960 1736; x_wconf 81' lang='lat' dir='ltr'><strong><em>congregationem</em></strong></span> <span class='ocrx_word' id='word_1_91' title='bbox 2004 1679 2103 1717; x_wconf 90' lang='lat' dir='ltr'><strong><em>ve-</em></strong></span> 
     </span>
    </p>
   </div>
   <div class='ocr_carea' id='block_1_18' title="bbox 515 1726 2190 1826">
    <p class='ocr_par' dir='ltr' id='par_1_18' title="bbox 515 1726 2190 1826">
     <span class='ocr_line' id='line_1_18' title="bbox 515 1726 2190 1826; baseline -0.004 -15"><span class='ocrx_word' id='word_1_92' title='bbox 515 1764 706 1822; x_wconf 80' lang='lat' dir='ltr'><strong><em>stram,</em></strong></span> <span class='ocrx_word' id='word_1_93' title='bbox 740 1763 924 1826; x_wconf 90' lang='lat' dir='ltr'><strong><em>utpote</em></strong></span> <span class='ocrx_word' id='word_1_94' title='bbox 951 1753 1294 1809; x_wconf 91' lang='lat' dir='ltr'><strong><em>Dominicum</em></strong></span> <span class='ocrx_word' id='word_1_95' title='bbox 1337 1769 1568 1825; x_wconf 80' lang='lat' dir='ltr'><strong><em>gregem</em></strong></span> <span class='ocrx_word' id='word_1_96' title='bbox 1597 1751 1651 1804; x_wconf 91' lang='lat' dir='ltr'><strong><em>in</em></strong></span> <span class='ocrx_word' id='word_1_97' title='bbox 1681 1751 1800 1822; x_wconf 90' lang='lat' dir='ltr'><strong><em>ipso</em></strong></span> <span class='ocrx_word' id='word_1_98' title='bbox 1829 1749 2108 1821; x_wconf 90' lang='lat' dir='ltr'><strong><em>apostolo-</em></strong></span> <span class='ocrx_word' id='word_1_99' title='bbox 2137 1726 2190 1785; x_wconf 81' lang='grc' dir='ltr'>Β</span> 
     </span>
    </p>
   </div>
   <div class='ocr_carea' id='block_1_19' title="bbox 515 1839 2108 1914">
    <p class='ocr_par' dir='ltr' id='par_1_19' title="bbox 515 1839 2108 1914">
     <span class='ocr_line' id='line_1_19' title="bbox 515 1839 2108 1914; baseline -0.003 -18"><span class='ocrx_word' id='word_1_100' title='bbox 515 1860 636 1899; x_wconf 90' lang='lat' dir='ltr'><strong><em>rum</em></strong></span> <span class='ocrx_word' id='word_1_101' title='bbox 665 1843 908 1914; x_wconf 87' lang='lat' dir='ltr'><strong><em>principe</em></strong></span> <span class='ocrx_word' id='word_1_102' title='bbox 937 1841 1094 1897; x_wconf 89' lang='lat' dir='ltr'><strong><em>nobis</em></strong></span> <span class='ocrx_word' id='word_1_103' title='bbox 1131 1841 1503 1904; x_wconf 88' lang='lat' dir='ltr'><strong><em>commissum,</em></strong></span> <span class='ocrx_word' id='word_1_104' title='bbox 1554 1840 1760 1894; x_wconf 87' lang='lat' dir='ltr'><strong><em>salvam</em></strong></span> <span class='ocrx_word' id='word_1_105' title='bbox 1789 1847 1842 1893; x_wconf 91' lang='lat' dir='ltr'><strong><em>et</em></strong></span> <span class='ocrx_word' id='word_1_106' title='bbox 1871 1839 2108 1910; x_wconf 86' lang='lat' dir='ltr'><strong><em>quietam</em></strong></span> 
     </span>
    </p>
   </div>
   <div class='ocr_carea' id='block_1_20' title="bbox 512 1927 2104 1998">
    <p class='ocr_par' dir='ltr' id='par_1_20' title="bbox 512 1927 2104 1998">
     <span class='ocr_line' id='line_1_20' title="bbox 512 1927 2104 1998; baseline -0.004 -12"><span class='ocrx_word' id='word_1_107' title='bbox 512 1931 735 1996; x_wconf 88' lang='lat' dir='ltr'><strong><em>habere,</em></strong></span> <span class='ocrx_word' id='word_1_108' title='bbox 781 1929 1096 1994; x_wconf 81' lang='lat' dir='ltr'><strong><em>direximus,</em></strong></span> <span class='ocrx_word' id='word_1_109' title='bbox 1145 1929 1440 1984; x_wconf 87' lang='lat' dir='ltr'><strong><em>secundum</em></strong></span> <span class='ocrx_word' id='word_1_110' title='bbox 1486 1927 1801 1998; x_wconf 85' lang='lat' dir='ltr'><strong><em>petitionem</em></strong></span> <span class='ocrx_word' id='word_1_111' title='bbox 1849 1933 2104 1990; x_wconf 81' lang='lat' dir='ltr'><strong><em>vestram,</em></strong></span> 
     </span>
    </p>
   </div>
   <div class='ocr_carea' id='block_1_21' title="bbox 514 2013 2105 2088">
    <p class='ocr_par' dir='ltr' id='par_1_21' title="bbox 514 2013 2105 2088">
     <span class='ocr_line' id='line_1_21' title="bbox 514 2013 2105 2088; baseline -0.005 -14"><span class='ocrx_word' id='word_1_112' title='bbox 514 2027 733 2076; x_wconf 87' lang='lat' dir='ltr'><strong><em>nostras</em></strong></span> <span class='ocrx_word' id='word_1_113' title='bbox 763 2017 1092 2088; x_wconf 72' lang='lat' dir='ltr'><strong><em>apostolicus</em></strong></span> <span class='ocrx_word' id='word_1_114' title='bbox 1117 2016 1323 2071; x_wconf 87' lang='lat' dir='ltr'><strong><em>litteras</em></strong></span> <span class='ocrx_word' id='word_1_115' title='bbox 1353 2015 1552 2070; x_wconf 85' lang='lat' dir='ltr'><strong><em>Bosoni</em></strong></span> <span class='ocrx_word' id='word_1_116' title='bbox 1581 2014 1823 2087; x_wconf 89' lang='lat' dir='ltr'><strong><em>glorioso</em></strong></span> <span class='ocrx_word' id='word_1_117' title='bbox 1855 2013 2105 2084; x_wconf 88' lang='lat' dir='ltr'><strong><em>principi,</em></strong></span> 
     </span>
    </p>
   </div>
   <div class='ocr_carea' id='block_1_22' title="bbox 513 2103 2110 2177">
    <p class='ocr_par' dir='ltr' id='par_1_22' title="bbox 513 2103 2110 2177">
     <span class='ocr_line' id='line_1_22' title="bbox 513 2103 2110 2177; baseline -0.005 -13"><span class='ocrx_word' id='word_1_118' title='bbox 513 2116 568 2164; x_wconf 88' lang='lat' dir='ltr'><strong><em>et</em></strong></span> <span class='ocrx_word' id='word_1_119' title='bbox 595 2106 810 2177; x_wconf 83' lang='lat' dir='ltr'><strong><em>Hugoni</em></strong></span> <span class='ocrx_word' id='word_1_120' title='bbox 841 2104 1180 2160; x_wconf 87' lang='lat' dir='ltr'><strong><em>nobilissimo</em></strong></span> <span class='ocrx_word' id='word_1_121' title='bbox 1209 2103 1408 2172; x_wconf 86' lang='lat' dir='ltr'><strong><em>abbati,</em></strong></span> <span class='ocrx_word' id='word_1_122' title='bbox 1440 2111 1684 2174; x_wconf 88' lang='lat' dir='ltr'><strong><em>petentes</em></strong></span> <span class='ocrx_word' id='word_1_123' title='bbox 1715 2109 1980 2172; x_wconf 86' lang='lat' dir='ltr'><strong><em>quatenus</em></strong></span> <span class='ocrx_word' id='word_1_124' title='bbox 2009 2116 2110 2171; x_wconf 91' lang='lat' dir='ltr'><strong><em>pro</em></strong></span> 
     </span>
    </p>
   </div>
   <div class='ocr_carea' id='block_1_23' title="bbox 512 2189 2109 2264">
    <p class='ocr_par' dir='ltr' id='par_1_23' title="bbox 512 2189 2109 2264">
     <span class='ocr_line' id='line_1_23' title="bbox 512 2189 2109 2264; baseline -0.004 -14"><span class='ocrx_word' id='word_1_125' title='bbox 512 2194 614 2250; x_wconf 91' lang='lat' dir='ltr'><strong><em>Dei</em></strong></span> <span class='ocrx_word' id='word_1_126' title='bbox 644 2201 1064 2264; x_wconf 88' lang='lat' dir='ltr'><strong><em>sanctorumque</em></strong></span> <span class='ocrx_word' id='word_1_127' title='bbox 1109 2191 1484 2262; x_wconf 89' lang='lat' dir='ltr'><strong><em>apostolorum</em></strong></span> <span class='ocrx_word' id='word_1_128' title='bbox 1531 2189 1836 2260; x_wconf 88' lang='lat' dir='ltr'><strong><em>principum</em></strong></span> <span class='ocrx_word' id='word_1_129' title='bbox 1868 2189 2010 2242; x_wconf 87' lang='lat' dir='ltr'><strong><em>Petri</em></strong></span> <span class='ocrx_word' id='word_1_130' title='bbox 2044 2203 2109 2244; x_wconf 90' lang='lat' dir='ltr'><strong><em>ac</em></strong></span> 
     </span>
    </p>
   </div>
   <div class='ocr_carea' id='block_1_24' title="bbox 509 2275 2110 2350">
    <p class='ocr_par' dir='ltr' id='par_1_24' title="bbox 509 2275 2110 2350">
     <span class='ocr_line' id='line_1_24' title="bbox 509 2275 2110 2350; baseline -0.004 -15"><span class='ocrx_word' id='word_1_131' title='bbox 509 2280 665 2335; x_wconf 85' lang='lat' dir='ltr'><strong><em>Pauli</em></strong></span> <span class='ocrx_word' id='word_1_132' title='bbox 693 2295 903 2346; x_wconf 86' lang='lat' dir='ltr'><strong><em>amore,</em></strong></span> <span class='ocrx_word' id='word_1_133' title='bbox 935 2287 1232 2350; x_wconf 84' lang='lat' dir='ltr'><strong><em>nostraque</em></strong></span> <span class='ocrx_word' id='word_1_134' title='bbox 1281 2277 1588 2345; x_wconf 85' lang='lat' dir='ltr'><strong><em>dilectione,</em></strong></span> <span class='ocrx_word' id='word_1_135' title='bbox 1634 2293 1748 2331; x_wconf 67' lang='lat' dir='ltr'><strong><em>suae</em></strong></span> <span class='ocrx_word' id='word_1_136' title='bbox 1777 2275 2110 2330; x_wconf 87' lang='lat' dir='ltr'><strong><em>defensionis</em></strong></span> 
     </span>
    </p>
   </div>
   <div class='ocr_carea' id='block_1_25' title="bbox 511 2364 2108 2436">
    <p class='ocr_par' dir='ltr' id='par_1_25' title="bbox 511 2364 2108 2436">
     <span class='ocr_line' id='line_1_25' title="bbox 511 2364 2108 2436; baseline -0.003 -14"><span class='ocrx_word' id='word_1_137' title='bbox 511 2367 768 2423; x_wconf 84' lang='lat' dir='ltr'><strong><em>auxilium</em></strong></span> <span class='ocrx_word' id='word_1_138' title='bbox 825 2367 982 2422; x_wconf 84' lang='lat' dir='ltr'><strong><em>vobis</em></strong></span> <span class='ocrx_word' id='word_1_139' title='bbox 1038 2365 1374 2436; x_wconf 88' lang='lat' dir='ltr'><strong><em>impendant,</em></strong></span> <span class='ocrx_word' id='word_1_140' title='bbox 1437 2373 1490 2419; x_wconf 89' lang='lat' dir='ltr'><strong><em>et</em></strong></span> <span class='ocrx_word' id='word_1_141' title='bbox 1545 2373 1732 2419; x_wconf 89' lang='lat' dir='ltr'><strong><em>contra</em></strong></span> <span class='ocrx_word' id='word_1_142' title='bbox 1785 2364 1887 2418; x_wconf 89' lang='lat' dir='ltr'><strong><em>Dei</em></strong></span> <span class='ocrx_word' id='word_1_143' title='bbox 1945 2372 2108 2434; x_wconf 86' lang='lat' dir='ltr'><strong><em>atque</em></strong></span> 
     </span>
    </p>
   </div>
   <div class='ocr_carea' id='block_1_26' title="bbox 511 2451 2108 2522">
    <p class='ocr_par' dir='ltr' id='par_1_26' title="bbox 511 2451 2108 2522">
     <span class='ocr_line' id='line_1_26' title="bbox 511 2451 2108 2522; baseline -0.004 -12"><span class='ocrx_word' id='word_1_144' title='bbox 511 2469 702 2510; x_wconf 83' lang='lat' dir='ltr'><strong><em>omnes</em></strong></span> <span class='ocrx_word' id='word_1_145' title='bbox 732 2463 940 2510; x_wconf 90' lang='lat' dir='ltr'><strong><em>vestros</em></strong></span> <span class='ocrx_word' id='word_1_146' title='bbox 969 2453 1311 2508; x_wconf 83' lang='lat' dir='ltr'><strong><em>adversarios</em></strong></span> <span class='ocrx_word' id='word_1_147' title='bbox 1336 2468 1557 2507; x_wconf 89' lang='lat' dir='ltr'><strong><em>manum</em></strong></span> <span class='ocrx_word' id='word_1_148' title='bbox 1587 2469 1696 2506; x_wconf 83' lang='lat' dir='ltr'><strong><em>suae</em></strong></span> <span class='ocrx_word' id='word_1_149' title='bbox 1724 2451 1979 2522; x_wconf 64' lang='lat' dir='ltr'><strong><em>potentiae</em></strong></span> <span class='ocrx_word' id='word_1_150' title='bbox 2009 2467 2108 2504; x_wconf 89' lang='lat' dir='ltr'><strong><em>ex-</em></strong></span> 
     </span>
    </p>
   </div>
   <div class='ocr_carea' id='block_1_27' title="bbox 509 2539 2109 2613">
    <p class='ocr_par' dir='ltr' id='par_1_27' title="bbox 509 2539 2109 2613">
     <span class='ocr_line' id='line_1_27' title="bbox 509 2539 2109 2613; baseline -0.001 -17"><span class='ocrx_word' id='word_1_151' title='bbox 509 2542 752 2610; x_wconf 86' lang='lat' dir='ltr'><strong><em>tendant,</em></strong></span> <span class='ocrx_word' id='word_1_152' title='bbox 784 2550 843 2596; x_wconf 90' lang='lat' dir='ltr'><strong><em>ut</em></strong></span> <span class='ocrx_word' id='word_1_153' title='bbox 872 2541 1052 2613; x_wconf 86' lang='lat' dir='ltr'><strong><em>quiete</em></strong></span> <span class='ocrx_word' id='word_1_154' title='bbox 1081 2557 1144 2596; x_wconf 91' lang='lat' dir='ltr'><strong><em>ac</em></strong></span> <span class='ocrx_word' id='word_1_155' title='bbox 1173 2541 1442 2596; x_wconf 88' lang='lat' dir='ltr'><strong><em>securiter</em></strong></span> <span class='ocrx_word' id='word_1_156' title='bbox 1461 2539 1750 2611; x_wconf 87' lang='lat' dir='ltr'><strong><em>degentes,</em></strong></span> <span class='ocrx_word' id='word_1_157' title='bbox 1775 2539 1985 2592; x_wconf 89' lang='lat' dir='ltr'><strong><em>debitas</em></strong></span> <span class='ocrx_word' id='word_1_158' title='bbox 2006 2539 2109 2594; x_wconf 92' lang='lat' dir='ltr'><strong><em>Do-</em></strong></span> 
     </span>
    </p>
   </div>
   <div class='ocr_carea' id='block_1_28' title="bbox 505 2626 2108 2700">
    <p class='ocr_par' dir='ltr' id='par_1_28' title="bbox 505 2626 2108 2700">
     <span class='ocr_line' id='line_1_28' title="bbox 505 2626 2108 2700; baseline -0.003 -15"><span class='ocrx_word' id='word_1_159' title='bbox 505 2629 656 2685; x_wconf 88' lang='lat' dir='ltr'><strong><em>mino</em></strong></span> <span class='ocrx_word' id='word_1_160' title='bbox 683 2629 877 2686; x_wconf 86' lang='lat' dir='ltr'><strong><em>laudes</em></strong></span> <span class='ocrx_word' id='word_1_161' title='bbox 905 2629 1217 2700; x_wconf 82' lang='lat' dir='ltr'><strong><em>persolvere</em></strong></span> <span class='ocrx_word' id='word_1_162' title='bbox 1247 2643 1312 2684; x_wconf 89' lang='lat' dir='ltr'><strong><em>ac</em></strong></span> <span class='ocrx_word' id='word_1_163' title='bbox 1332 2643 1434 2698; x_wconf 90' lang='lat' dir='ltr'><strong><em>pro</em></strong></span> <span class='ocrx_word' id='word_1_164' title='bbox 1464 2626 1622 2682; x_wconf 91' lang='lat' dir='ltr'><strong><em>nobis</em></strong></span> <span class='ocrx_word' id='word_1_165' title='bbox 1651 2634 1704 2681; x_wconf 92' lang='lat' dir='ltr'><strong><em>et</em></strong></span> <span class='ocrx_word' id='word_1_166' title='bbox 1731 2627 1878 2682; x_wconf 88' lang='lat' dir='ltr'><strong><em>omni</em></strong></span> <span class='ocrx_word' id='word_1_167' title='bbox 1907 2627 2108 2696; x_wconf 90' lang='lat' dir='ltr'><strong><em>populo</em></strong></span> 
     </span>
    </p>
   </div>
   <div class='ocr_carea' id='block_1_29' title="bbox 508 2713 2106 2786">
    <p class='ocr_par' dir='ltr' id='par_1_29' title="bbox 508 2713 2106 2786">
     <span class='ocr_line' id='line_1_29' title="bbox 508 2713 2106 2786; baseline -0.003 -14"><span class='ocrx_word' id='word_1_168' title='bbox 508 2716 816 2772; x_wconf 86' lang='lat' dir='ltr'><strong><em>Christiano</em></strong></span> <span class='ocrx_word' id='word_1_169' title='bbox 844 2716 1072 2772; x_wconf 77' lang='lat' dir='ltr'><strong><em>valeatis</em></strong></span> <span class='ocrx_word' id='word_1_170' title='bbox 1103 2715 1528 2786; x_wconf 91' lang='lat' dir='ltr'><strong><em>omnipotentem</em></strong></span> <span class='ocrx_word' id='word_1_171' title='bbox 1581 2713 1871 2769; x_wconf 90' lang='lat' dir='ltr'><strong><em>Dominum</em></strong></span> <span class='ocrx_word' id='word_1_172' title='bbox 1913 2714 2106 2784; x_wconf 89' lang='lat' dir='ltr'><strong><em>depre-</em></strong></span> 
     </span>
    </p>
   </div>
   <div class='ocr_carea' id='block_1_30' title="bbox 504 2801 2107 2872">
    <p class='ocr_par' dir='ltr' id='par_1_30' title="bbox 504 2801 2107 2872">
     <span class='ocr_line' id='line_1_30' title="bbox 504 2801 2107 2872; baseline -0.003 -13"><span class='ocrx_word' id='word_1_173' title='bbox 504 2804 634 2868; x_wconf 90' lang='lat' dir='ltr'><strong><em>cari,</em></strong></span> <span class='ocrx_word' id='word_1_174' title='bbox 667 2811 721 2858; x_wconf 91' lang='lat' dir='ltr'><strong><em>et</em></strong></span> <span class='ocrx_word' id='word_1_175' title='bbox 751 2819 843 2858; x_wconf 88' lang='lat' dir='ltr'><strong><em>res</em></strong></span> <span class='ocrx_word' id='word_1_176' title='bbox 865 2803 1035 2859; x_wconf 89' lang='lat' dir='ltr'><strong><em>sancti</em></strong></span> <span class='ocrx_word' id='word_1_177' title='bbox 1063 2802 1235 2858; x_wconf 91' lang='lat' dir='ltr'><strong><em>nostri</em></strong></span> <span class='ocrx_word' id='word_1_178' title='bbox 1267 2801 1583 2857; x_wconf 87' lang='lat' dir='ltr'><strong><em>monasterii</em></strong></span> <span class='ocrx_word' id='word_1_179' title='bbox 1613 2801 1900 2872; x_wconf 87' lang='lat' dir='ltr'><strong><em>tranquilla</em></strong></span> <span class='ocrx_word' id='word_1_180' title='bbox 1927 2809 2107 2854; x_wconf 84' lang='lat' dir='ltr'><strong><em>mente</em></strong></span> 
     </span>
    </p>
   </div>
   <div class='ocr_carea' id='block_1_31' title="bbox 505 2888 2108 2962">
    <p class='ocr_par' dir='ltr' id='par_1_31' title="bbox 505 2888 2108 2962">
     <span class='ocr_line' id='line_1_31' title="bbox 505 2888 2108 2962; baseline -0.004 -16"><span class='ocrx_word' id='word_1_181' title='bbox 505 2891 820 2960; x_wconf 86' lang='lat' dir='ltr'><strong><em>disponere,</em></strong></span> <span class='ocrx_word' id='word_1_182' title='bbox 853 2905 1046 2962; x_wconf 87' lang='lat' dir='ltr'><strong><em>regere</em></strong></span> <span class='ocrx_word' id='word_1_183' title='bbox 1067 2905 1131 2944; x_wconf 88' lang='lat' dir='ltr'><strong><em>ac</em></strong></span> <span class='ocrx_word' id='word_1_184' title='bbox 1149 2890 1449 2944; x_wconf 90' lang='lat' dir='ltr'><strong><em>secundum</em></strong></span> <span class='ocrx_word' id='word_1_185' title='bbox 1469 2888 1757 2942; x_wconf 88' lang='lat' dir='ltr'><strong><em>Dominum</em></strong></span> <span class='ocrx_word' id='word_1_186' title='bbox 1788 2888 2108 2957; x_wconf 88' lang='lat' dir='ltr'><strong><em>dispensare</em></strong></span> 
     </span>
    </p>
   </div>
   <div class='ocr_carea' id='block_1_32' title="bbox 503 2973 2106 3048">
    <p class='ocr_par' dir='ltr' id='par_1_32' title="bbox 503 2973 2106 3048">
     <span class='ocr_line' id='line_1_32' title="bbox 503 2973 2106 3048; baseline -0.004 -16"><span class='ocrx_word' id='word_1_187' title='bbox 503 2977 747 3048; x_wconf 89' lang='lat' dir='ltr'><strong><em>possitis.</em></strong></span> <span class='ocrx_word' id='word_1_188' title='bbox 777 2978 944 3032; x_wconf 90' lang='lat' dir='ltr'><strong><em>Porro</em></strong></span> <span class='ocrx_word' id='word_1_189' title='bbox 973 2976 1247 3046; x_wconf 84' lang='lat' dir='ltr'><strong><em>exemplar</em></strong></span> <span class='ocrx_word' id='word_1_190' title='bbox 1275 2975 1444 3046; x_wconf 88' lang='lat' dir='ltr'><strong><em>ipsius</em></strong></span> <span class='ocrx_word' id='word_1_191' title='bbox 1475 2975 1798 3039; x_wconf 89' lang='lat' dir='ltr'><strong><em>testamenti,</em></strong></span> <span class='ocrx_word' id='word_1_192' title='bbox 1830 2991 1932 3044; x_wconf 91' lang='lat' dir='ltr'><strong><em>per</em></strong></span> <span class='ocrx_word' id='word_1_193' title='bbox 1961 2973 2106 3044; x_wconf 91' lang='lat' dir='ltr'><strong><em>quod</em></strong></span> 
     </span>
    </p>
   </div>
   <div class='ocr_carea' id='block_1_33' title="bbox 1815 263 2519 318">
    <p class='ocr_par' dir='ltr' id='par_1_33' title="bbox 1815 263 2519 318">
     <span class='ocr_line' id='line_1_33' title="bbox 1815 263 2519 318; baseline 0.001 -1"><span class='ocrx_word' id='word_1_194' title='bbox 1815 263 2111 318; x_wconf 79' lang='lat' dir='ltr'><strong><em>JOANNIS</em></strong></span> <span class='ocrx_word' id='word_1_195' title='bbox 2151 263 2341 318; x_wconf 61' lang='grc' dir='ltr'><strong><em>ΡΑΡλΕ</em></strong></span> <span class='ocrx_word' id='word_1_196' title='bbox 2383 265 2519 318; x_wconf 79' lang='lat' dir='ltr'><strong><em>Vill.</em></strong></span> 
     </span>
    </p>
   </div>
   <div class='ocr_carea' id='block_1_34' title="bbox 2145 383 3818 452">
    <p class='ocr_par' dir='ltr' id='par_1_34' title="bbox 2145 383 3818 452">
     <span class='ocr_line' id='line_1_34' title="bbox 2145 383 3818 452; baseline -0.002 -13"><span class='ocrx_word' id='word_1_197' title='bbox 2145 386 2198 446; x_wconf 79' lang='grc' dir='ltr'><strong>Α</strong></span> <span class='ocrx_word' id='word_1_198' title='bbox 2219 386 2434 440; x_wconf 72' lang='lat' dir='ltr'><strong><em>Christo</em></strong></span> <span class='ocrx_word' id='word_1_199' title='bbox 2465 385 2823 452; x_wconf 81' lang='lat' dir='ltr'><strong><em>credentium,</em></strong></span> <span class='ocrx_word' id='word_1_200' title='bbox 2873 386 2942 438; x_wconf 86' lang='lat' dir='ltr'><strong><em>ab</em></strong></span> <span class='ocrx_word' id='word_1_201' title='bbox 2987 384 3218 438; x_wconf 87' lang='lat' dir='ltr'><strong><em>inimicis</em></strong></span> <span class='ocrx_word' id='word_1_202' title='bbox 3263 383 3456 439; x_wconf 82' lang='lat' dir='ltr'><strong><em>vicinis</em></strong></span> <span class='ocrx_word' id='word_1_203' title='bbox 3485 383 3818 452; x_wconf 80' lang='lat' dir='ltr'><strong><em>perturban—</em></strong></span> 
     </span>
    </p>
   </div>
   <div class='ocr_carea' id='block_1_35' title="bbox 3718 262 3828 314">
    <p class='ocr_par' dir='ltr' id='par_1_35' title="bbox 3718 262 3828 314">
     <span class='ocr_line' id='line_1_35' title="bbox 3718 262 3828 314; baseline -0.009 0"><span class='ocrx_word' id='word_1_204' title='bbox 3718 262 3828 314; x_wconf 79' lang='lat'><strong><em>880</em></strong></span> 
     </span>
    </p>
   </div>
   <div class='ocr_carea' id='block_1_36' title="bbox 2219 471 3823 543">
    <p class='ocr_par' dir='ltr' id='par_1_36' title="bbox 2219 471 3823 543">
     <span class='ocr_line' id='line_1_36' title="bbox 2219 471 3823 543; baseline 0 -19"><span class='ocrx_word' id='word_1_205' title='bbox 2219 480 2320 538; x_wconf 89' lang='lat' dir='ltr'><strong><em>tur,</em></strong></span> <span class='ocrx_word' id='word_1_206' title='bbox 2354 473 2639 543; x_wconf 86' lang='lat' dir='ltr'><strong><em>omnisque</em></strong></span> <span class='ocrx_word' id='word_1_207' title='bbox 2669 473 2906 537; x_wconf 89' lang='lat' dir='ltr'><strong><em>illorum,</em></strong></span> <span class='ocrx_word' id='word_1_208' title='bbox 2941 473 3050 526; x_wconf 91' lang='lat' dir='ltr'><strong><em>imo</em></strong></span> <span class='ocrx_word' id='word_1_209' title='bbox 3079 480 3263 527; x_wconf 87' lang='lat' dir='ltr'><strong><em>nostra</em></strong></span> <span class='ocrx_word' id='word_1_210' title='bbox 3294 471 3495 526; x_wconf 83' lang='lat' dir='ltr'><strong><em>familia</em></strong></span> <span class='ocrx_word' id='word_1_211' title='bbox 3523 471 3823 526; x_wconf 86' lang='lat' dir='ltr'><strong><em>crudeliter</em></strong></span> 
     </span>
    </p>
   </div>
   <div class='ocr_carea' id='block_1_37' title="bbox 2217 559 3816 630">
    <p class='ocr_par' dir='ltr' id='par_1_37' title="bbox 2217 559 3816 630">
     <span class='ocr_line' id='line_1_37' title="bbox 2217 559 3816 630; baseline 0.001 -18"><span class='ocrx_word' id='word_1_212' title='bbox 2217 559 2434 615; x_wconf 89' lang='lat' dir='ltr'><strong><em>assidue</em></strong></span> <span class='ocrx_word' id='word_1_213' title='bbox 2483 569 2708 616; x_wconf 85' lang='lat' dir='ltr'><strong><em>vexatur</em></strong></span> <span class='ocrx_word' id='word_1_214' title='bbox 2749 569 2801 614; x_wconf 87' lang='lat' dir='ltr'><strong><em>et</em></strong></span> <span class='ocrx_word' id='word_1_215' title='bbox 2847 560 3200 630; x_wconf 76' lang='lat' dir='ltr'><strong><em>opprimitur;</em></strong></span> <span class='ocrx_word' id='word_1_216' title='bbox 3248 560 3323 613; x_wconf 90' lang='lat' dir='ltr'><strong><em>ita</em></strong></span> <span class='ocrx_word' id='word_1_217' title='bbox 3370 575 3504 613; x_wconf 84' lang='lat' dir='ltr'><strong><em>sane</em></strong></span> <span class='ocrx_word' id='word_1_218' title='bbox 3551 567 3608 612; x_wconf 88' lang='lat' dir='ltr'><strong><em>ut</em></strong></span> <span class='ocrx_word' id='word_1_219' title='bbox 3638 573 3816 630; x_wconf 88' lang='lat' dir='ltr'><strong><em>neque</em></strong></span> 
     </span>
    </p>
   </div>
   <div class='ocr_carea' id='block_1_38' title="bbox 2217 645 3816 718">
    <p class='ocr_par' dir='ltr' id='par_1_38' title="bbox 2217 645 3816 718">
     <span class='ocr_line' id='line_1_38' title="bbox 2217 645 3816 718; baseline -0.001 -17"><span class='ocrx_word' id='word_1_220' title='bbox 2217 664 2376 702; x_wconf 89' lang='lat' dir='ltr'><strong><em>arare</em></strong></span> <span class='ocrx_word' id='word_1_221' title='bbox 2404 664 2580 718; x_wconf 88' lang='lat' dir='ltr'><strong><em>neque</em></strong></span> <span class='ocrx_word' id='word_1_222' title='bbox 2631 655 2825 702; x_wconf 66' lang='lat' dir='ltr'><strong><em>caetera</em></strong></span> <span class='ocrx_word' id='word_1_223' title='bbox 2874 664 2995 718; x_wconf 65' lang='lat' dir='ltr'><strong><em>qua:</em></strong></span> <span class='ocrx_word' id='word_1_224' title='bbox 3043 648 3109 701; x_wconf 89' lang='lat' dir='ltr'><strong><em>ad</em></strong></span> <span class='ocrx_word' id='word_1_225' title='bbox 3158 655 3316 701; x_wconf 64' lang='lat' dir='ltr'><strong><em>terra;</em></strong></span> <span class='ocrx_word' id='word_1_226' title='bbox 3353 646 3616 701; x_wconf 87' lang='lat' dir='ltr'><strong><em>culturam</em></strong></span> <span class='ocrx_word' id='word_1_227' title='bbox 3646 645 3816 716; x_wconf 75' lang='lat' dir='ltr'><strong><em>perti-</em></strong></span> 
     </span>
    </p>
   </div>
   <div class='ocr_carea' id='block_1_39' title="bbox 2217 733 3812 805">
    <p class='ocr_par' dir='ltr' id='par_1_39' title="bbox 2217 733 3812 805">
     <span class='ocr_line' id='line_1_39' title="bbox 2217 733 3812 805; baseline -0.001 -17"><span class='ocrx_word' id='word_1_228' title='bbox 2217 743 2364 804; x_wconf 88' lang='lat' dir='ltr'><strong><em>nent,</em></strong></span> <span class='ocrx_word' id='word_1_229' title='bbox 2397 736 2570 805; x_wconf 90' lang='lat' dir='ltr'><strong><em>possit</em></strong></span> <span class='ocrx_word' id='word_1_230' title='bbox 2599 751 2877 790; x_wconf 85' lang='lat' dir='ltr'><strong><em>exercere.</em></strong></span> <span class='ocrx_word' id='word_1_231' title='bbox 2927 735 3270 804; x_wconf 89' lang='lat' dir='ltr'><strong><em>Quapropter</em></strong></span> <span class='ocrx_word' id='word_1_232' title='bbox 3299 743 3351 788; x_wconf 88' lang='lat' dir='ltr'><strong><em>et</em></strong></span> <span class='ocrx_word' id='word_1_233' title='bbox 3383 741 3630 788; x_wconf 86' lang='lat' dir='ltr'><strong><em>vestrum</em></strong></span> <span class='ocrx_word' id='word_1_234' title='bbox 3659 733 3812 787; x_wconf 84' lang='lat' dir='ltr'><strong><em>auxi-</em></strong></span> 
     </span>
    </p>
   </div>
   <div class='ocr_carea' id='block_1_40' title="bbox 2214 821 3816 893">
    <p class='ocr_par' dir='ltr' id='par_1_40' title="bbox 2214 821 3816 893">
     <span class='ocr_line' id='line_1_40' title="bbox 2214 821 3816 893; baseline -0.001 -17"><span class='ocrx_word' id='word_1_235' title='bbox 2214 821 2343 876; x_wconf 89' lang='lat' dir='ltr'><strong><em>lium</em></strong></span> <span class='ocrx_word' id='word_1_236' title='bbox 2391 823 2567 876; x_wconf 89' lang='lat' dir='ltr'><strong><em>eidcm</em></strong></span> <span class='ocrx_word' id='word_1_237' title='bbox 2611 831 2795 878; x_wconf 89' lang='lat' dir='ltr'><strong><em>sancto</em></strong></span> <span class='ocrx_word' id='word_1_238' title='bbox 2843 823 2964 878; x_wconf 92' lang='lat' dir='ltr'><strong><em>loco</em></strong></span> <span class='ocrx_word' id='word_1_239' title='bbox 3014 822 3358 893; x_wconf 89' lang='lat' dir='ltr'><strong><em>impendatis,</em></strong></span> <span class='ocrx_word' id='word_1_240' title='bbox 3407 829 3459 875; x_wconf 90' lang='lat' dir='ltr'><strong><em>et</em></strong></span> <span class='ocrx_word' id='word_1_241' title='bbox 3505 829 3690 876; x_wconf 90' lang='lat' dir='ltr'><strong><em>contra</em></strong></span> <span class='ocrx_word' id='word_1_242' title='bbox 3716 821 3816 875; x_wconf 90' lang='lat' dir='ltr'><strong><em>Dei</em></strong></span> 
     </span>
    </p>
   </div>
   <div class='ocr_carea' id='block_1_41' title="bbox 2215 909 3810 981">
    <p class='ocr_par' dir='ltr' id='par_1_41' title="bbox 2215 909 3810 981">
     <span class='ocr_line' id='line_1_41' title="bbox 2215 909 3810 981; baseline -0.001 -18"><span class='ocrx_word' id='word_1_243' title='bbox 2215 917 2378 981; x_wconf 88' lang='lat' dir='ltr'><strong><em>atque</em></strong></span> <span class='ocrx_word' id='word_1_244' title='bbox 2409 911 2525 978; x_wconf 84' lang='lat' dir='ltr'><strong><em>ejus</em></strong></span> <span class='ocrx_word' id='word_1_245' title='bbox 2553 910 2900 966; x_wconf 85' lang='lat' dir='ltr'><strong><em>adversarios</em></strong></span> <span class='ocrx_word' id='word_1_246' title='bbox 2930 926 3151 964; x_wconf 87' lang='lat' dir='ltr'><strong><em>manum</em></strong></span> <span class='ocrx_word' id='word_1_247' title='bbox 3179 917 3373 964; x_wconf 74' lang='lat' dir='ltr'><strong><em>vestrae</em></strong></span> <span class='ocrx_word' id='word_1_248' title='bbox 3403 909 3680 978; x_wconf 62' lang='lat' dir='ltr'><strong><em>potentia,</em></strong></span> <span class='ocrx_word' id='word_1_249' title='bbox 3713 924 3810 978; x_wconf 90' lang='lat' dir='ltr'><strong><em>pro</em></strong></span> 
     </span>
    </p>
   </div>
   <div class='ocr_carea' id='block_1_42' title="bbox 2215 996 3811 1067">
    <p class='ocr_par' dir='ltr' id='par_1_42' title="bbox 2215 996 3811 1067">
     <span class='ocr_line' id='line_1_42' title="bbox 2215 996 3811 1067; baseline -0.001 -16"><span class='ocrx_word' id='word_1_250' title='bbox 2215 1013 2402 1052; x_wconf 89' lang='lat' dir='ltr'><strong><em>amore</em></strong></span> <span class='ocrx_word' id='word_1_251' title='bbox 2434 998 2534 1052; x_wconf 88' lang='lat' dir='ltr'><strong><em>Dei</em></strong></span> <span class='ocrx_word' id='word_1_252' title='bbox 2563 1007 2616 1052; x_wconf 89' lang='lat' dir='ltr'><strong><em>et</em></strong></span> <span class='ocrx_word' id='word_1_253' title='bbox 2645 1007 2960 1053; x_wconf 86' lang='lat' dir='ltr'><strong><em>sanctorum</em></strong></span> <span class='ocrx_word' id='word_1_254' title='bbox 2989 998 3358 1067; x_wconf 90' lang='lat' dir='ltr'><strong><em>apostolorum</em></strong></span> <span class='ocrx_word' id='word_1_255' title='bbox 3392 996 3535 1050; x_wconf 88' lang='lat' dir='ltr'><strong><em>Petri</em></strong></span> <span class='ocrx_word' id='word_1_256' title='bbox 3568 1012 3634 1050; x_wconf 91' lang='lat' dir='ltr'><strong><em>ac</em></strong></span> <span class='ocrx_word' id='word_1_257' title='bbox 3665 996 3811 1050; x_wconf 86' lang='lat' dir='ltr'><strong><em>Pauli</em></strong></span> 
     </span>
    </p>
   </div>
   <div class='ocr_carea' id='block_1_43' title="bbox 2212 1085 3812 1156">
    <p class='ocr_par' dir='ltr' id='par_1_43' title="bbox 2212 1085 3812 1156">
     <span class='ocr_line' id='line_1_43' title="bbox 2212 1085 3812 1156; baseline -0.001 -17"><span class='ocrx_word' id='word_1_258' title='bbox 2212 1093 2503 1156; x_wconf 90' lang='lat' dir='ltr'><strong><em>nostraque</em></strong></span> <span class='ocrx_word' id='word_1_259' title='bbox 2557 1085 2847 1140; x_wconf 87' lang='lat' dir='ltr'><strong><em>dilectione</em></strong></span> <span class='ocrx_word' id='word_1_260' title='bbox 2905 1085 3244 1149; x_wconf 87' lang='lat' dir='ltr'><strong><em>extendatis,</em></strong></span> <span class='ocrx_word' id='word_1_261' title='bbox 3316 1092 3583 1155; x_wconf 84' lang='lat' dir='ltr'><strong><em>quatenus</em></strong></span> <span class='ocrx_word' id='word_1_262' title='bbox 3632 1092 3812 1138; x_wconf 71' lang='lat' dir='ltr'><strong><em>vestro</em></strong></span> 
     </span>
    </p>
   </div>
   <div class='ocr_carea' id='block_1_44' title="bbox 2212 1171 3809 1242">
    <p class='ocr_par' dir='ltr' id='par_1_44' title="bbox 2212 1171 3809 1242">
     <span class='ocr_line' id='line_1_44' title="bbox 2212 1171 3809 1242; baseline -0.001 -16"><span class='ocrx_word' id='word_1_263' title='bbox 2212 1172 2417 1242; x_wconf 89' lang='lat' dir='ltr'><strong><em>potenti</em></strong></span> <span class='ocrx_word' id='word_1_264' title='bbox 2475 1173 2694 1242; x_wconf 78' lang='lat' dir='ltr'><strong><em>brachio</em></strong></span> <span class='ocrx_word' id='word_1_265' title='bbox 2751 1171 2891 1239; x_wconf 87' lang='lat' dir='ltr'><strong><em>freti,</em></strong></span> <span class='ocrx_word' id='word_1_266' title='bbox 2953 1172 3089 1227; x_wconf 89' lang='lat' dir='ltr'><strong><em>salvi</em></strong></span> <span class='ocrx_word' id='word_1_267' title='bbox 3145 1171 3198 1226; x_wconf 91' lang='lat' dir='ltr'><strong><em>in</em></strong></span> <span class='ocrx_word' id='word_1_268' title='bbox 3245 1171 3498 1226; x_wconf 88' lang='lat' dir='ltr'><strong><em>omnibus</em></strong></span> <span class='ocrx_word' id='word_1_269' title='bbox 3545 1179 3596 1225; x_wconf 91' lang='lat' dir='ltr'><strong><em>et</em></strong></span> <span class='ocrx_word' id='word_1_270' title='bbox 3630 1171 3809 1226; x_wconf 85' lang='lat' dir='ltr'><strong><em>securi</em></strong></span> 
     </span>
    </p>
   </div>
   <div class='ocr_carea' id='block_1_45' title="bbox 2211 1259 3811 1332">
    <p class='ocr_par' dir='ltr' id='par_1_45' title="bbox 2211 1259 3811 1332">
     <span class='ocr_line' id='line_1_45' title="bbox 2211 1259 3811 1332; baseline -0.002 -17"><span class='ocrx_word' id='word_1_271' title='bbox 2211 1260 2530 1325; x_wconf 87' lang='lat' dir='ltr'><strong><em>consistant,</em></strong></span> <span class='ocrx_word' id='word_1_272' title='bbox 2561 1269 2620 1314; x_wconf 89' lang='lat' dir='ltr'><strong><em>ut</em></strong></span> <span class='ocrx_word' id='word_1_273' title='bbox 2649 1269 2702 1314; x_wconf 90' lang='lat' dir='ltr'><strong><em>et</em></strong></span> <span class='ocrx_word' id='word_1_274' title='bbox 2730 1260 2784 1314; x_wconf 91' lang='lat' dir='ltr'><strong><em>in</em></strong></span> <span class='ocrx_word' id='word_1_275' title='bbox 2815 1260 3070 1330; x_wconf 78' lang='lat' dir='ltr'><strong><em>praesenti</em></strong></span> <span class='ocrx_word' id='word_1_276' title='bbox 3098 1260 3294 1332; x_wconf 88' lang='lat' dir='ltr'><strong><em>dignas</em></strong></span> <span class='ocrx_word' id='word_1_277' title='bbox 3325 1277 3356 1314; x_wconf 87' lang='lat' dir='ltr'><strong><em>a</em></strong></span> <span class='ocrx_word' id='word_1_278' title='bbox 3383 1259 3542 1313; x_wconf 90' lang='lat' dir='ltr'><strong><em>nobis</em></strong></span> <span class='ocrx_word' id='word_1_279' title='bbox 3573 1259 3811 1314; x_wconf 85' lang='lat' dir='ltr'><strong><em>retribu-</em></strong></span> 
     </span>
    </p>
   </div>
   <div class='ocr_carea' id='block_1_46' title="bbox 2211 1345 3810 1418">
    <p class='ocr_par' dir='ltr' id='par_1_46' title="bbox 2211 1345 3810 1418">
     <span class='ocr_line' id='line_1_46' title="bbox 2211 1345 3810 1418; baseline 0 -18"><span class='ocrx_word' id='word_1_280' title='bbox 2211 1347 2386 1402; x_wconf 87' lang='lat' dir='ltr'><strong><em>tiones</em></strong></span> <span class='ocrx_word' id='word_1_281' title='bbox 2420 1357 2472 1402; x_wconf 88' lang='lat' dir='ltr'><strong><em>et</em></strong></span> <span class='ocrx_word' id='word_1_282' title='bbox 2499 1347 2555 1401; x_wconf 91' lang='lat' dir='ltr'><strong><em>in</em></strong></span> <span class='ocrx_word' id='word_1_283' title='bbox 2599 1347 2780 1402; x_wconf 87' lang='lat' dir='ltr'><strong><em>futuro</em></strong></span> <span class='ocrx_word' id='word_1_284' title='bbox 2826 1347 3179 1418; x_wconf 89' lang='lat' dir='ltr'><strong><em>multiplicem</em></strong></span> <span class='ocrx_word' id='word_1_285' title='bbox 3221 1363 3255 1401; x_wconf 78' lang='grc' dir='ltr'>α</span> <span class='ocrx_word' id='word_1_286' title='bbox 3299 1347 3533 1402; x_wconf 91' lang='lat' dir='ltr'><strong><em>Domino</em></strong></span> <span class='ocrx_word' id='word_1_287' title='bbox 3583 1345 3810 1400; x_wconf 79' lang='lat' dir='ltr'><strong><em>valeatis</em></strong></span> 
     </span>
    </p>
   </div>
   <div class='ocr_carea' id='block_1_47' title="bbox 2209 1435 3210 1506">
    <p class='ocr_par' dir='ltr' id='par_1_47' title="bbox 2209 1435 3210 1506">
     <span class='ocr_line' id='line_1_47' title="bbox 2209 1435 3210 1506; baseline -0.001 -17"><span class='ocrx_word' id='word_1_288' title='bbox 2209 1435 2521 1490; x_wconf 87' lang='lat' dir='ltr'><strong><em>mercedem</em></strong></span> <span class='ocrx_word' id='word_1_289' title='bbox 2550 1451 2676 1490; x_wconf 93' lang='lat' dir='ltr'><strong><em>cum</em></strong></span> <span class='ocrx_word' id='word_1_290' title='bbox 2706 1435 2910 1492; x_wconf 85' lang='lat' dir='ltr'><strong><em>sanctis</em></strong></span> <span class='ocrx_word' id='word_1_291' title='bbox 2939 1435 3210 1506; x_wconf 85' lang='lat' dir='ltr'><strong><em>recipere.</em></strong></span> 
     </span>
    </p>
   </div>
   <div class='ocr_carea' id='block_1_48' title="bbox 2923 1533 3144 1587">
    <p class='ocr_par' dir='ltr' id='par_1_48' title="bbox 2923 1533 3144 1587">
     <span class='ocr_line' id='line_1_48' title="bbox 2923 1533 3144 1587; baseline -0.005 0"><span class='ocrx_word' id='word_1_292' title='bbox 2923 1533 3144 1587; x_wconf 79' lang='lat' dir='ltr'><strong><em>CCLVI.</em></strong></span> 
     </span>
    </p>
   </div>
   <div class='ocr_carea' id='block_1_49' title="bbox 2583 1642 3428 1683">
    <p class='ocr_par' dir='ltr' id='par_1_49' title="bbox 2583 1642 3428 1683">
     <span class='ocr_line' id='line_1_49' title="bbox 2583 1642 3428 1683; baseline -0.002 -1"><span class='ocrx_word' id='word_1_293' title='bbox 2583 1644 2656 1682; x_wconf 75' lang='lat' dir='ltr'><strong><em>AD</em></strong></span> <span class='ocrx_word' id='word_1_294' title='bbox 2693 1643 2965 1683; x_wconf 75' lang='lat' dir='ltr'><strong>HUGONEM</strong></span> <span class='ocrx_word' id='word_1_295' title='bbox 3003 1643 3074 1682; x_wconf 80' lang='lat' dir='ltr'><strong>ET</strong></span> <span class='ocrx_word' id='word_1_296' title='bbox 3112 1642 3428 1682; x_wconf 73' lang='lat' dir='ltr'><strong><em>BADULFUI.</em></strong></span> 
     </span>
    </p>
   </div>
   <div class='ocr_carea' id='block_1_50' title="bbox 2811 1699 3170 1769">
    <p class='ocr_par' dir='ltr' id='par_1_50' title="bbox 2811 1699 3170 1769">
     <span class='ocr_line' id='line_1_50' title="bbox 2811 1699 3170 1769; baseline 0.003 -17"><span class='ocrx_word' id='word_1_297' title='bbox 2811 1700 2991 1766; x_wconf 81' lang='lat' dir='ltr'><strong><em>(Anno</em></strong></span> <span class='ocrx_word' id='word_1_298' title='bbox 3021 1699 3170 1769; x_wconf 83' lang='lat'><strong><em>879.)</em></strong></span> 
     </span>
    </p>
   </div>
   <div class='ocr_carea' id='block_1_51' title="bbox 2219 1786 3811 1853">
    <p class='ocr_par' dir='ltr' id='par_1_51' title="bbox 2219 1786 3811 1853">
     <span class='ocr_line' id='line_1_51' title="bbox 2219 1786 3811 1853; baseline -0.001 -11"><span class='ocrx_word' id='word_1_299' title='bbox 2219 1787 2370 1853; x_wconf 85' lang='lat' dir='ltr'><strong><em>Quod</em></strong></span> <span class='ocrx_word' id='word_1_300' title='bbox 2410 1787 2748 1843; x_wconf 80' lang='lat' dir='ltr'><strong><em>Vendoaram</em></strong></span> <span class='ocrx_word' id='word_1_301' title='bbox 2778 1788 2977 1842; x_wconf 82' lang='lat' dir='ltr'><strong><em>uillam</em></strong></span> <span class='ocrx_word' id='word_1_302' title='bbox 3004 1788 3194 1842; x_wconf 81' lang='lat' dir='ltr'><strong><em>sancti</em></strong></span> <span class='ocrx_word' id='word_1_303' title='bbox 3242 1786 3396 1840; x_wconf 82' lang='lat' dir='ltr'><strong><em>Petri</em></strong></span> <span class='ocrx_word' id='word_1_304' title='bbox 3427 1786 3811 1840; x_wconf 77' lang='lat' dir='ltr'><strong><em>Pultariensis</em></strong></span> 
     </span>
    </p>
   </div>
   <div class='ocr_carea' id='block_1_52' title="bbox 2287 1856 3812 1940">
    <p class='ocr_par' dir='ltr' id='par_1_52' title="bbox 2287 1856 3812 1940">
     <span class='ocr_line' id='line_1_52' title="bbox 2287 1856 3812 1940; baseline -0.001 -29"><span class='ocrx_word' id='word_1_305' title='bbox 2287 1859 2440 1913; x_wconf 84' lang='lat' dir='ltr'><strong><em>nulli</em></strong></span> <span class='ocrx_word' id='word_1_306' title='bbox 2467 1858 2826 1940; x_wconf 66' lang='lat' dir='ltr'><strong><em>concesserit,</em></strong></span> <span class='ocrx_word' id='word_1_307' title='bbox 2877 1861 2936 1912; x_wconf 84' lang='lat' dir='ltr'><strong><em>et</em></strong></span> <span class='ocrx_word' id='word_1_308' title='bbox 2968 1857 3376 1939; x_wconf 69' lang='lat' dir='ltr'><strong><em>Arembertum,</em></strong></span> <span class='ocrx_word' id='word_1_309' title='bbox 3410 1857 3508 1940; x_wconf 74' lang='lat' dir='ltr'><strong><em>qui</em></strong></span> <span class='ocrx_word' id='word_1_310' title='bbox 3538 1872 3576 1937; x_wconf 85' lang='lat' dir='ltr'><strong><em>a_</em></strong></span> <span class='ocrx_word' id='word_1_311' title='bbox 3603 1856 3812 1940; x_wconf 67' lang='grc' dir='ltr'><strong><em>βοδρηε</em></strong></span> 
     </span>
    </p>
   </div>
   <div class='ocr_carea' id='block_1_53' title="bbox 2285 1926 3816 2053">
    <p class='ocr_par' dir='ltr' id='par_1_53' title="bbox 2285 1926 3816 2053">
     <span class='ocr_line' id='line_1_53' title="bbox 2287 1926 3816 2052; baseline -0.001 -70"><span class='ocrx_word' id='word_1_312' title='bbox 2287 1929 2677 2052; x_wconf 54' lang='grc' dir='ltr'><strong><em>εῗηῖβοεῖρὶι,</em></strong></span> <span class='ocrx_word' id='word_1_313' title='bbox 2712 1927 3201 1983; x_wconf 75' lang='lat' dir='ltr'><strong><em>excommunicari</em></strong></span> <span class='ocrx_word' id='word_1_314' title='bbox 3219 1926 3482 1997; x_wconf 79' lang='lat' dir='ltr'><strong><em>jusserit,</em></strong></span> <span class='ocrx_word' id='word_1_315' title='bbox 3514 1927 3630 1980; x_wconf 81' lang='lat' dir='ltr'><strong><em>nisi</em></strong></span> <span class='ocrx_word' id='word_1_316' title='bbox 3657 1926 3726 1980; x_wconf 89' lang='lat' dir='ltr'><strong><em>ab</em></strong></span> <span class='ocrx_word' id='word_1_317' title='bbox 3748 1941 3816 1980; x_wconf 83' lang='lat' dir='ltr'><strong><em>ea</em></strong></span> 
     </span>
     <span class='ocr_line' id='line_1_54' title="bbox 2285 2015 2590 2053; baseline 0 -1"><span class='ocrx_word' id='word_1_318' title='bbox 2285 2015 2319 2052; x_wconf 91' lang='lat' dir='ltr'><strong><em>a</em></strong></span> <span class='ocrx_word' id='word_1_319' title='bbox 2355 2015 2381 2052; x_wconf 90' lang='lat' dir='ltr'><strong><em>s</em></strong></span> <span class='ocrx_word' id='word_1_320' title='bbox 2412 2015 2542 2053; x_wconf 84' lang='lat' dir='ltr'><strong><em>mea</em></strong></span> <span class='ocrx_word' id='word_1_321' title='bbox 2577 2039 2590 2052; x_wconf 94' lang='lat'><strong><em>.</em></strong></span> 
     </span>
    </p>
   </div>
   <div class='ocr_carea' id='block_1_54' title="bbox 2287 2091 3688 2149">
    <p class='ocr_par' dir='ltr' id='par_1_54' title="bbox 2287 2091 3688 2149">
     <span class='ocr_line' id='line_1_55' title="bbox 2287 2091 3688 2149; baseline -0.001 -3"><span class='ocrx_word' id='word_1_322' title='bbox 2287 2095 2505 2148; x_wconf 75' lang='lat' dir='ltr'><strong><em>Hucom</em></strong></span> <span class='ocrx_word' id='word_1_323' title='bbox 2535 2102 2587 2148; x_wconf 89' lang='lat' dir='ltr'><strong><em>et</em></strong></span> <span class='ocrx_word' id='word_1_324' title='bbox 2619 2095 2923 2149; x_wconf 65' lang='lat' dir='ltr'><strong><em>Ranunpno</em></strong></span> <span class='ocrx_word' id='word_1_325' title='bbox 2943 2093 3157 2149; x_wconf 89' lang='lat' dir='ltr'><strong><em>dilectis</em></strong></span> <span class='ocrx_word' id='word_1_326' title='bbox 3184 2091 3436 2148; x_wconf 86' lang='lat' dir='ltr'><strong><em>ﬁdelibus</em></strong></span> <span class='ocrx_word' id='word_1_327' title='bbox 3465 2093 3688 2147; x_wconf 87' lang='lat' dir='ltr'><strong><em>nostris.</em></strong></span> 
     </span>
    </p>
   </div>
   <div class='ocr_carea' id='block_1_55' title="bbox 2285 2180 3814 2252">
    <p class='ocr_par' dir='ltr' id='par_1_55' title="bbox 2285 2180 3814 2252">
     <span class='ocr_line' id='line_1_56' title="bbox 2285 2180 3814 2252; baseline 0 -18"><span class='ocrx_word' id='word_1_328' title='bbox 2285 2182 2590 2252; x_wconf 89' lang='lat' dir='ltr'><strong><em>Cognoscat</em></strong></span> <span class='ocrx_word' id='word_1_329' title='bbox 2620 2199 2720 2252; x_wconf 90' lang='lat' dir='ltr'><strong><em>pro</em></strong></span> <span class='ocrx_word' id='word_1_330' title='bbox 2751 2190 2898 2238; x_wconf 89' lang='lat' dir='ltr'><strong><em>certo</em></strong></span> <span class='ocrx_word' id='word_1_331' title='bbox 2913 2181 3147 2236; x_wconf 81' lang='lat' dir='ltr'><strong><em>fidelitas</em></strong></span> <span class='ocrx_word' id='word_1_332' title='bbox 3173 2188 3351 2236; x_wconf 85' lang='lat' dir='ltr'><strong><em>vestra</em></strong></span> <span class='ocrx_word' id='word_1_333' title='bbox 3372 2181 3501 2252; x_wconf 82' lang='lat' dir='ltr'><strong><em>quia</em></strong></span> <span class='ocrx_word' id='word_1_334' title='bbox 3520 2196 3625 2236; x_wconf 90' lang='lat' dir='ltr'><strong><em>nos</em></strong></span> <span class='ocrx_word' id='word_1_335' title='bbox 3640 2180 3814 2250; x_wconf 84' lang='lat' dir='ltr'><strong><em>ipsam</em></strong></span> 
     </span>
    </p>
   </div>
   <div class='ocr_carea' id='block_1_56' title="bbox 2212 2267 3811 2341">
    <p class='ocr_par' dir='ltr' id='par_1_56' title="bbox 2212 2267 3811 2341">
     <span class='ocr_line' id='line_1_57' title="bbox 2212 2267 3811 2341; baseline -0.001 -17"><span class='ocrx_word' id='word_1_336' title='bbox 2212 2269 2396 2324; x_wconf 89' lang='lat' dir='ltr'><strong><em>villam</em></strong></span> <span class='ocrx_word' id='word_1_337' title='bbox 2423 2279 2663 2324; x_wconf 89' lang='lat' dir='ltr'><strong><em>nostram</em></strong></span> <span class='ocrx_word' id='word_1_338' title='bbox 2695 2271 3055 2336; x_wconf 83' lang='lat' dir='ltr'><strong><em>Vendoaram,</em></strong></span> <span class='ocrx_word' id='word_1_339' title='bbox 3101 2285 3264 2341; x_wconf 84' lang='lat' dir='ltr'><strong><em>quam</em></strong></span> <span class='ocrx_word' id='word_1_340' title='bbox 3294 2269 3473 2324; x_wconf 89' lang='lat' dir='ltr'><strong><em>dicitis</em></strong></span> <span class='ocrx_word' id='word_1_341' title='bbox 3501 2284 3627 2324; x_wconf 89' lang='lat' dir='ltr'><strong><em>esse</em></strong></span> <span class='ocrx_word' id='word_1_342' title='bbox 3655 2267 3811 2323; x_wconf 87' lang='lat' dir='ltr'><strong><em>inva-</em></strong></span> 
     </span>
    </p>
   </div>
   <div class='ocr_carea' id='block_1_57' title="bbox 2213 2356 3811 2428">
    <p class='ocr_par' dir='ltr' id='par_1_57' title="bbox 2213 2356 3811 2428">
     <span class='ocr_line' id='line_1_58' title="bbox 2213 2356 3811 2428; baseline -0.001 -17"><span class='ocrx_word' id='word_1_343' title='bbox 2213 2373 2329 2411; x_wconf 89' lang='lat' dir='ltr'><strong><em>sam</em></strong></span> <span class='ocrx_word' id='word_1_344' title='bbox 2358 2373 2390 2412; x_wconf 90' lang='lat' dir='ltr'><strong><em>a</em></strong></span> <span class='ocrx_word' id='word_1_345' title='bbox 2410 2359 2620 2412; x_wconf 90' lang='lat' dir='ltr'><strong><em>Bosone</em></strong></span> <span class='ocrx_word' id='word_1_346' title='bbox 2652 2359 2864 2426; x_wconf 88' lang='lat' dir='ltr'><strong><em>comite,</em></strong></span> <span class='ocrx_word' id='word_1_347' title='bbox 2899 2358 3052 2428; x_wconf 90' lang='lat' dir='ltr'><strong><em>quasi</em></strong></span> <span class='ocrx_word' id='word_1_348' title='bbox 3082 2373 3184 2412; x_wconf 89' lang='lat' dir='ltr'><strong><em>nos</em></strong></span> <span class='ocrx_word' id='word_1_349' title='bbox 3213 2373 3336 2412; x_wconf 89' lang='lat' dir='ltr'><strong><em>eam</em></strong></span> <span class='ocrx_word' id='word_1_350' title='bbox 3362 2373 3484 2412; x_wconf 92' lang='lat' dir='ltr'><strong><em>cum</em></strong></span> <span class='ocrx_word' id='word_1_351' title='bbox 3529 2356 3624 2412; x_wconf 90' lang='lat' dir='ltr'><strong><em>illo</em></strong></span> <span class='ocrx_word' id='word_1_352' title='bbox 3654 2370 3811 2411; x_wconf 87' lang='lat' dir='ltr'><strong><em>com-</em></strong></span> 
     </span>
    </p>
   </div>
   <div class='ocr_carea' id='block_1_58' title="bbox 2211 2445 3813 2516">
    <p class='ocr_par' dir='ltr' id='par_1_58' title="bbox 2211 2445 3813 2516">
     <span class='ocr_line' id='line_1_59' title="bbox 2211 2445 3813 2516; baseline 0.001 -18"><span class='ocrx_word' id='word_1_353' title='bbox 2211 2453 2572 2500; x_wconf 89' lang='lat' dir='ltr'><strong><em>mutassemus</em></strong></span> <span class='ocrx_word' id='word_1_354' title='bbox 2602 2445 2930 2516; x_wconf 85' lang='lat' dir='ltr'><strong><em>accipientes</em></strong></span> <span class='ocrx_word' id='word_1_355' title='bbox 2961 2445 3186 2500; x_wconf 86' lang='lat' dir='ltr'><strong><em>alteram</em></strong></span> <span class='ocrx_word' id='word_1_356' title='bbox 3213 2445 3281 2499; x_wconf 90' lang='lat' dir='ltr'><strong><em>ab</em></strong></span> <span class='ocrx_word' id='word_1_357' title='bbox 3311 2459 3396 2506; x_wconf 89' lang='lat' dir='ltr'><strong><em>eo,</em></strong></span> <span class='ocrx_word' id='word_1_358' title='bbox 3433 2460 3610 2515; x_wconf 90' lang='lat' dir='ltr'><strong><em>neque</em></strong></span> <span class='ocrx_word' id='word_1_359' title='bbox 3641 2445 3813 2499; x_wconf 87' lang='lat' dir='ltr'><strong><em>bene-</em></strong></span> 
     </span>
    </p>
   </div>
   <div class='ocr_carea' id='block_1_59' title="bbox 2211 2530 3808 2604">
    <p class='ocr_par' dir='ltr' id='par_1_59' title="bbox 2211 2530 3808 2604">
     <span class='ocr_line' id='line_1_60' title="bbox 2211 2530 3808 2604; baseline 0 -18"><span class='ocrx_word' id='word_1_360' title='bbox 2211 2530 2371 2587; x_wconf 86' lang='lat' dir='ltr'><strong><em>ﬁciali</em></strong></span> <span class='ocrx_word' id='word_1_361' title='bbox 2402 2549 2572 2601; x_wconf 92' lang='lat' dir='ltr'><strong><em>more,</em></strong></span> <span class='ocrx_word' id='word_1_362' title='bbox 2618 2549 2795 2604; x_wconf 91' lang='lat' dir='ltr'><strong><em>neque</em></strong></span> <span class='ocrx_word' id='word_1_363' title='bbox 2843 2533 3075 2601; x_wconf 87' lang='lat' dir='ltr'><strong><em>alicujus</em></strong></span> <span class='ocrx_word' id='word_1_364' title='bbox 3121 2532 3558 2589; x_wconf 87' lang='lat' dir='ltr'><strong><em>commutationis</em></strong></span> <span class='ocrx_word' id='word_1_365' title='bbox 3597 2540 3808 2600; x_wconf 88' lang='lat' dir='ltr'><strong><em>tenore,</em></strong></span> 
     </span>
    </p>
   </div>
   <div class='ocr_carea' id='block_1_60' title="bbox 2209 2617 3812 2692">
    <p class='ocr_par' dir='ltr' id='par_1_60' title="bbox 2209 2617 3812 2692">
     <span class='ocr_line' id='line_1_61' title="bbox 2209 2617 3812 2692; baseline 0 -19"><span class='ocrx_word' id='word_1_366' title='bbox 2209 2635 2388 2692; x_wconf 88' lang='lat' dir='ltr'><strong><em>neque</em></strong></span> <span class='ocrx_word' id='word_1_367' title='bbox 2416 2620 2522 2674; x_wconf 88' lang='lat' dir='ltr'><strong><em>alio</em></strong></span> <span class='ocrx_word' id='word_1_368' title='bbox 2552 2636 2876 2692; x_wconf 90' lang='lat' dir='ltr'><strong><em>quocunque</em></strong></span> <span class='ocrx_word' id='word_1_369' title='bbox 2907 2621 3090 2686; x_wconf 92' lang='lat' dir='ltr'><strong><em>modo,</em></strong></span> <span class='ocrx_word' id='word_1_370' title='bbox 3115 2636 3240 2676; x_wconf 88' lang='lat' dir='ltr'><strong><em>cum</em></strong></span> <span class='ocrx_word' id='word_1_371' title='bbox 3260 2620 3454 2676; x_wconf 91' lang='lat' dir='ltr'><strong><em>eodem</em></strong></span> <span class='ocrx_word' id='word_1_372' title='bbox 3480 2621 3693 2674; x_wconf 89' lang='lat' dir='ltr'><strong><em>Bosone</em></strong></span> <span class='ocrx_word' id='word_1_373' title='bbox 3722 2617 3812 2673; x_wconf 82' lang='lat' dir='ltr'><strong><em>vel</em></strong></span> 
     </span>
    </p>
   </div>
   <div class='ocr_carea' id='block_1_61' title="bbox 2210 2707 3809 2779">
    <p class='ocr_par' dir='ltr' id='par_1_61' title="bbox 2210 2707 3809 2779">
     <span class='ocr_line' id='line_1_62' title="bbox 2210 2707 3809 2779; baseline -0.001 -17"><span class='ocrx_word' id='word_1_374' title='bbox 2210 2707 2317 2762; x_wconf 84' lang='lat' dir='ltr'><strong><em>alio</em></strong></span> <span class='ocrx_word' id='word_1_375' title='bbox 2347 2724 2672 2779; x_wconf 90' lang='lat' dir='ltr'><strong><em>quocunque</em></strong></span> <span class='ocrx_word' id='word_1_376' title='bbox 2718 2707 2956 2772; x_wconf 87' lang='lat' dir='ltr'><strong><em>homine,</em></strong></span> <span class='ocrx_word' id='word_1_377' title='bbox 3003 2708 3252 2762; x_wconf 89' lang='lat' dir='ltr'><strong><em>dedimus</em></strong></span> <span class='ocrx_word' id='word_1_378' title='bbox 3291 2723 3470 2779; x_wconf 90' lang='lat' dir='ltr'><strong><em>neque</em></strong></span> <span class='ocrx_word' id='word_1_379' title='bbox 3499 2714 3809 2762; x_wconf 87' lang='lat' dir='ltr'><strong><em>commuta-</em></strong></span> 
     </span>
    </p>
   </div>
   <div class='ocr_carea' id='block_1_62' title="bbox 2209 2793 3811 2864">
    <p class='ocr_par' dir='ltr' id='par_1_62' title="bbox 2209 2793 3811 2864">
     <span class='ocr_line' id='line_1_63' title="bbox 2209 2793 3811 2864; baseline 0 -15"><span class='ocrx_word' id='word_1_380' title='bbox 2209 2796 2403 2850; x_wconf 90' lang='lat' dir='ltr'><strong><em>vimus.</em></strong></span> <span class='ocrx_word' id='word_1_381' title='bbox 2437 2796 2564 2850; x_wconf 88' lang='lat' dir='ltr'><strong><em>Ideo</em></strong></span> <span class='ocrx_word' id='word_1_382' title='bbox 2595 2795 2649 2849; x_wconf 91' lang='lat' dir='ltr'><strong><em>in</em></strong></span> <span class='ocrx_word' id='word_1_383' title='bbox 2680 2793 2937 2850; x_wconf 83' lang='lat' dir='ltr'><strong><em>fidelitate</em></strong></span> <span class='ocrx_word' id='word_1_384' title='bbox 2972 2804 3025 2850; x_wconf 89' lang='lat' dir='ltr'><strong><em>et</em></strong></span> <span class='ocrx_word' id='word_1_385' title='bbox 3070 2795 3292 2850; x_wconf 88' lang='lat' dir='ltr'><strong><em>servitio</em></strong></span> <span class='ocrx_word' id='word_1_386' title='bbox 3325 2803 3643 2850; x_wconf 88' lang='lat' dir='ltr'><strong><em>sanctorum</em></strong></span> <span class='ocrx_word' id='word_1_387' title='bbox 3673 2810 3811 2864; x_wconf 54' lang='lat' dir='ltr'><strong><em>apo-</em></strong></span> 
     </span>
    </p>
   </div>
   <div class='ocr_carea' id='block_1_63' title="bbox 2209 2882 3808 2955">
    <p class='ocr_par' dir='ltr' id='par_1_63' title="bbox 2209 2882 3808 2955">
     <span class='ocr_line' id='line_1_64' title="bbox 2209 2882 3808 2955; baseline 0.001 -20"><span class='ocrx_word' id='word_1_388' title='bbox 2209 2882 2472 2938; x_wconf 90' lang='lat' dir='ltr'><strong><em>stolorum</em></strong></span> <span class='ocrx_word' id='word_1_389' title='bbox 2506 2883 2647 2937; x_wconf 87' lang='lat' dir='ltr'><strong><em>Petri</em></strong></span> <span class='ocrx_word' id='word_1_390' title='bbox 2677 2899 2739 2938; x_wconf 91' lang='lat' dir='ltr'><strong><em>ac</em></strong></span> <span class='ocrx_word' id='word_1_391' title='bbox 2768 2883 2922 2938; x_wconf 88' lang='lat' dir='ltr'><strong><em>Pauli</em></strong></span> <span class='ocrx_word' id='word_1_392' title='bbox 2967 2885 3162 2938; x_wconf 88' lang='lat' dir='ltr'><strong><em>devota</em></strong></span> <span class='ocrx_word' id='word_1_393' title='bbox 3189 2891 3372 2938; x_wconf 89' lang='lat' dir='ltr'><strong><em>mente</em></strong></span> <span class='ocrx_word' id='word_1_394' title='bbox 3398 2891 3808 2955; x_wconf 87' lang='lat' dir='ltr'><strong><em>permanentes,</em></strong></span> 
     </span>
    </p>
   </div>
   <div class='ocr_carea' id='block_1_64' title="bbox 2208 2969 3813 3040">
    <p class='ocr_par' dir='ltr' id='par_1_64' title="bbox 2208 2969 3813 3040">
     <span class='ocr_line' id='line_1_65' title="bbox 2208 2969 3813 3040; baseline 0 -16"><span class='ocrx_word' id='word_1_395' title='bbox 2208 2969 2381 3040; x_wconf 88' lang='lat' dir='ltr'><strong><em>ipsam</em></strong></span> <span class='ocrx_word' id='word_1_396' title='bbox 2408 2971 2594 3025; x_wconf 88' lang='lat' dir='ltr'><strong><em>villam</em></strong></span> <span class='ocrx_word' id='word_1_397' title='bbox 2625 2971 2725 3025; x_wconf 91' lang='lat' dir='ltr'><strong><em>sub</em></strong></span> <span class='ocrx_word' id='word_1_398' title='bbox 2758 2979 2946 3026; x_wconf 88' lang='lat' dir='ltr'><strong><em>nostro</em></strong></span> <span class='ocrx_word' id='word_1_399' title='bbox 2987 2972 3108 3040; x_wconf 88' lang='lat' dir='ltr'><strong><em>jure</em></strong></span> <span class='ocrx_word' id='word_1_400' title='bbox 3153 2979 3418 3037; x_wconf 90' lang='lat' dir='ltr'><strong><em>tenentes,</em></strong></span> <span class='ocrx_word' id='word_1_401' title='bbox 3455 2969 3732 3026; x_wconf 83' lang='lat' dir='ltr'><strong><em>defendite</em></strong></span> <span class='ocrx_word' id='word_1_402' title='bbox 3761 2977 3813 3025; x_wconf 90' lang='lat' dir='ltr'><strong><em>et</em></strong></span> 
     </span>
    </p>
   </div>
   <div class='ocr_carea' id='block_1_65' title="bbox 486 3057 3808 3131">
    <p class='ocr_par' dir='ltr' id='par_1_65' title="bbox 486 3057 3808 3131">
     <span class='ocr_line' id='line_1_66' title="bbox 486 3057 3808 3131; baseline -0.002 -11"><span class='ocrx_word' id='word_1_403' title='bbox 486 3063 786 3120; x_wconf 87' lang='lat' dir='ltr'><strong><em>-Gerardus</em></strong></span> <span class='ocrx_word' id='word_1_404' title='bbox 835 3064 994 3118; x_wconf 72' lang='lat' dir='ltr'><strong><em>bonae</em></strong></span> <span class='ocrx_word' id='word_1_405' title='bbox 1048 3063 1326 3118; x_wconf 71' lang='lat' dir='ltr'><strong><em>memoria:</em></strong></span> <span class='ocrx_word' id='word_1_406' title='bbox 1377 3078 1580 3129; x_wconf 89' lang='lat' dir='ltr'><strong><em>comes,</em></strong></span> <span class='ocrx_word' id='word_1_407' title='bbox 1631 3077 1740 3115; x_wconf 91' lang='lat' dir='ltr'><strong><em>una</em></strong></span> <span class='ocrx_word' id='word_1_408' title='bbox 1788 3077 1912 3117; x_wconf 92' lang='lat' dir='ltr'><strong><em>cum</em></strong></span> <span class='ocrx_word' id='word_1_409' title='bbox 1944 3063 2104 3116; x_wconf 89' lang='lat' dir='ltr'><strong><em>Berta</em></strong></span> <span class='ocrx_word' id='word_1_410' title='bbox 2133 3065 2329 3128; x_wconf 83' lang='lat' dir='ltr'><strong><em>Coum</em></strong></span> <span class='ocrx_word' id='word_1_411' title='bbox 2377 3059 2591 3113; x_wconf 91' lang='lat' dir='ltr'><strong><em>Domini</em></strong></span> <span class='ocrx_word' id='word_1_412' title='bbox 2639 3058 2838 3112; x_wconf 88' lang='lat' dir='ltr'><strong><em>auxilio</em></strong></span> <span class='ocrx_word' id='word_1_413' title='bbox 2883 3059 3212 3131; x_wconf 86' lang='lat' dir='ltr'><strong><em>gubernate,</em></strong></span> <span class='ocrx_word' id='word_1_414' title='bbox 3257 3074 3364 3114; x_wconf 87' lang='lat' dir='ltr'><strong><em>nec</em></strong></span> <span class='ocrx_word' id='word_1_415' title='bbox 3403 3058 3576 3129; x_wconf 89' lang='lat' dir='ltr'><strong><em>aliqui</em></strong></span> <span class='ocrx_word' id='word_1_416' title='bbox 3606 3057 3808 3113; x_wconf 89' lang='lat' dir='ltr'><strong><em>homini</em></strong></span> 
     </span>
    </p>
   </div>
   <div class='ocr_carea' id='block_1_66' title="bbox 505 3149 2098 3224">
    <p class='ocr_par' dir='ltr' id='par_1_66' title="bbox 505 3149 2098 3224">
     <span class='ocr_line' id='line_1_67' title="bbox 505 3149 2098 3224; baseline -0.003 -18"><span class='ocrx_word' id='word_1_417' title='bbox 505 3151 782 3224; x_wconf 87' lang='lat' dir='ltr'><strong><em>quondam</em></strong></span> <span class='ocrx_word' id='word_1_418' title='bbox 811 3151 1043 3221; x_wconf 81' lang='lat' dir='ltr'><strong><em>conjuge</em></strong></span> <span class='ocrx_word' id='word_1_419' title='bbox 1073 3167 1167 3204; x_wconf 89' lang='lat' dir='ltr'><strong><em>sua</em></strong></span> <span class='ocrx_word' id='word_1_420' title='bbox 1197 3151 1344 3221; x_wconf 89' lang='lat' dir='ltr'><strong><em>ipsas</em></strong></span> <span class='ocrx_word' id='word_1_421' title='bbox 1367 3166 1454 3204; x_wconf 92' lang='lat' dir='ltr'><strong><em>res</em></strong></span> <span class='ocrx_word' id='word_1_422' title='bbox 1476 3149 1811 3220; x_wconf 88' lang='lat' dir='ltr'><strong><em>principibus</em></strong></span> <span class='ocrx_word' id='word_1_423' title='bbox 1833 3149 2098 3219; x_wconf 89' lang='lat' dir='ltr'><strong><em>apostolo-</em></strong></span> 
     </span>
    </p>
   </div>
   <div class='ocr_carea' id='block_1_67' title="bbox 503 3236 2102 3301">
    <p class='ocr_par' dir='ltr' id='par_1_67' title="bbox 503 3236 2102 3301">
     <span class='ocr_line' id='line_1_68' title="bbox 503 3236 2102 3301; baseline -0.003 -6"><span class='ocrx_word' id='word_1_424' title='bbox 503 3255 629 3295; x_wconf 88' lang='lat' dir='ltr'><strong><em>rum</em></strong></span> <span class='ocrx_word' id='word_1_425' title='bbox 654 3239 816 3294; x_wconf 88' lang='lat' dir='ltr'><strong><em>Petro</em></strong></span> <span class='ocrx_word' id='word_1_426' title='bbox 865 3247 918 3293; x_wconf 85' lang='lat' dir='ltr'><strong><em>et</em></strong></span> <span class='ocrx_word' id='word_1_427' title='bbox 967 3238 1134 3294; x_wconf 88' lang='lat' dir='ltr'><strong><em>Paulo</em></strong></span> <span class='ocrx_word' id='word_1_428' title='bbox 1179 3237 1416 3301; x_wconf 82' lang='lat' dir='ltr'><strong><em>tradidit,</em></strong></span> <span class='ocrx_word' id='word_1_429' title='bbox 1469 3237 1614 3292; x_wconf 86' lang='lat' dir='ltr'><strong><em>bulla</em></strong></span> <span class='ocrx_word' id='word_1_430' title='bbox 1656 3236 1889 3292; x_wconf 91' lang='lat' dir='ltr'><strong><em>nominis</em></strong></span> <span class='ocrx_word' id='word_1_431' title='bbox 1929 3236 2102 3290; x_wconf 88' lang='lat' dir='ltr'><strong><em>nostri</em></strong></span> 
     </span>
    </p>
   </div>
   <div class='ocr_carea' id='block_1_68' title="bbox 500 3323 2098 3398">
    <p class='ocr_par' dir='ltr' id='par_1_68' title="bbox 500 3323 2098 3398">
     <span class='ocr_line' id='line_1_69' title="bbox 500 3323 2098 3398; baseline -0.004 -16"><span class='ocrx_word' id='word_1_432' title='bbox 500 3327 788 3393; x_wconf 89' lang='lat' dir='ltr'><strong><em>munitum,</em></strong></span> <span class='ocrx_word' id='word_1_433' title='bbox 809 3325 1080 3398; x_wconf 81' lang='lat' dir='ltr'><strong><em>Ansegiso</em></strong></span> <span class='ocrx_word' id='word_1_434' title='bbox 1109 3325 1516 3395; x_wconf 82' lang='lat' dir='ltr'><strong><em>archiepiscOpo</em></strong></span> <span class='ocrx_word' id='word_1_435' title='bbox 1537 3333 1590 3378; x_wconf 90' lang='lat' dir='ltr'><strong><em>et</em></strong></span> <span class='ocrx_word' id='word_1_436' title='bbox 1610 3325 1858 3379; x_wconf 88' lang='lat' dir='ltr'><strong><em>Conrado</em></strong></span> <span class='ocrx_word' id='word_1_437' title='bbox 1891 3323 2098 3388; x_wconf 87' lang='lat' dir='ltr'><strong><em>comiti,</em></strong></span> 
     </span>
    </p>
   </div>
   <div class='ocr_carea' id='block_1_69' title="bbox 503 3411 2101 3484">
    <p class='ocr_par' dir='ltr' id='par_1_69' title="bbox 503 3411 2101 3484">
     <span class='ocr_line' id='line_1_70' title="bbox 503 3411 2101 3484; baseline -0.004 -14"><span class='ocrx_word' id='word_1_438' title='bbox 503 3415 562 3470; x_wconf 89' lang='lat' dir='ltr'><strong><em>in</em></strong></span> <span class='ocrx_word' id='word_1_439' title='bbox 589 3414 746 3484; x_wconf 85' lang='lat' dir='ltr'><strong><em>cujus</em></strong></span> <span class='ocrx_word' id='word_1_440' title='bbox 773 3413 1030 3468; x_wconf 89' lang='lat' dir='ltr'><strong><em>comitatu</em></strong></span> <span class='ocrx_word' id='word_1_441' title='bbox 1060 3413 1193 3484; x_wconf 74' lang='lat' dir='ltr'><strong><em>ipsae</em></strong></span> <span class='ocrx_word' id='word_1_442' title='bbox 1222 3429 1312 3467; x_wconf 89' lang='lat' dir='ltr'><strong><em>res</em></strong></span> <span class='ocrx_word' id='word_1_443' title='bbox 1336 3411 1702 3478; x_wconf 84' lang='lat' dir='ltr'><strong><em>continentur,</em></strong></span> <span class='ocrx_word' id='word_1_444' title='bbox 1729 3428 1828 3481; x_wconf 91' lang='lat' dir='ltr'><strong><em>per</em></strong></span> <span class='ocrx_word' id='word_1_445' title='bbox 1856 3427 2101 3480; x_wconf 81' lang='lat' dir='ltr'><strong><em>praesen-</em></strong></span> 
     </span>
    </p>
   </div>
   <div class='ocr_carea' id='block_1_70' title="bbox 502 3499 2102 3570">
    <p class='ocr_par' dir='ltr' id='par_1_70' title="bbox 502 3499 2102 3570">
     <span class='ocr_line' id='line_1_71' title="bbox 502 3499 2102 3570; baseline -0.004 -12"><span class='ocrx_word' id='word_1_446' title='bbox 502 3510 614 3558; x_wconf 86' lang='lat' dir='ltr'><strong><em>tem</em></strong></span> <span class='ocrx_word' id='word_1_447' title='bbox 643 3501 888 3557; x_wconf 89' lang='lat' dir='ltr'><strong><em>nuntium</em></strong></span> <span class='ocrx_word' id='word_1_448' title='bbox 939 3508 1176 3554; x_wconf 89' lang='lat' dir='ltr'><strong><em>vestrum</em></strong></span> <span class='ocrx_word' id='word_1_449' title='bbox 1220 3499 1534 3554; x_wconf 85' lang='lat' dir='ltr'><strong><em>direximus.</em></strong></span> <span class='ocrx_word' id='word_1_450' title='bbox 1576 3499 1680 3554; x_wconf 86' lang='lat' dir='ltr'><strong><em>Vos</em></strong></span> <span class='ocrx_word' id='word_1_451' title='bbox 1710 3500 1893 3570; x_wconf 87' lang='lat' dir='ltr'><strong><em>itaque</em></strong></span> <span class='ocrx_word' id='word_1_452' title='bbox 1925 3499 2102 3553; x_wconf 81' lang='lat' dir='ltr'><strong><em>videte</em></strong></span> 
     </span>
    </p>
   </div>
   <div class='ocr_carea' id='block_1_71' title="bbox 503 3586 2104 3656">
    <p class='ocr_par' dir='ltr' id='par_1_71' title="bbox 503 3586 2104 3656">
     <span class='ocr_line' id='line_1_72' title="bbox 503 3586 2104 3656; baseline -0.003 -11"><span class='ocrx_word' id='word_1_453' title='bbox 503 3589 551 3645; x_wconf 85' lang='lat' dir='ltr'><strong><em>si</em></strong></span> <span class='ocrx_word' id='word_1_454' title='bbox 581 3589 650 3645; x_wconf 89' lang='lat' dir='ltr'><strong><em>de</em></strong></span> <span class='ocrx_word' id='word_1_455' title='bbox 677 3590 763 3644; x_wconf 87' lang='lat' dir='ltr'><strong><em>his</em></strong></span> <span class='ocrx_word' id='word_1_456' title='bbox 791 3587 1044 3646; x_wconf 89' lang='lat' dir='ltr'><strong><em>omnibus</em></strong></span> <span class='ocrx_word' id='word_1_457' title='bbox 1091 3587 1260 3656; x_wconf 84' lang='lat' dir='ltr'><strong><em>adjuti</em></strong></span> <span class='ocrx_word' id='word_1_458' title='bbox 1310 3586 1540 3652; x_wconf 86' lang='lat' dir='ltr'><strong><em>fueritis,</em></strong></span> <span class='ocrx_word' id='word_1_459' title='bbox 1591 3603 1660 3640; x_wconf 90' lang='lat' dir='ltr'><strong><em>an</em></strong></span> <span class='ocrx_word' id='word_1_460' title='bbox 1703 3603 1832 3651; x_wconf 89' lang='lat' dir='ltr'><strong><em>non,</em></strong></span> <span class='ocrx_word' id='word_1_461' title='bbox 1867 3595 1919 3640; x_wconf 92' lang='lat' dir='ltr'><strong><em>et</em></strong></span> <span class='ocrx_word' id='word_1_462' title='bbox 1948 3587 2104 3642; x_wconf 86' lang='lat' dir='ltr'><strong><em>nobis</em></strong></span> 
     </span>
    </p>
   </div>
   <div class='ocr_carea' id='block_1_72' title="bbox 500 3675 2104 3748">
    <p class='ocr_par' dir='ltr' id='par_1_72' title="bbox 500 3675 2104 3748">
     <span class='ocr_line' id='line_1_73' title="bbox 500 3675 2104 3748; baseline -0.004 -15"><span class='ocrx_word' id='word_1_463' title='bbox 500 3677 825 3742; x_wconf 87' lang='lat' dir='ltr'><strong><em>renuntiate,</em></strong></span> <span class='ocrx_word' id='word_1_464' title='bbox 851 3685 907 3731; x_wconf 94' lang='lat' dir='ltr'><strong><em>ut</em></strong></span> <span class='ocrx_word' id='word_1_465' title='bbox 937 3675 1092 3748; x_wconf 79' lang='lat' dir='ltr'><strong><em>quasi</em></strong></span> <span class='ocrx_word' id='word_1_466' title='bbox 1121 3675 1352 3732; x_wconf 88' lang='lat' dir='ltr'><strong><em>concilio</em></strong></span> <span class='ocrx_word' id='word_1_467' title='bbox 1383 3675 1594 3730; x_wconf 85' lang='lat' dir='ltr'><strong><em>meliori</em></strong></span> <span class='ocrx_word' id='word_1_468' title='bbox 1628 3675 1980 3744; x_wconf 88' lang='lat' dir='ltr'><strong><em>potuerimus,</em></strong></span> <span class='ocrx_word' id='word_1_469' title='bbox 2009 3691 2104 3728; x_wconf 86' lang='lat' dir='ltr'><strong><em>vos</em></strong></span> 
     </span>
    </p>
   </div>
   <div class='ocr_carea' id='block_1_73' title="bbox 501 3763 2104 3832">
    <p class='ocr_par' dir='ltr' id='par_1_73' title="bbox 501 3763 2104 3832">
     <span class='ocr_line' id='line_1_74' title="bbox 501 3763 2104 3832; baseline -0.004 -11"><span class='ocrx_word' id='word_1_470' title='bbox 501 3765 862 3821; x_wconf 86' lang='lat' dir='ltr'><strong><em>libentissime</em></strong></span> <span class='ocrx_word' id='word_1_471' title='bbox 908 3764 1168 3832; x_wconf 87' lang='lat' dir='ltr'><strong><em>adjuvare</em></strong></span> <span class='ocrx_word' id='word_1_472' title='bbox 1213 3779 1487 3818; x_wconf 88' lang='lat' dir='ltr'><strong><em>curemus.</em></strong></span> <span class='ocrx_word' id='word_1_473' title='bbox 1545 3763 1950 3816; x_wconf 87' lang='lat' dir='ltr'><strong><em>Fraternitatem</em></strong></span> <span class='ocrx_word' id='word_1_474' title='bbox 2005 3777 2104 3815; x_wconf 81' lang='lat' dir='ltr'><strong><em>ve-</em></strong></span> 
     </span>
    </p>
   </div>
   <div class='ocr_carea' id='block_1_74' title="bbox 503 3849 2106 3920">
    <p class='ocr_par' dir='ltr' id='par_1_74' title="bbox 503 3849 2106 3920">
     <span class='ocr_line' id='line_1_75' title="bbox 503 3849 2106 3920; baseline -0.005 -12"><span class='ocrx_word' id='word_1_475' title='bbox 503 3861 672 3908; x_wconf 84' lang='lat' dir='ltr'><strong><em>stram</em></strong></span> <span class='ocrx_word' id='word_1_476' title='bbox 703 3859 946 3907; x_wconf 88' lang='lat' dir='ltr'><strong><em>orantem</em></strong></span> <span class='ocrx_word' id='word_1_477' title='bbox 976 3865 1078 3920; x_wconf 90' lang='lat' dir='ltr'><strong><em>pro</em></strong></span> <span class='ocrx_word' id='word_1_478' title='bbox 1108 3851 1266 3904; x_wconf 89' lang='lat' dir='ltr'><strong><em>nobis</em></strong></span> <span class='ocrx_word' id='word_1_479' title='bbox 1297 3850 1558 3904; x_wconf 91' lang='lat' dir='ltr'><strong><em>Dominus</em></strong></span> <span class='ocrx_word' id='word_1_480' title='bbox 1601 3849 1856 3918; x_wconf 84' lang='lat' dir='ltr'><strong><em>dignetur</em></strong></span> <span class='ocrx_word' id='word_1_481' title='bbox 1885 3865 2106 3903; x_wconf 89' lang='lat' dir='ltr'><strong><em>conser-</em></strong></span> 
     </span>
    </p>
   </div>
   <div class='ocr_carea' id='block_1_75' title="bbox 506 3938 1013 3994">
    <p class='ocr_par' dir='ltr' id='par_1_75' title="bbox 506 3938 1013 3994">
     <span class='ocr_line' id='line_1_76' title="bbox 506 3938 1013 3994; baseline -0.008 0"><span class='ocrx_word' id='word_1_482' title='bbox 506 3953 638 3994; x_wconf 80' lang='lat' dir='ltr'><strong><em>vare</em></strong></span> <span class='ocrx_word' id='word_1_483' title='bbox 669 3938 1013 3994; x_wconf 90' lang='lat' dir='ltr'><strong><em>incolumem.</em></strong></span> 
     </span>
    </p>
   </div>
   <div class='ocr_carea' id='block_1_76' title="bbox 1207 4007 1400 4060">
    <p class='ocr_par' dir='ltr' id='par_1_76' title="bbox 1207 4007 1400 4060">
     <span class='ocr_line' id='line_1_77' title="bbox 1207 4007 1400 4060; baseline -0.01 0"><span class='ocrx_word' id='word_1_484' title='bbox 1207 4007 1400 4060; x_wconf 85' lang='lat' dir='ltr'><strong><em>CCLV.</em></strong></span> 
     </span>
    </p>
   </div>
   <div class='ocr_carea' id='block_1_77' title="bbox 960 4091 1652 4131">
    <p class='ocr_par' dir='ltr' id='par_1_77' title="bbox 960 4091 1652 4131">
     <span class='ocr_line' id='line_1_78' title="bbox 960 4091 1652 4131; baseline -0.004 0"><span class='ocrx_word' id='word_1_485' title='bbox 960 4092 1032 4131; x_wconf 71' lang='lat' dir='ltr'><strong><em>AD</em></strong></span> <span class='ocrx_word' id='word_1_486' title='bbox 1072 4091 1340 4130; x_wconf 70' lang='lat' dir='ltr'><strong><em>HUGONEM</em></strong></span> <span class='ocrx_word' id='word_1_487' title='bbox 1379 4091 1630 4130; x_wconf 70' lang='lat' dir='ltr'><strong><em>ABBATEM</em></strong></span> <span class='ocrx_word' id='word_1_488' title='bbox 1640 4117 1652 4128; x_wconf 94' lang='lat'><strong><em>.</em></strong></span> 
     </span>
    </p>
   </div>
   <div class='ocr_carea' id='block_1_78' title="bbox 1124 4159 1496 4227">
    <p class='ocr_par' dir='ltr' id='par_1_78' title="bbox 1124 4159 1496 4227">
     <span class='ocr_line' id='line_1_79' title="bbox 1124 4159 1496 4227; baseline 0.008 -16"><span class='ocrx_word' id='word_1_489' title='bbox 1124 4159 1307 4227; x_wconf 79' lang='lat' dir='ltr'><strong><em>(Anno</em></strong></span> <span class='ocrx_word' id='word_1_490' title='bbox 1345 4159 1496 4227; x_wconf 81' lang='lat'><strong><em>879.)</em></strong></span> 
     </span>
    </p>
   </div>
   <div class='ocr_carea' id='block_1_79' title="bbox 717 4257 1900 4316">
    <p class='ocr_par' dir='ltr' id='par_1_79' title="bbox 717 4257 1900 4316">
     <span class='ocr_line' id='line_1_80' title="bbox 717 4257 1900 4316; baseline -0.007 0"><span class='ocrx_word' id='word_1_491' title='bbox 717 4260 786 4316; x_wconf 88' lang='lat' dir='ltr'><strong><em>Ut</em></strong></span> <span class='ocrx_word' id='word_1_492' title='bbox 812 4259 1226 4314; x_wconf 84' lang='lat' dir='ltr'><strong><em>monasterium</em></strong></span> <span class='ocrx_word' id='word_1_493' title='bbox 1255 4257 1616 4312; x_wconf 81' lang='lat' dir='ltr'><strong><em>Pultariense</em></strong></span> <span class='ocrx_word' id='word_1_494' title='bbox 1651 4260 1900 4310; x_wconf 82' lang='lat' dir='ltr'><strong><em>tueatur.</em></strong></span> 
     </span>
    </p>
   </div>
   <div class='ocr_carea' id='block_1_80' title="bbox 578 4350 1772 4410">
    <p class='ocr_par' dir='ltr' id='par_1_80' title="bbox 578 4350 1772 4410">
     <span class='ocr_line' id='line_1_81' title="bbox 578 4350 1772 4410; baseline -0.005 0"><span class='ocrx_word' id='word_1_495' title='bbox 578 4354 786 4410; x_wconf 88' lang='lat' dir='ltr'><strong><em>Dilecto</em></strong></span> <span class='ocrx_word' id='word_1_496' title='bbox 813 4352 924 4408; x_wconf 86' lang='lat' dir='ltr'><strong><em>ﬁlio</em></strong></span> <span class='ocrx_word' id='word_1_497' title='bbox 952 4353 1174 4408; x_wconf 69' lang='lat' dir='ltr'><strong><em>HUGONI</em></strong></span> <span class='ocrx_word' id='word_1_498' title='bbox 1205 4351 1544 4406; x_wconf 88' lang='lat' dir='ltr'><strong><em>nobilissimo</em></strong></span> <span class='ocrx_word' id='word_1_499' title='bbox 1574 4350 1772 4404; x_wconf 87' lang='lat' dir='ltr'><strong><em>abbati.</em></strong></span> 
     </span>
    </p>
   </div>
   <div class='ocr_carea' id='block_1_81' title="bbox 577 4436 2108 4510">
    <p class='ocr_par' dir='ltr' id='par_1_81' title="bbox 577 4436 2108 4510">
     <span class='ocr_line' id='line_1_82' title="bbox 577 4436 2108 4510; baseline -0.004 -14"><span class='ocrx_word' id='word_1_500' title='bbox 577 4440 787 4510; x_wconf 86' lang='lat' dir='ltr'><strong><em>Quanta</em></strong></span> <span class='ocrx_word' id='word_1_501' title='bbox 817 4455 916 4496; x_wconf 87' lang='lat' dir='ltr'><strong><em>vos</em></strong></span> <span class='ocrx_word' id='word_1_502' title='bbox 945 4439 1232 4496; x_wconf 83' lang='lat' dir='ltr'><strong><em>dilectione</em></strong></span> <span class='ocrx_word' id='word_1_503' title='bbox 1280 4447 1591 4510; x_wconf 85' lang='lat' dir='ltr'><strong><em>quantoque</em></strong></span> <span class='ocrx_word' id='word_1_504' title='bbox 1634 4446 1834 4492; x_wconf 61' lang='lat' dir='ltr'><strong><em>nostra;</em></strong></span> <span class='ocrx_word' id='word_1_505' title='bbox 1861 4436 2108 4506; x_wconf 89' lang='lat' dir='ltr'><strong><em>paterni-</em></strong></span> 
     </span>
    </p>
   </div>
   <div class='ocr_carea' id='block_1_82' title="bbox 505 4524 2108 4600">
    <p class='ocr_par' dir='ltr' id='par_1_82' title="bbox 505 4524 2108 4600">
     <span class='ocr_line' id='line_1_83' title="bbox 505 4524 2108 4600; baseline -0.003 -15"><span class='ocrx_word' id='word_1_506' title='bbox 505 4529 633 4586; x_wconf 84' lang='lat' dir='ltr'><strong><em>tatis</em></strong></span> <span class='ocrx_word' id='word_1_507' title='bbox 663 4527 819 4600; x_wconf 88' lang='lat' dir='ltr'><strong><em>quasi</em></strong></span> <span class='ocrx_word' id='word_1_508' title='bbox 847 4527 1068 4582; x_wconf 89' lang='lat' dir='ltr'><strong><em>unicum</em></strong></span> <span class='ocrx_word' id='word_1_509' title='bbox 1096 4525 1268 4580; x_wconf 84' lang='lat' dir='ltr'><strong><em>filium</em></strong></span> <span class='ocrx_word' id='word_1_510' title='bbox 1287 4526 1633 4580; x_wconf 87' lang='lat' dir='ltr'><strong><em>dilexerimus</em></strong></span> <span class='ocrx_word' id='word_1_511' title='bbox 1655 4524 1871 4592; x_wconf 76' lang='lat' dir='ltr'><strong><em>affectu,</em></strong></span> <span class='ocrx_word' id='word_1_512' title='bbox 1905 4541 1969 4578; x_wconf 87' lang='lat' dir='ltr'><strong><em>ex</em></strong></span> <span class='ocrx_word' id='word_1_513' title='bbox 2001 4540 2108 4595; x_wconf 91' lang='lat' dir='ltr'><strong><em>quo</em></strong></span> 
     </span>
    </p>
   </div>
   <div class='ocr_carea' id='block_1_83' title="bbox 507 4613 2106 4686">
    <p class='ocr_par' dir='ltr' id='par_1_83' title="bbox 507 4613 2106 4686">
     <span class='ocr_line' id='line_1_84' title="bbox 507 4613 2106 4686; baseline -0.004 -13"><span class='ocrx_word' id='word_1_514' title='bbox 507 4625 748 4673; x_wconf 89' lang='lat' dir='ltr'><strong><em>vestram</em></strong></span> <span class='ocrx_word' id='word_1_515' title='bbox 779 4615 1066 4670; x_wconf 91' lang='lat' dir='ltr'><strong><em>sublimem</em></strong></span> <span class='ocrx_word' id='word_1_516' title='bbox 1113 4613 1468 4686; x_wconf 83' lang='lat' dir='ltr'><strong><em>cognovimus</em></strong></span> <span class='ocrx_word' id='word_1_517' title='bbox 1515 4613 1866 4682; x_wconf 87' lang='lat' dir='ltr'><strong><em>sagacitatem</em></strong></span> <span class='ocrx_word' id='word_1_518' title='bbox 1898 4620 1950 4666; x_wconf 90' lang='lat' dir='ltr'><strong><em>et</em></strong></span> <span class='ocrx_word' id='word_1_519' title='bbox 1982 4613 2106 4682; x_wconf 87' lang='lat' dir='ltr'><strong><em>glo-</em></strong></span> 
     </span>
    </p>
   </div>
   <div class='ocr_carea' id='block_1_84' title="bbox 511 4700 2106 4774">
    <p class='ocr_par' dir='ltr' id='par_1_84' title="bbox 511 4700 2106 4774">
     <span class='ocr_line' id='line_1_85' title="bbox 511 4700 2106 4774; baseline -0.004 -16"><span class='ocrx_word' id='word_1_520' title='bbox 511 4705 664 4770; x_wconf 88' lang='lat' dir='ltr'><strong><em>riam,</em></strong></span> <span class='ocrx_word' id='word_1_521' title='bbox 697 4703 802 4774; x_wconf 91' lang='lat' dir='ltr'><strong><em>ipsi</em></strong></span> <span class='ocrx_word' id='word_1_522' title='bbox 832 4703 1173 4758; x_wconf 88' lang='lat' dir='ltr'><strong><em>abundanter</em></strong></span> <span class='ocrx_word' id='word_1_523' title='bbox 1215 4701 1474 4764; x_wconf 91' lang='lat' dir='ltr'><strong><em>recolitis,</em></strong></span> <span class='ocrx_word' id='word_1_524' title='bbox 1525 4700 1782 4770; x_wconf 88' lang='lat' dir='ltr'><strong><em>quoniam</em></strong></span> <span class='ocrx_word' id='word_1_525' title='bbox 1833 4707 1885 4754; x_wconf 92' lang='lat' dir='ltr'><strong><em>et</em></strong></span> <span class='ocrx_word' id='word_1_526' title='bbox 1926 4709 2106 4754; x_wconf 84' lang='lat' dir='ltr'><strong><em>vestra</em></strong></span> 
     </span>
    </p>
   </div>
   <div class='ocr_carea' id='block_1_85' title="bbox 507 4787 2106 4859">
    <p class='ocr_par' dir='ltr' id='par_1_85' title="bbox 507 4787 2106 4859">
     <span class='ocr_line' id='line_1_86' title="bbox 507 4787 2106 4859; baseline -0.004 -11"><span class='ocrx_word' id='word_1_527' title='bbox 507 4807 609 4848; x_wconf 90' lang='lat' dir='ltr'><strong><em>nos</em></strong></span> <span class='ocrx_word' id='word_1_528' title='bbox 637 4790 954 4847; x_wconf 84' lang='lat' dir='ltr'><strong><em>excellentia</em></strong></span> <span class='ocrx_word' id='word_1_529' title='bbox 983 4789 1146 4845; x_wconf 91' lang='lat' dir='ltr'><strong><em>veluti</em></strong></span> <span class='ocrx_word' id='word_1_530' title='bbox 1193 4796 1402 4859; x_wconf 90' lang='lat' dir='ltr'><strong><em>patrem</em></strong></span> <span class='ocrx_word' id='word_1_531' title='bbox 1443 4787 1739 4857; x_wconf 84' lang='lat' dir='ltr'><strong><em>spiritalem</em></strong></span> <span class='ocrx_word' id='word_1_532' title='bbox 1769 4787 1822 4840; x_wconf 89' lang='lat' dir='ltr'><strong><em>in</em></strong></span> <span class='ocrx_word' id='word_1_533' title='bbox 1853 4788 2106 4841; x_wconf 89' lang='lat' dir='ltr'><strong><em>omnibus</em></strong></span> 
     </span>
    </p>
   </div>
   <div class='ocr_carea' id='block_1_86' title="bbox 511 4874 2107 4946">
    <p class='ocr_par' dir='ltr' id='par_1_86' title="bbox 511 4874 2107 4946">
     <span class='ocr_line' id='line_1_87' title="bbox 511 4874 2107 4946; baseline -0.003 -12"><span class='ocrx_word' id='word_1_534' title='bbox 511 4879 694 4936; x_wconf 90' lang='lat' dir='ltr'><strong><em>colere</em></strong></span> <span class='ocrx_word' id='word_1_535' title='bbox 743 4886 796 4932; x_wconf 89' lang='lat' dir='ltr'><strong><em>et</em></strong></span> <span class='ocrx_word' id='word_1_536' title='bbox 843 4878 1112 4932; x_wconf 84' lang='lat' dir='ltr'><strong><em>honorare</em></strong></span> <span class='ocrx_word' id='word_1_537' title='bbox 1160 4875 1340 4930; x_wconf 88' lang='lat' dir='ltr'><strong><em>animo</em></strong></span> <span class='ocrx_word' id='word_1_538' title='bbox 1389 4875 1679 4946; x_wconf 89' lang='lat' dir='ltr'><strong><em>tranquillo</em></strong></span> <span class='ocrx_word' id='word_1_539' title='bbox 1727 4875 1952 4930; x_wconf 88' lang='lat' dir='ltr'><strong><em>curavit.</em></strong></span> <span class='ocrx_word' id='word_1_540' title='bbox 1987 4874 2107 4944; x_wconf 89' lang='lat' dir='ltr'><strong><em>Quo</em></strong></span> 
     </span>
    </p>
   </div>
   <div class='ocr_carea' id='block_1_87' title="bbox 509 4961 2102 5026">
    <p class='ocr_par' dir='ltr' id='par_1_87' title="bbox 509 4961 2102 5026">
     <span class='ocr_line' id='line_1_88' title="bbox 509 4961 2102 5026; baseline -0.004 -4"><span class='ocrx_word' id='word_1_541' title='bbox 509 4965 764 5023; x_wconf 90' lang='lat' dir='ltr'><strong><em>videlicet</em></strong></span> <span class='ocrx_word' id='word_1_542' title='bbox 802 4972 1001 5019; x_wconf 66' lang='lat' dir='ltr'><strong><em>mutuae</em></strong></span> <span class='ocrx_word' id='word_1_543' title='bbox 1047 4962 1355 5018; x_wconf 87' lang='lat' dir='ltr'><strong><em>dilectionis</em></strong></span> <span class='ocrx_word' id='word_1_544' title='bbox 1402 4961 1612 5018; x_wconf 65' lang='lat' dir='ltr'><strong><em>findere</em></strong></span> <span class='ocrx_word' id='word_1_545' title='bbox 1658 4961 1864 5017; x_wconf 90' lang='lat' dir='ltr'><strong><em>illibato</em></strong></span> <span class='ocrx_word' id='word_1_546' title='bbox 1894 4962 2102 5026; x_wconf 80' lang='lat' dir='ltr'><strong><em>confisi,</em></strong></span> 
     </span>
    </p>
   </div>
   <div class='ocr_carea' id='block_1_88' title="bbox 511 5049 2105 5121">
    <p class='ocr_par' dir='ltr' id='par_1_88' title="bbox 511 5049 2105 5121">
     <span class='ocr_line' id='line_1_89' title="bbox 511 5049 2105 5121; baseline -0.003 -13"><span class='ocrx_word' id='word_1_547' title='bbox 511 5053 901 5110; x_wconf 86' lang='lat' dir='ltr'><strong><em>monasterium</em></strong></span> <span class='ocrx_word' id='word_1_548' title='bbox 947 5051 1123 5106; x_wconf 89' lang='lat' dir='ltr'><strong><em>sancti</em></strong></span> <span class='ocrx_word' id='word_1_549' title='bbox 1172 5051 1335 5115; x_wconf 87' lang='lat' dir='ltr'><strong><em>Petri,</em></strong></span> <span class='ocrx_word' id='word_1_550' title='bbox 1387 5051 1534 5121; x_wconf 90' lang='lat' dir='ltr'><strong><em>quod</em></strong></span> <span class='ocrx_word' id='word_1_551' title='bbox 1581 5049 1887 5119; x_wconf 89' lang='lat' dir='ltr'><strong><em>appellatur</em></strong></span> <span class='ocrx_word' id='word_1_552' title='bbox 1919 5049 2105 5104; x_wconf 86' lang='lat' dir='ltr'><strong><em>Pulta-</em></strong></span> 
     </span>
    </p>
   </div>
   <div class='ocr_carea' id='block_1_89' title="bbox 510 5138 2106 5208">
    <p class='ocr_par' dir='ltr' id='par_1_89' title="bbox 510 5138 2106 5208">
     <span class='ocr_line' id='line_1_90' title="bbox 510 5138 2106 5208; baseline -0.004 -11"><span class='ocrx_word' id='word_1_553' title='bbox 510 5142 694 5197; x_wconf 87' lang='lat' dir='ltr'><strong><em>riense</em></strong></span> <span class='ocrx_word' id='word_1_554' title='bbox 724 5147 781 5195; x_wconf 90' lang='lat' dir='ltr'><strong><em>et</em></strong></span> <span class='ocrx_word' id='word_1_555' title='bbox 807 5139 1084 5194; x_wconf 83' lang='lat' dir='ltr'><strong><em>Gerardus</em></strong></span> <span class='ocrx_word' id='word_1_556' title='bbox 1130 5138 1402 5208; x_wconf 90' lang='lat' dir='ltr'><strong><em>quondam</em></strong></span> <span class='ocrx_word' id='word_1_557' title='bbox 1453 5153 1638 5193; x_wconf 90' lang='lat' dir='ltr'><strong><em>comes</em></strong></span> <span class='ocrx_word' id='word_1_558' title='bbox 1681 5138 1750 5192; x_wconf 88' lang='lat' dir='ltr'><strong><em>de</em></strong></span> <span class='ocrx_word' id='word_1_559' title='bbox 1797 5138 1964 5192; x_wconf 91' lang='lat' dir='ltr'><strong><em>rebus</em></strong></span> <span class='ocrx_word' id='word_1_560' title='bbox 1995 5138 2106 5191; x_wconf 89' lang='lat' dir='ltr'><strong><em>suis</em></strong></span> 
     </span>
    </p>
   </div>
   <div class='ocr_carea' id='block_1_90' title="bbox 509 5225 2106 5300">
    <p class='ocr_par' dir='ltr' id='par_1_90' title="bbox 509 5225 2106 5300">
     <span class='ocr_line' id='line_1_91' title="bbox 509 5225 2106 5300; baseline -0.004 -16"><span class='ocrx_word' id='word_1_561' title='bbox 509 5228 738 5300; x_wconf 85' lang='lat' dir='ltr'><strong><em>perfecit</em></strong></span> <span class='ocrx_word' id='word_1_562' title='bbox 767 5235 926 5298; x_wconf 89' lang='lat' dir='ltr'><strong><em>atque</em></strong></span> <span class='ocrx_word' id='word_1_563' title='bbox 956 5225 1161 5280; x_wconf 77' lang='lat' dir='ltr'><strong><em>dolavit</em></strong></span> <span class='ocrx_word' id='word_1_564' title='bbox 1189 5233 1242 5278; x_wconf 90' lang='lat' dir='ltr'><strong><em>et</em></strong></span> <span class='ocrx_word' id='word_1_565' title='bbox 1272 5233 1458 5281; x_wconf 89' lang='lat' dir='ltr'><strong><em>sancto</em></strong></span> <span class='ocrx_word' id='word_1_566' title='bbox 1492 5227 1646 5279; x_wconf 89' lang='lat' dir='ltr'><strong><em>Petro</em></strong></span> <span class='ocrx_word' id='word_1_567' title='bbox 1689 5225 1931 5292; x_wconf 87' lang='lat' dir='ltr'><strong><em>tradidit,</em></strong></span> <span class='ocrx_word' id='word_1_568' title='bbox 1964 5225 2106 5295; x_wconf 89' lang='lat' dir='ltr'><strong><em>peti-</em></strong></span> 
     </span>
    </p>
   </div>
   <div class='ocr_carea' id='block_1_91' title="bbox 510 5311 2106 5382">
    <p class='ocr_par' dir='ltr' id='par_1_91' title="bbox 510 5311 2106 5382">
     <span class='ocr_line' id='line_1_92' title="bbox 510 5311 2106 5382; baseline -0.001 -13"><span class='ocrx_word' id='word_1_569' title='bbox 510 5330 634 5370; x_wconf 83' lang='lat' dir='ltr'><strong><em>mus</em></strong></span> <span class='ocrx_word' id='word_1_570' title='bbox 664 5323 720 5370; x_wconf 90' lang='lat' dir='ltr'><strong><em>ut</em></strong></span> <span class='ocrx_word' id='word_1_571' title='bbox 747 5323 927 5371; x_wconf 88' lang='lat' dir='ltr'><strong><em>vestra</em></strong></span> <span class='ocrx_word' id='word_1_572' title='bbox 970 5314 1025 5368; x_wconf 90' lang='lat' dir='ltr'><strong><em>in</em></strong></span> <span class='ocrx_word' id='word_1_573' title='bbox 1070 5312 1323 5368; x_wconf 91' lang='lat' dir='ltr'><strong><em>omnibus</em></strong></span> <span class='ocrx_word' id='word_1_574' title='bbox 1372 5312 1594 5367; x_wconf 89' lang='lat' dir='ltr'><strong><em>tuitione</em></strong></span> <span class='ocrx_word' id='word_1_575' title='bbox 1639 5313 1944 5380; x_wconf 85' lang='lat' dir='ltr'><strong><em>adjuvetur,</em></strong></span> <span class='ocrx_word' id='word_1_576' title='bbox 1979 5311 2106 5382; x_wconf 88' lang='lat' dir='ltr'><strong><em>quia</em></strong></span> 
     </span>
    </p>
   </div>
   <div class='ocr_carea' id='block_1_92' title="bbox 510 5399 2104 5472">
    <p class='ocr_par' dir='ltr' id='par_1_92' title="bbox 510 5399 2104 5472">
     <span class='ocr_line' id='line_1_93' title="bbox 510 5399 2104 5472; baseline 0.001 -19"><span class='ocrx_word' id='word_1_577' title='bbox 510 5399 707 5456; x_wconf 90' lang='lat' dir='ltr'><strong><em>fratres</em></strong></span> <span class='ocrx_word' id='word_1_578' title='bbox 738 5403 828 5472; x_wconf 89' lang='lat' dir='ltr'><strong><em>qui</em></strong></span> <span class='ocrx_word' id='word_1_579' title='bbox 859 5417 999 5456; x_wconf 88' lang='lat' dir='ltr'><strong><em>nunc</em></strong></span> <span class='ocrx_word' id='word_1_580' title='bbox 1045 5401 1099 5456; x_wconf 89' lang='lat' dir='ltr'><strong><em>in</em></strong></span> <span class='ocrx_word' id='word_1_581' title='bbox 1150 5415 1215 5456; x_wconf 89' lang='lat' dir='ltr'><strong><em>eo</em></strong></span> <span class='ocrx_word' id='word_1_582' title='bbox 1266 5401 1586 5465; x_wconf 89' lang='lat' dir='ltr'><strong><em>consistunt,</em></strong></span> <span class='ocrx_word' id='word_1_583' title='bbox 1639 5409 1690 5454; x_wconf 87' lang='lat' dir='ltr'><strong><em>et</em></strong></span> <span class='ocrx_word' id='word_1_584' title='bbox 1742 5401 1960 5454; x_wconf 88' lang='lat' dir='ltr'><strong><em>sedulas</em></strong></span> <span class='ocrx_word' id='word_1_585' title='bbox 1991 5401 2104 5454; x_wconf 89' lang='lat' dir='ltr'><strong><em>Deo</em></strong></span> 
     </span>
    </p>
   </div>
   <div class='ocr_carea' id='block_1_93' title="bbox 510 5487 2100 5557">
    <p class='ocr_par' dir='ltr' id='par_1_93' title="bbox 510 5487 2100 5557">
     <span class='ocr_line' id='line_1_94' title="bbox 510 5487 2100 5557; baseline -0.001 -15"><span class='ocrx_word' id='word_1_586' title='bbox 510 5487 695 5542; x_wconf 69' lang='lat' dir='ltr'><strong><em>laudes</em></strong></span> <span class='ocrx_word' id='word_1_587' title='bbox 746 5490 1075 5556; x_wconf 81' lang='lat' dir='ltr'><strong><em>persolvunt,</em></strong></span> <span class='ocrx_word' id='word_1_588' title='bbox 1136 5497 1354 5540; x_wconf 69' lang='lat' dir='ltr'><strong><em>orantes</em></strong></span> <span class='ocrx_word' id='word_1_589' title='bbox 1415 5504 1512 5557; x_wconf 86' lang='lat' dir='ltr'><strong><em>pro</em></strong></span> <span class='ocrx_word' id='word_1_590' title='bbox 1563 5487 1732 5540; x_wconf 71' lang='lat' dir='ltr'><strong><em>salute</em></strong></span> <span class='ocrx_word' id='word_1_591' title='bbox 1783 5489 2018 5538; x_wconf 66' lang='lat' dir='ltr'><strong><em>nimium</em></strong></span> <span class='ocrx_word' id='word_1_592' title='bbox 2051 5489 2100 5540; x_wconf 88' lang='lat' dir='ltr'><strong><em>in</em></strong></span> 
     </span>
    </p>
   </div>
   <div class='ocr_carea' id='block_1_94' title="bbox 2203 3145 3810 3218">
    <p class='ocr_par' dir='ltr' id='par_1_94' title="bbox 2203 3145 3810 3218">
     <span class='ocr_line' id='line_1_95' title="bbox 2203 3145 3810 3218; baseline -0.001 -19"><span class='ocrx_word' id='word_1_593' title='bbox 2203 3145 2436 3200; x_wconf 84' lang='lat' dir='ltr'><strong><em>credatis</em></strong></span> <span class='ocrx_word' id='word_1_594' title='bbox 2493 3162 2592 3199; x_wconf 91' lang='lat' dir='ltr'><strong><em>nos</em></strong></span> <span class='ocrx_word' id='word_1_595' title='bbox 2643 3146 2934 3218; x_wconf 88' lang='lat' dir='ltr'><strong><em>aliquando</em></strong></span> <span class='ocrx_word' id='word_1_596' title='bbox 2992 3145 3275 3217; x_wconf 64' lang='lat' dir='ltr'><strong><em>praefatam</em></strong></span> <span class='ocrx_word' id='word_1_597' title='bbox 3330 3146 3517 3201; x_wconf 85' lang='lat' dir='ltr'><strong><em>villam</em></strong></span> <span class='ocrx_word' id='word_1_598' title='bbox 3571 3145 3810 3217; x_wconf 89' lang='lat' dir='ltr'><strong><em>quolibet</em></strong></span> 
     </span>
    </p>
   </div>
   <div class='ocr_carea' id='block_1_95' title="bbox 2203 3233 3807 3304">
    <p class='ocr_par' dir='ltr' id='par_1_95' title="bbox 2203 3233 3807 3304">
     <span class='ocr_line' id='line_1_96' title="bbox 2203 3233 3807 3304; baseline 0 -18"><span class='ocrx_word' id='word_1_599' title='bbox 2203 3234 2366 3288; x_wconf 90' lang='lat' dir='ltr'><strong><em>modo</em></strong></span> <span class='ocrx_word' id='word_1_600' title='bbox 2395 3233 2639 3287; x_wconf 86' lang='lat' dir='ltr'><strong><em>daturos.</em></strong></span> <span class='ocrx_word' id='word_1_601' title='bbox 2674 3233 2983 3287; x_wconf 89' lang='lat' dir='ltr'><strong><em>Direximus</em></strong></span> <span class='ocrx_word' id='word_1_602' title='bbox 3017 3249 3166 3299; x_wconf 88' lang='lat' dir='ltr'><strong><em>vero,</em></strong></span> <span class='ocrx_word' id='word_1_603' title='bbox 3190 3250 3291 3304; x_wconf 90' lang='lat' dir='ltr'><strong><em>pro</em></strong></span> <span class='ocrx_word' id='word_1_604' title='bbox 3320 3241 3508 3288; x_wconf 88' lang='lat' dir='ltr'><strong><em>nostro</em></strong></span> <span class='ocrx_word' id='word_1_605' title='bbox 3543 3233 3807 3302; x_wconf 89' lang='lat' dir='ltr'><strong><em>adjutorio</em></strong></span> 
     </span>
    </p>
   </div>
   <div class='ocr_carea' id='block_1_96' title="bbox 2203 3321 3804 3390">
    <p class='ocr_par' dir='ltr' id='par_1_96' title="bbox 2203 3321 3804 3390">
     <span class='ocr_line' id='line_1_97' title="bbox 2203 3321 3804 3390; baseline 0 -15"><span class='ocrx_word' id='word_1_606' title='bbox 2203 3337 2268 3376; x_wconf 87' lang='lat' dir='ltr'><strong><em>ac</em></strong></span> <span class='ocrx_word' id='word_1_607' title='bbox 2311 3321 2647 3375; x_wconf 88' lang='lat' dir='ltr'><strong><em>defensionis</em></strong></span> <span class='ocrx_word' id='word_1_608' title='bbox 2703 3321 2923 3385; x_wconf 89' lang='lat' dir='ltr'><strong><em>auxilio,</em></strong></span> <span class='ocrx_word' id='word_1_609' title='bbox 2955 3321 3168 3376; x_wconf 89' lang='lat' dir='ltr'><strong><em>litteras</em></strong></span> <span class='ocrx_word' id='word_1_610' title='bbox 3225 3329 3444 3376; x_wconf 88' lang='lat' dir='ltr'><strong><em>nostras</em></strong></span> <span class='ocrx_word' id='word_1_611' title='bbox 3495 3321 3613 3390; x_wconf 89' lang='lat' dir='ltr'><strong><em>jam</em></strong></span> <span class='ocrx_word' id='word_1_612' title='bbox 3661 3321 3804 3376; x_wconf 89' lang='lat' dir='ltr'><strong><em>dicto</em></strong></span> 
     </span>
    </p>
   </div>
   <div class='ocr_carea' id='block_1_97' title="bbox 2205 3408 3807 3484">
    <p class='ocr_par' dir='ltr' id='par_1_97' title="bbox 2205 3408 3807 3484">
     <span class='ocr_line' id='line_1_98' title="bbox 2205 3408 3807 3484; baseline 0 -22"><span class='ocrx_word' id='word_1_613' title='bbox 2205 3408 2400 3462; x_wconf 88' lang='lat' dir='ltr'><strong><em>Bosoni</em></strong></span> <span class='ocrx_word' id='word_1_614' title='bbox 2459 3408 2660 3471; x_wconf 88' lang='lat' dir='ltr'><strong><em>comiti,</em></strong></span> <span class='ocrx_word' id='word_1_615' title='bbox 2713 3416 2768 3462; x_wconf 90' lang='lat' dir='ltr'><strong><em>ut</em></strong></span> <span class='ocrx_word' id='word_1_616' title='bbox 2824 3423 2924 3478; x_wconf 92' lang='lat' dir='ltr'><strong><em>pro</em></strong></span> <span class='ocrx_word' id='word_1_617' title='bbox 2969 3424 3156 3464; x_wconf 88' lang='lat' dir='ltr'><strong><em>amore</em></strong></span> <span class='ocrx_word' id='word_1_618' title='bbox 3201 3409 3340 3484; x_wconf 71' lang='lat' dir='ltr'><strong><em>Dei,</em></strong></span> <span class='ocrx_word' id='word_1_619' title='bbox 3373 3417 3425 3462; x_wconf 90' lang='lat' dir='ltr'><strong><em>et</em></strong></span> <span class='ocrx_word' id='word_1_620' title='bbox 3457 3408 3513 3464; x_wconf 94' lang='lat' dir='ltr'><strong><em>S.</em></strong></span> <span class='ocrx_word' id='word_1_621' title='bbox 3547 3408 3715 3474; x_wconf 89' lang='lat' dir='ltr'><strong><em>Petri,</em></strong></span> <span class='ocrx_word' id='word_1_622' title='bbox 3746 3421 3807 3462; x_wconf 89' lang='lat' dir='ltr'><strong><em>ac</em></strong></span> 
     </span>
    </p>
   </div>
   <div class='ocr_carea' id='block_1_98' title="bbox 2204 3495 3802 3566">
    <p class='ocr_par' dir='ltr' id='par_1_98' title="bbox 2204 3495 3802 3566">
     <span class='ocr_line' id='line_1_99' title="bbox 2204 3495 3802 3566; baseline 0 -16"><span class='ocrx_word' id='word_1_623' title='bbox 2204 3507 2412 3561; x_wconf 88' lang='lat' dir='ltr'><strong><em>nostro,</em></strong></span> <span class='ocrx_word' id='word_1_624' title='bbox 2465 3504 2517 3550; x_wconf 91' lang='lat' dir='ltr'><strong><em>et</em></strong></span> <span class='ocrx_word' id='word_1_625' title='bbox 2568 3511 2696 3550; x_wconf 89' lang='lat' dir='ltr'><strong><em>suos</em></strong></span> <span class='ocrx_word' id='word_1_626' title='bbox 2748 3497 2994 3550; x_wconf 91' lang='lat' dir='ltr'><strong><em>homines</em></strong></span> <span class='ocrx_word' id='word_1_627' title='bbox 3043 3496 3171 3550; x_wconf 89' lang='lat' dir='ltr'><strong><em>inde</em></strong></span> <span class='ocrx_word' id='word_1_628' title='bbox 3219 3505 3516 3564; x_wconf 88' lang='lat' dir='ltr'><strong><em>removeat,</em></strong></span> <span class='ocrx_word' id='word_1_629' title='bbox 3549 3504 3604 3550; x_wconf 91' lang='lat' dir='ltr'><strong><em>et</em></strong></span> <span class='ocrx_word' id='word_1_630' title='bbox 3633 3495 3802 3566; x_wconf 85' lang='lat' dir='ltr'><strong><em>ipsam</em></strong></span> 
     </span>
    </p>
   </div>
   <div class='ocr_carea' id='block_1_99' title="bbox 2207 3583 3803 3639">
    <p class='ocr_par' dir='ltr' id='par_1_99' title="bbox 2207 3583 3803 3639">
     <span class='ocr_line' id='line_1_100' title="bbox 2207 3583 3803 3639; baseline 0.001 -2"><span class='ocrx_word' id='word_1_631' title='bbox 2207 3583 2389 3638; x_wconf 88' lang='lat' dir='ltr'><strong><em>villam</em></strong></span> <span class='ocrx_word' id='word_1_632' title='bbox 2444 3583 2747 3638; x_wconf 88' lang='lat' dir='ltr'><strong><em>nullatenus</em></strong></span> <span class='ocrx_word' id='word_1_633' title='bbox 2805 3583 3062 3637; x_wconf 91' lang='lat' dir='ltr'><strong><em>invadere</em></strong></span> <span class='ocrx_word' id='word_1_634' title='bbox 3121 3600 3222 3639; x_wconf 87' lang='lat' dir='ltr'><strong><em>nec</em></strong></span> <span class='ocrx_word' id='word_1_635' title='bbox 3277 3585 3522 3637; x_wconf 90' lang='lat' dir='ltr'><strong><em>invasam</em></strong></span> <span class='ocrx_word' id='word_1_636' title='bbox 3580 3583 3803 3638; x_wconf 84' lang='lat' dir='ltr'><strong><em>retinere</em></strong></span> 
     </span>
    </p>
   </div>
   <div class='ocr_carea' id='block_1_100' title="bbox 2203 3671 3799 3741">
    <p class='ocr_par' dir='ltr' id='par_1_100' title="bbox 2203 3671 3799 3741">
     <span class='ocr_line' id='line_1_101' title="bbox 2203 3671 3799 3741; baseline 0 -18"><span class='ocrx_word' id='word_1_637' title='bbox 2203 3677 2499 3740; x_wconf 67' lang='lat' dir='ltr'><strong><em>praesumat</em></strong></span> <span class='ocrx_word' id='word_1_638' title='bbox 2537 3688 2550 3724; x_wconf 92' lang='lat'><strong>:</strong></span> <span class='ocrx_word' id='word_1_639' title='bbox 2579 3671 2713 3741; x_wconf 87' lang='lat' dir='ltr'><strong><em>quin</em></strong></span> <span class='ocrx_word' id='word_1_640' title='bbox 2739 3671 2920 3741; x_wconf 90' lang='lat' dir='ltr'><strong><em>potius</em></strong></span> <span class='ocrx_word' id='word_1_641' title='bbox 2970 3686 3069 3725; x_wconf 90' lang='lat' dir='ltr'><strong><em>suo</em></strong></span> <span class='ocrx_word' id='word_1_642' title='bbox 3101 3687 3199 3725; x_wconf 90' lang='lat' dir='ltr'><strong><em>vos</em></strong></span> <span class='ocrx_word' id='word_1_643' title='bbox 3228 3671 3452 3725; x_wconf 87' lang='lat' dir='ltr'><strong><em>brachio</em></strong></span> <span class='ocrx_word' id='word_1_644' title='bbox 3483 3678 3718 3736; x_wconf 89' lang='lat' dir='ltr'><strong><em>tueatur,</em></strong></span> <span class='ocrx_word' id='word_1_645' title='bbox 3748 3677 3799 3724; x_wconf 86' lang='lat' dir='ltr'><strong><em>et</em></strong></span> 
     </span>
    </p>
   </div>
   <div class='ocr_carea' id='block_1_101' title="bbox 2206 3757 3801 3830">
    <p class='ocr_par' dir='ltr' id='par_1_101' title="bbox 2206 3757 3801 3830">
     <span class='ocr_line' id='line_1_102' title="bbox 2206 3757 3801 3830; baseline 0 -19"><span class='ocrx_word' id='word_1_646' title='bbox 2206 3759 2272 3811; x_wconf 91' lang='lat' dir='ltr'><strong><em>ab</em></strong></span> <span class='ocrx_word' id='word_1_647' title='bbox 2303 3758 2556 3812; x_wconf 90' lang='lat' dir='ltr'><strong><em>omnibus</em></strong></span> <span class='ocrx_word' id='word_1_648' title='bbox 2585 3774 2721 3829; x_wconf 87' lang='lat' dir='ltr'><strong><em>erga</em></strong></span> <span class='ocrx_word' id='word_1_649' title='bbox 2752 3774 2849 3812; x_wconf 91' lang='lat' dir='ltr'><strong><em>vos</em></strong></span> <span class='ocrx_word' id='word_1_650' title='bbox 2868 3758 3011 3812; x_wconf 88' lang='lat' dir='ltr'><strong><em>male</em></strong></span> <span class='ocrx_word' id='word_1_651' title='bbox 3032 3759 3321 3830; x_wconf 89' lang='lat' dir='ltr'><strong><em>agentibus</em></strong></span> <span class='ocrx_word' id='word_1_652' title='bbox 3339 3759 3600 3829; x_wconf 83' lang='lat' dir='ltr'><strong><em>dignetur</em></strong></span> <span class='ocrx_word' id='word_1_653' title='bbox 3618 3757 3801 3813; x_wconf 84' lang='lat' dir='ltr'><strong><em>defen-</em></strong></span> 
     </span>
    </p>
   </div>
   <div class='ocr_carea' id='block_1_102' title="bbox 2207 3845 3802 3918">
    <p class='ocr_par' dir='ltr' id='par_1_102' title="bbox 2207 3845 3802 3918">
     <span class='ocr_line' id='line_1_103' title="bbox 2207 3845 3802 3918; baseline -0.002 -17"><span class='ocrx_word' id='word_1_654' title='bbox 2207 3847 2356 3912; x_wconf 90' lang='lat' dir='ltr'><strong><em>dere,</em></strong></span> <span class='ocrx_word' id='word_1_655' title='bbox 2390 3846 2434 3899; x_wconf 92' lang='lat' dir='ltr'><strong><em>si</em></strong></span> <span class='ocrx_word' id='word_1_656' title='bbox 2461 3845 2690 3918; x_wconf 88' lang='lat' dir='ltr'><strong><em>gratiam</em></strong></span> <span class='ocrx_word' id='word_1_657' title='bbox 2722 3845 2822 3901; x_wconf 85' lang='lat' dir='ltr'><strong><em>Dei</em></strong></span> <span class='ocrx_word' id='word_1_658' title='bbox 2853 3855 2904 3900; x_wconf 88' lang='lat' dir='ltr'><strong><em>et</em></strong></span> <span class='ocrx_word' id='word_1_659' title='bbox 2933 3845 3197 3916; x_wconf 87' lang='lat' dir='ltr'><strong><em>principis</em></strong></span> <span class='ocrx_word' id='word_1_660' title='bbox 3245 3847 3621 3916; x_wconf 90' lang='lat' dir='ltr'><strong><em>apostolorum</em></strong></span> <span class='ocrx_word' id='word_1_661' title='bbox 3662 3845 3802 3916; x_wconf 89' lang='lat' dir='ltr'><strong><em>cupit</em></strong></span> 
     </span>
    </p>
   </div>
   <div class='ocr_carea' id='block_1_103' title="bbox 2208 3931 3798 4001">
    <p class='ocr_par' dir='ltr' id='par_1_103' title="bbox 2208 3931 3798 4001">
     <span class='ocr_line' id='line_1_104' title="bbox 2208 3931 3798 4001; baseline 0.001 -15"><span class='ocrx_word' id='word_1_662' title='bbox 2208 3935 2426 3988; x_wconf 88' lang='lat' dir='ltr'><strong><em>habere.</em></strong></span> <span class='ocrx_word' id='word_1_663' title='bbox 2482 3933 2861 3988; x_wconf 82' lang='lat' dir='ltr'><strong><em>Arembertum</em></strong></span> <span class='ocrx_word' id='word_1_664' title='bbox 2922 3941 3121 3999; x_wconf 90' lang='lat' dir='ltr'><strong><em>autem,</em></strong></span> <span class='ocrx_word' id='word_1_665' title='bbox 3180 3933 3473 3988; x_wconf 84' lang='lat' dir='ltr'><strong><em>vassallum</em></strong></span> <span class='ocrx_word' id='word_1_666' title='bbox 3529 3934 3666 4001; x_wconf 87' lang='lat' dir='ltr'><strong><em>ejus,</em></strong></span> <span class='ocrx_word' id='word_1_667' title='bbox 3717 3931 3798 3988; x_wconf 86' lang='lat' dir='ltr'><strong><em>cui</em></strong></span> 
     </span>
    </p>
   </div>
   <div class='ocr_carea' id='block_1_104' title="bbox 2207 4019 3797 4091">
    <p class='ocr_par' dir='ltr' id='par_1_104' title="bbox 2207 4019 3797 4091">
     <span class='ocr_line' id='line_1_105' title="bbox 2207 4019 3797 4091; baseline 0 -17"><span class='ocrx_word' id='word_1_668' title='bbox 2207 4020 2381 4091; x_wconf 88' lang='lat' dir='ltr'><strong><em>ipsam</em></strong></span> <span class='ocrx_word' id='word_1_669' title='bbox 2411 4020 2589 4075; x_wconf 89' lang='lat' dir='ltr'><strong><em>villam</em></strong></span> <span class='ocrx_word' id='word_1_670' title='bbox 2636 4019 2905 4077; x_wconf 78' lang='lat' dir='ltr'><strong><em>beneficio</em></strong></span> <span class='ocrx_word' id='word_1_671' title='bbox 2951 4022 3200 4086; x_wconf 89' lang='lat' dir='ltr'><strong><em>dederat,</em></strong></span> <span class='ocrx_word' id='word_1_672' title='bbox 3248 4021 3398 4076; x_wconf 90' lang='lat' dir='ltr'><strong><em>omni</em></strong></span> <span class='ocrx_word' id='word_1_673' title='bbox 3433 4019 3797 4076; x_wconf 85' lang='lat' dir='ltr'><strong><em>ecclesiastica</em></strong></span> 
     </span>
    </p>
   </div>
   <div class='ocr_carea' id='block_1_105' title="bbox 2207 4108 3795 4180">
    <p class='ocr_par' dir='ltr' id='par_1_105' title="bbox 2207 4108 3795 4180">
     <span class='ocr_line' id='line_1_106' title="bbox 2207 4108 3795 4180; baseline -0.002 -16"><span class='ocrx_word' id='word_1_674' title='bbox 2207 4109 2586 4164; x_wconf 90' lang='lat' dir='ltr'><strong><em>communione</em></strong></span> <span class='ocrx_word' id='word_1_675' title='bbox 2615 4125 2716 4178; x_wconf 90' lang='lat' dir='ltr'><strong><em>per</em></strong></span> <span class='ocrx_word' id='word_1_676' title='bbox 2745 4110 2895 4163; x_wconf 90' lang='lat' dir='ltr'><strong><em>lsaac</em></strong></span> <span class='ocrx_word' id='word_1_677' title='bbox 2925 4109 3296 4164; x_wconf 88' lang='lat' dir='ltr'><strong><em>venerabilem</em></strong></span> <span class='ocrx_word' id='word_1_678' title='bbox 3340 4108 3656 4180; x_wconf 89' lang='lat' dir='ltr'><strong><em>episcopum</em></strong></span> <span class='ocrx_word' id='word_1_679' title='bbox 3678 4109 3795 4176; x_wconf 87' lang='lat' dir='ltr'><strong><em>jus-</em></strong></span> 
     </span>
    </p>
   </div>
   <div class='ocr_carea' id='block_1_106' title="bbox 2208 4195 3799 4265">
    <p class='ocr_par' dir='ltr' id='par_1_106' title="bbox 2208 4195 3799 4265">
     <span class='ocr_line' id='line_1_107' title="bbox 2208 4195 3799 4265; baseline 0 -17"><span class='ocrx_word' id='word_1_680' title='bbox 2208 4196 2376 4250; x_wconf 87' lang='lat' dir='ltr'><strong><em>simus</em></strong></span> <span class='ocrx_word' id='word_1_681' title='bbox 2407 4212 2528 4250; x_wconf 84' lang='lat' dir='ltr'><strong><em>esse</em></strong></span> <span class='ocrx_word' id='word_1_682' title='bbox 2559 4196 2848 4265; x_wconf 88' lang='lat' dir='ltr'><strong><em>privatum,</em></strong></span> <span class='ocrx_word' id='word_1_683' title='bbox 2881 4196 2927 4250; x_wconf 92' lang='lat' dir='ltr'><strong><em>si</em></strong></span> <span class='ocrx_word' id='word_1_684' title='bbox 2965 4197 3022 4249; x_wconf 89' lang='lat' dir='ltr'><strong><em>in</em></strong></span> <span class='ocrx_word' id='word_1_685' title='bbox 3070 4197 3263 4250; x_wconf 89' lang='lat' dir='ltr'><strong><em>eadem</em></strong></span> <span class='ocrx_word' id='word_1_686' title='bbox 3312 4195 3438 4250; x_wconf 88' lang='lat' dir='ltr'><strong><em>villa</em></strong></span> <span class='ocrx_word' id='word_1_687' title='bbox 3470 4196 3693 4250; x_wconf 89' lang='lat' dir='ltr'><strong><em>ulterius</em></strong></span> <span class='ocrx_word' id='word_1_688' title='bbox 3721 4202 3799 4248; x_wconf 82' lang='lat' dir='ltr'><strong><em>te-</em></strong></span> 
     </span>
    </p>
   </div>
   <div class='ocr_carea' id='block_1_107' title="bbox 2206 4282 3794 4354">
    <p class='ocr_par' dir='ltr' id='par_1_107' title="bbox 2206 4282 3794 4354">
     <span class='ocr_line' id='line_1_108' title="bbox 2206 4282 3794 4354; baseline -0.001 -16"><span class='ocrx_word' id='word_1_689' title='bbox 2206 4299 2356 4338; x_wconf 90' lang='lat' dir='ltr'><strong><em>mere</em></strong></span> <span class='ocrx_word' id='word_1_690' title='bbox 2385 4283 2586 4338; x_wconf 88' lang='lat' dir='ltr'><strong><em>intrare</em></strong></span> <span class='ocrx_word' id='word_1_691' title='bbox 2620 4291 2710 4338; x_wconf 88' lang='lat' dir='ltr'><strong><em>aut</em></strong></span> <span class='ocrx_word' id='word_1_692' title='bbox 2749 4283 2986 4354; x_wconf 85' lang='lat' dir='ltr'><strong><em>aliquam</em></strong></span> <span class='ocrx_word' id='word_1_693' title='bbox 3030 4283 3102 4338; x_wconf 89' lang='lat' dir='ltr'><strong><em>ibi</em></strong></span> <span class='ocrx_word' id='word_1_694' title='bbox 3149 4284 3592 4338; x_wconf 87' lang='lat' dir='ltr'><strong><em>contrarietatem</em></strong></span> <span class='ocrx_word' id='word_1_695' title='bbox 3622 4282 3794 4337; x_wconf 86' lang='lat' dir='ltr'><strong><em>facere</em></strong></span> 
     </span>
    </p>
   </div>
   <div class='ocr_carea' id='block_1_108' title="bbox 2138 4372 2635 4462">
    <p class='ocr_par' dir='ltr' id='par_1_108' title="bbox 2138 4372 2635 4462">
     <span class='ocr_line' id='line_1_109' title="bbox 2138 4372 2635 4462; baseline -0.006 -35"><span class='ocrx_word' id='word_1_696' title='bbox 2138 4403 2189 4462; x_wconf 84' lang='lat' dir='ltr'><strong>D</strong></span> <span class='ocrx_word' id='word_1_697' title='bbox 2208 4372 2635 4442; x_wconf 68' lang='lat' dir='ltr'><strong><em>prmsumpscrit.</em></strong></span> 
     </span>
    </p>
   </div>
   <div class='ocr_carea' id='block_1_109' title="bbox 2883 4469 3126 4524">
    <p class='ocr_par' dir='ltr' id='par_1_109' title="bbox 2883 4469 3126 4524">
     <span class='ocr_line' id='line_1_110' title="bbox 2883 4469 3126 4524; baseline -0.004 -1"><span class='ocrx_word' id='word_1_698' title='bbox 2883 4469 3126 4524; x_wconf 79' lang='lat' dir='ltr'><strong><em>CCLVII.</em></strong></span> 
     </span>
    </p>
   </div>
   <div class='ocr_carea' id='block_1_110' title="bbox 2668 4553 3338 4594">
    <p class='ocr_par' dir='ltr' id='par_1_110' title="bbox 2668 4553 3338 4594">
     <span class='ocr_line' id='line_1_111' title="bbox 2668 4553 3338 4594; baseline 0.003 -3"><span class='ocrx_word' id='word_1_699' title='bbox 2668 4553 2738 4592; x_wconf 71' lang='lat' dir='ltr'><strong><em>AD</em></strong></span> <span class='ocrx_word' id='word_1_700' title='bbox 2779 4553 3035 4594; x_wconf 71' lang='lat' dir='ltr'><strong><em>BOSONEM</em></strong></span> <span class='ocrx_word' id='word_1_701' title='bbox 3073 4554 3338 4593; x_wconf 69' lang='lat' dir='ltr'><strong><em>COMITEM.</em></strong></span> 
     </span>
    </p>
   </div>
   <div class='ocr_carea' id='block_1_111' title="bbox 2211 4621 3793 4694">
    <p class='ocr_par' dir='ltr' id='par_1_111' title="bbox 2211 4621 3793 4694">
     <span class='ocr_line' id='line_1_112' title="bbox 2211 4621 3793 4694; baseline -0.003 -18"><span class='ocrx_word' id='word_1_702' title='bbox 2211 4621 2279 4676; x_wconf 89' lang='lat' dir='ltr'><strong><em>Ut</em></strong></span> <span class='ocrx_word' id='word_1_703' title='bbox 2305 4623 2693 4676; x_wconf 71' lang='lat' dir='ltr'><strong><em>Aram-bertam</em></strong></span> <span class='ocrx_word' id='word_1_704' title='bbox 2731 4627 2785 4676; x_wconf 85' lang='lat' dir='ltr'><strong><em>et</em></strong></span> <span class='ocrx_word' id='word_1_705' title='bbox 2835 4623 3050 4694; x_wconf 81' lang='lat' dir='ltr'><strong><em>quosvis</em></strong></span> <span class='ocrx_word' id='word_1_706' title='bbox 3108 4623 3312 4694; x_wconf 79' lang='lat' dir='ltr'><strong><em>aliosa</em></strong></span> <span class='ocrx_word' id='word_1_707' title='bbox 3341 4621 3632 4694; x_wconf 12' lang='lat' dir='ltr'><strong><em>Vendoaira</em></strong></span> <span class='ocrx_word' id='word_1_708' title='bbox 3664 4621 3793 4694; x_wconf 79' lang='lat' dir='ltr'><strong><em>villa</em></strong></span> 
     </span>
    </p>
   </div>
   <div class='ocr_carea' id='block_1_112' title="bbox 2275 4692 3794 4762">
    <p class='ocr_par' dir='ltr' id='par_1_112' title="bbox 2275 4692 3794 4762">
     <span class='ocr_line' id='line_1_113' title="bbox 2275 4692 3794 4762; baseline -0.001 -18"><span class='ocrx_word' id='word_1_709' title='bbox 2275 4696 2577 4756; x_wconf 79' lang='lat' dir='ltr'><strong><em>removeat,</em></strong></span> <span class='ocrx_word' id='word_1_710' title='bbox 2638 4692 2870 4762; x_wconf 75' lang='lat' dir='ltr'><strong><em>eamque</em></strong></span> <span class='ocrx_word' id='word_1_711' title='bbox 2917 4692 3372 4747; x_wconf 80' lang='lat' dir='ltr'><strong><em>Pultariensibus</em></strong></span> <span class='ocrx_word' id='word_1_712' title='bbox 3429 4693 3699 4746; x_wconf 81' lang='lat' dir='ltr'><strong><em>restituat</em></strong></span> <span class='ocrx_word' id='word_1_713' title='bbox 3737 4693 3794 4743; x_wconf 86' lang='lat' dir='ltr'><strong><em>et</em></strong></span> 
     </span>
    </p>
   </div>
   <div class='ocr_carea' id='block_1_113' title="bbox 2276 4763 3193 4830">
    <p class='ocr_par' dir='ltr' id='par_1_113' title="bbox 2276 4763 3193 4830">
     <span class='ocr_line' id='line_1_114' title="bbox 2276 4763 3193 4830; baseline 0 -15"><span class='ocrx_word' id='word_1_714' title='bbox 2276 4764 2692 4816; x_wconf 84' lang='lat' dir='ltr'><strong><em>monasterium</em></strong></span> <span class='ocrx_word' id='word_1_715' title='bbox 2721 4763 2907 4830; x_wconf 78' lang='lat' dir='ltr'><strong><em>ipsum</em></strong></span> <span class='ocrx_word' id='word_1_716' title='bbox 2942 4767 3193 4817; x_wconf 79' lang='lat' dir='ltr'><strong><em>tueatur.</em></strong></span> 
     </span>
    </p>
   </div>
   <div class='ocr_carea' id='block_1_114' title="bbox 2277 4856 3438 4930">
    <p class='ocr_par' dir='ltr' id='par_1_114' title="bbox 2277 4856 3438 4930">
     <span class='ocr_line' id='line_1_115' title="bbox 2277 4856 3438 4930; baseline 0.002 -20"><span class='ocrx_word' id='word_1_717' title='bbox 2277 4856 2504 4912; x_wconf 89' lang='lat' dir='ltr'><strong><em>Dilectio</em></strong></span> <span class='ocrx_word' id='word_1_718' title='bbox 2536 4857 2648 4912; x_wconf 82' lang='lat' dir='ltr'><strong><em>filio</em></strong></span> <span class='ocrx_word' id='word_1_719' title='bbox 2679 4859 2885 4912; x_wconf 74' lang='lat' dir='ltr'><strong><em>Bosom</em></strong></span> <span class='ocrx_word' id='word_1_720' title='bbox 2917 4858 3161 4930; x_wconf 83' lang='lat' dir='ltr'><strong><em>glorioso</em></strong></span> <span class='ocrx_word' id='word_1_721' title='bbox 3189 4857 3438 4929; x_wconf 89' lang='lat' dir='ltr'><strong><em>principi.</em></strong></span> 
     </span>
    </p>
   </div>
   <div class='ocr_carea' id='block_1_115' title="bbox 2277 4942 3786 5017">
    <p class='ocr_par' dir='ltr' id='par_1_115' title="bbox 2277 4942 3786 5017">
     <span class='ocr_line' id='line_1_116' title="bbox 2277 4942 3786 5017; baseline -0.003 -19"><span class='ocrx_word' id='word_1_722' title='bbox 2277 4943 2490 5012; x_wconf 87' lang='lat' dir='ltr'><strong><em>Quanta</em></strong></span> <span class='ocrx_word' id='word_1_723' title='bbox 2522 4961 2621 5000; x_wconf 86' lang='lat' dir='ltr'><strong><em>vos</em></strong></span> <span class='ocrx_word' id='word_1_724' title='bbox 2650 4945 2940 5000; x_wconf 90' lang='lat' dir='ltr'><strong><em>dilectione</em></strong></span> <span class='ocrx_word' id='word_1_725' title='bbox 2970 4953 3284 5017; x_wconf 87' lang='lat' dir='ltr'><strong><em>quantoque</em></strong></span> <span class='ocrx_word' id='word_1_726' title='bbox 3322 4953 3524 5001; x_wconf 72' lang='lat' dir='ltr'><strong><em>nostra:</em></strong></span> <span class='ocrx_word' id='word_1_727' title='bbox 3552 4942 3786 5016; x_wconf 87' lang='lat' dir='ltr'><strong><em>paterni-</em></strong></span> 
     </span>
    </p>
   </div>
   <div class='ocr_carea' id='block_1_116' title="bbox 2205 5029 3793 5104">
    <p class='ocr_par' dir='ltr' id='par_1_116' title="bbox 2205 5029 3793 5104">
     <span class='ocr_line' id='line_1_117' title="bbox 2205 5029 3793 5104; baseline -0.001 -20"><span class='ocrx_word' id='word_1_728' title='bbox 2205 5031 2330 5085; x_wconf 89' lang='lat' dir='ltr'><strong><em>tatis</em></strong></span> <span class='ocrx_word' id='word_1_729' title='bbox 2359 5031 2706 5087; x_wconf 80' lang='lat' dir='ltr'><strong><em>dilexerimus</em></strong></span> <span class='ocrx_word' id='word_1_730' title='bbox 2754 5033 2952 5088; x_wconf 76' lang='lat' dir='ltr'><strong><em>affectu</em></strong></span> <span class='ocrx_word' id='word_1_731' title='bbox 2999 5049 3067 5087; x_wconf 87' lang='lat' dir='ltr'><strong><em>ex</em></strong></span> <span class='ocrx_word' id='word_1_732' title='bbox 3109 5049 3174 5088; x_wconf 88' lang='lat' dir='ltr'><strong><em>eo</em></strong></span> <span class='ocrx_word' id='word_1_733' title='bbox 3217 5049 3324 5104; x_wconf 92' lang='lat' dir='ltr'><strong><em>quo</em></strong></span> <span class='ocrx_word' id='word_1_734' title='bbox 3359 5042 3600 5088; x_wconf 79' lang='lat' dir='ltr'><strong><em>vestram</em></strong></span> <span class='ocrx_word' id='word_1_735' title='bbox 3629 5029 3793 5102; x_wconf 84' lang='lat' dir='ltr'><strong><em>subli-</em></strong></span> 
     </span>
    </p>
   </div>
   <div class='ocr_carea' id='block_1_117' title="bbox 2205 5116 3796 5192">
    <p class='ocr_par' dir='ltr' id='par_1_117' title="bbox 2205 5116 3796 5192">
     <span class='ocr_line' id='line_1_118' title="bbox 2205 5116 3796 5192; baseline -0.003 -20"><span class='ocrx_word' id='word_1_736' title='bbox 2205 5135 2350 5174; x_wconf 91' lang='lat' dir='ltr'><strong><em>mem</em></strong></span> <span class='ocrx_word' id='word_1_737' title='bbox 2377 5120 2792 5192; x_wconf 90' lang='lat' dir='ltr'><strong><em>cognoverimus</em></strong></span> <span class='ocrx_word' id='word_1_738' title='bbox 2821 5120 3072 5192; x_wconf 85' lang='lat' dir='ltr'><strong><em>gloriam,</em></strong></span> <span class='ocrx_word' id='word_1_739' title='bbox 3107 5120 3210 5190; x_wconf 90' lang='lat' dir='ltr'><strong><em>ipsi</em></strong></span> <span class='ocrx_word' id='word_1_740' title='bbox 3239 5120 3581 5175; x_wconf 87' lang='lat' dir='ltr'><strong><em>abundanter</em></strong></span> <span class='ocrx_word' id='word_1_741' title='bbox 3607 5116 3796 5173; x_wconf 87' lang='lat' dir='ltr'><strong><em>recoli-</em></strong></span> 
     </span>
    </p>
   </div>
   <div class='ocr_carea' id='block_1_118' title="bbox 2205 5206 3792 5278">
    <p class='ocr_par' dir='ltr' id='par_1_118' title="bbox 2205 5206 3792 5278">
     <span class='ocr_line' id='line_1_119' title="bbox 2205 5206 3792 5278; baseline -0.003 -18"><span class='ocrx_word' id='word_1_742' title='bbox 2205 5206 2290 5271; x_wconf 91' lang='lat' dir='ltr'><strong><em>tis,</em></strong></span> <span class='ocrx_word' id='word_1_743' title='bbox 2325 5208 2582 5278; x_wconf 89' lang='lat' dir='ltr'><strong><em>quoniam</em></strong></span> <span class='ocrx_word' id='word_1_744' title='bbox 2611 5216 2662 5262; x_wconf 90' lang='lat' dir='ltr'><strong><em>et</em></strong></span> <span class='ocrx_word' id='word_1_745' title='bbox 2690 5216 2872 5263; x_wconf 88' lang='lat' dir='ltr'><strong><em>vestra</em></strong></span> <span class='ocrx_word' id='word_1_746' title='bbox 2900 5223 3000 5262; x_wconf 91' lang='lat' dir='ltr'><strong><em>nos</em></strong></span> <span class='ocrx_word' id='word_1_747' title='bbox 3049 5208 3366 5264; x_wconf 85' lang='lat' dir='ltr'><strong><em>excellentia</em></strong></span> <span class='ocrx_word' id='word_1_748' title='bbox 3397 5208 3564 5262; x_wconf 90' lang='lat' dir='ltr'><strong><em>veluti</em></strong></span> <span class='ocrx_word' id='word_1_749' title='bbox 3591 5215 3792 5278; x_wconf 75' lang='lat' dir='ltr'><strong><em>patrem</em></strong></span> 
     </span>
    </p>
   </div>
   <div class='ocr_carea' id='block_1_119' title="bbox 2206 5292 3789 5364">
    <p class='ocr_par' dir='ltr' id='par_1_119' title="bbox 2206 5292 3789 5364">
     <span class='ocr_line' id='line_1_120' title="bbox 2206 5292 3789 5364; baseline -0.002 -18"><span class='ocrx_word' id='word_1_750' title='bbox 2206 5294 2503 5364; x_wconf 88' lang='lat' dir='ltr'><strong><em>spiritalem</em></strong></span> <span class='ocrx_word' id='word_1_751' title='bbox 2560 5296 2611 5349; x_wconf 90' lang='lat' dir='ltr'><strong><em>in</em></strong></span> <span class='ocrx_word' id='word_1_752' title='bbox 2672 5295 2924 5350; x_wconf 89' lang='lat' dir='ltr'><strong><em>omnibus</em></strong></span> <span class='ocrx_word' id='word_1_753' title='bbox 2979 5295 3159 5352; x_wconf 91' lang='lat' dir='ltr'><strong><em>colere</em></strong></span> <span class='ocrx_word' id='word_1_754' title='bbox 3218 5303 3270 5350; x_wconf 89' lang='lat' dir='ltr'><strong><em>et</em></strong></span> <span class='ocrx_word' id='word_1_755' title='bbox 3314 5296 3580 5350; x_wconf 88' lang='lat' dir='ltr'><strong><em>honorare</em></strong></span> <span class='ocrx_word' id='word_1_756' title='bbox 3616 5292 3789 5348; x_wconf 86' lang='lat' dir='ltr'><strong><em>animo</em></strong></span> 
     </span>
    </p>
   </div>
   <div class='ocr_carea' id='block_1_120' title="bbox 2206 5379 3782 5453">
    <p class='ocr_par' dir='ltr' id='par_1_120' title="bbox 2206 5379 3782 5453">
     <span class='ocr_line' id='line_1_121' title="bbox 2206 5379 3782 5453; baseline -0.001 -19"><span class='ocrx_word' id='word_1_757' title='bbox 2206 5383 2496 5453; x_wconf 86' lang='lat' dir='ltr'><strong><em>tranquillo</em></strong></span> <span class='ocrx_word' id='word_1_758' title='bbox 2527 5384 2746 5438; x_wconf 85' lang='lat' dir='ltr'><strong><em>curavit.</em></strong></span> <span class='ocrx_word' id='word_1_759' title='bbox 2796 5382 2917 5450; x_wconf 90' lang='lat' dir='ltr'><strong><em>Quo</em></strong></span> <span class='ocrx_word' id='word_1_760' title='bbox 2959 5382 3211 5438; x_wconf 87' lang='lat' dir='ltr'><strong><em>videlicet</em></strong></span> <span class='ocrx_word' id='word_1_761' title='bbox 3262 5390 3462 5436; x_wconf 78' lang='lat' dir='ltr'><strong><em>mutute</em></strong></span> <span class='ocrx_word' id='word_1_762' title='bbox 3492 5379 3782 5436; x_wconf 86' lang='lat' dir='ltr'><strong><em>dilectionis</em></strong></span> 
     </span>
    </p>
   </div>
   <div class='ocr_carea' id='block_1_121' title="bbox 2207 5465 3786 5540">
    <p class='ocr_par' dir='ltr' id='par_1_121' title="bbox 2207 5465 3786 5540">
     <span class='ocr_line' id='line_1_122' title="bbox 2207 5465 3786 5540; baseline -0.003 -18"><span class='ocrx_word' id='word_1_763' title='bbox 2207 5468 2406 5524; x_wconf 60' lang='lat' dir='ltr'><strong><em>fundere</em></strong></span> <span class='ocrx_word' id='word_1_764' title='bbox 2439 5470 2645 5532; x_wconf 70' lang='lat' dir='ltr'><strong><em>conﬁsi,</em></strong></span> <span class='ocrx_word' id='word_1_765' title='bbox 2669 5487 2726 5523; x_wconf 79' lang='lat' dir='ltr'><strong><em>ea</em></strong></span> <span class='ocrx_word' id='word_1_766' title='bbox 2763 5487 2881 5540; x_wconf 72' lang='lat' dir='ltr'><strong><em>quae</em></strong></span> <span class='ocrx_word' id='word_1_767' title='bbox 2907 5471 3005 5523; x_wconf 72' lang='lat' dir='ltr'><strong><em>sub</em></strong></span> <span class='ocrx_word' id='word_1_768' title='bbox 3030 5471 3152 5537; x_wconf 77' lang='lat' dir='ltr'><strong><em>jure</em></strong></span> <span class='ocrx_word' id='word_1_769' title='bbox 3185 5479 3496 5523; x_wconf 84' lang='lat' dir='ltr'><strong><em>sanctorum</em></strong></span> <span class='ocrx_word' id='word_1_770' title='bbox 3528 5465 3786 5538; x_wconf 84' lang='lat' dir='ltr'><strong><em>apostolo-</em></strong></span> 
     </span>
    </p>
   </div>
  </div>
