4072 6186
254 283 350 334 881

1456 269 1805 326 ΕΡΙδΤΟΙλιΕ
1845 271 1934 325 ΕΤ
1971 272 2316 329 DECRETA.

3449 276 3552 331 88‘!

252 435 378 475 rum
407 403 715 490 principum
744 419 891 473 Petri
920 432 986 472 ac
1017 415 1168 472 Pauli
1198 431 1298 487 per
1325 415 1486 472 totius
1518 412 1706 469 Gallize
1727 427 1855 484 pro-
1884 395 1941 454 Α
1959 395 2212 490 ῐξηῖθῖείοε
2237 398 2533 490 Δεξρυεηοε
2561 396 2640 449 ire
2669 409 2846 490 usque
2893 395 3130 466 aliquam
3180 395 3286 449 illis
3329 403 3552 450 coutt‘a-

249 507 464 564 vincias
511 506 807 562 immobilia
855 505 972 561 loca
1015 505 1352 572 consistunt,
1385 520 1506 559 cum
1549 501 1857 556 hominibus

252 591 620 662 omnibusque
665 590 768 644 sibi
815 589 1244 660 pertinentibus,
1294 597 1353 642 ut
1399 595 1583 642 vestro
1653 583 1860 656 potenti

251 679 480 734 brachio
529 677 754 734 defensa
813 685 1097 732 manerent
1157 675 1510 748 rogavimus,
1562 681 1858 744 vestroque

250 768 456 823 auxilio
487 783 679 823 secura
708 767 1084 830 consisterent,
1111 765 1258 837 quod
1287 781 1384 819 vos
1415 780 1514 834 pro
1547 777 1740 818 amore
1760 759 1860 814 Dei

249 864 308 911 et
339 855 396 911 S.
429 855 570 910 Petri
597 863 893 927 nostroque
941 855 1149 909 honore
1190 853 1351 908 nobis
1394 852 1629 906 libentur
1678 848 1859 903 facere

253 943 604 1015 promisistis.
638 945 796 999 Nunc
851 950 1031 997 autem
1058 983 1072 1011 ,
1123 941 1260 996 sicut
1291 939 1591 994 audivimus
1619 982 1630 1002 ,
1679 936 1858 990 villam

255 1041 508 1088 nostram
530 1031 868 1086 Vendoaram
907 1030 1114 1102 absque
1148 1037 1336 1084 nostro
1369 1042 1642 1082 consensu
1675 1033 1726 1079 et
1759 1041 1858 1078 vo-

254 1116 466 1176 luntate
496 1119 796 1191 occupatis,
847 1126 900 1173 et
948 1118 1041 1172 uni
1087 1125 1269 1172 vestro
1314 1115 1547 1170 vassallo
1577 1156 1592 1177 ,
1641 1112 1858 1168 nomine

257 1210 600 1273 Aremberto,
625 1208 679 1262 in
711 1205 1034 1262 beneficium
1067 1205 1314 1272 dedistis,
1348 1212 1420 1270 et,
1455 1202 1500 1256 si
1537 1215 1723 1256 verum
1755 1207 1858 1264 est,

260 1313 374 1352 non
402 1298 562 1365 bene,
596 1295 732 1350 sicut
762 1310 860 1350 vos
890 1294 1148 1356 decebat,
1179 1292 1386 1364 egistis.
1423 1291 1550 1344 Ideo
1581 1303 1857 1358 rogamus,

262 1385 340 1440 ﬁli
361 1385 704 1449 charissime,
729 1382 1107 1439 celsitudinem
1124 1390 1270 1435 tuam
1291 1388 1346 1434 ut
1367 1386 1591 1449 propter
1619 1391 1864 1430 amorem

259 1473 482 1528 Domini
503 1481 554 1527 et
593 1473 648 1526 S.
677 1471 839 1536 Petri,
885 1469 1124 1525 ccelestis
1172 1469 1329 1541 regni
1372 1463 1654 1536 clavigeri,
1686 1465 1864 1534 ipsam

262 1561 445 1616 villam
476 1561 691 1625 nostris,
726 1559 816 1631 qui
848 1559 1048 1613 ibidem
1079 1556 1347 1621 resident,
1401 1553 1712 1608 hominibus
1763 1549 1864 1604 sub

261 1659 452 1704 nostro
475 1651 619 1717 jure,
654 1647 790 1702 sicut
819 1663 919 1700 nos
947 1661 1069 1700 eam
1100 1643 1472 1699 ordinavimus
1491 1683 1504 1706 ,
1555 1641 1714 1695 liceat
1763 1640 1866 1692 ha-

263 1739 396 1792 bere
425 1737 710 1801 securiter,
745 1751 1046 1805 omnesque
1077 1740 1291 1788 vestros
1325 1731 1409 1784 vel
1441 1729 1650 1783 alienos
1681 1725 1862 1781 homi—

264 1841 365 1880 nes
394 1826 465 1879 ab
494 1824 738 1893 ejusdem
771 1823 913 1878 villa:
943 1821 1278 1876 habitatione
1326 1818 1412 1873 vel
1461 1817 1740 1871 dominatu
1771 1831 1865 1870 re-

267 1913 535 1968 moveatis
554 1952 568 1980 ,
601 1927 702 1966 nec
733 1909 930 1965 vestris
951 1909 1143 1964 diebus
1173 1907 1410 1978 aliquam
1461 1921 1492 1958 a
1542 1917 1867 1975 quocunque

271 2003 488 2056 homine
522 1999 954 2055 contrarietatem
993 1997 1275 2068 patiamur.
1303 1993 1474 2048 Simili
1514 1991 1672 2046 etiam
1703 1989 1867 2045 modo

262 2089 500 2160 petimus
531 2096 587 2141 ut
615 2085 1003 2142 monasterium
1033 2084 1088 2138 S.
1143 2082 1318 2148 Petri,
1369 2080 1515 2151 quod
1563 2078 1868 2148 appellatur

270 2176 606 2231 Pultariense
631 2217 644 2243 ,
677 2183 728 2229 et
759 2173 1036 2229 Gerardus
1075 2170 1348 2241 quondam
1396 2183 1583 2223 comes
1611 2167 1681 2220 de
1706 2165 1867 2219 rebus

265 2265 379 2319 suis
412 2263 637 2334 perfecit
663 2270 823 2333 atque
853 2259 1079 2327 dotavit,
1113 2267 1165 2313 et
1195 2265 1385 2312 sancto
1418 2257 1576 2310 Petro
1626 2253 1863 2318 tradidit,

266 2361 450 2408 vestra
485 2352 540 2405 in
579 2350 830 2404 omnibus
876 2348 1099 2402 tuitione
1146 2346 1446 2414 adjuvetur,
1493 2342 1619 2414 quia
1667 2341 1868 2395 fratres

267 2441 360 2512 qui
390 2440 446 2494 in
475 2455 540 2494 eo
584 2437 917 2502 consistunt,
967 2443 1020 2489 et
1067 2433 1286 2489 sedulas
1336 2433 1450 2486 Deo
1495 2430 1687 2484 laudes
1734 2444 1866 2498 per-

267 2528 502 2590 solvunt,
536 2533 754 2580 orantes
789 2539 887 2595 pro
918 2523 1091 2578 salute
1121 2520 1360 2574 omnium
1391 2519 1446 2572 in
1477 2517 1691 2572 Christo
1748 2531 1868 2570 cre-

267 2615 532 2679 dentium,
565 2615 632 2668 ab
665 2613 896 2668 inimicis
925 2610 1115 2665 vicinis
1142 2607 1546 2679 perturbantur,
1580 2603 1868 2673 omnisque

266 2703 484 2758 illorum
503 2745 517 2768 ,
548 2702 657 2756 imo
685 2708 870 2755 nostra
899 2697 1100 2752 familia
1129 2695 1424 2752 crudeliter
1453 2693 1674 2748 assidue
1701 2705 1868 2744 vexa-

265 2799 358 2846 tur
385 2799 439 2846 et
469 2788 808 2860 opprimitur,
842 2786 916 2840 ita
944 2801 1075 2840 sane
1117 2792 1173 2837 ut
1221 2797 1398 2853 neque
1444 2795 1638 2844 arare,
1690 2793 1868 2847 neque

269 2887 465 2934 caetera
509 2892 631 2949 quae
676 2875 747 2930 ad
791 2882 948 2928 terrae
997 2871 1266 2928 culturam
1322 2867 1636 2939 pertinent,
1698 2863 1872 2935 possit

269 2981 554 3022 exercere.
605 2962 947 3033 Quapropter
993 2968 1044 3014 et
1097 2966 1334 3013 vestrum
1379 2955 1635 3010 auxilium
1693 2951 1870 3006 eidem

267 3063 460 3110 sancto
487 3052 610 3108 loco
642 3048 966 3121 impendatis
995 3056 1048 3102 et
1079 3055 1271 3102 contra
1304 3044 1401 3098 Dei
1432 3051 1594 3113 atque
1629 3041 1746 3108 ejus
1779 3039 1870 3092 ad-

271 3140 547 3197 versarios
573 3155 787 3193 manum
823 3145 1017 3191 vestrae
1044 3133 1319 3206 potentia,
1345 3147 1444 3202 pro
1465 3145 1652 3185 amore
1675 3127 1793 3192 Dei,
1819 3134 1870 3181 et

273 3237 590 3286 sanctorum
620 3225 989 3297 apostolorum
1029 3222 1172 3276 Petri
1220 3237 1283 3276 ac
1333 3218 1521 3282 Pauli,
1577 3224 1871 3285 nostraque

268 3316 566 3374 dilectione
588 3313 908 3374 extendatis,
935 3319 1199 3382 quatenus
1221 3315 1403 3362 vestro
1424 3305 1628 3376 potenti
1650 3302 1872 3358 brachio

271 3405 429 3470 freti,
465 3403 599 3457 salvi
646 3403 700 3456 in
749 3400 1001 3456 omnibus
1048 3406 1098 3453 et
1149 3395 1326 3452 securi
1371 3393 1701 3455 consistant,
1736 3397 1794 3444 ut
1821 3397 1873 3443 et

272 3494 325 3546 in
359 3490 620 3562 prmsenti
648 3489 896 3561 dignasa
929 3487 1086 3541 nobis
1115 3483 1499 3540 retributiones
1527 3489 1579 3534 et
1608 3479 1664 3532 in
1693 3476 1872 3530 futuro

271 3572 628 3648 multiplicem
660 3593 692 3632 a
729 3575 958 3630 Domino
987 3573 1208 3628 valeatis
1248 3569 1560 3626 mercedem
1602 3565 1868 3634 recipere.

945 3706 1214 3762 CCLVIII.

435 3824 509 3862 AD
549 3821 889 3862 GUAIFENUM
910 3817 1229 3875 .I’RINCIPEM
1269 3812 1715 3854 SALERNITANUM.

281 3907 464 3962 nlo-net
493 3909 558 3960 ut
587 3921 622 3958 a
651 3902 926 3958 molestiis
966 3901 1205 3954 desistat
1235 3913 1371 3969 quas
1392 3895 1691 3969 Captionis
1726 3893 1877 3969 infe-j

351 3977 543 4040 rebat;
575 3973 860 4043 signiﬁcat
903 3987 960 4025 se
1007 3971 1070 4024 in
1117 3964 1257 4039 ejus-
1285 3964 1535 4037 regiones
1569 3966 1790 4018 iturum
1820 3964 1876 4014 et

348 4045 659 4100 discordias
689 4043 1038 4098 sedaturum.

349 4131 704 4189 Nobilissimo
735 4129 850 4184 viro
879 4129 1188 4182 GUAIFEBIO
1218 4123 1458 4197 glorioso
1487 4121 1742 4192 principi.

350 4221 540 4276 Relatu
563 4218 919 4290 quorumdam
949 4215 1234 4269 didicnmus
1265 4212 1410 4283 quod
1432 4253 1444 4277 ,
1482 4209 1743 4264 suadente
1773 4209 1876 4260 bu-

275 4309 426 4364 mani
458 4307 680 4381 generis
727 4305 945 4359 inimico
971 4347 984 4369 ,
1018 4301 1110 4373 qui
1142 4301 1302 4356 totius
1332 4298 1622 4352 inimicitiae
1653 4304 1704 4350 et
1733 4310 1876 4348 mor-

277 4399 348 4451 tis
377 4404 460 4450 est
493 4403 704 4460 auctor,
737 4391 966 4463 cupiatis
995 4389 1308 4460 multiplicia
1337 4387 1534 4441 damna
1567 4393 1618 4438 et
1647 4384 1879 4437 adversa
1908 4421 1958 4483 C

276 4484 482 4540 inferre
515 4481 802 4552 Capuanis;
835 4489 886 4534 et
917 4487 1136 4550 propter
1165 4475 1455 4531 discordiae
1483 4472 1688 4526 malum
1735 4469 1879 4541 quod

279 4572 467 4628 seculi
501 4569 740 4642 quotidie
769 4569 941 4623 livore
961 4573 1272 4638 generatur,
1301 4571 1352 4618 et
1383 4563 1526 4615 inter
1544 4558 1881 4630 propinquos

276 4669 444 4731 atque
474 4657 682 4712 amicos
711 4655 995 4718 accrescit,
1029 4651 1278 4723 cogitetis
1308 4648 1565 4721 generale
1585 4645 1882 4700 discrimen

277 4747 567 4818 praebere,
617 4744 760 4798 unde
802 4743 1006 4798 scilicet
1051 4756 1160 4795 non
1224 4737 1435 4792 modica
1498 4734 1734 4789 turbatio
1798 4731 1883 4785 his

281 4834 478 4890 vestris
505 4834 559 4887 in
589 4832 830 4903 partibus
877 4829 1085 4884 oriatur
1130 4835 1184 4882 et
1221 4825 1370 4898 longi
1411 4823 1671 4894 temporis
1720 4837 1882 4876 scan-

279 4923 465 4979 dalum
499 4928 734 4974 maneat.
767 4920 833 4972 Et
862 4917 988 4970 dum
1020 4932 1128 4970 non
1158 4913 1334 4968 desint
1381 4911 1627 4967 extranei
1675 4911 1880 4972 hostes,

274 5027 405 5067 cum
439 5009 636 5080 quibus
667 5007 886 5060 assidue
919 5005 1191 5058 luctamen
1249 5000 1492 5055 habeatis
1512 5043 1524 5062 ,
1561 4998 1719 5054 vultis
1749 5013 1884 5051 con-

280 5096 574 5152 trarietatis
623 5093 937 5148 discrimina
985 5091 1228 5162 praebere
1271 5087 1593 5159 pr0pinquis
1617 5127 1630 5152 ,
1667 5101 1801 5156 quos
1832 5083 1888 5137 in

280 5186 510 5240 axilium
559 5183 712 5236 vobis
760 5188 1120 5251 opportunum
1171 5178 1426 5248 poteratis
1474 5175 1672 5228 habere
1720 5172 1887 5226 fauto-

285 5290 396 5328 res.
430 5273 546 5326 Nos
577 5270 819 5329 idcirco,
853 5283 1003 5322 more
1030 5275 1276 5336 paterno,
1313 5280 1410 5319 vos
1439 5261 1588 5333 quasi
1633 5261 1886 5313 dilectum

283 5359 456 5414 filium
489 5358 848 5412 admonemus
868 5398 880 5419 ,
913 5365 965 5409 et
993 5372 1056 5409 ex
1093 5354 1190 5408 Dei
1221 5349 1601 5420 omnipotentis
1650 5347 1888 5402 auctori-

284 5456 398 5503 tate
430 5448 823 5516 beatorumque
850 5442 1216 5515 apostolorum
1263 5441 1409 5494 Petri
1453 5445 1505 5492 et
1549 5435 1701 5490 Pauli
1737 5442 1892 5505 pote-

285 5544 429 5590 state
460 5533 813 5608 prohibemus
838 5577 850 5596 ,
883 5540 940 5586 ut
971 5546 1078 5585 non
1125 5528 1368 5584 habeatis
1414 5524 1683 5580 licentiam
1732 5539 1894 5598 super

1959 483 2204 539 rietatem
2235 483 2437 539 inferre
2468 499 2640 554 usque
2669 483 2738 537 ad
2768 491 3012 537 nostrum
3035 482 3325 552 specialem
3353 481 3556 538 adven-

1961 580 2090 626 tum.
2129 571 2394 640 Quoniam
2421 614 2434 636 ,
2469 572 2584 625 Deo
2633 569 2962 635 auxiliante,
3013 584 3136 625 cum
3183 570 3340 638 hujus
3386 569 3558 624 aestivi

1959 661 2218 731 temporis
2284 659 2466 714 fervor
2521 657 2828 719 transierit.
2877 675 2979 728 pro
3027 658 3268 712 omnium
3315 665 3561 713 vestrum

1959 749 2167 816 salute,
2219 746 2515 803 concordia
2571 755 2623 800 et
2671 745 3062 810 unanimitate,
3109 747 3208 798 has
3253 753 3458 800 vestras
3507 744 3564 798 in

1959 844 2144 907 partes
2175 834 2474 898 veniemus,
2507 842 2791 904 quatenus.
2825 833 2984 888 nobis
3011 833 3369 903 praesentibus
3389 875 3402 900 ,
3436 849 3559 887 om-

1960 925 2044 977 nis
2075 923 2156 977 vis
2197 924 2438 992 sopiatur
2483 937 2753 992 omneque
2801 921 3112 975 scandalum
3134 962 3147 984 ,
3201 920 3349 990 quod
3379 937 3442 974 ex
3474 919 3561 974 vi-

1961 1027 2125 1082 pereo
2156 1011 2362 1065 semine
2393 1011 2528 1064 inter
2565 1025 2664 1062 vos
2710 1018 2760 1063 et
2805 1009 2927 1063 illos
2975 1007 3248 1072 accrevit,
3281 1008 3351 1062 de
3379 1007 3562 1062 medio

1963 1099 2125 1155 vestri
2155 1097 2448 1152 auferatur.
2482 1099 2595 1152 Nos
2625 1113 2862 1167 namque
2894 1096 3126 1151 salutem
3171 1104 3401 1150 vestram
3427 1135 3442 1162 ,
3493 1110 3564 1150 ne

1961 1172 2016 1238 in
2043 1192 2304 1238 aeternum
2350 1181 2588 1252 pereatis
2615 1223 2626 1246 ,
2676 1181 2921 1250 cupimus
2945 1223 2958 1245 ,
2991 1188 3044 1234 et
3073 1179 3198 1233 ideo
3227 1178 3478 1234 volumus
3506 1185 3567 1232 ut

1963 1287 2028 1327 ea
2058 1287 2180 1342 quae
2209 1269 2358 1340 pacis
2388 1278 2512 1324 sunt
2555 1267 2833 1322 sectemini
2877 1283 3109 1337 semper.
3160 1265 3302 1320 Nam
3329 1281 3431 1336 pro
3462 1280 3564 1320 ve-

1965 1368 2079 1413 stro
2109 1373 2233 1413 cum
2261 1357 2575 1412 venerimus
2605 1371 2814 1418 amore,
2847 1355 3025 1424 ipsum
3055 1369 3217 1425 quem
3256 1352 3418 1406 vultis
3463 1353 3565 1407 Ca-

1964 1463 2156 1517 puanaa
2183 1445 2347 1514 plebi,
2380 1442 2612 1498 Domino
2646 1442 2890 1506 favente,
2942 1440 3232 1495 antistitem
3281 1439 3565 1494 ordinabi-

1966 1551 2085 1588 mus
2109 1575 2124 1601 ,
2159 1541 2215 1586 ut
2245 1540 2424 1586 vester
2451 1529 2770 1602 principalis
2817 1531 2992 1584 honor
3033 1527 3386 1581 indiminutus
3431 1542 3564 1596 per-

1966 1629 2197 1677 maneat.
2231 1619 2387 1688 Quod
2419 1619 2464 1672 si
2495 1617 2630 1673 forte
2663 1617 2819 1672 aliter
2866 1633 2965 1671 vos
3011 1615 3188 1670 facere
3233 1612 3564 1684 cognoveri-

1884 1738 1937 1796 B
1969 1726 2091 1764 mus
2113 1753 2129 1775 ,
2161 1707 2352 1763 scitote
2381 1705 2507 1778 quia
2536 1713 2736 1760 nostrae
2765 1720 2863 1758 vos
2908 1718 3017 1758 non
3059 1701 3380 1757 habebimus
3411 1715 3566 1756 com-

1967 1795 2240 1853 munionis
2270 1805 2570 1850 consortes.

2642 1889 2870 1944 CCLIX.

2313 1977 2342 2014 Α
2351 1977 2384 2014 D
2423 1975 2752 2014 PANDENULF
2760 1975 2832 2015 ΠΜ
2871 1971 3214 2012 CASTALDUII.

2577 2032 2758 2100 (Anno
2798 2030 2948 2094 8'79.)

1969 2105 2262 2176 Signiﬁcat
2300 2118 2366 2176 se
2394 2095 2681 2176 Guaiferiq
2719 2101 3010 2176 scripsisse
3045 2101 3118 2176 _ut
3151 2098 3219 2176 ab
3266 2095 3566 2167 inferendo

2334 2168 2619 2241 Capuaais
2647 2171 2852 2226 damno
2881 2168 3196 2224 desisteret.

2037 2269 2216 2325 Nobili
2247 2269 2365 2323 viro
2399 2269 2775 2321 PANDENULFO
2805 2263 3046 2338 glorioso
3073 2263 3342 2318 castaldo.

2035 2357 2270 2415 Relectis
2314 2354 2594 2410 industria:
2638 2360 2743 2408 tua;
2795 2351 3026 2417 litteris,
3079 2367 3212 2423 quas
3259 2366 3356 2421 per
3401 2349 3565 2404 talem

1969 2445 2184 2500 fidelem
2213 2443 2489 2498 hominem
2521 2448 2668 2495 tuum
2701 2440 2860 2494 nobis
2887 2439 3184 2505 mandasti,
3218 2453 3284 2492 ea
3311 2454 3434 2508 quas
3462 2452 3568 2492 no-

1969 2542 2082 2588 stro
2113 2530 2389 2604 pontiﬁcio
2419 2529 2729 2600 supplicare
2769 2527 3052 2591 studuisti,
3085 2525 3384 2596 apostolica
3431 2524 3570 2578 dun-

1969 2629 2115 2676 taxat
2145 2619 2479 2691 benignitate
2509 2615 2838 2680 audivimus,
2872 2630 2954 2680 ac,
2986 2620 3146 2684 prout
3192 2613 3330 2666 ratio
3377 2611 3569 2682 exige-

1971 2709 2081 2774 bat,
2113 2708 2313 2777 partim
2348 2703 2783 2774 complevimus.~
2810 2700 3119 2756 Direximus
3164 2713 3400 2769 namque
3430 2697 3574 2752 nosti

1970 2794 2308 2866 apostolatus
2337 2793 2545 2846 litteras
2580 2789 2884 2854 Guaiferio,
2918 2795 2972 2843 et
3000 2785 3346 2841 admonendo
3385 2785 3572 2840 incre-

1969 2883 2152 2954 pando
2184 2889 2346 2952 atque
2378 2877 2900 2934 excommunicando
2935 2891 3058 2930 eum
3107 2889 3218 2928 non
3265 2873 3470 2927 habere
3501 2872 3572 2926 li-

1971 2971 2200 3026 centiam
2235 2985 2300 3022 ex
2331 2969 2446 3022 Deo
2475 2974 2528 3021 et
2558 2973 2867 3020 sanctorum
2900 2961 3271 3034 apostolorum
3320 2959 3465 3014 Petri
3508 2973 3574 3015 ac

1902 3057 2124 3142 CPauli
2153 3065 2447 3126 nostraque
2477 3052 2794 3108 auctoritate
2841 3051 3168 3122 permissum
3213 3047 3397 3103 venire
3445 3062 3576 3102 con-

1972 3156 2049 3200 tra
2081 3146 2275 3200 urbem
2302 3145 2657 3214 Capuanam,
2708 3155 2885 3210 neque
2932 3138 3167 3209 aliquam
3219 3136 3274 3189 in
3321 3135 3574 3190 omnibus

1973 3233 2303 3288 suburbanis
2347 3239 2400 3285 et
2443 3229 2644 3283 ﬁnibus
2687 3228 2803 3296 ejus
2845 3225 3286 3282 contrarietatem
3346 3221 3568 3286 inferre,

1975 3322 2220 3376 nullasve
2248 3317 2428 3373 moliri
2461 3315 2686 3370 insidias
2709 3357 2721 3380 ,
2772 3327 3056 3384 usquequo
3095 3311 3226 3364 istas
3269 3309 3324 3362 in
3367 3317 3567 3378 partes,

1973 3407 2264 3463 auxiliante
2294 3404 2529 3460 Domino
2554 3446 2567 3468 ,
2618 3410 2746 3472 post
2773 3401 2931 3470 hujus
2961 3398 3134 3454 aestivi
3164 3395 3426 3466 temporis
3461 3393 3574 3450 fer-

1975 3511 2158 3552 vorem
2188 3494 2506 3548 veniremus
2519 3533 2531 3545 .
2665 3555 2846 3611 CCLX

2465 3646 2538 3684 ΑΙ)
2575 3640 2830 3684 CAR-OLUM
2871 3637 3057 3677 REGE]!
3065 3663 3077 3675 .

2593 3700 2774 3769 (Anno
2804 3695 2952 3761 879.)

1977 3805 2181 3860 Scribit
2209 3818 2266 3858 se
2300 3801 2509 3856 litteris
2531 3815 2681 3860 eum,
2705 3799 2771 3850 ut
2787 3793 2858 3847 ad
2878 3788 3181 3862 imperium
3201 3788 3568 3862 promoveret,

2049 3855 2347 3930 aid-Urbem
2375 3855 2704 3928 advocasse,
2741 3855 3284 3930 Ravennamgusq‘ue
3327 3855 3398 3909 ad
3445 3871 3575 3930 eum

2046 3924 2403 4016 processisse,
2419 3924 2799 4016 ’spfrasseaue.
2818 3947 2876 3987 se
2891 3924 3203 4016 auxilium;
3216 3927 3284 3981 ab
3305 3941 3366 3981 eo
3387 3924 3576 3980 adver-

2049 4001 2144 4069 sus
2177 4001 2732 4069 Rontankz'Ecclesiie
2781 4004 2964 4060 hostes
3011 4001 3376 4070 recepturum
3398 4015 3426 4070 _:
3455 4011 3577 4070 qua:

2051 4067 2285 4158 ὲρὲδίέὶα
2317 4099 2444 4158 eum
2466 4081 2770 4158 [νμδίναξτξ.
2788 4077 2873 4158 σεξ
2897 4113 2940 4158 ι,
2955 4074 3026 4158 αξ
3047 4067 3360 4158 ﬂint?!"
3391 4067 3578 4158 ’ti’i‘f.‘

2051 4137 2240 4226 ilia—gis
2258 4137 2547 4226 servierint
2580 4169 2604 4226 :_
2625 4148 2773 4226 petit
2795 4147 2870 4226 ‘ut
2899 4137 3348 4226 Ecclesite‘apem
3399 4137 3573 4206 ferat,

2052 4209 2108 4281 et
2133 4209 2272 4278 dum
2303 4225 2412 4277 iter
2435 4209 2640 4292 parat;
2663 4219 2870 4286 legatos
2899 4211 2970 4266 ad
2997 4227 3055 4266 se
3086 4209 3313 4272 mittat;
3343 4221 3578 4276 suosque

2055 4297 2262 4365 legatos
2291 4290 2666 4348 commendat.

2052 4363 2260 4436 Dilecto
2289 4395 2353 4434 ac
2383 4375 2608 4448 spiritali
2637 4373 2746 4427 tilio
2776 4372 3000 4426 CAROLO
3030 4365 3274 4438 glorioso
3305 4363 3439 4434 regi.

2051 4470 2208 4540 Quod
2240 4469 2378 4522 bene
2408 4472 2586 4519 vestra
2615 4459 2816 4533 regalis
2846 4455 3133 4528 cognoscit
3171 4449 3476 4506 sublimitas
3501 4491 3514 4514 ,
3549 4465 3580 4502 a

1981 4537 2146 4629 longo
2171 4557 2283 4626 jam
2317 4564 2558 4624 tempore
2593 4565 2692 4604 vos
2742 4562 2838 4618 pro
2885 4543 3111 4598 utilitate
3159 4548 3213 4594 et
3257 4537 3578 4594 exaltatione

1983 4625 2183 4702 sanctae
2231 4633 2378 4696 sedis
2421 4637 2732 4711 apostolicae
2779 4631 2970 4688 matris
3012 4637 3206 4685 vestrae
3250 4627 3320 4682 ad
3366 4625 3581 4680 culmen

1984 4733 2226 4805 imperii,
2261 4733 2376 4785 Deo
2406 4710 2670 4800 propitio,
2700 4724 2944 4778 volentes
2973 4717 3273 4789 perducere
3293 4757 3306 4777 ,
3341 4710 3582 4768 auctori-

1986 4799 2108 4877 tatis
2140 4827 2343 4876 nostrae
2362 4799 2555 4871 litteris
2574 4813 2757 4868 missis
2778 4807 3108 4870 vocavimus,
3133 4819 3198 4859 ac
3236 4799 3582 4874 postmodum

1986 4927 2096 4982 prae
2121 4905 2493 4980 magnitudine
2523 4901 2726 4956 amoris
2765 4896 2958 4963 vestri,
3009 4893 3196 4948 relicta
3241 4897 3428 4945 nostra
3472 4889 3583 4942 Ec-

1986 4981 2156 5055 clesia
2185 4997 2326 5050 inter
2358 5007 2534 5047 saevas
2584 4987 2816 5044 hostium
2859 4999 2968 5038 non
3017 4981 3192 5036 solum
3225 4991 3582 5050 paganorum,

1989 5087 2085 5141 sed
2133 5085 2294 5140 etiam
2340 5081 2607 5136 malorum
2656 5073 3082 5130 Christianorum
3129 5083 3359 5134 manus,
3391 5065 3457 5118 ad
3488 5077 3588 5118 vos

1990 5177 2303 5230 Ravennam
2332 5167 2683 5239 pervenimus
2709 5206 2724 5227 ,
2771 5159 2915 5232 quod
2964 5157 3142 5212 nullus
3185 5163 3588 5208 antecessorum

1989 5269 2302 5316 nostrorum
2331 5238 2740 5329 gloriosissimis
2767 5244 3213 5321 progenitoribus
3243 5240 3436 5297 vestris
3485 5238 3591 5293 ali-

1993 5349 2208 5422 quando
2230 5345 2426 5400 i'ecisse
2438 5341 2716 5402 recolitur,
2743 5343 3023 5408 sperantes
3036 5332 3240 5388 scilicet
3261 5344 3476 5384 omnem
3499 5329 3593 5383 ho-

1990 5415 2178 5494 norem
2199 5433 2595 5506 pristinumque
2623 5429 2869 5500 vigorem
2892 5430 3094 5480 sancta:
3112 5421 3374 5476 Romanae
3397 5415 3592 5472 Eccle-

1995 5526 2089 5581 siae
2116 5505 2216 5598 per
2265 5537 2362 5576 vos
2411 5520 2480 5575 ad
2531 5522 2881 5589 augmentum
2921 5509 3218 5587 perfectum
3262 5505 3587 5579 perducere,
