4072 6186
523 291 626 344 883

1811 287 2040 344 JOANN
2042 289 2103 343 IS
2143 287 2336 342 PAPE
2357 289 2477 341 VIII

3711 292 3802 342 884

520 419 685 484 atque
715 411 1055 468 inimicorum
1085 419 1286 466 sanctae
1319 408 1416 466 Dei
1441 409 1706 467 Ecclesiae
1733 419 1786 466 et
1806 421 2115 468 nostrorum
2143 413 2201 475 Α
2221 411 2383 466 etiam
2411 427 2443 465 a
2471 385 2628 465 malis
2677 411 2994 466 Christianis
3023 454 3034 477 ,
3069 411 3212 482 quod
3264 411 3366 481 ipsi
3413 409 3602 481 procul
3650 411 3802 465 dubio

518 499 764 556 ferocem
793 499 1136 556 severitatem
1182 497 1332 554 omni
1374 499 1538 554 modo
1585 501 1943 571 comprimere
1990 501 2119 556 faci-

517 587 680 660 leque
711 603 970 658 superare
1016 587 1360 658 putabamus.
1407 587 1514 643 Sed
1561 588 1689 659 quia
1719 589 1787 642 de
1827 589 1911 643 his
1940 589 2120 643 omni-

521 675 627 730 bus
655 674 789 730 nihil
816 675 960 746 apud
988 675 1417 747 magnitudinem
1467 683 1707 730 vestram
1729 719 1744 745 ,
1786 685 1844 730 ut
1893 677 2120 732 voleba-

523 777 666 832 mus,
699 761 1036 834 peregimus,
1070 769 1402 818 revertentes
1433 761 1709 833 prioribus
1735 764 1918 834 pejora
1969 780 2122 834 repe-

522 849 716 906 rimus.
745 849 886 906 Nam
915 849 1119 906 inimici
1151 850 1356 918 nostri,
1389 851 1586 920 majori
1633 852 1856 906 audacia
1904 852 2118 923 elevati,

524 953 637 995 non
666 937 844 994 solum
881 954 944 994 ea
982 955 1103 1010 quae
1145 938 1318 994 sancti
1365 939 1508 992 Petri
1550 949 1673 993 sunt
1720 939 1990 1010 diripere,
2025 941 2122 995 sed

478 1014 483 1020 ’
525 1027 692 1082 etiam
717 1025 966 1082 homines
995 1034 1214 1082 nostros
1241 1026 1298 1080 in
1347 1041 1445 1082 sua
1490 1032 1754 1097 potestate
1802 1027 2122 1100 recolligere

524 1121 580 1174 et
608 1113 842 1170 retinere
870 1130 982 1171 non
1010 1114 1273 1169 dubitant.
1300 1113 1658 1184 Quapropter,
1685 1113 1759 1168 ﬁli
1779 1115 2118 1182 charissime,

523 1217 624 1276 pro
654 1209 804 1258 certo
842 1201 1032 1258 scitote
1059 1201 1186 1274 quia
1215 1218 1316 1256 nos
1345 1209 1586 1256 vestrum
1623 1203 1888 1257 honorem
1917 1212 1968 1258 et
1997 1205 2120 1275 glo-

524 1289 665 1346 riam
693 1296 803 1346 toto
831 1290 1114 1346 conamine
1145 1289 1524 1344 desideramus
1552 1289 1850 1360 perficere,
1904 1300 1954 1345 et
1997 1292 2121 1347 ideo

523 1393 624 1434 vos
654 1392 722 1432 ea
749 1393 872 1449 quae
898 1375 1113 1432 utilitati
1142 1385 1195 1431 et
1223 1377 1530 1432 exaltationi
1561 1387 1760 1434 sanctae
1790 1379 1936 1433 sedis
1983 1396 2120 1451 apo-

527 1463 732 1521 stolicae
759 1461 1004 1536 proﬁcua
1029 1471 1189 1532 sunt,
1243 1465 1336 1535 pio
1383 1465 1572 1520 intuitu
1607 1473 1898 1538 menteque
1928 1469 2122 1524 devota

525 1551 737 1608 debetis
763 1566 1052 1624 peragere.
1104 1552 1258 1607 Unde
1286 1552 1484 1608 obnixe
1523 1569 1816 1624 precamur
1861 1564 1916 1609 ut
1964 1556 2122 1610 nobis

525 1638 775 1713 dirigatis
789 1638 1181 1694 Luithbardum
1210 1641 1578 1696 venerabilem
1629 1642 1943 1714 episcopum
1968 1686 1982 1713 ,
2016 1645 2124 1698 Ma-

2224 499 2392 565 scitis,
2427 508 2761 570 permaneat,
2788 499 2981 566 donec,
3003 500 3118 554 Deo
3148 498 3456 563 auxiliante,
3479 506 3800 553 revertentes

2222 589 2292 642 ad
2319 589 2591 661 gremium
2621 595 2824 642 sanctae
2853 587 3041 641 matris
3061 594 3256 642 vestrae
3277 588 3537 643 Romanae
3555 585 3800 642 Ecclesia

2223 675 2484 741 veniatis;
2521 677 2648 747 quia
2679 676 2723 730 si
2753 677 2858 731 hoc
2888 675 3368 746 praetermiseritis,
3405 681 3553 729 tanta
3581 673 3801 746 undique

2223 765 2453 819 adversa
2483 765 2570 820 vix
2599 764 2740 820 ferre
2772 763 3032 818 valemus.
3077 762 3422 834 Quapropter
3447 771 3629 817 vestra
3657 777 3801 835 rega-

2222 852 2289 906 lis
2319 853 2640 925 magnitudo
2686 852 2982 923 prmvideat
3029 868 3098 907 ne
3145 851 3343 907 vestris
3388 850 3578 906 diebus
3627 850 3801 906 eadem

2223 940 2471 996 Ecclesia
2498 939 2735 1011 aliquam
2763 939 3100 994 minuitatem
3137 939 3392 1010 patiatur,
3440 937 3538 993 sed
3579 953 3678 1010 per
3717 951 3804 993 vos

2223 1029 2396 1098 magis
2426 1037 2822 1100 augmentetur,
2857 1028 3110 1098 quoniam
3141 1027 3311 1098 ipsius
3348 1033 3702 1098 augmentum
3728 1041 3805 1081 ve-

2223 1124 2336 1170 ster
2367 1125 2449 1170 est
2481 1117 2672 1171 honor.
2708 1117 2834 1171 Ideo
2863 1116 3096 1186 petimus
3145 1123 3201 1169 ut
3242 1131 3364 1171 cum
3410 1121 3682 1185 praesente
3706 1115 3803 1183 jam

2222 1205 2367 1259 dicto
2397 1213 2593 1274 nepote
2624 1213 2812 1260 nostro
2841 1205 3096 1258 idoneum
3145 1219 3176 1258 e
3225 1203 3389 1258 latere
3431 1209 3618 1257 vestro
3663 1202 3806 1257 nobis

2221 1291 2468 1362 dirigatis
2497 1293 2756 1362 legatum,
2793 1292 2883 1362 qui
2907 1291 2986 1345 ad'
3007 1291 3232 1346 salutem
3281 1300 3331 1346 et
3372 1289 3637 1360 justitiam
3665 1297 3806 1344 terra:

2221 1380 2507 1435 nobiscum
2537 1381 2752 1434 interim
2779 1379 2984 1450 pariter
3012 1387 3064 1433 et
3093 1378 3496 1450 promptissime
3544 1377 3601 1432 in
3637 1376 3804 1432 omni-

2221 1467 2342 1533 bus,
2376 1476 2536 1538 prout
2565 1483 2702 1538 Opus
2734 1467 2921 1532 fuerit,
2953 1467 3220 1532 desudet;
3252 1475 3310 1521 ut
3358 1475 3408 1522 et
3455 1481 3556 1522 nos
3601 1480 3805 1521 omnem

2222 1564 2464 1610 vestrum
2492 1557 2756 1611 honorem
2803 1555 3161 1610 libentissime
3204 1555 3485 1610 valeamus
3529 1551 3804 1624 perﬁcere,

2222 1643 2306 1699 cui
2339 1660 2400 1698 ea
2429 1659 2550 1714 quae
2579 1644 2734 1699 vobis
2765 1643 2992 1709 dixerit,
3042 1641 3197 1714 quasi
3244 1641 3652 1712 nobismetipsis
3691 1657 3807 1697 cre-

525 1726 810 1800 nigoldum
839 1725 1010 1780 ﬁlium
1037 1727 1344 1819 Adelberti,
1381 1737 1433 1783 et
1461 1729 1815 1784 Adelbertum
1840 1732 2122 1802 protopin-
2154 1731 2357 1819 Bdere
2401 1747 2510 1786 non
2554 1731 2943 1804 dedignemini.
2993 1730 3360 1819 Quamobrem
3409 1745 3711 1819 rogamus,
3755 1738 3807 1784 ut

527 1829 750 1871 cernam
777 1822 1040 1885 vestrum,
1075 1815 1188 1886 qui,
1221 1823 1511 1888 antequam
1553 1833 1652 1873 vos
1700 1819 1798 1873 has
1843 1820 1900 1873 in
1939 1831 2124 1890 partes

532 1901 784 1960 veniendi
810 1902 914 1958 iter
941 1903 1197 1970 sumatis,
1229 1919 1330 1960 nos
1377 1911 1431 1959 et
1477 1914 1722 1961 sanctam
1768 1916 1994 1962 matrem
2039 1925 2128 1964 ve-

526 1998 692 2046 stram
714 1991 1010 2047 Romanam
1029 1991 1331 2048 Ecclesiam
1362 1992 1682 2060 certiﬁcent,
1707 2003 1758 2049 et
1777 2002 1844 2049 ad
1885 2006 2123 2052 vestrum

525 2079 790 2136 honorem
829 2087 884 2135 et
923 2079 1156 2152 gloriam
1217 2081 1514 2151 placabiles
1571 2090 1624 2137 et
1670 2083 1824 2138 laetos
1869 2083 2121 2152 efficiant,

526 2175 794 2240 quatenus
820 2167 938 2223 Deo
965 2167 1286 2237 auxiliante,
1320 2168 1476 2224 vobis
1504 2169 1844 2226 venientibus
1874 2173 2121 2239 Romam,

526 2270 694 2311 unum
723 2255 794 2311 de
820 2254 1030 2326 pactis,
1065 2263 1118 2309 et
1145 2254 1432 2326 privilegia
1479 2265 1680 2313 sanctae
1712 2259 1972 2316 Romanae
2020 2261 2126 2318 Ec-

526 2341 734 2414 clesite,
762 2357 918 2398 more
947 2350 1238 2413 parentum
1263 2351 1589 2412 vestrorum,
1614 2361 1874 2402 renovare
1904 2356 1956 2402 et
1986 2365 2122 2404 con-

527 2429 744 2486 ﬁrmare
774 2429 1033 2485 studeatis
1067 2445 1080 2484 :
1113 2437 1164 2485 et
1192 2432 1428 2501 petimus
1457 2441 1516 2487 ut
1553 2433 1620 2488 de
1663 2435 1768 2491 hoc
1811 2437 1957 2507 quod
2003 2453 2126 2508 pro-

525 2519 738 2574 honore
759 2517 863 2573 Dei
893 2523 946 2574 et
971 2524 1174 2574 sanctae
1200 2519 1465 2576 Ecclesire
1488 2563 1502 2586 ,
1552 2537 1648 2576 seu
1690 2531 1873 2578 vestro
1911 2541 2009 2580 vos
2037 2525 2122 2579 fa-

531 2619 656 2664 cere
683 2619 989 2676 monemus,
1020 2605 1223 2678 aliquid
1242 2607 1477 2664 inimicis
1509 2611 1712 2665 nostris
1733 2627 1840 2666 non
1862 2613 2119 2679 credatis,

527 2707 713 2767 neque
729 2692 816 2748 his
836 2693 929 2766 qui
948 2693 1126 2766 magis
1157 2709 1219 2749 ea
1253 2711 1374 2766 quae
1408 2711 1507 2750 sua
1542 2705 1666 2752 sunt
1703 2715 1864 2773 quam
1887 2710 2122 2756 vestram

527 2780 766 2855 gloriam
793 2789 1060 2856 quaerunt,
1093 2796 1161 2837 eo
1190 2783 1333 2854 quod
1361 2783 1535 2839 honor
1562 2793 1615 2840 et
1645 2787 1896 2843 exaltatio
1925 2798 2124 2845 sanctae

525 2871 790 2926 Romane
817 2868 1083 2926 Ecclesia:
1107 2877 1294 2925 vestra
1339 2873 1602 2941 protectio
1647 2883 1730 2929 est
1770 2875 1828 2929 in
1873 2878 2125 2932 omnibus

528 2963 822 3028 vestraque
852 2965 1044 3014 contra
1070 2972 1261 3012 omnes
1288 2957 1536 3015 inimicos
1567 2961 1831 3018 defensio.
1882 2965 1992 3019 Hos
2022 2981 2123 3021 au-

526 3051 639 3102 tem
665 3045 864 3100 missos
891 3052 1129 3111 nostros,
1163 3045 1432 3100 Marinum
1460 3047 1711 3104 videlicet
1759 3053 2121 3109 venerabilem

527 3132 845 3206 episcopum
878 3141 932 3188 et
961 3132 1226 3190 arcarium
1256 3133 1404 3190 sedis
1432 3144 1633 3192 nostrae
1650 3180 1665 3208 ,
1709 3146 1868 3211 atque
1909 3142 2126 3196 Petrum
2155 3104 2205 3167 Ο

525 3236 684 3294 eque
715 3221 1033 3293 episcOpum
1081 3221 1553 3294 Senogalliensem
1601 3226 1756 3282 vobis
1806 3227 2123 3299 direximus,

529 3324 672 3382 quos
697 3317 752 3364 ut
779 3309 1019 3383 benigne
1065 3308 1343 3382 recipiatis
1392 3328 1650 3386 rogamus
1670 3359 1682 3382 ,
1717 3323 1769 3372 et
1797 3333 1863 3372 ea
1891 3335 2011 3389 quae
2038 3337 2129 3375 vo-

524 3399 612 3454 bis
640 3397 967 3456 verbotenus
1017 3397 1287 3463 dixerint,
1341 3401 1498 3471 quasi
1545 3403 1701 3458 nobis
1748 3407 1972 3461 credere
2019 3423 2127 3463 non

528 3485 806 3543 dubitetis.
838 3487 976 3542 Data
1004 3490 1072 3542 ut
1099 3503 1300 3559 supra.

1207 3623 1432 3680 CCLXI.

1075 3735 1167 3776 AD
1215 3737 1574 3777 EUMDEM.

1155 3819 1338 3891 (Anno
1361 3821 1511 3888 879.)

527 3906 690 3986 Doiet
717 3921 774 3962 se
803 3923 920 3986 rion
944 3927 1106 3983 posse
1133 3931 1266 3972 cum
1281 3931 1342 3971 eo
1362 3917 1620 3986 colloqui.
1644 3913 1971 3986 Arnulfung
1986 3912 2126 3986 lega-

601 3979 726 4052 tum
750 3977 823 4032 ad
845 3977 986 4052 cur}:
1013 3986 1216 4052 mittit,
1240 3990 1437 4052 petens
1469 3977 1543 4039 ne
1591 3977 1900 4039 Romanam
1928 3977 2123 4036 Eccle-

595 4045 748 4127 siam
800 4047 868 4103 ab
925 4051 1173 4127 hostibus
1205 4045 1376 4127 'lwdi
1409 4056 1697 4127 patiatur,
1725 4053 1952 4127 ideoque
2002 4053 2123 4121 ejus

601 4116 850 4188 legatum
879 4133 1011 4176 cum
1037 4123 1281 4196 Amulfo
1309 4126 1383 4181 ad
1403 4116 1460 4181 se
1487 4123 1646 4180 mitti
1667 4116 1846 4194 jubet.

595 4230 806 4291 Dilecto
834 4250 902 4292 ac
930 4237 1156 4309 spiritali
1186 4238 1297 4296 ﬁlio
1328 4240 1550 4296 CAROLO
1578 4238 1820 4313 glorioso
1847 4237 1985 4309 regi.

596 4320 920 4382 Audivimus
964 4327 1114 4398 quod
1157 4328 1406 4386 debeatis
1444 4345 1587 4384 nunc
1634 4329 1799 4398 Alpes
1863 4325 2117 4388 transire,

521 4416 684 4482 atque
729 4428 852 4470 cum
897 4415 1218 4477 charissimo
1263 4417 1425 4474 fratre
1473 4426 1652 4473 vestro
1699 4413 1973 4471 communi
2001 4413 2120 4467 elo-

525 4498 656 4570 quio
681 4499 786 4558 frui
811 4520 826 4570 ;
855 4503 999 4560 unde
1029 4505 1190 4562 valde
1217 4506 1414 4562 turbati
1443 4505 1722 4562 existimus
1762 4519 1829 4558 eo
1873 4501 2019 4574 quod
2049 4517 2128 4555 sc-

522 4588 763 4646 cundum
791 4605 1080 4650 commune
1108 4593 1370 4663 placitum
1401 4595 1754 4664 sperabamus
1800 4605 1904 4646 nos
1953 4589 2132 4643 vobis-

521 4689 651 4733 cum
690 4677 854 4735 simul
902 4681 1218 4748 convenire,
1265 4690 1319 4737 et
1377 4697 1642 4752 magnum
1699 4695 1764 4735 ac
1825 4676 2129 4750 proﬁcuum

520 4779 662 4835 opus
711 4767 1053 4825 exaltationis
1099 4777 1302 4825 sancta:
1350 4771 1609 4826 Romanae
1651 4767 1914 4824 Ecclesize
1944 4765 2130 4820 matris

521 4861 723 4911 vestrm
748 4857 1025 4929 vestrique
1055 4857 1278 4913 honoris
1308 4865 1362 4913 et
1392 4859 1555 4912 totius
1596 4865 1758 4911 terrae
1787 4853 1961 4910 sancti
1988 4852 2130 4906 Petri

519 4943 710 5002 salutis
738 4960 1026 5016 peragere.
1057 4945 1264 5002 Idcirco
1291 4946 1591 5002 direximus
1620 4943 1776 5000 vobis
1821 4943 1965 4997 hunc
2007 4941 2133 4996 cha‘

514 5032 800 5091 rissimum
859 5041 1116 5104 nepotem
1161 5042 1412 5090 nostrum
1458 5033 1730 5089 Farulfum
1807 5030 2130 5085 deliciosum

517 5121 893 5179 consiliarium
920 5129 1188 5187 nostrum,
1222 5139 1322 5192 per
1351 5139 1514 5194 quem
1543 5129 1739 5176 vestrae
1779 5118 1956 5192 regali
1992 5133 2126 5188 sug-

517 5210 765 5282 gerimus
793 5207 1214 5284 magniﬁcentia:
1243 5218 1300 5264 ut
1330 5211 1476 5265 nullo
1505 5211 1667 5265 modo
1702 5205 2128 5279 prmtermittatis

517 5297 593 5352 ita
619 5298 877 5356 ordinare
907 5306 1070 5370 atque
1098 5298 1387 5370 disponere
1420 5306 1616 5353 terram
1666 5297 1722 5352 S.
1775 5295 1918 5350 Petri
1946 5314 1960 5362 ;
1991 5309 2125 5366 qua-

521 5391 680 5441 tenus
717 5386 862 5443 salva
905 5395 960 5442 et
1001 5387 1228 5444 defensa
1275 5403 1382 5442 non
1431 5387 1606 5443 solum
1655 5402 1686 5440 a
1735 5384 1978 5456 paganis,
2027 5382 2123 5436 sed

652 5535 800 5588 Deest
823 5537 1024 5601 aliquid.

2224 1819 2410 1873 libenti
2440 1819 2622 1874 animo
2651 1821 2752 1875 hoc
2783 1819 2964 1874 facere
2988 1862 3002 1887 ,
3052 1827 3104 1874 et
3147 1817 3444 1874 secundum
3489 1817 3806 1888 promissum

2225 1916 2464 1962 vestrum
2495 1907 2797 1978 adimplere
2819 1907 3146 1962 omnimodis
3175 1906 3458 1978 satagatis,
3483 1921 3608 1960 nam
3637 1913 3806 1962 certos

2225 2010 2322 2049 vos
2351 1979 2473 2050 esse
2503 1995 2750 2050 volumus
2778 1995 2900 2066 quia
2929 2003 3166 2049 vestrum
3207 1995 3471 2049 honorem
3502 2002 3555 2049 et
3584 1993 3799 2064 gloriam

2225 2090 2336 2138 tota
2365 2093 2546 2138 mente
2577 2083 2953 2138 desideramus
2983 2080 3264 2152 perﬁcere.

2893 2224 3132 2280 CCLXII.

2560 2335 2631 2374 AD
2673 2335 2944 2376 ιοωΝωι
2983 2334 3458 2376 ARCHIEPISCOPUI
3467 2361 3480 2374 .

2827 2434 3007 2505 (Anno
3047 2435 3218 2504 (879.)

2225 2543 2460 2596 Miratur
2489 2541 2630 2613 quod
2658 2541 2891 2613 injuriis
2926 2542 3219 2596 lacessitus
3267 2541 3339 2596 ad
3363 2557 3436 2613 se
3474 2557 3591 2596 non
3622 2545 3813 2613 confu-

2293 2614 2468 2682 gerit;
2497 2609 2772 2666 izuntiu'm
2831 2614 3154 2666 Ravennam
3213 2612 3434 2676 mittit,
3484 2613 3582 2682 qui
3629 2609 3812 2682 omnia

2296 2681 2493 2737 contra
2533 2697 2662 2736 eum
2690 2685 2846 2750 gesta
2876 2682 3180 2750 diligenter
3209 2681 3578 2752 inquirat,’et
3609 2697 3700 2736 eos
3725 2681 3816 2752 qui

2296 2753 2574 2820 iniuriam
2602 2753 2946 2823 intulerant,
2983 2755 3210 2823 Romam
3241 2753 3432 2823 venire
3473 2752 3813 2823 compellat;

2234 2847 2244 2860 σ
2295 2823 2625 2894 quibuscum
2669 2823 2786 2892 ipse
2834 2822 2905 2876 ad
2952 2822 3225 2891 synodum
3271 2822 3692 2894 proﬁciscatur,
3727 2822 3816 2876 ubi

2297 2891 2426 2979 ejus,
2449 2909 2620 2976 causa
2651 2891 2898 2979 aget-ur:
2928 2908 3164 2979 eumque
3193 2891 3380 2964 arguit
3426 2891 3571 2964 quod
3609 2895 3673 2946 in
3717 2907 3815 2946 sua

2297 2963 2546 3018 Ecclesia
2576 2978 2690 3018 non
2711 2963 2976 3017 resideat.

2297 3076 2775 3132 Reverendissimo
2806 3084 2860 3130 et
2889 3075 3234 3131 sanctissimo
3261 3076 3502 3132 ROMANO
3546 3074 3817 3146 archiepi-

2231 3180 2399 3236 scopo
2429 3173 2630 3220 sanctae
2658 3163 2920 3220 Ecclesiae
2949 3163 3296 3219 Ravennatis.

2299 3262 2594 3317 Audientes
2624 3261 2760 3316 tales
2791 3261 2944 3316 vobis
2974 3277 3009 3314 a
3037 3260 3360 3331 quibusdam
3404 3260 3636 3316 insidias
3667 3269 3720 3320 et
3748 3258 3821 3313 in-

2221 3351 2396 3421 jurias
2423 3349 2716 3415 accidisse,
2748 3340 2923 3404 mirati
2955 3365 3140 3403 sumus
3167 3349 3438 3420 quomodo
3465 3349 3533 3403 ad
3564 3349 3822 3406 Romana

2227 3439 2491 3495 Ecclesiae
2538 3438 2808 3510 gremium
2837 3444 2892 3492 et
2919 3437 2990 3492 ad
3023 3445 3268 3492 nostram
3311 3437 3669 3508 apostolicam
3717 3451 3821 3492 non

2228 3529 2406 3582 statim
2434 3526 2690 3582 veneritis
2719 3525 3098 3596 praesentiam;
3131 3540 3258 3580 nam
3287 3526 3334 3580 si
3362 3524 3676 3594 venissetis,
3699 3539 3823 3595 pro-

2227 3625 2372 3671 certo
2431 3615 2572 3670 scire
2616 3615 2843 3684 potestis
2889 3614 3012 3684 quia
3056 3629 3192 3683 nos,
3238 3614 3529 3686 diligenter
3576 3611 3822 3685 inquistis

2227 3703 2496 3768 omnibus,
2546 3719 2764 3757 omnem
2812 3710 2956 3757 tuam
2989 3717 3206 3758 causam
3236 3701 3304 3756 ad
3335 3709 3578 3772 optatum
3609 3709 3664 3756 et
3690 3716 3819 3770 pro-

2227 3807 2446 3863 sperum
2473 3789 2670 3856 finem,
2704 3791 2820 3845 Deo
2852 3789 3065 3845 favente
3089 3833 3102 3854 ,
3135 3789 3449 3844 omnimodo
3493 3789 3822 3860 perducere-

2225 3895 2365 3934 mus.
2405 3881 2562 3934 Nunc
2589 3887 2769 3933 autem
2797 3895 2900 3948 pro
2931 3877 3090 3946 hujus
3119 3877 3196 3932 rei
3224 3891 3389 3932 causa
3437 3876 3672 3932 missum
3702 3891 3821 3946 pru-

2225 3968 2442 4022 dentem
2491 3966 2777 4036 dirigimus
2826 3967 3140 4022 Ravennam
3165 4009 3177 4028 ,
3229 3964 3316 4019 cui
3361 3979 3426 4018 ea
3485 3981 3612 4035 quas
3668 3963 3820 4018 nobis

2225 4055 2522 4110 mandastis
2550 4063 2738 4109 contra
2766 4063 2818 4108 te
2847 4062 2968 4109 acta
2997 4054 3183 4122 fuisse,
3216 4052 3506 4123 diligenter
3551 4051 3822 4124 inquirere

2217 4144 2492 4213 jubemus,
2527 4153 2582 4197 ut
2613 4159 2708 4197 eos
2739 4142 2830 4213 qui
2861 4141 3010 4210 talia,
3044 4149 3100 4195 ut
3130 4140 3402 4206 ass'eritis,
3438 4147 3694 4212 egerunt,
3727 4139 3822 4193 sub

2225 4231 2544 4299 ﬁdejussore
2575 4230 2776 4301 talique
2807 4230 2987 4302 legato
3025 4228 3258 4299 obliget,
3290 4235 3558 4298 quatenus
3603 4227 3711 4298 ipsi
3758 4225 3822 4280 de

2223 4319 2478 4392 praesenti
2506 4320 2736 4374 Romam
2764 4317 3158 4388 compellantur
3187 4316 3389 4371 venire.
3451 4313 3665 4383 Quibus
3697 4328 3823 4368 sane

2227 4408 2588 4473 venientibus,
2623 4407 2873 4463 volumus
2905 4415 2961 4460 ut
2990 4413 3043 4460 et
3066 4421 3162 4460 vos
3191 4403 3398 4475 pariter
3444 4403 3678 4458 veniatis
3721 4402 3822 4456 Ka-

2229 4497 2406 4552 lendis
2435 4495 2720 4564 Octobris,
2754 4495 2893 4549 sicut
2923 4495 3018 4548 tibi
3049 4510 3150 4564 pro
3178 4491 3498 4548 celebranda
3528 4491 3694 4545 etiam
3743 4506 3830 4560 sy-

2229 4585 2372 4639 nodo
2394 4586 2506 4653 jam
2538 4592 2870 4654 praeceptum
2900 4591 3000 4647 est,
3035 4581 3159 4652 quia
3205 4580 3260 4632 in
3305 4578 3594 4650 praesentia
3642 4585 3827 4634 nostra

2228 4687 2444 4728 causam
2471 4680 2614 4726 tuam
2642 4671 2893 4726 volumus
2923 4669 3262 4734 deliberare,
3293 4666 3549 4738 quoniam
3579 4683 3707 4736 nos,
3739 4683 3827 4720 se-

2229 4762 2464 4816 cundum
2509 4760 2691 4814 datam
2733 4758 2892 4812 nobis
2941 4757 3196 4812 divinitus
3255 4763 3573 4827 potestatem
3599 4798 3616 4822 ,
3677 4769 3827 4809 more

2228 4850 2695 4920 prardecessorum
2725 4856 3039 4902 nostrorum
3071 4861 3170 4900 vos
3199 4845 3460 4912 adjuvare
3487 4844 3717 4898 omnino
3745 4858 3830 4898 cu-

2228 4937 2503 5003 rabimus;
2537 4951 2666 4990 nam
2695 4935 2946 4990 volumus
2975 4942 3030 4988 ut
3060 4935 3233 4988 honor
3263 4939 3464 5009 sanctae
3496 4930 3826 4986 Ravennatis

2226 5025 2492 5080 Ecclesiae
2521 5039 2736 5094 semper
2764 5023 3119 5077 iudiminutus
3145 5029 3482 5090 permaneat.
3517 5019 3579 5072 In
3608 5019 3717 5075 hoc
3745 5027 3826 5072 ta-

2169 5103 2177 5116 “
2227 5130 2352 5168 men
2396 5113 2812 5186 redarguendus
2856 5128 2916 5164 es
2942 5154 2954 5174 ,
3007 5110 3132 5182 quia
3180 5108 3402 5163 dimissa
3447 5107 3702 5164 Ecclesia
3733 5114 3814 5160 tua

2227 5203 2513 5265 Ravenna,
2547 5217 2645 5270 per
2675 5200 2882 5253 alienas
2912 5197 3190 5253 Ecclesias
3230 5203 3414 5252 contra
3452 5203 3597 5250 tuam
3647 5211 3818 5265 spon—

2225 5290 2436 5344 sionem
2463 5289 2720 5343 discurris
2751 5295 2800 5341 et
2832 5287 3077 5350 resides;
3129 5302 3250 5339 nam
3300 5300 3400 5355 pro
3440 5283 3524 5337 his
3555 5299 3685 5354 quae
3732 5281 3824 5335 tibi

2227 5379 2474 5434 evenisse
2505 5377 2641 5432 dicis
2671 5385 2714 5430 ει.
2749 5377 2886 5429 Data
2917 5380 2984 5428 ut
3012 5391 3201 5448 supra.
