4072 6186
333 242 442 291 885

994 363 1272 415 CCLXIII.

855 481 928 520 ΑΙ)
955 481 1140 520 OMNES
1174 483 1220 520 Pl
1231 483 1422 521 DELES.

945 573 1125 642 (Anno
1173 574 1326 637 879.)

347 681 620 753 Praecipit
643 683 706 735 ut
727 679 1006 734 Ticinensi
1024 681 1295 751 episcopo,
1315 682 1409 735 cui
1423 683 1697 752 potestem
1711 695 1939 736 erro»:-

675 766 1006 822 municamli
1030 767 1326 833 tribuerat,
1349 768 1629 823 obediant.

415 889 683 944 Omnibus
711 889 1181 945 reverendissimis
1218 899 1271 944 et
1315 889 1673 945 sanctissimis
1729 891 1939 960 episco-

347 978 458 1048 pis,
480 993 576 1032 seu
605 977 816 1032 eximiis
845 978 1250 1033 marchionibus
1279 986 1332 1032 et
1361 978 1674 1046 comitibus,
1698 979 1938 1034 cunctis-

337 1080 452 1136 que
481 1073 684 1120 sanctm
705 1065 803 1120 Dei
832 1065 1094 1120 Ecclesiae
1125 1064 1396 1121 fidelibus.

418 1153 692 1208 Habentes
747 1153 988 1208 omnium
1042 1154 1416 1209 Ecclesiarum
1465 1154 1582 1221 Dei,
1639 1155 1936 1209 secundum

341 1241 668 1312 Apostolum
743 1242 820 1312 (II
849 1243 967 1298 Cor.
993 1243 1142 1308 xxx),
1185 1242 1628 1311 sollicitudinem,
1714 1243 1936 1314 dignum

337 1329 599 1384 duximus
627 1337 863 1384 vestram
905 1330 1229 1384 industriam
1271 1331 1353 1384 his
1398 1331 1731 1400 apostolatus
1771 1333 1938 1386 nostri

335 1417 535 1472 litteris
565 1417 863 1472 admonere
907 1425 1067 1489 atque
1114 1417 1409 1488 apostolica
1447 1419 1782 1490 benignitate
1815 1434 1936 1473 ma-

333 1521 590 1578 gnopere
619 1505 894 1560 exhortari
927 1514 1192 1576 quatenus
1221 1506 1477 1576 potentia:
1522 1493 1739 1574 munus,
1793 1506 1937 1576 quod

340 1593 530 1676 divina
562 1592 808 1663 largitate
840 1593 1068 1661 habetis,
1101 1593 1316 1647 utilitati
1361 1593 1620 1649 Ecclesia:
1652 1603 1703 1647 et
1745 1595 1938 1648 honori

339 1681 671 1736 sacerdotali
699 1681 963 1750 prodesse
991 1681 1186 1735 debeat
1215 1697 1450 1751 semper.
1486 1681 1832 1752 Quapropter
1860 1697 1940 1736 re-
1965 1709 2018 1768 Β

337 1768 640 1823 verentiam
673 1777 724 1823 et
756 1769 1016 1823 honorem
1078 1777 1277 1824 sancta:
1335 1769 1605 1824 Ticinensi
1653 1769 1934 1830 Ecclesiae,

337 1873 463 1927 quae
493 1857 715 1926 speciali
727 1857 965 1928 quodam
993 1857 1156 1911 modo
1174 1857 1289 1911 sedi
1323 1856 1637 1927 apostolicae
1668 1857 1940 1927 pertinere

338 1945 576 2009 videtur,
609 1945 832 2016 ejusque
861 1945 1107 2008 antistiti,
1138 1944 1334 1998 Joanni
1383 1945 1632 1999 videlicet
1683 1944 1940 2000 confratri

337 2041 552 2096 nostro,
585 2033 670 2086 cui
701 2031 817 2086 vice
841 2040 1027 2087 nostra
1079 2041 1520 2105 transgressores
1570 2032 1942 2087 excommuni-

339 2121 548 2176 candos
577 2120 969 2185 commisimus,
1003 2136 1070 2175 eo
1097 2120 1348 2175 videlicet
1369 2129 1553 2175 tenore
1583 2129 1636 2174 at
1666 2135 1805 2191 quos
1825 2121 1942 2191 ipse

339 2209 917 2273 excommunicaverit,
952 2209 1053 2279 ipsi
1081 2208 1528 2263 excommunicati
1585 2207 1842 2272 existant,
1884 2217 1942 2261 ut

339 2297 394 2352 ei
437 2295 696 2352 auxilium
726 2296 978 2352 alacriter
1020 2296 1345 2366 impendatis
1383 2311 1688 2360 monemus,
1737 2295 1943 2351 nullam

339 2384 783 2441 contrarietatem
813 2385 899 2439 vel
927 2383 1264 2438 invasionem
1307 2385 1363 2438 in
1398 2384 1560 2438 rebus
1589 2383 1676 2438 vel
1705 2383 1942 2438 homini-

337 2473 443 2528 bus
481 2473 650 2542 ipsius
700 2472 961 2527 Ecclesia)
992 2472 1284 2542 quamlibet
1329 2471 1507 2525 facere
1579 2471 1939 2541 permittatis;

340 2561 474 2632 quin
503 2560 680 2631 potius
709 2569 892 2614 vestro
925 2575 1020 2614 eos
1052 2560 1245 2614 solatio
1273 2559 1412 2614 tueri
1444 2575 1543 2630 pro
1575 2559 1673 2612 Dei
1725 2567 1944 2613 nostro-

339 2665 448 2720 que
477 2663 664 2702 amore
709 2647 1126 2718 diligentissime
1159 2647 1416 2700 studeatis
1447 2666 1461 2710 ;
1487 2648 1582 2700 sed
1614 2654 1665 2701 et
1714 2646 1945 2702 clericos

339 2736 488 2790 illius
518 2751 678 2790 nemo
699 2744 938 2789 vestrum
968 2735 1023 2788 in
1053 2735 1542 2798 commendatione,
1576 2742 1665 2788 aut
1716 2734 1818 2787 sub
1848 2733 1946 2788 ali-

337 2824 498 2892 cujus
527 2822 858 2878 defensionis
913 2823 1153 2888 obtentu,
1185 2823 1392 2893 absque
1429 2821 1673 2892 praedicti
1703 2821 1948 2892 episcopi

335 2911 428 2966 sui
455 2911 668 2966 licentia
697 2911 942 2982 recipere
973 2919 1278 2980 praesumat.
1313 2909 1470 2977 Quod
1517 2911 1562 2963 si
1605 2917 1798 2965 contra
1842 2910 1947 2965 hoc

335 3008 586 3054 nostrum
612 2999 972 3069 apostolicum
993 3005 1248 3053 statutum
1279 2997 1486 3068 aliquid
1546 3013 1765 3053 suorum
1786 2996 1947 3052 cleri-

338 3103 533 3143 corum
560 3103 725 3160 agere
757 3087 1067 3146 tantaverit.
1119 3086 1489 3142 ecclesiastica
1543 3086 1631 3150 sit,
1690 3094 1803 3140 tam
1841 3101 1941 3140 ac-

335 3182 530 3246 ceptor
558 3191 718 3246 quam
761 3182 1038 3244 acceptus,
1087 3174 1470 3229 communione
1502 3174 1766 3244 privatus.
1804 3175 1941 3227 Data

335 3267 408 3318 ut
438 3278 631 3336 supra.

1001 3360 1278 3414 CCLXIV.

483 3479 556 3519 AD
584 3479 853 3521 ROMANI”!
885 3479 1358 3518 ARCIIIEPISCOPCI
1393 3477 1789 3518 RAVENNATEM.

957 3571 1137 3639 (Anno
1176 3569 1327 3638 8'79.)

517 3676 784 3748 Prwcipt’t
809 3680 874 3731 ut
896 3678 1124 3732 Romam
1156 3676 1227 3730 ad
1255 3675 1528 3746 synodum
1563 3675 1770 3729 veniat.

414 3798 892 3855 Reverendissimo
918 3807 970 3853 et
997 3798 1342 3853 sanctissimo
1371 3796 1784 3867 archiepiscopo
1813 3811 1941 3850 san-

335 3895 446 3944 ctae
473 3886 740 3943 Ecclesiae
770 3887 1119 3942 Revennatis.

413 3976 562 4031 Sicut
583 3976 698 4044 jam
719 3975 848 4030 olim
888 3983 1084 4028 vestrm
1112 3973 1473 4044 praecepimus
1517 3975 1855 4038 reverentiae,
1889 3982 1945 4027 ut

335 4079 443 4136 pro
499 4063 681 4118 multis
727 4063 1101 4119 Ecclesiarum
1143 4063 1239 4115 Dei
1304 4061 1720 4116 necessitatibus
1749 4069 1944 4133 quarto

339 4153 474 4208 ldus
533 4151 787 4206 Octobris
833 4151 1059 4204 Romam
1098 4149 1395 4214 venientes,
1431 4150 1700 4220 synodum
1741 4149 1945 4219 pariter

335 4239 766 4304 celebraremus,
799 4255 942 4292 nunc
974 4238 1160 4292 iterato
1191 4237 1274 4291 his
1304 4238 1638 4307 apostolatus
1661 4237 1828 4292 nostri
1860 4236 1943 4290 lit-

338 4327 476 4382 teris
496 4326 816 4382 fraternitati
845 4334 1043 4382 vestrce
1072 4327 1327 4394 jubemus
1357 4335 1430 4391 ut,
1481 4327 1629 4380 omni
1675 4341 1830 4380 mora
1860 4325 1945 4379 vel

339 4415 634 4470 occasione
686 4415 1000 4485 postposita,
1061 4414 1129 4468 ad
1183 4414 1589 4481 depominatam
1649 4415 1935 4482 synodum,
1968 4399 2020 4460 D

339 4519 528 4575 quam,
565 4504 679 4558 Deo
708 4511 950 4568 auctore,
983 4502 1038 4556 in
1067 4503 1324 4572 praedicto
1355 4510 1600 4571 tempore
1621 4500 1940 4556 celebraturi

341 4591 547 4646 erimus
575 4591 630 4644 in
661 4591 895 4646 ecclesia
924 4590 1070 4645 beati
1090 4591 1233 4644 Petri
1266 4589 1523 4660 principis
1545 4588 1936 4659 apostolorum,

340 4697 471 4736 cum
499 4678 861 4748 suﬂ'raganeis
891 4679 995 4732 tuis
1026 4678 1298 4748 epis00pis
1327 4693 1619 4732 occurrere
1634 4676 1941 4730 nullatenus

341 4767 768 4840 praetermittatis
800 4785 815 4832 ;
847 4767 975 4837 quia
1017 4782 1118 4820 nos
1148 4765 1386 4820 omnium
1427 4765 1796 4820 Ecclesiarum
1843 4763 1942 4818 Dei

339 4856 555 4912 utilitati
587 4863 639 4909 et
683 4854 1010 4922 exaltationi,
1071 4854 1206 4908 sicut
1238 4861 1465 4923 oportet,
1498 4853 1618 4923 pari
1671 4867 1940 4907 consensu

343 4953 398 4999 et
427 4945 651 4999 decreto
684 4958 832 4996 more
895 4941 1358 5012 praedecessorum
1399 4948 1708 4995 nostrorum
1738 4956 1942 4994 consu-

345 5034 462 5088 lere
495 5031 765 5086 volnmus.
799 5031 866 5084 Et
921 5029 1044 5084 ideo
1083 5037 1340 5096 vestram,
1400 5029 1698 5083 secundum
1757 5043 1942 5083 sacros

346 5135 586 5176 canones
639 5118 1043 5172 unanimitalem
1091 5118 1288 5171 adesse
1344 5117 1610 5176 volumus.
1674 5125 1942 5187 quatenus

347 5207 609 5264 Ecclesiae
639 5206 738 5260 Dei
767 5206 946 5278 vigor,
979 5205 1193 5259 Christo
1225 5204 1458 5268 favente,
1493 5221 1592 5274 per
1625 5205 1942 5274 synodalem

346 5310 640 5351 censuram
672 5293 914 5347 illibatus
942 5301 1282 5362 permaneat.
1309 5294 1658 5363 Quapmpter
1697 5293 1741 5346 si
1771 5292 1824 5346 in
1850 5309 1944 5348 ve-

417 5479 441 5505 α
469 5473 586 5522 Haec
609 5471 758 5522 verba
777 5471 1000 5534 superius
1023 5471 1360 5522 transferenda
1398 5470 1638 5522 videntur.

1445 229 1792 294 EPISTULA;
1812 304 1827 318 ,
1851 241 1938 293 ET
1997 242 2339 296 neuneu.

3530 254 3631 303 886

1968 367 2022 424 Α
2049 383 2250 438 niendo
2282 401 2424 439 nunc
2459 385 2694 456 aliquam
2734 399 2946 440 moram
2979 387 3062 440 vel
3119 388 3508 458 negligentiam
3565 389 3634 443 ad

2043 471 2321 537 miseritis,
2364 462 2553 528 scitote
2583 473 2837 544 quoniam
2895 475 3159 530 canonica
3185 491 3286 530 vos
3339 475 3636 549 redargue-

2041 575 2162 612 mus
2193 575 2440 615 censura.
2476 560 2740 631 Optamus
2770 562 3114 618 sanctitatem
3161 570 3330 632 tuam,
3363 571 3468 619 etc.
3500 565 3637 618 Data

2039 661 2103 700 x1
2133 647 2408 702 Kalendas
2437 647 2708 716 Octobris,
2741 649 3033 705 indictione
3052 663 3174 705 xm.

2709 805 2958 864 CCLXV.

2409 928 2480 965 an
2527 927 2744 968 enatum
2759 911 3265 984 mammam.

2657 1021 2841 1089 (Anno
2871 1019 3022 1087 8'19.)

2041 1124 2312 1194 Pra'cipit
2341 1126 2407 1177 ut
2429 1125 2491 1198 in
2523 1124 3000 1198 loqu7n_Apsperti
3017 1123 3419 1198 archiepiscopi
3447 1127 3510 1180 in
3539 1128 3639 1182 Ro-

2111 1210 2202 1267 mo
2211 1193 2284 1248 ita.
2299 1193 2504 1267 synogio
2514 1195 2670 1267 priva
2679 1195 2722 1246 ti
2734 1209 2765 1248 a
2774 1193 2914 1267 litim
2926 1211 2959 1250 α
2980 1211 3038 1250 se
3053 1193 3496 1250 consecrandum
3509 1197 3638 1267 suf-

2109 1264 2348 1338 ﬁciant,-
2371 1265 2562 1338 mitt-it
2577 1265 2784 1338 legata:
2800 1265 2895 1338 qui
2909 1281 3040 1338 una
3059 1281 3197 1338 cum
3218 1267 3365 1338 ipsis,
3376 1264 3640 1322 εισι-εἰοὴὶ

2111 1335 2410 1398 intersint,
2443 1334 2642 1406 quibus
2672 1335 2732 1390 in
2764 1334 3019 1389 crinibus
3047 1335 3257 1390 obediri
3276 1337 3454 1407 jubet.

2111 1455 2379 1510 Omnibus
2409 1456 2700 1527 episcOpis,
2732 1455 3088 1528 presbyteris.
3121 1458 3458 1523 diaconibus,
3505 1458 3634 1514 sub-

2039 1543 2377 1608 diaconibus,
2409 1551 2460 1599 et
2491 1544 2638 1599 omni
2667 1544 2816 1600 clerc
2854 1552 3055 1600 sanctae
3073 1543 3338 1600 Ecclesiae
3366 1545 3640 1602 Mediola-

2041 1648 2144 1687 nen
2156 1632 2249 1686 sis.

2110 1721 2226 1774 Deo
2254 1720 2469 1775 dilectae
2496 1720 2835 1776 unanimitati
2866 1728 3064 1776 vestrae
3102 1711 3472 1787 fraternitatis,
3519 1723 3640 1778 cha-

2039 1807 2262 1874 rissimi,
2314 1816 2500 1862 notum
2560 1824 2686 1862 esse
2744 1808 2995 1863 volumus
3050 1809 3180 1880 quia
3218 1824 3320 1864 nos
3368 1825 3472 1864 una
3511 1823 3637 1866 cum

2041 1904 2226 1951 sancta
2266 1895 2477 1966 synodo
2551 1896 2734 1950 Idibus
2799 1895 3053 1952 Octobris
3105 1898 3159 1951 in
3205 1897 3439 1953 ecclesia
3496 1897 3638 1952 beati

2042 1985 2183 2040 Petri
2240 1983 2473 2054 apostoli
2530 1992 2766 2054 peracta.
2830 1987 3154 2054 Anspertum
3198 1985 3402 2040 dudum
3451 1985 3636 2040 archi-

2041 2072 2358 2142 episcopum
2389 2079 2632 2125 vestrnm
2677 2088 2777 2142 pro
2822 2071 2936 2125 suis
2960 2072 3309 2144 negligentiis
3363 2087 3427 2128 ac
3449 2073 3638 2128 multi-

2040 2159 2271 2230 plicibns
2327 2160 2841 2230 praesumptionibus
2903 2160 3016 2228 jam
3073 2161 3129 2214 in
3185 2161 3351 2232 priori
3405 2161 3635 2232 synodo,
3687 2205 3690 2208 ‹

2041 2255 2164 2317 post
2193 2248 2488 2302 secundam
2550 2255 2601 2302 et
2630 2249 2847 2303 tertiam
2893 2249 3254 2314 vacationem,
3315 2256 3478 2319 atque
3518 2257 3640 2318 post

2042 2335 2334 2390 canonicas
2380 2335 2483 2389 sibi
2515 2336 2673 2390 datas
2701 2336 2950 2391 inducias
2979 2351 3082 2408 pro
3142 2351 3202 2391 se
3260 2334 3636 2391 satisfaciendo

2042 2423 2316 2477 nolentem
2362 2438 2669 2489 occurrere,
2757 2425 2956 2480 virtute
3032 2423 3202 2480 sancti
3275 2423 3527 2495 Spiritus,
3585 2432 3638 2479 et

2042 2511 2364 2565 auctoritate
2422 2519 2734 2566 sanctorum
2809 2513 2951 2568 Petri
3005 2527 3069 2568 ac
3133 2512 3287 2568 Pauli
3369 2512 3640 2582 apostolo-

2043 2614 2167 2652 rum
2195 2598 2525 2669 principum,
2579 2606 2633 2654 et
2661 2599 2926 2656 canonica
2981 2607 3144 2671 atque
3191 2599 3452 2670 synodica
3508 2613 3638 2653 san-

2045 2677 2243 2755 ctione,
2280 2686 2579 2756 episcopali
2610 2687 2820 2742 honore
2847 2687 3201 2758 privavimus,
3233 2687 3362 2758 quia
3381 2693 3506 2741 ante
3534 2701 3636 2740 au-
3695 2722 3706 2737 .

2044 2773 2304 2828 dientiam
2335 2775 2736 2830 communicare
2768 2775 3116 2846 pertinaciter
3160 2774 3525 2846 praesumpsit,
3583 2781 3638 2830 et

2045 2869 2170 2916 ante
2201 2861 2501 2932 legitimum
2534 2861 3005 2934 suaalpurgationis
3035 2877 3262 2918 examen
3283 2860 3637 2917 ministerium

2049 2966 2260 3004 sacrum
2282 2958 2473 3005 contra
2505 2958 2706 3005 statuta
2732 2951 2993 3019 majorum
3051 2958 3256 3006 temere
3303 2963 3474 3022 agere
3529 2963 3640 3006 non

1973 3053 2023 3115 α
2046 3038 2410 3093 dnbitavit.Et
2433 3038 2558 3093 ideo
2586 3039 2846 3109 praesenti
2875 3039 3030 3094 vobis
3059 3046 3258 3094 statuto
3297 3038 3556 3108 jubemus
3583 3045 3644 3092 ut

2044 3142 2234 3180 omnes
2266 3142 2374 3180 uno
2404 3126 2586 3181 animo
2614 3143 2830 3200 unoque
2860 3135 2986 3182 voto
3042 3127 3428 3183 convenientes
3479 3135 3639 3198 atque

2043 3221 2408 3270 convocantes
2427 3222 2676 3284 pastores
2705 3215 2793 3269 vel
2821 3214 3080 3285 populum
3112 3213 3359 3282 civitatis,
3393 3213 3462 3269 de
3519 3213 3637 3268 ele-

2043 3301 2221 3357 ctione
2251 3301 2490 3364 alterius,
2525 3301 2618 3372 qui
2649 3302 2718 3356 de
2768 3301 3136 3357 cardinalibus
3163 3301 3500 3372 presbyteris
3545 3308 3638 3356 aut

2041 3389 2363 3444 diaconibus
2393 3389 2611 3459 dignior
2639 3389 2794 3444 fuerit
2824 3397 3096 3460 repertus,
3127 3404 3251 3445 cum
3272 3389 3470 3444 Christi
3489 3387 3635 3445 sola-

2041 3477 2134 3546 tio,
2157 3477 2226 3531 ad
2257 3476 2760 3548 archiepiscopatus
2794 3479 3060 3532 honorem
3079 3476 3442 3548 promoveatis
3475 3495 3488 3531 :
3525 3491 3634 3548 quo

2043 3565 2250 3620 scilicet
2297 3565 2522 3620 decreto
2553 3565 2866 3621 solemniter
2895 3565 3059 3635 facto,
3087 3573 3252 3638 atque
3281 3564 3349 3620 ad
3377 3566 3520 3620 hanc
3547 3581 3634 3620 ur-

2039 3653 2164 3708 bem
2193 3652 2536 3720 transmisso,
2567 3669 2636 3708 ne
2657 3661 2815 3708 antea
2842 3653 3095 3725 quislibet
3123 3654 3508 3725 episcoporum
3529 3651 3634 3708 ali-

2042 3758 2205 3813 quem
2235 3741 2435 3796 ibidem
2465 3741 2717 3797 ordinare
2772 3749 3084 3813 praesumat,
3134 3747 3422 3813 antequam
3475 3740 3634 3798 nobis

2042 3830 2221 3885 omnia
2253 3829 2452 3885 fuerint
2472 3830 2797 3900 renuntiata,
2830 3845 2973 3898 cum,
3005 3831 3122 3885 Deo
3151 3829 3387 3897 favente,
3426 3845 3528 3886 nos
3557 3829 3632 3884 ibi

2044 3918 2344 3973 secundum
2390 3934 2599 3973 morem
2629 3918 2932 3989 pristinum,
2983 3927 3037 3974 et
3081 3918 3378 3974 secundum
3421 3917 3632 3992 regiam

2043 4006 2476 4072 concessionem,
2508 4006 2756 4062 velumus
2785 4006 3261 4078 archiepiscopum
3289 4021 3633 4062 consecrare.

2041 4093 2184 4149 Nam
2217 4095 2261 4148 si
2291 4094 2450 4149 aliter
2469 4095 2950 4166 praesumpseritis,
2965 4094 3335 4152 ecclesiastica
3351 4109 3451 4150 vos
3479 4109 3634 4150 com-

2043 4183 2299 4237 munione
2327 4183 2664 4253 privabimus
2689 4203 2704 4252 ;
2739 4193 2790 4238 et
2803 4184 2894 4256 qui
2922 4191 3111 4240 contra
3127 4185 3232 4238 hoc
3261 4190 3508 4238 nostrum
3529 4190 3639 4237 sta-

2044 4278 2216 4324 tutum
2247 4270 2495 4336 fecerint,
2531 4271 2830 4342 apostolico
2841 4272 3049 4340 judicio
3068 4279 3224 4327 erunt
3252 4269 3475 4326 omnino
3508 4285 3636 4326 cor-

2046 4358 2202 4428 repti.
2235 4359 2376 4413 Sane
2425 4359 2911 4414 reverendissimos
2953 4359 3149 4414 fratres
3178 4366 3231 4414 et
3285 4357 3639 4430 coepiscopos

2043 4453 2257 4500 nostros
2285 4445 2550 4500 Joannem
2579 4446 2940 4512 Ticinensem,
2971 4455 3024 4501 et
3073 4447 3384 4503 Weltonem
3441 4446 3637 4500 Arimi-

2041 4550 2268 4587 nensem
2297 4533 2422 4588 illuc
2450 4534 2570 4588 vice
2600 4541 2787 4588 nostra
2843 4534 3150 4606 dirigimus,
3212 4534 3304 4606 qui
3349 4533 3639 4590 vobiscum

2041 4621 2241 4692 pariter
2259 4622 2502 4676 eamdem
2533 4622 2856 4678 electionem
2893 4621 3094 4678 feciant
3117 4640 3132 4689 ;
3157 4637 3294 4694 quos
3341 4637 3503 4678 nemo
3546 4638 3640 4677 ve-

2042 4717 2204 4763 stmm
2256 4709 2520 4780 impedire
2549 4711 2604 4764 in
2636 4710 2820 4782 aliquo
2867 4718 3177 4782 praesumat,
3238 4710 3284 4766 si
3314 4709 3535 4782 quidem
3556 4709 3637 4779 ju-

2044 4805 2182 4851 stum
2216 4797 2328 4852 fore
2350 4798 2566 4852 cernitis
2597 4806 2654 4852 ut
2684 4797 2840 4853 nobis
2871 4798 2928 4851 in
2971 4797 3220 4853 omnibus
3269 4798 3497 4854 obedire
3515 4813 3642 4869 pro-

2042 4894 2190 4942 curet
2223 4905 2236 4940 :
2269 4885 2356 4940 cui
2386 4885 2630 4956 quisquis
2659 4887 2762 4940 hoc
2793 4872 3159 4956 superbiendo
3188 4886 3448 4941 resistens
3478 4901 3644 4960 agere

2043 4974 2346 5035 tentaverit,
2377 4991 2407 5027 a
2437 4973 2864 5028 Christianorum
2893 4972 3126 5046 collegio
3157 4981 3444 5045 separatus
3473 4973 3575 5028 erit
3596 4983 3641 5027 ³.

2043 5063 2111 5116 Et
2143 5062 2270 5133 quia
2300 5061 2538 5115 nondum
2569 5075 2602 5114 a
2634 5061 2860 5116 vinculis
2882 5059 3456 5116 excommunicationis
3473 5061 3642 5115 abso-

2045 5151 2186 5204 lutus
2215 5150 2267 5202 in
2297 5149 2633 5204 Vercellensi
2654 5147 2888 5204 ecclesia
2917 5149 3230 5220 episcopum
3253 5147 3552 5204 enormiter
3579 5151 3662 5202 ac‘

2043 5237 2394 5309 pervicaciter
2421 5237 2696 5303 ordinare,
2730 5245 2916 5291 contra
2945 5237 3150 5307 regiam
3207 5236 3364 5289 etiam
3410 5235 3648 5290 volunta.

2052 5335 2158 5380 tem
2190 5326 2548 5396 praesumpsit.
2575 5326 2710 5380 Data
2741 5329 2806 5380 ut
2828 5341 3020 5396 supra.
